4004 6210
187 332 338 394 1129

743 328 1150 396 ADVERSUS
1198 331 1670 396 SIMONIACOS
1715 329 1920 393 LIBRI
1965 328 2546 393 TRES.—LIBER
2590 329 3020 392 SECUNDUS.

3429 332 3586 396 1130

184 466 284 536 qui
316 482 428 520 non
462 465 749 533 habuerit,
783 485 886 523 nec
917 469 1181 533 vendere,
1217 483 1320 522 nec
1350 482 1542 521 emere
1593 465 1823 536 poterit.
1857 465 1909 531 Α
1942 463 2248 534 iniquitate
2280 462 2491 533 (Ezech.
2526 479 2726 528 xxxm,
2763 461 2847 528 14,
2885 461 2993 531 15).
3034 483 3058 508 ››
3094 463 3162 516 Et
3191 469 3322 531 post
3351 481 3538 536 pauca
3570 483 3582 523 :

255 553 472 609 Forsan
505 553 820 625 inquiritur
841 556 1140 610 character
1160 553 1254 608 hic
1285 553 1417 625 quis
1449 553 1830 621 sit,nimirum

183 640 446 712 perlidia,
480 659 602 712 qua
664 646 720 698 et
773 642 1004 714 proprie
1066 641 1282 697 dicitur
1337 642 1635 713 impietas.
1674 642 1834 696 Sicut

181 728 339 783 enim
363 729 505 786 ﬁdes
523 729 962 802 catholica,quzn
995 733 1052 785 et
1084 730 1516 801 pietasdicitur,
1535 729 1834 784 character

180 820 270 872 est
294 817 528 886 Christi,
555 819 635 874 ita
664 824 719 874 et
751 818 994 891 perﬁdia
1023 818 1295 874 haeretica
1319 818 1685 890 dignoscitur
1705 833 1834 873 esse

182 905 480 961 character
499 907 934 963 Antichristi.Et
964 908 1116 962 sicut
1144 906 1412 962 catholici
1437 907 1832 962 characterem

181 993 397 1050 Christi
427 995 661 1051 dextera
690 1012 865 1051 manu
887 999 941 1050 et
974 995 1159 1050 fronte
1190 995 1524 1066 praeferunt,
1559 995 1643 1050 sic
1676 994 1833 1048 nihi-

177 1079 439 1138 lominus
467 1083 721 1138 haeretici
753 1083 1144 1138 characterem
1192 1083 1558 1138 Antichristi.
1593 1083 1836 1138 Dextera

183 1169 398 1242 quippe
430 1171 710 1242 stigmata
739 1171 928 1228 crucis
949 1170 1162 1227 Christi
1194 1175 1701 1243 gestamus,quam
1727 1170 1835 1226 levi

184 1262 349 1312 motu
379 1259 566 1330 ipsius
616 1260 858 1316 dexterae
891 1261 1058 1316 nobis
1085 1264 1141 1316 et
1189 1261 1318 1316 aliis
1373 1261 1834 1332 quotiescunque

187 1347 420 1418 expedit
448 1349 822 1419 proferimus,
858 1367 1036 1421 quam
1066 1354 1122 1405 et
1150 1349 1210 1404 in
1267 1349 1560 1405 frontibus
1619 1347 1836 1403 nostris

182 1434 532 1506 impressam
563 1437 878 1493 chrismate
937 1438 1180 1494 salutari
1214 1439 1586 1509 proferimus,
1623 1453 1728 1492 nec
1767 1437 1836 1492 de

181 1521 285 1578 illa
313 1524 845 1596 erubescimus,sed
879 1527 1072 1597 potius
1103 1525 1162 1580 in
1196 1524 1297 1580 illa
1326 1525 1410 1580 sic
1433 1525 1755 1598 gloriamur
1774 1528 1839 1579 ut

184 1626 321 1666 cum
361 1612 635 1683 Apostolo
669 1615 1051 1685 proﬁteamur
1084 1631 1095 1668 :
1131 1635 1158 1662 «
1191 1614 1310 1684 Ego
1361 1613 1639 1685 stigmata
1695 1614 1838 1668 Jesu

185 1697 403 1755 Christi
434 1701 493 1755 in
525 1717 766 1773 corpore
811 1717 943 1757 meo
971 1707 1137 1773 porto
1168 1702 1308 1772 (Gal.
1356 1719 1432 1770 v1,
1484 1703 1568 1756 17.
1604 1702 1673 1756 Et
1702 1717 1837 1756 cum

183 1788 568 1861 Hieronymo:
600 1812 628 1839 ‹‹
657 1788 942 1844 Vexillum
961 1790 1151 1846 crucis
1173 1790 1231 1844 in
1250 1806 1379 1845 mea
1396 1791 1585 1845 fronte
1611 1794 1838 1862 porto.»

184 1877 252 1930 Et
284 1893 459 1948 quam
488 1893 743 1949 congrue
773 1878 832 1932 in
851 1878 1039 1932 fronte
1062 1877 1531 1950 praeﬁgitur,quae
1563 1883 1651 1934 est
1673 1878 1833 1950 prin-

185 1963 392 2036 cipalis
419 1969 475 2019 et
504 1965 906 2020 honorabilior
936 1981 1071 2036 pars
1100 1965 1306 2037 capitis
1337 1965 1617 2037 locusque
1648 1967 1833 2038 pudo-

185 2052 287 2119 ris,
329 2056 613 2124 tanquam
671 2052 731 2107 in
793 2052 1228 2124 superliminari
1287 2055 1474 2109 nostri
1532 2054 1834 2110 exterioris

182 2140 461 2209 hominis,
496 2145 561 2195 ut
590 2145 948 2212 praemoneat
982 2141 1289 2213 principali
1323 2143 1505 2198 nostri
1542 2143 1834 2199 interioris

183 2228 442 2284 hominis
501 2228 672 2301 parti,
705 2245 835 2300 quae
891 2234 980 2284 est
1033 2230 1202 2299 ratio,
1261 2232 1698 2303 prmﬁgendam,
1761 2233 1833 2286 ad

183 2322 467 2373 aeternum
502 2318 816 2373 monimem
845 2322 902 2373 ct
931 2319 1561 2387 municimcn,crucem
1594 2320 1833 2390 Christi,

185 2409 250 2461 ut
271 2403 322 2462 ei
344 2405 427 2461 sic
448 2407 878 2478 compatiamur
892 2411 954 2461 ut
970 2423 1835 2480 conregnemus,summamque

185 2492 437 2566 gloriam
471 2511 573 2566 pro
591 2496 718 2566 ejus
748 2495 982 2551 nomine
1005 2495 1421 2552 contumeliam
1451 2495 1568 2567 pati
1592 2497 1833 2552 arbitre-

188 2599 343 2648 mur,
378 2599 482 2638 nec
514 2583 836 2654 quidquam
868 2601 970 2655 pro
1003 2600 1088 2650 eo,
1124 2583 1236 2640 nisi
1269 2589 1596 2656 peccatum,
1629 2586 1834 2641 erube-

185 2687 440 2727 scamus.
476 2671 571 2726 Sic
621 2677 677 2726 et
736 2673 978 2727 dexterae
1039 2675 1268 2737 nostrae,
1302 2690 1428 2744 quae
1481 2677 1613 2744 post
1664 2678 1838 2744 caput

188 2759 587 2832 principatum
609 2760 832 2816 obtinet
853 2761 1525 2832 artuum,lahoriosaque
1557 2761 1838 2816 imitatrix

189 2851 280 2904 est
311 2848 523 2903 artium
559 2848 1022 2904 administratrix
1070 2847 1362 2902 variarum
1396 2847 1715 2903 utilitatum
1748 2849 1838 2904 sui

193 2937 456 3008 corporis
488 2943 546 2992 et
593 2936 863 3006 aliorum,
925 2937 1226 2992 character
1256 2938 1446 2992 crucis
1504 2937 1675 3007 inest,
1726 2953 1838 3009 quo

191 3041 504 3080 monemur
534 3025 684 3080 facta
710 3029 765 3080 et
795 3024 951 3080 dicta
999 3024 1255 3080 cruciﬁxi
1288 3025 1502 3080 Christi
1563 3025 1621 3080 in
1681 3025 1839 3080 omni

189 3113 417 3168 actione
448 3117 647 3169 nostra
671 3130 776 3169 nos
807 3114 1104 3169 attendere
1164 3114 1394 3180 debere,
1429 3112 1704 3186 Apostolo
1753 3114 1840 3168 di-

1944 577 1969 602 ‹‹
1988 553 2048 606 In
2075 551 2453 606 multitudine
2476 550 3586 622 iniquitatumtuarum,etiniquitatum

1944 639 2356 712 negotiationis
2387 644 2517 707 tuae,
2571 638 2824 710 polluisti
2858 637 3379 694 sanctiﬁcationem
3425 644 3588 696 tuam

1943 729 2125 800 (Ibz'd.,
2163 731 2266 795 18),
2296 751 2323 779 ››
2359 730 2537 799 Cujus
2570 727 2700 782 rubi
2733 727 2906 782 etiam
2957 725 3134 781 dixit:
3174 748 3200 774 «
3234 729 3296 781 In
3329 728 3588 799 negotia-

1942 819 2098 874 tione
2138 821 2240 872 tua
2271 817 2490 889 repleta
2521 833 2602 883 es,
2663 820 2719 870 et
2749 815 3072 887 gloriﬁcata
3121 814 3298 870 nimis
3328 814 3386 869 in
3419 817 3590 873 corde

1943 906 2143 973 maris,
2174 905 2234 960 in
2268 905 2436 978 aquis
2481 903 2679 959 multis
2712 905 3076 958 adduxerunt
3105 907 3160 958 te
3209 904 3457 975 remiges
3502 905 3589 961 tui

1943 995 2154 1067 (Ezech.
2179 1012 2352 1061 XXVII,
2380 995 2586 1063 25,26).
2623 1015 2649 1041 ››
2675 993 2837 1048 Patet
2862 1009 2996 1063 ergo
3015 991 3154 1064 quia
3185 992 3303 1047 vita
3331 993 3592 1050 humana

1945 1083 2118 1139 isthic
2150 1101 2264 1138 non
2296 1082 2644 1154 transigitur
2676 1081 2788 1136 nisi
2843 1081 3216 1154 negotiando.
3249 1081 3358 1136 Sed
3390 1081 3590 1140 ﬁdeles

1944 1172 2054 1228 sub
2087 1172 2417 1227 charactere
2448 1170 2662 1226 Christi
2692 1169 2954 1224 vendunt
3011 1170 3271 1241 peritura
3329 1170 3502 1238 bona,
3536 1175 3592 1228 et

1944 1264 2148 1316 emunt
2168 1260 2543 1332 sempiterna.
2570 1259 2834 1314 [nﬁdeles
2866 1262 3061 1314 autem
3094 1261 3149 1313 et
3178 1258 3290 1331 ipsi
3323 1260 3432 1315 sub
3457 1260 3592 1316 cha-

1946 1353 2164 1405 ractere
2187 1347 2527 1403 Antichristi
2553 1349 2812 1404 vendunt
2835 1347 3094 1419 peritura
3113 1347 3288 1415 bona,
3313 1353 3370 1404 et
3391 1353 3596 1404 emunt

1947 1437 2302 1510 sempiterna
2323 1435 2498 1491 mala.
2522 1440 2666 1490 Dant
2689 1435 2768 1490 illi
2790 1435 2966 1490 vitam
2993 1453 3161 1490 suam
3185 1437 3592 1508 temporalem,

1946 1531 2004 1582 et
2033 1526 2329 1597 accipiunt
2350 1529 2625 1580 aternam
2652 1543 2663 1580 :
2689 1525 2829 1579 dant
2851 1524 2948 1579 isti
2977 1523 3152 1579 vitam
3173 1542 3341 1580 suam
3362 1529 3595 1598 tempo-

1947 1615 2148 1680 ralem,
2181 1618 2238 1669 et
2285 1613 2581 1686 accipiunt
2635 1618 2882 1669 mortem
2942 1612 3376 1684 sempiternam.
3409 1615 3478 1668 Et
3508 1614 3594 1669 illi

1947 1703 2184 1774 quidem
2216 1719 2277 1758 se
2299 1706 2356 1757 et
2385 1719 2492 1757 sua
2523 1701 2720 1757 omnia
2769 1701 3049 1768 vendunt,
3105 1705 3162 1755 et
3211 1701 3592 1773 cintuplicata

1947 1809 2077 1846 cum
2102 1791 2273 1863 pleno
2299 1792 2493 1846 fenore
2515 1791 2640 1846 vita:
2665 1795 2890 1845 aeterna:
2913 1789 3234 1860 recipiunt;
3255 1790 3354 1844 isti
3380 1805 3512 1845 vero
3533 1806 3596 1847 se

1945 1884 2001 1936 et
2035 1897 2140 1935 sua
2173 1879 2370 1935 omnia
2417 1880 2695 1946 vendunt,
2729 1882 2786 1932 et
2817 1877 2898 1932 nil
2931 1892 3156 1946 eorum,
3213 1876 3327 1932 nisi
3387 1879 3593 1933 mortis

1941 1972 2164 2024 aeterna)
2219 1967 2656 2024 accumulatum
2717 1967 2924 2030 fumus,
2989 1969 3190 2036 postea
3248 1965 3586 2035 reperiunt;

1943 2073 2193 2128 quorum
2227 2055 2474 2129 negotiis
2506 2072 2674 2111 nemo
2704 2053 2966 2108 militans
3026 2053 3140 2107 Deo
3174 2069 3234 2108 se
3272 2052 3598 2123 implicabit

1944 2146 2015 2217 (II
2045 2147 2178 2201 Tim.
2216 2163 2276 2212 ιι,
2314 2147 2388 2212 4).
2423 2144 2671 2199 Perﬁdia
2700 2142 2991 2198 enimsivc
3015 2140 3592 2212 impietasgeneralis

1943 2234 2242 2290 character
2265 2237 2355 2289 est
2385 2231 2501 2286 illis
2534 2228 3081 2302 omnibus,paganis
3102 2229 3590 2295 scilicet,Judaais,

1945 2322 2251 2392 haereticis,
2287 2325 2568 2392 tanquam
2600 2319 2736 2374 ﬁliis
2769 2318 2972 2374 alienis
3026 2321 3082 2371 et
3133 2317 3248 2372 Deo
3307 2317 3589 2372 mentitis.

1946 2412 2058 2467 Sed
2091 2412 2229 2482 quid
2261 2416 2349 2466 est
2379 2410 2533 2481 quod
2558 2409 2768 2463 horum
2799 2406 3110 2478 impiorum
3144 2405 3591 2476 parscharacte-

1946 2517 2066 2555 rem
2091 2499 2279 2554 crucis
2301 2499 2358 2552 in
2381 2499 2616 2552 dextera
2629 2513 2806 2551 manu
2828 2501 2882 2549 et
2903 2495 3091 2550 fronte
3112 2493 3349 2565 portat?
3371 2495 3592 2566 Ergone

1946 2589 2054 2643 hoc
2109 2588 2442 2644 charactere
2495 2586 2942 2656 imputabuntur
3005 2583 3155 2637 inter
3203 2583 3591 2654 negotiatores

1946 2676 2159 2732 Christi
2190 2675 2216 2729 ?
2248 2675 2449 2730 Nonne
2487 2674 2641 2728 fures
2674 2677 2812 2728 sunt
2841 2677 2896 2727 et
2925 2671 3181 2726 latrones
3201 2670 3227 2724 ?
3250 2670 3429 2741 Cujus
3452 2687 3588 2743 ergo

1948 2782 2178 2820 crucem
2213 2781 2314 2835 pro
2355 2763 2688 2819 charactere
2740 2778 2856 2816 sua:
2916 2758 3167 2831 perﬁdiae
3224 2759 3588 2831 prmferunt?

1947 2853 2154 2909 Procul
2187 2853 2363 2908 dubio
2397 2851 2556 2906 illius
2582 2849 2910 2921 blasphemi
2951 2852 3008 2903 ct
3034 2848 3294 2919 procacis
3324 2848 3589 2918 latronis,

1949 2941 2049 3013 qui
2075 2957 2179 3013 per
2207 2941 2552 2995 cruciﬁxum
2587 2939 2797 2993 Filium
2830 2935 3260 3004 suum,seilicet
3285 2935 3592 3005 latronem,

1949 3030 2195 3086 Domino
2228 3045 2427 3085 secum
2487 3028 2762 3082 cruciﬁxo
2795 3025 3114 3097 procaciter
3153 3024 3594 3082 convitiahatur.

1951 3119 2060 3174 Sed
2095 3119 2234 3191 quid
2268 3123 2357 3173 est
2384 3118 2539 3188 quod
2580 3116 2834 3171 latrones
2864 3114 2961 3168 isti
2988 3115 3379 3170 characterem
3409 3113 3600 3169 crucis

187 3206 356 3258 cente
385 3219 397 3256 :
432 3223 458 3250 «
490 3201 699 3257 Omnia
727 3218 1090 3274 quaecunque
1116 3201 1308 3256 facitis
1337 3202 1395 3256 in
1427 3203 1602 3258 verbo
1653 3207 1754 3258 aut
1777 3203 1836 3258 in
1869 3193 1912 3259 C
1952 3209 2034 3264 sic
2056 3206 2331 3262 exhibent
2353 3203 3198 3262 utChristinomeninvoccnt?
3219 3205 3343 3259 Non
3359 3204 3598 3272 mirum,

184 3305 384 3361 opere,
416 3289 614 3345 omnia
642 3289 703 3344 in
736 3290 970 3345 nomine
991 3290 1224 3345 Domini
1250 3290 1431 3346 nostri
1453 3291 1599 3346 Jesu
1625 3291 1840 3348 Christi

182 3376 379 3446 tacite,
405 3377 622 3448 gratias
651 3381 890 3450 agentes
916 3379 1032 3434 Deo
1064 3385 1119 3434 et
1149 3379 1305 3435 Patri
1338 3397 1442 3451 per
1488 3379 1680 3451 ipsum
1713 3381 1838 3452 (Co-

180 3466 316 3521 loss.
351 3483 437 3531 III,
469 3465 580 3537 17).
618 3489 647 3515 ››
680 3467 839 3529 Quod
871 3484 1004 3522 cum
1040 3467 1369 3538 fecerimus,
1396 3467 1479 3522 nil
1511 3469 1840 3535 sinistrum,

179 3555 288 3610 sed
321 3557 509 3609 totum
531 3555 831 3609 dexterum
857 3555 967 3610 erit
999 3572 1114 3626 quo
1146 3557 1843 3628 degerimus,nescietque

183 3642 432 3700 sinistra
464 3641 753 3697 malorum
777 3642 917 3713 quid
944 3642 1116 3699 faciat
1147 3645 1378 3699 dextera
1402 3650 1599 3700 nostra
1620 3646 1839 3716 (Matth.

187 3749 268 3799 VI,
300 3731 378 3800 3).

791 3818 1024 3874 CAPUT
1073 3820 1245 3875 XLII.

412 3909 486 3964 De
516 3909 936 3978 negotiatoribus
967 3907 1171 3963 Christi
1199 3915 1248 3963 et
1279 3909 1629 3963 Antichristi.

268 3998 489 4070 Itaque,
525 3996 663 4068 quia
691 4011 794 4068 per
827 3997 1000 4052 ﬁdem
1035 4001 1169 4052 ante
1198 3997 1396 4052 omnia
1425 4015 1461 4052 a
1490 3998 1603 4053 Deo
1633 4014 1846 4070 cogno-

197 4086 443 4152 scimur,
480 4086 625 4140 ﬁdes
656 4085 909 4157 profecto
933 4089 1020 4141 est
1039 4085 1340 4140 character
1363 4103 1478 4157 quo
1510 4085 1845 4158 signamur;

201 4175 303 4249 qui
327 4175 384 4229 in
409 4175 612 4230 dextra
632 4178 831 4229 nostra
851 4178 907 4229 et
928 4175 1115 4230 fronte
1142 4173 1848 4247 deprehenditur,quoties

195 4265 262 4319 in
295 4279 471 4334 regno
502 4262 657 4334 regis
690 4262 870 4318 nostri
905 4262 1190 4334 negotiari
1221 4262 1479 4334 proﬁcue
1509 4266 1566 4318 et
1614 4263 1852 4335 paciﬁce

199 4351 538 4424 quaerimus.
571 4350 631 4406 Si
663 4350 818 4406 enim
868 4350 1178 4423 diligenter
1238 4351 1624 4420 advertimus,
1683 4368 1853 4408 nemo

199 4439 320 4496 sive
352 4440 559 4507 bonus,
609 4438 731 4495 sive
761 4437 974 4506 malus,
1007 4439 1159 4495 valet
1220 4439 1427 4496 saltem
1462 4458 1578 4496 una
1619 4440 1763 4496 hora
1793 4440 1854 4495 in

1951 3297 2049 3369 qui
2081 3296 2190 3350 hoc
2221 3296 2295 3350 ad
2327 3295 2542 3349 Christi
2594 3294 2775 3348 nostri
2812 3292 3231 3364 improperium
3280 3296 3336 3347 et
3366 3293 3600 3364 dispen-

1951 3386 2137 3450 dium,
2195 3389 2253 3438 et
2283 3383 2354 3436 ad
2379 3382 2467 3436 sui
2497 3381 2741 3436 latronis
2774 3380 3019 3451 gloriam
3078 3383 3134 3434 et
3182 3381 3596 3450 compendium

1952 3473 2193 3528 faciunt.
2227 3471 2370 3525 Nam
2411 3469 2645 3523 illorum
2698 3467 2960 3537 complex
3016 3471 3072 3521 et
3130 3467 3593 3538 condiscipulus,

1953 3559 2219 3632 quamvis
2253 3557 2394 3612 dicit
2421 3557 2532 3612 Deo
2567 3574 2578 3610 :
2619 3580 2636 3604 α
2669 3556 2728 3610 Si
2788 3553 2965 3608 Filius
2997 3554 3098 3607 Dei
3129 3570 3212 3619 es,
3245 3553 3471 3609 salvum
3503 3555 3593 3610 fac

1953 3647 2354 3718 temetipsum,
2388 3650 2445 3700 et
2477 3661 2582 3699 nos
2612 3645 2761 3714 (Luc.
2795 3642 3073 3710 xxm,39),
3106 3664 3132 3689 ››
3165 3641 3598 3707 omnipotentiae

1954 3735 2168 3792 Christi
2199 3731 2522 3787 insultabat
2544 3735 2599 3786 et
2630 3728 3174 3800 detrahebat,atque
3194 3729 3451 3786 inimicis
3472 3732 3600 3802 ejus

1955 3822 2259 3880 materiam
2286 3819 2690 3874 subsannandi
2713 3817 3136 3891 prasbebat.Cui
3153 3817 3600 3891 improperando

1955 3927 2187 3986 pomam
2219 3907 2428 3974 crucis,
2463 3912 2518 3963 et
2544 3908 2680 3980 quia
2721 3923 2823 3979 par
2880 3904 3205 3962 latronibus
3261 3911 3434 3974 esset,
3498 3923 3604 3964 nec

1957 4003 2323 4075 praesentem,
2358 4014 2461 4052 nec
2519 3997 2775 4052 futuram
2828 3993 3228 4050 confusionem
3285 4012 3475 4063 suam,
3537 4012 3607 4052 ex

1957 4087 2300 4147 confusione
2332 4086 2568 4152 Christi,
2630 4091 2929 4158 protervus
2991 4083 3105 4152 illc,
3140 4083 3272 4140 felle
3333 4085 3606 4140 draconis

1960 4179 2178 4245 ebrius,
2213 4175 2520 4232 sentiebat.
2552 4177 2732 4240 Quem
2755 4179 2950 4234 socius
2972 4176 3270 4250 quondam
3303 4191 3447 4229 suus
3464 4174 3608 4228 dum

1964 4266 2225 4338 increpat
2255 4264 2442 4335 (Ibid.,
2473 4265 2584 4335 40),
2621 4269 2677 4320 et
2705 4265 3000 4322 Christum
3059 4266 3275 4338 Regem
3307 4266 3362 4319 et
3409 4261 3612 4317 Domi-

1966 4373 2129 4421 num,
2162 4354 2336 4410 etiam
2371 4353 2431 4408 in
2463 4371 2634 4409 cruce
2665 4355 3029 4424 morientem,
3091 4355 3265 4410 corde
3292 4353 3525 4409 credere
3555 4355 3614 4407 et

1969 4460 2065 4500 ore
2098 4443 2358 4499 conﬁteri
2389 4460 2504 4498 non
2537 4443 2783 4510 dubitat,
2819 4445 3212 4502 characterem
3249 4440 3616 4511 latronis,cui

199 4527 554 4616 hocsaeculo
586 4528 777 4616 vivere
809 4528 933 4616 nisi
957 4528 1478 4602 negotietur.Unde
1510 4529 1774 4585 Christus
1796 4529 1856 4584 in
1891 4553 1936 4616 ι)
1969 4533 2202 4588 additus
2233 4533 2441 4598 erat,in
2474 4531 2686 4587 Christi
2720 4533 3113 4590 characterem
3139 4535 3480 4596 commutat,
3505 4530 3616 4585 sub

201 4612 503 4685 regionem
519 4613 904 4688 longinquam
923 4615 1255 4682 iturus,sub
1279 4617 1531 4688 speciem
1551 4618 1858 4689 cujusdam

202 4701 423 4760 nobilis
455 4702 819 4771 hominis,ait
848 4705 1028 4761 servis
1050 4705 1175 4761 suis
1201 4724 1212 4762 :
1242 4729 1269 4756 «
1303 4699 1696 4779 Negotiamini
1718 4708 1860 4761 dum

204 4791 374 4850 venio
396 4791 544 4863 (Luc.
575 4810 693 4857 XIX,
730 4793 837 4864 13).
872 4814 898 4842 ››
937 4792 1099 4848 Unde
1157 4797 1216 4850 et
1247 4795 1316 4849 de
1347 4798 1550 4850 sancta
1610 4793 1862 4850 Ecclesia

202 4883 270 4937 in
303 4880 630 4938 Proverbiis
664 4881 877 4936 dicitur
908 4898 919 4935 :
947 4903 974 4930 «
1001 4882 1177 4938 Facta
1207 4888 1296 4939 est
1326 4883 1671 4955 quasinavis
1701 4883 1865 4940 insti-

205 4969 352 5027 loris
374 4969 443 5024 de
475 4968 646 5040 longe
679 4973 918 5042 portans
940 4987 1150 5041 panem
1175 4972 1699 5028 suum.Sindonem
1730 4973 1866 5029 fecit

209 5061 270 5114 et
302 5056 578 5126 vendidit,
613 5060 669 5112 et
693 5056 998 5128 cingulum
1030 5059 1276 5114 tradidit
1322 5059 1646 5117 Chananaao
1679 5063 1862 5135 (Prov.

207 5163 364 5213 xxxx,
398 5145 486 5214 14,
516 5146 630 5218 24).
664 5159 696 5195 ﬁ
723 5146 1057 5217 Negotiator
1079 5163 1214 5219 ergo
1245 5152 1333 5204 est
1354 5149 1620 5205 Christus
1651 5154 1708 5205 et
1738 5151 1863 5207 sui:

208 5233 540 5308 negotiator
589 5233 982 5291 Antichristus
1033 5235 1163 5304 sui;
1199 5253 1304 5291 cur
1355 5255 1458 5309 per
1510 5239 1870 5295 Ezechielem

209 5323 503 5380 Dominus
532 5323 644 5379 sub
703 5323 894 5395 specie
954 5324 1106 5396 regis
1140 5325 1275 5396 Tyri
1324 5324 1500 5382 dicit:
1531 5327 1618 5381 Tu
1652 5327 1870 5383 cherub

212 5417 545 5488 protegens,
579 5417 636 5468 et
666 5412 906 5485 posuite
931 5413 992 5468 in
1015 5417 1212 5469 monte
1225 5417 1428 5468 sancto
1458 5415 1644 5483 Dei,in
1678 5416 1870 5472 medio

212 5503 490 5577 rapidum
508 5501 832 5575 ignitorum
853 5499 1168 5558 ambulasti
1196 5520 1208 5570 ;
1236 5502 1526 5574 perfectus
1548 5503 1608 5560 in
1622 5504 1732 5560 viis
1755 5505 1874 5561 tuis

213 5609 248 5653 α
278 5591 372 5651 die
403 5591 816 5667 negotiationis
847 5595 982 5662 tuae,
1017 5590 1238 5665 repleta
1269 5595 1410 5651 sunt
1437 5592 1716 5652 interiora
1772 5598 1875 5653 tua

539 5720 808 5789 Panos.
855 5718 1116 5791 CXLIII.

1971 4637 2085 4691 quo
2099 4637 2165 4675 ex
2179 4637 2350 4691 poena
2366 4619 2608 4675 latronis
2627 4627 2920 4679 mereatur
2940 4621 3306 4694 triumphum
3322 4618 3614 4690 martyris.

1971 4708 2065 4764 Sic
2097 4708 2348 4764 haeretici
2407 4708 2716 4780 quidquid,
2750 4713 2922 4783 quasi
2981 4713 3272 4777 dextrum,
3334 4723 3503 4780 agere
3532 4706 3617 4760 vi-

1972 4797 2201 4863 dentur,
2236 4800 2337 4850 aut
2366 4795 2580 4851 habere
2608 4799 2990 4870 praecipuum,
3049 4804 3238 4855 totum
3269 4794 3618 4851 Antichristi

1973 4891 2062 4941 est
2085 4884 2476 4956 negotium,ut
2499 4889 2640 4956 puta
2662 4904 2762 4958 per
2783 4889 3236 4958 recognitionem
3267 4883 3621 4940 characteris

1975 4975 2124 5045 ejus,
2158 4971 2376 5028 scilicet
2423 4973 2700 5042 perﬁdiae,
2751 4976 2986 5032 dextera
3017 4981 3074 5031 et
3107 4976 3291 5029 fronte
3323 4972 3618 5040 affectum,

1975 5062 2108 5118 licet
2133 5060 2246 5134 ipsi
2275 5059 2617 5115 Antichristi
2649 5079 2823 5118 suum
2869 5063 3296 5120 Antichristum
3353 5076 3486 5116 cum
3517 5060 3622 5116 Ju-

1980 5151 2120 5207 daeis
2151 5150 2402 5206 vocitent
2431 5149 2746 5205 Christum.

2569 5239 2801 5295 CAPUT
2843 5239 3034 5297 XLIII.

1984 5334 2105 5402 Quo
2134 5328 2451 5383 charactere
2482 5328 2790 5385 Simoniaci
2817 5333 3111 5386 noscanﬂtr
3143 5345 3254 5385 esse
3282 5329 3627 5387 Antichristi.

2056 5418 2127 5472 Ut
2155 5433 2292 5489 ergo
2318 5417 2516 5474 Ariani
2547 5417 2656 5473 hoc
2712 5418 3043 5476 charactere
3099 5419 3445 5476 Antichristi
3504 5436 3633 5477 esse

1987 5510 2327 5573 noscantur,
2356 5507 2510 5580 quod
2542 5507 2859 5580 praedicant
2890 5508 3103 5566 Filium
3127 5509 3291 5566 Patre
3322 5509 3631 5579 minorem,

1986 5600 2041 5655 et
2101 5594 2389 5670 Spiritum
2467 5601 2738 5657 sanctum
2791 5600 3098 5680 utroque;
3174 5603 3230 5661 et
3315 5597 3638 5662 Simoniaoi

3237 5724 3317 5808 30.
