4004 6210
0 2750 11 2799 ξ

0 2896 13 2959 i

460 454 609 522 1131

1512 450 1914 516 HUMBERTI
1962 453 2022 514 S.
2072 452 2145 513 ll.
2194 446 2263 511 E.
2310 446 2804 512 CARDINALIS.

3646 390 3653 397 ’
3705 410 3856 500 1132

462 588 844 646 nihilominus
869 587 977 642 hoc
1000 586 1329 643 charactere
1349 587 1687 642 Antichristi
1706 604 1832 643 esse
1853 603 2105 641 noscun-
2130 588 2186 652 Α
2216 584 2509 640 amittant.
2542 583 2821 639 Parcatur
2878 580 3141 637 fraticide
3199 578 3359 646 Cain,
3410 576 3459 633 si
3498 576 3625 648 ipse
3680 574 3857 630 etiam

461 682 575 747 tur,
606 694 721 749 quo
751 675 1033 748 Spiritum
1077 679 1440 744 sanctum,ut
1469 680 1709 747 putatur
1734 677 1995 731 vendunt
2050 678 2106 731 et

459 770 685 834 emunt,
718 768 819 821 aut
845 764 1013 820 vendi
1047 768 1103 820 et
1133 764 1246 820 emi
1278 781 1449 837 posse
1497 767 1745 820 credunt
1774 768 1828 820 et
1877 764 2100 820 dicunt.

457 852 565 919 Qui
597 870 712 909 non
743 851 935 909 solum
966 852 1155 908 ocultc
1185 854 1339 909 sicut
1366 852 1466 908 alii
1496 853 1753 909 haeretici
1798 854 1907 909 sub
1942 854 2104 908 Anti-

460 941 680 998 christo
708 941 1100 1012 negotiantur,
1132 942 1232 997 sed
1264 942 1505 1013 insuper
1552 947 1749 1014 aperte
1780 946 1837 997 et
1866 941 2105 997 saecula-

461 1029 605 1086 riter
632 1033 913 1102 tanquam
944 1029 1056 1086 vile
1104 1030 1466 1102 mancipium
1518 1030 1801 1103 Spiritum
1834 1035 2104 1087 sanctum

460 1118 725 1186 venalem
757 1123 1109 1192 proponunt,
1132 1123 1188 1175 et
1208 1120 1461 1192 pretium
1484 1120 1759 1177 saeculare
1791 1137 1894 1192 pro
1924 1136 1989 1175 eo
2012 1137 2107 1192 pa-

463 1208 766 1265 ciscuntur
794 1213 852 1263 et
877 1207 1382 1280 accipiunt.Quem
1415 1225 1528 1263 non
1561 1212 1749 1280 potest
1788 1209 2103 1280 quisquam

461 1298 709 1354 vendere
737 1300 838 1353 aut
867 1312 1080 1364 emere,
1112 1295 1226 1352 nisi
1257 1296 1587 1352 charactere
1624 1296 1964 1352 Antichristi
1995 1296 2104 1353 hoc

462 1390 551 1443 est
579 1386 822 1458 perﬁdia
852 1389 1088 1441 notatus
1142 1386 1201 1439 in
1233 1385 1465 1440 dextera
1494 1402 1673 1439 manu
1720 1387 1776 1438 et
1805 1383 1861 1437 in
1895 1383 2100 1450 fronte,

461 1475 680 1532 scilicet
708 1475 766 1530 in
796 1493 911 1530 suae
956 1474 1323 1547 cogitationis
1380 1479 1436 1529 et
1492 1472 1736 1527 actionis
1795 1471 2103 1541 principali

460 1568 645 1638 parte,
678 1565 984 1637 utjugitcr
1014 1563 1199 1635 possit
1228 1580 1332 1617 suo
1392 1560 1619 1631 negotio
1674 1559 2098 1613 Antichristum

460 1652 665 1711 ditare.
698 1653 861 1708 Unde
898 1657 954 1709 et
1014 1652 1293 1724 propheta
1348 1649 1609 1703 Judaeam
1638 1645 1941 1716 plangens,
1978 1646 2057 1701 ait
2089 1663 2100 1699 :

465 1764 493 1792 (‹
524 1741 678 1797 Facti
708 1746 846 1809 sunt
879 1742 1075 1797 hostes
1096 1741 1223 1809 ejus
1254 1737 1312 1791 in
1336 1735 1545 1805 capite,
1578 1733 1796 1788 inimici
1832 1732 1989 1789 illius
2020 1734 2102 1789 lo-

462 1830 739 1904 cupletati
768 1834 924 1899 sunt,
945 1829 1082 1900 quia
1102 1826 1380 1881 Dominus
1405 1822 1635 1877 locutus
1656 1826 1745 1877 est
1773 1839 1952 1894 super
1974 1840 2102 1879 eam

463 1920 647 1989 (Then.
684 1938 719 1973 ι.
753 1922 827 1990 5).
866 1942 891 1967 ‹‹

459 2008 655 2081 inquit
675 2025 689 2064 :
709 2002 1151 2074 «Corinsipicns
1166 1998 1677 2065 adorabitillud,et
1696 2016 1809 2054 non
1830 2000 2106 2056 liberabit

463 2097 725 2154 animam
757 2109 946 2163 suam,
981 2105 1166 2160 neque
1195 2088 1347 2143 dicet
1382 2104 1393 2143 :
1430 2088 1593 2143 Forte
1626 2089 1998 2145 mendacium
2021 2094 2108 2145 est

466 2187 524 2241 in
557 2186 790 2242 dextera
820 2197 947 2237 mea
966 2178 1114 2250 (Isai.
1148 2194 1297 2243 κων,
1329 2178 1436 2245 20).
1476 2198 1503 2226 ››
1526 2178 1638 2233 Sed
1670 2177 1778 2233 hoc
1808 2179 2107 2251 negotium

468 2292 581 2330 non
614 2271 929 2346 perﬁcitur,
963 2267 1075 2322 nisi
1120 2266 1217 2321 ubi
1280 2270 1521 2338 uterque
1578 2268 1843 2322 venditor
1889 2267 2111 2323 scilicet

467 2367 642 2433 atque
693 2361 938 2429 emptor,
999 2354 1390 2410 characterem
1444 2354 1782 2409 Antichristi
1843 2356 2110 2427 praeferre

468 2448 797 2512 invenitur;
847 2460 1021 2516 quem
1082 2443 1219 2514 quia
1249 2443 1452 2498 Petrus
1483 2460 1595 2497 non
1632 2442 1835 2497 habuit
1862 2444 2109 2499 vendere

467 2553 582 2591 non
606 2534 811 2606 potuit,
845 2532 977 2589 licet
1035 2533 1261 2605 Magus,
1293 2532 1627 2586 charactere
1684 2531 1781 2586 illo
1821 2531 2107 2604 signatus,

465 2639 657 2682 emere
672 2620 1490 2678 vol'ierit.Ubiattendendum
1518 2636 1552 2674 a
1574 2624 1792 2691 quanta
1813 2618 2110 2674 imbecilli-

469 2717 586 2770 tate
614 2710 854 2767 haaresis
883 2710 1004 2765 haec
1035 2712 1105 2765 ad
1140 2711 1425 2780 quantum
1466 2709 1732 2763 roborem
1765 2707 2107 2780 pervenerit.

467 2802 664 2860 Primo
697 2801 853 2857 enim
906 2798 1267 2854 venditorem
1300 2814 1417 2853 non
1436 2796 1915 2865 invenit,deinde,
1939 2796 2110 2869 longo

470 2894 603 2965 post
631 2894 912 2961 tempore,
941 2887 1305 2943 venditorem
1334 2886 1573 2956 quidem
1610 2886 1843 2957 reperit,
1879 2885 1980 2940 sed
2012 2883 2113 2956 qui

477 2980 662 3039 solius
686 2976 1053 3049 emptoris,et
1082 2992 1199 3031 non
1257 2974 1518 3040 alterius,
1536 2974 1790 3047 pretium
1851 2973 2116 3045 quaesivit

468 3069 615 3126 Hinc
632 3069 760 3140 jam
797 3065 1065 3121 venditor
1093 3064 1164 3120 ab
1197 3066 1457 3135 emptore
1488 3079 1604 3118 non
1636 3062 1827 3118 solum
1859 3079 2027 3117 suam
2059 3065 2115 3117 et

472 3174 735 3226 suorum,
770 3155 868 3211 sed
904 3154 1145 3224 insuper
1173 3151 1627 3208 ecclesiasticam
1658 3151 1965 3223 pecuniam
1997 3167 2112 3206 non

470 3244 762 3305 erubescit
790 3241 1145 3300 omnimodis
1169 3239 1523 3313 exigere.Hei
1558 3239 1731 3294 mihi!
1758 3240 2001 3311 contigit
2024 3255 2116 3295 me

953 1916 1063 2013 Sed
1093 1918 1148 1969 et
1173 1912 1321 2013 alius
1658 1910 1796 1966 idoli
1830 1928 2104 2013 arguens,
2138 1950 2184 2013 Β

2213 672 2550 729 admonitus
2576 688 2610 727 a
2630 670 2946 727 fratricidio
2968 668 3205 742 quievit.
3226 668 3502 724 Parcatur
3521 662 3859 730 homicidia,

2214 762 2263 817 si
2296 778 2410 817 non
2442 761 2513 816 ad
2544 764 2793 816 mortem
2851 756 3233 832 peccaverint.
3273 756 3551 811 Parcatur
3611 750 3859 824 raptori-

2214 851 2347 919 bus,
2380 851 2577 907 sinon
2625 848 2816 905 solum
2867 864 3068 920 rapere
3097 844 3397 911 desierint,
3459 843 3559 899 sed
3599 841 3647 898 si
3696 844 3864 913 rapta

2214 957 2467 1012 quoque,
2519 955 2645 1010 quae
2698 937 2890 993 adhuc
2944 935 3057 992 sibi
3111 933 3393 991 violenter
3424 930 3698 1002 retinent,
3752 929 3866 984 rite

2213 1026 2595 1084 restituerint.

2803 1167 3035 1224 CAPUT
3074 1166 3261 1223 XLIV.

2212 1292 2385 1359 Quam
2420 1290 2533 1343 sint
2588 1289 2672 1343 rei
2725 1288 2979 1342 Ecclesite
3030 1288 3350 1359 δίνῃοηὶασί,
3410 1293 3462 1343 et
3517 1285 3582 1343 de
3634 1297 3871 1341 numero

2790 1359 3035 1413 nominis
3066 1357 3290 1412 Christi.

2282 1483 2325 1537 0
2357 1484 2499 1552 quot
2526 1484 2583 1535 et
2611 1483 2964 1551 quantorum
3015 1480 3446 1535 lratricidarum
3498 1484 3556 1537 et
3613 1479 3876 1537 homici-

2211 1572 2439 1635 darum,
2471 1587 2586 1640 prae
2628 1568 2849 1624 cazteris
2880 1567 3188 1633 hareticis,
3220 1567 3535 1623 Simoniaci
3567 1568 3881 1624 habentur

2213 1658 2313 1725 rei,
2348 1658 2471 1729 qui,
2523 1662 2758 1728 excepta
2805 1655 3030 1728 plebeia
3073 1673 3272 1723 manu,
3323 1660 3409 1711 tot
3455 1660 3715 1711 catervas
3755 1657 3881 1710 do-

2216 1746 2593 1801 mesticorum
2625 1745 2748 1812 Dei,
2782 1743 3000 1800 scilicet
3028 1744 3397 1810 clericorum,
3438 1743 3878 1799 monachorum

2213 1839 2269 1890 et
2292 1833 2833 1890 sanctimonialium
2847 1832 3105 1905 quotidie
3118 1832 3391 1887 occidunt
3410 1848 3544 1886 cum
3558 1830 3877 1903 sacrilegio

2215 1922 2461 1979 immani
2491 1924 2502 1977 Ι
2538 1925 2802 1988 Quorum
2837 1921 3130 1993 stipendia
3153 1921 3293 1975 dum
3326 1919 3707 1976 saecularibus
3736 1936 3880 1975 ven-

2218 2013 2408 2069 dendo
2440 2017 2498 2068 et
2528 2012 2799 2067 donando
2840 2010 3118 2077 alienant,
3142 2013 3198 2065 et
3229 2025 3473 2081 corpora
3492 2024 3694 2064 eorum
3718 2007 3876 2064 into-

2216 2100 2442 2158 lerabili
2473 2100 2668 2155 inedia
2698 2114 3010 2170 rerumque
3039 2097 3303 2153 omnium
3350 2096 3598 2168 penuria
3641 2096 3876 2152 interﬁ-

2218 2192 2399 2258 ciunt,
2461 2193 2516 2244 et
2566 2189 2764 2243 anima
2810 2187 3194 2242 nihilominus
3253 2186 3325 2240 ad
3374 2188 3608 2257 peccata
3653 2184 3876 2256 quibus

2220 2279 2551 2334 moriuntur
2572 2281 2807 2347 cogunt.
2832 2275 2937 2331 Ubi
2963 2275 3121 2330 enim
3144 2273 3405 2329 caelibem
3423 2277 3481 2328 et
3500 2272 3875 2345 spiritualem

2218 2367 2395 2421 vitam
2427 2366 2679 2433 ducturi,
2743 2363 2821 2419 nil
2881 2362 2974 2419 sui
3022 2362 3318 2434 stipendii,
3370 2362 3469 2434 qui
3517 2362 3872 2431 subsistant,

2220 2455 2330 2510 sibi
2361 2454 2648 2510 redictum
2681 2452 2962 2519 sentiunt,
3021 2452 3093 2507 ad
3126 2451 3498 2507 saecularium
3553 2450 3877 2506 hominum

2220 2542 2502 2614 suffragia
2531 2541 2711 2597 coacti
2743 2541 3074 2613 refugiunt:
3109 2538 3324 2611 quibus
3356 2555 3592 2595 necesse
3622 2544 3712 2594 est
3739 2539 3877 2595 ani-

2223 2648 2349 2686 mas
2406 2631 2725 2703 subjugare
2779 2633 3082 2701 cogantur,
3116 2628 3259 2682 dum
3316 2643 3560 2699 corpora
3617 2627 3877 2683 relevare

2220 2723 2523 2775 conantur.
2559 2719 2602 2774 Ο
2660 2721 2803 2789 quot
2830 2733 3138 2791 pauperes,
3198 2716 3404 2772 viduas
3464 2720 3523 2772 et
3577 2716 3879 2788 orphenos

2222 2808 2375 2880 stipe
2404 2807 2798 2864 ecclesiastica
2826 2804 3090 2872 alendos,
3124 2804 3507 2861 necaverunt!
3542 2804 3586 2860 Ο
3617 2808 3763 2876 quot
3776 2805 3881 2877 pia

2223 2896 2349 2953 loca
2377 2896 2816 2959 dextruxerunt,
2848 2893 2947 2948 ubi
2991 2892 3248 2949 debitam
3307 2893 3665 2965 pauperibus
3693 2897 3753 2950 et
3780 2909 3881 2950 ec-

2223 2984 2418 3041 clesiis
2448 2983 2771 3056 portionem
2802 2982 3164 3038 decimarum
3208 2985 3265 3038 et
3322 2981 3686 3037 oblationum
3740 2998 3880 3054 per-

2223 3079 2395 3146 petuo
2426 3071 2804 3128 saecularibus
2821 3070 3336 3141 vendiderunt,aut
3356 3070 3651 3126 donarunt
3674 3068 3688 3125 l
3713 3070 3881 3128 Unde

2216 3164 2341 3233 jam
2374 3177 2610 3216 necesse
2633 3164 2721 3216 est
2751 3164 2815 3215 ut
2836 3163 3036 3215 contra
3067 3158 3407 3214 Christiana:
3441 3157 3662 3214 militia:
3697 3159 3878 3231 privi-

2228 3250 2445 3324 legium
2505 3249 2630 3305 suis
2683 3248 2990 3320 stipendiis
3043 3246 3253 3303 militet
3299 3246 3572 3320 quisquis
3625 3247 3882 3323 militare

472 3336 547 3392 αδ
575 3333 669 3389 his
700 3332 801 3404 (Ιυί
853 3330 1113 3386 inferunt
1168 3333 1287 3384 tam
1342 3328 1694 3383 horrendum
1742 3327 1971 3383 facinus
2026 3346 2115 3384 c0-
2144 3314 2186 3380 C
2226 3314 2453 3394 Christo
2478 3337 2648 3393 volet.
2691 3314 2831 3391 Inde
2860 3340 2950 3392 est
2978 3336 3154 3407 quod,
3178 3351 3282 3390 nec
3314 3314 3579 3402 clericos,
3612 3320 3720 3392 nec
3750 3354 3878 3393 mo-

473 3418 1038 3497 gnovisse,videlicet
1067 3420 1200 3489 post
1222 3416 1466 3487 pretiose
1494 3432 1787 3472 marmora
1819 3416 2112 3487 purictum

474 3517 529 3567 et
553 3509 970 3567 emblematum
1002 3505 1379 3562 basilicarum
1404 3521 1506 3576 pro
1531 3505 1639 3559 hoc
1664 3506 1890 3576 negotio
1910 3507 2117 3563 distra-

476 3605 593 3669 cta,
616 3598 793 3655 etiam
824 3594 1076 3667 tegulas,
1102 3594 1268 3649 tectis
1302 3610 1501 3649 earum
1535 3598 1771 3665 cogente
1798 3597 1855 3649 et
1872 3595 2115 3665 jubcnte

466 3689 765 3747 venditore
792 3686 1071 3756 direptas,
1106 3690 1169 3738 ut
1198 3682 1310 3738 sibi
1370 3699 1403 3737 a
1454 3682 1784 3738 miserrimo
1824 3690 2108 3756 emptore,

462 3778 589 3850 jam
620 3792 749 3833 sero
782 3790 958 3846 super
986 3772 1099 3828 tale
1129 3772 1350 3827 factum
1408 3771 1786 3839 lamentante,
1838 3773 2113 3844 promissi

467 3865 640 3940 pretii
670 3880 906 3920 summa
935 3861 1378 3934 persolveretur.
1438 3860 1626 3927 Dicat,
1660 3860 1709 3916 si
1763 3861 1896 3932 quis
1940 3861 2109 3930 valet,

468 3970 739 4028 quaenam
771 3951 1009 4008 haeresis
1057 3949 1373 4021 aliquando
1417 3952 1640 4004 tantam
1693 3950 2111 4006 desolationem

468 4042 743 4100 Ecclesiis
774 4041 876 4098 Dei
908 4038 1245 4096 machinata
1273 4044 1361 4092 est
1390 4042 1670 4108 quantam
1728 4037 1943 4107 haec.Et
1970 4055 2112 4109 prae-

466 4132 695 4189 dicatur
714 4149 748 4187 a
770 4128 1133 4201 sapientibus
1156 4125 1359 4181 mitius
1372 4124 1664 4196 agendum
1678 4142 1814 4180 cum
1829 4126 2113 4182 Simonia-

467 4222 552 4278 cis
582 4236 761 4293 quam
793 4222 990 4274 actum
1020 4216 1098 4272 sit
1127 4231 1261 4269 cum
1301 4212 1516 4280 aliis,et
1548 4214 1994 4285 temperandum
2028 4216 2112 4270 eis

466 4308 837 4366 severitatem
866 4320 1161 4360 canonum
1211 4303 1525 4374 plusquam
1572 4301 1929 4369 Novatianis,
1976 4320 2114 4376 erga

470 4414 617 4472 quos
646 4394 1081 4452 clementiorem
1112 4398 1171 4447 et
1201 4389 1592 4447 remissiorem
1623 4390 1907 4446 catholica
1935 4408 1997 4447 se
2027 4409 2113 4448 os-

467 4486 658 4544 tendit
682 4485 711 4539 ?
738 4485 1033 4548 Parcatur,
1062 4479 1397 4551 volo,lupis,
1423 4480 1648 4534 furibus
1678 4484 1733 4534 et
1762 4479 2108 4551 latronibus,

467 4576 518 4633 si
549 4576 662 4649 ipsi
692 4572 1012 4644 aliquqndo
1045 4572 1448 4642 pepercerunt,
1481 4574 1583 4624 aut
1614 4573 1860 4640 parcunt
1881 4569 2107 4639 ovibus,

2226 3428 2465 3492 nachos,
2498 3431 2598 3483 aut
2630 3425 3107 3482 sanctimoniales
3150 3424 3467 3497 quisquam
3509 3426 3581 3480 ad
3612 3424 3881 3498 regulare

2225 3516 2584 3588 propositum
2601 3530 2802 3587 cogere
2824 3519 2923 3569 aut
2943 3513 3126 3570 libera
3147 3514 3334 3569 fronte
3354 3529 3664 3585 provocare
3678 3514 3875 3583 audet,

2225 3605 2337 3660 nisi
2369 3605 2699 3660 secundum
2736 3604 3199 3674 uniuscujusque
3239 3618 3440 3658 eorum
3485 3601 3869 3659 voluntatem.

2224 3694 2333 3750 Sed
2366 3693 2500 3748 hinc
2536 3693 2661 3763 jam
2693 3692 2942 3747 breviter
2971 3691 3043 3746 de
3073 3706 3319 3747 numero
3363 3690 3621 3747 nominis
3674 3691 3874 3748 bestiae

2231 3781 2341 3837 hoc
2369 3780 2734 3846 intimemus,
2764 3779 2920 3850 quod
2952 3778 3106 3835 sicut
3142 3796 3352 3835 nomen
3402 3779 3618 3836 Christi
3665 3780 3874 3848 nostri,

2224 3871 2327 3942 qui
2361 3874 2448 3924 est
2472 3869 2668 3937 Jesus,
2690 3868 2902 3924 Graecis
2932 3867 3237 3925 elementis
3265 3868 3723 3936 consideratum,
3766 3868 3876 3923 888

2223 3957 2519 4030 exprimit,
2553 3958 2637 4013 sic
2668 3962 2724 4013 et
2743 3957 3091 4013 Antichristi
3115 3974 3326 4014 nomen
3354 3958 3461 4013 666
3492 3956 3593 4030 qui
3614 3954 3878 4013 calculus

2224 4047 2285 4101 in
2339 4046 2634 4119 plerisque
2681 4046 2896 4102 Graacis
2934 4046 3309 4113 dictionibus,
3363 4046 3553 4102 Griece
3608 4046 3881 4102 conside-

2223 4134 2387 4203 ratis,
2432 4134 2748 4204 invenitur,
2805 4151 2874 4190 ex
2929 4134 3145 4206 quibus
3202 4138 3291 4188 est
3316 4131 3539 4198 Teitan,
3589 4131 3877 4204 quiapud

2223 4241 2329 4280 nos
2358 4223 2635 4280 scribitur
2664 4224 2858 4289 Titan,
2889 4224 3059 4294 cujus
3089 4219 3331 4292 pluralis
3360 4222 3448 4272 est
3472 4218 3729 4281 Titanes,
3765 4220 3874 4288 qui

2221 4312 2635 4386 intelliguntur
2661 4311 2948 4384 gigantes,
2980 4307 3272 4380 quondam
3306 4302 3568 4358 fabulose
3600 4305 3876 4376 aggressi

2221 4417 2556 4474 expugnare
2582 4400 2837 4465 coclites;
2872 4401 2928 4451 et
2957 4394 3117 4459 solis,
3153 4392 3255 4464 qui
3304 4391 3603 4463 respuisse
3653 4392 3875 4450 dicitur

2222 4490 2389 4562 prius
2419 4487 2729 4560 complices
2750 4504 2762 4553 ;
2786 4484 2937 4539 unde
2959 4481 3150 4536 adhuc
3181 4478 3269 4536 sol
3297 4479 3511 4536 dicitur
3529 4481 3738 4551 Titan;
3764 4484 3868 4556 qui

2222 4583 2280 4634 et
2308 4576 2551 4650 Apollon
2604 4574 2816 4636 Graece,
2876 4569 2934 4624 id
2992 4573 3083 4624 est
3123 4569 3366 4625 Perdens
3421 4568 3658 4637 dicitur,
3710 4572 3867 4643 quod

469 4667 571 4722 aut
624 4664 673 4720 si
726 4678 825 4719 eas
883 4659 1197 4732 aiiquando
1257 4658 1494 4729 rapiunt
1550 4657 1636 4712 vel
1694 4657 1985 4727 furantur,
2039 4677 2111 4717 ne
2138 4680 2187 4745 D
2221 4668 2439 4723 fervore
2468 4682 2573 4719 suo
2594 4676 2826 4716 omnem
2856 4674 3097 4714 succum
3132 4658 3449 4715 virentium
3480 4658 3865 4732 decoquendo

468 4757 727 4812 mactent
747 4755 805 4808 et
824 4750 1092 4823 perdant.
1116 4746 1535 4803 Permittantur
1557 4746 1797 4818 impune
1828 4764 2107 4818 crescere,

463 4850 524 4904 et
550 4843 704 4901 ﬁlios
728 4854 1051 4915 procreare,
1069 4838 1168 4893 scd
1193 4836 1573 4908 providentur
1602 4853 1676 4890 an
1711 4836 1925 4907 pusillo
1946 4838 2109 4910 gregi

465 4949 751 5009 agnorum
811 4930 920 4985 hoc
950 4927 1235 5000 expediat.
1269 4924 1568 4996 Coquatur
1600 4924 1804 4979 hzedus
1851 4925 1910 4980 in
1957 4925 2111 4982 lacte

465 5023 673 5081 matris
705 5038 846 5088 suae,
880 5017 1123 5074 Domino
1146 5016 1323 5071 etiam
1353 5018 1581 5069 vetante
1613 5014 1976 5085 (Exodxxm,
1998 5016 2110 5087 19),

465 5113 568 5171 sed
601 5114 873 5169 caveatur
899 5124 970 5164 ne
992 5107 1076 5162 sic
1098 5106 1196 5160 fiat
1227 5103 1428 5159 hircus
1460 5101 1801 5158 multandus
1832 5102 2113 5158 irrevoca-

468 5201 574 5259 bili
604 5197 1032 5257 maledictione.
1057 5192 1503 5266 SuSpcndantur
1532 5207 1565 5245 a
1595 5191 1877 5246 morbidis
1907 5190 2112 5246 ovibus

464 5290 793 5364 chirurgica
835 5287 1205 5351 ferramenta,
1265 5279 1551 5337 scabiosis
1583 5280 1761 5335 costis
1793 5297 1995 5335 earum
2024 5278 2109 5334 sal

466 5380 728 5447 mordax,
762 5378 1105 5459 acetum,.ct
1160 5370 1447 5443 sulphura
1495 5369 1643 5436 viva,
1695 5369 1794 5423 sed
1845 5370 2111 5425 videatur

466 5485 540 5526 ne
557 5465 840 5540 paulatim
862 5456 1101 5537 serpant
1127 5462 1188 5516 in
1211 5459 1366 5514 omni
1385 5459 1511 5514 dira
1540 5456 2112 5529 contagia.Parcatur

465 5571 701 5630 quoque
732 5552 1053 5624 sacrilegis,
1087 5549 1301 5624 quibus
1331 5548 1487 5621 leges
1517 5545 1691 5602 nulla:
1708 5550 1973 5618 parcunt.
2006 5547 2107 5602 sed

465 5648 738 5700 caveatur
785 5658 856 5697 ne
883 5641 1006 5696 haec
1034 5654 1172 5711 erga
1200 5654 1299 5693 eos
1324 5637 1510 5710 pietas
1549 5636 1626 5693 sit
1655 5635 1714 5692 in
1748 5640 1930 5693 Deum
1960 5639 2018 5692 et
2046 5636 2105 5694 in

465 5745 607 5790 suos
662 5730 955 5803 impietas,
986 5733 1043 5786 et
1087 5727 1185 5802 pia
1211 5726 1357 5795 loca,
1416 5726 1464 5783 si
1498 5724 1638 5799 quid
1669 5725 1753 5783 eis
1810 5742 1988 5801 super
2024 5732 2099 5802 st,

2221 4756 2425 4829 perdat
2452 4752 2792 4807 herbarum.

2289 4844 2410 4907 Quo
2440 4839 2675 4895 nomine
2705 4850 2899 4909 regem
2930 4836 3127 4909 abyssi
3158 4836 3543 4910 Apocalypsis
3575 4836 3866 4905 nominat,

2224 4931 2344 5004 qui,
2380 4933 2443 4984 ut
2463 4927 2679 4982 ibidem
2707 4925 3318 4996 subjungitur,Latine
3339 4925 3515 4982 habet
3534 4943 3746 4982 nomen
3770 4927 3871 4982 Ex-

2221 5018 2543 5076 terminans
2575 5016 2753 5088 (Apoc.
2782 5032 2859 5081 Ix,
2888 5014 3000 5085 2|),
3036 5015 3207 5086 cujus
3256 5014 3580 5070 derivatum
3612 5014 3868 5071 Graecum

2219 5105 2503 5165 ἀπολλύειν,
2539 5103 2692 5176 quod
2716 5103 3011 5175 significat
3037 5103 3418 5174 perditionem.
3442 5101 3503 5157 Si
3534 5102 3868 5159 consideres

2221 5192 2607 5251 nihilominus
2653 5192 2761 5246 666
2790 5191 3065 5263 reperies.
3101 5180 3231 5246 Sive
3262 5207 3397 5263 ergo
3428 5190 3725 5263 gigantem
3748 5190 3869 5246 sive

2219 5281 2604 5356 perditionem
2636 5279 3065 5336 Antichristum
3089 5279 3375 5346 nomines,
3409 5277 3491 5334 nil
3520 5280 3706 5347 obest,
3731 5277 3871 5352 quia

2217 5376 2273 5428 et
2303 5370 2468 5445 gigas
2498 5374 2606 5438 est,
2641 5368 2743 5442 qui
2770 5374 2880 5424 Deo
2937 5368 3298 5436 adversatur,
3330 5372 3387 5424 et
3440 5367 3740 5424 extollitur
3768 5384 3869 5424 su-

2218 5477 2324 5533 pra
2373 5473 2548 5515 omne
2599 5458 2755 5531 quod
2811 5456 3027 5513 dicitur
3077 5457 3231 5513 Deus
3286 5461 3389 5513 aut
3435 5457 3591 5529 quod
3648 5455 3865 5512 colitur

2216 5550 2290 5621 (II
2319 5548 2489 5605 Thess.
2525 5564 2588 5616 ιι,
2620 5547 2696 5619 4),
2730 5549 2788 5602 et
2816 5546 3063 5617 perditio
3110 5549 3218 5612 est,
3252 5546 3391 5618 quia
3439 5544 3613 5602 homo
3642 5545 3867 5618 peccati

2216 5637 2441 5696 etﬁlius
2471 5635 2815 5713 perditionis
2837 5639 2927 5692 est
2955 5637 3131 5709 (Joan.
3156 5652 3300 5703 xvu,
3333 5635 3444 5709 12,)
3467 5635 3867 5709 qui,quamvis

2216 5727 2464 5791 salutem
2495 5725 2773 5787 omnibus
2821 5724 3146 5803 promittat,
3179 5740 3283 5792 nec
3335 5728 3521 5793 semet
3563 5723 3769 5801 salvat,
3800 5728 3869 5787 ut
