4004 6210
210 330 363 392 1133

769 326 1182 393 ADVERSUS
1231 326 1701 390 SIMONIACOS
1743 324 1951 388 LIBRI
1999 324 2564 388 TltES.—LIBER
2609 323 3038 391 SECUNDUS.

3450 328 3607 392 1134

210 462 520 518 Psalmista
551 461 763 518 clamat
797 480 808 515 :
846 486 872 511 ‹‹
908 464 1031 518 Non
1054 462 1310 518 salvator
1342 478 1438 516 rex
1469 477 1572 532 per
1604 458 1847 514 multam
1886 461 1933 525 Α
1966 457 2787 526 nullaverisimilitudoinerit,
2814 459 3040 516 facilius
3057 460 3446 518 sibiincautos
3464 462 3607 518 sub-

207 551 577 620 virtutem,et
605 552 769 624 gigas
800 568 914 606 non
938 551 1338 607 salvabiturin
1359 547 1742 604 multitudine
1769 548 1857 601 vir
1957 550 2208 620 jugabit.
2263 549 2346 602 011
2392 549 2521 614 1100,
2581 567 2892 604 numerum
2943 549 3034 605 sui
3065 550 3320 605 nominis
3362 568 3608 609 numero

206 640 354 696 tutis
387 658 504 696 suae
526 641 698 708 (Psat.
733 659 905 707 xxxu,
939 643 1048 712 46).
1084 665 1112 691 ››
1144 645 1290 699 Ante
1321 658 1493 714 quem
1534 643 1853 696 retrorsum

208 746 440 802 quoque
462 730 875 802 accingendus,
900 730 1058 785 velut
1078 735 1214 786 ante
1233 730 1585 786 contrariam
1606 729 1716 784 sibi
1741 729 1854 783 for-

204 819 519 874 titudinem
547 819 714 890 gigas
743 818 840 873 ille
871 819 1167 874 accinctus
1209 820 1521 890 praeliatur,
1555 819 1625 874 de
1655 835 1773 890 qua
1801 821 1857 872 et

203 907 518 963 Psalmista
546 911 826 963 testatur:
857 931 877 957 α
907 907 1229 962 Exsultavit
1255 914 1317 963 ut
1339 909 1504 981 gigas
1529 909 1600 963 ad
1625 925 1856 963 curren-

206 996 341 1052 dam
372 996 525 1052 viam
558 996 729 1067 (Psal.
762 1013 920 1063 xvm,
954 998 1027 1067 6).
1067 1019 1093 1045 »
1117 997 1215 1051 Cui
1249 997 1312 1050 B.
1346 998 1692 1053 Ambrosius
1717 1014 1855 1053 suc-

206 1086 408 1140 cinens
441 1084 525 1139 ait
557 1101 568 1139 :
604 1085 871 1139 Procedit
899 1085 971 1139 de
1001 1085 1258 1140 thalamo
1290 1101 1416 1151 suo,
1451 1087 1690 1157 pudoris
1722 1086 1856 1142 aula

208 1174 371 1246 regia
396 1173 664 1245 geminae,
696 1172 860 1245 gigas
891 1173 1235 1229 substantiae
1269 1173 1501 1239 alacris,
1551 1180 1615 1230 ut
1661 1180 1857 1230 currat

207 1263 385 1317 viam.
421 1262 602 1332 Cujus
631 1262 821 1332 gratia
849 1261 1000 1316 sicut
1020 1279 1126 1317 nos
1154 1262 1450 1318 salvamur
1469 1263 1738 1333 videndo,
1770 1266 1855 1322 sic

213 1354 270 1405 et
292 1349 513 1422 priores
527 1354 719 1421 patres
743 1350 925 1405 nostri
948 1351 1156 1406 salvari
1181 1368 1449 1406 merueru
1460 1357 1522 1407 nt
1543 1355 1852 1424 sperando,

211 1439 439 1494 dicente
514 1439 679 1494 Petro
755 1439 1017 1511 apostolo
1071 1456 1084 1494 :
1142 1463 1170 1489 ‹‹
1234 1444 1342 1494 Per
1400 1442 1648 1512 gratiam
1715 1444 1854 1498 Jesu

208 1527 425 1583 Christi
485 1528 780 1584 credimus
839 1527 1048 1584 salvari
1107 1530 1605 1600 quemadmodum
1661 1536 1717 1586 et
1770 1531 1856 1586 illi

209 1616 343 1686 (Act.
377 1634 468 1682 xv,
501 1617 622 1686 H);
657 1638 686 1665 ››
709 1633 882 1688 quem
916 1617 1026 1671 sub
1058 1617 1294 1672 nomine
1327 1619 1536 1673 futuras
1565 1618 1774 1675 salutis
1796 1619 1856 1675 in

209 1705 505 1760 octonario
538 1721 781 1758 numero
813 1703 895 1757 illi
931 1705 1336 1775 praeferebant,
1366 1706 1522 1761 velut
1552 1708 1670 1763 Noe
1701 1713 1856 1764 octa-

206 1809 318 1848 vus
348 1792 404 1848 in
433 1808 586 1859 arca,
612 1796 670 1846 et
698 1791 990 1847 Abraham
1025 1792 1083 1847 in
1110 1791 1554 1851 circumcisione
1577 1797 1736 1852 Isaac
1767 1798 1858 1854 die
1890 1827 1937 1892 B

211 1886 429 1938 octava.
463 1881 646 1947 Quem
680 1884 737 1935 et
766 1896 893 1947 nos,
917 1880 1028 1935 sub
1051 1880 1285 1937 nomine
1316 1882 1605 1952 exhibitas,
1635 1886 1863 1942 etexhi-

207 1970 415 2026 bendaa
446 1967 678 2034 salutis,
708 1969 765 2022 in
785 1969 987 2023 eodem
1014 1969 1333 2024 retinemus
1357 1988 1621 2028 numero.
1651 1978 1760 2029 Per
1780 1991 1866 2031 re-

211 2057 634 2116 surrectionem
685 2057 813 2126 ejus
855 2057 1067 2111 factam
1112 2056 1206 2110 die
1254 2063 1475 2127 octavo,
1523 2065 1578 2115 et
1627 2078 1730 2134 per
1759 2065 1862 2118 ad-

209 2151 451 2204 ventum
481 2143 739 2217 Spiritus
771 2144 899 2214 ejus
931 2144 1002 2198 ab
1038 2145 1165 2215 ipsa
1194 2148 1619 2204 resurrectione
1651 2155 1861 2207 octavae

209 2234 674 2307 septimanarum
700 2232 793 2287 die
815 2232 1025 2304 primo,
1054 2234 1356 2289 credentes
1378 2251 1484 2291 nos
1508 2254 1610 2308 per
1631 2244 1863 2295 octona-

211 2325 367 2378 rium
401 2338 714 2377 numerum
745 2321 946 2377 Jesum
981 2338 1135 2376 nunc
1168 2322 1226 2376 in
1251 2323 1562 2381 animabus
1594 2343 1862 2400 resurge—

212 2428 294 2478 re,
329 2416 386 2466 et
414 2411 471 2465 in
504 2409 848 2483 corporibus
880 2410 940 2463 in
973 2410 1291 2465 novissimo
1323 2412 1432 2467 die.
1465 2415 1569 2479 Qui
1605 2432 1716 2470 non
1745 2417 1862 2472 fru-

213 2504 335 2555 stra
373 2515 439 2555 eo
472 2515 716 2554 numero
741 2498 1113 2571 signiﬁcatur
1145 2515 1259 2570 quo
1292 2501 1557 2557 senarius
1587 2507 1643 2557 et
1671 2510 1865 2576 septe-

212 2587 415 2643 narius
447 2588 799 2654 continetur,
836 2591 916 2656 ut,
943 2587 1130 2641 instar
1159 2589 1486 2645 Conditoris
1503 2594 1730 2661 mundi,
1764 2595 1864 2650 de-

211 2680 520 2744 monstret,
555 2680 687 2748 post
707 2676 1121 2747 perfectionem
1143 2676 1427 2733 bonorum
1450 2696 1710 2750 operum,
1735 2686 1862 2737 tan-

212 2781 386 2837 quam
421 2769 555 2838 post
585 2765 905 2834 senarium,
941 2781 1046 2820 nos
1070 2768 1466 2837 septenarium
1500 2769 1714 2839 quietis
1745 2771 1866 2826 aui-

214 2870 447 2908 marum
479 2853 804 2919 habituros,
828 2853 1186 2924 tandemque
1216 2858 1657 2913 resurrectionis
1687 2861 1860 2916 etiam

215 2959 526 3016 corporum
559 2942 924 2998 octonarium
958 2947 1360 3013 percepturos.

823 3031 1058 3086 CAPUT
1107 3032 1265 3088 XLV.

535 3122 612 3176 De
638 3135 866 3176 numero
909 3122 1161 3176 nominis
1201 3123 1539 3179 Antichristi.

285 3209 450 3265 Unde
477 3213 536 3265 et
564 3209 985 3277 Antichristus,
1017 3213 1082 3264 ut
1120 3210 1264 3266 nihil
1303 3213 1502 3268 minus
1535 3231 1710 3285 quam
1744 3215 1861 3271 dia-
1892 3188 1934 3255 Ο

212 3298 385 3354 belus
426 3299 718 3364 credatur,
759 3307 1046 3370 quantum
1104 3303 1292 3370 potest
1331 3303 1675 3374 mysterium
1724 3307 1862 3360 Jesu

211 3387 449 3455 Christi,
501 3404 601 3443 seu
637 3386 872 3443 fallendi
905 3387 1326 3458 peritissimus,
1373 3390 1443 3444 ad
1493 3407 1553 3446 se
1591 3392 1777 3464 signis
1809 3396 1866 3449 et

211 3476 480 3531 numeris
526 3480 864 3547 retorquere
897 3479 1159 3542 conatur,
1205 3477 1426 3532 abusus
1475 3479 1648 3534 etiam
1703 3481 1864 3536 illius

209 3563 576 3629 nominibus,
605 3569 672 3617 ut
701 3568 756 3618 et
782 3565 906 3634 ipse
933 3563 1160 3618 dicatur
1180 3565 1443 3632 Messias,
1466 3566 1552 3621 vel
1576 3567 1861 3631 Christus.

218 3653 419 3722 Gigas,
453 3649 540 3704 vel
567 3651 753 3716 fortis,
777 3666 909 3705 cum
941 3667 1071 3704 vere
1091 3653 1165 3705 sit
1195 3651 1348 3706 filius
1370 3654 1732 3723 perditionis,
1766 3655 1867 3726 qui

207 3740 374 3797 venit
405 3739 605 3794 omnia
632 3739 893 3809 perdere,
929 3755 1054 3808 quw
1086 3739 1369 3794 Dominus
1413 3740 1608 3809 Jesus,
1654 3759 1864 3798 secun-

212 3831 358 3885 dum
380 3842 594 3883 nomen
621 3842 818 3892 suum,
850 3829 1086 3880 venerat
1109 3843 1366 3898 quaerere
1387 3831 1443 3882 et
1463 3828 1705 3897 salvare,
1731 3831 1868 3902 quia

219 3916 534 3990 perierant.
563 3916 648 3970 Ad
681 3915 848 3985 cujus
879 3914 1156 3986 injuriam
1201 3919 1373 3987 atque
1422 3933 1662 3973 suarum
1705 3923 1866 3975 tene-

216 4007 459 4062 brarum
492 4003 1048 4073 dissimulationem,
1093 4004 1284 4070 Titan,
1321 4003 1407 4058 vel
1438 4005 1664 4076 Apollo,
1699 4007 1868 4079 quasi

218 4093 316 4150 Sol
343 4093 635 4150 nominari
657 4093 906 4158 affectat,
930 4096 994 4147 ut
1016 4097 1255 4164 putetur
1273 4092 1613 4164 principalis
1633 4094 1727 4150 ille
1749 4095 1866 4166 Sol,

218 4199 394 4254 quem
429 4183 511 4238 sic
543 4181 862 4237 Malachias
893 4181 1244 4254 praznuntiat
1277 4199 1290 4237 :
1325 4205 1344 4231 α
1372 4182 1548 4238 Vobis
1579 4185 1678 4255 qui
1708 4185 1872 4240 time-

217 4272 296 4326 tis
345 4286 558 4325 nomen
609 4285 807 4324 meum
858 4271 1079 4325 orietur
1130 4269 1227 4326 Sol
1271 4271 1516 4340 justitize
1547 4271 1756 4343 (Malae.
1793 4290 1869 4340 IV,

213 4359 309 4427 2);
340 4381 361 4408 ιο
410 4375 544 4413 cum
586 4359 664 4414 sit
712 4357 951 4414 omnino
985 4360 1344 4430 mancipium
1397 4359 1568 4431 piceze
1619 4361 1871 4433 sulphu-

215 4463 441 4518 rezeque
471 4445 769 4519 gehennae,
833 4446 1066 4503 rebellis
1111 4448 1582 4504 incommutabili
1628 4449 1758 4516 soli,
1817 4455 1874 4506 et

1966 639 2221 695 nominis
2243 640 2382 695 Jesu
2411 639 2622 694 Christi
2645 655 2941 711 coaequare
2965 639 3184 695 frustra
3205 639 3446 709 laboret,
3472 642 3613 712 quia

1964 731 2152 786 eidem
2186 747 2300 785 non
2335 729 2784 800 appropinquat.
2817 729 2960 783 Nam
3002 729 3136 784 licet
3166 730 3464 784 senarium
3498 731 3610 786 sibi

1965 824 2229 891 usurpet,
2284 818 2612 889 septenario
2645 822 2700 872 et
2730 818 3022 873 octonario
3070 822 3245 873 caret.
3301 819 3406 874 Per
3456 819 3610 892 quod

1965 908 2353 984 prudentibus
2397 907 2578 961 claret
2633 905 3059 961 Antichristum
3111 911 3167 961 et
3207 924 3345 963 suos
3376 909 3612 966 nonnisi

1965 998 2377 1072 perfectionem
2424 996 2712 1051 malorum
2762 1011 3025 1066 operum,
3069 1012 3175 1051 nec
3214 997 3284 1050 ad
3337 1001 3609 1069 septena-

1966 1090 2117 1143 rium
2151 1086 2365 1158 quietis
2396 1085 2749 1149 animarum,
2783 1101 2887 1139 nec
2920 1085 2989 1138 ad
3021 1085 3383 1140 octonarium
3416 1103 3608 1143 resur-

1965 1176 2238 1233 rectionis
2268 1191 2599 1246 corporum,
2633 1173 2744 1227 nisi
2767 1174 2824 1228 in
2852 1178 3098 1228 mortem
3131 1176 3452 1232 secundam
3487 1192 3613 1248 per-

1963 1265 2187 1336 tingere
2218 1280 2407 1336 posse,
2443 1263 2579 1334 quia
2626 1266 2831 1334 praeter
2875 1261 3123 1319 visibilis
3172 1271 3224 1319 et
3268 1265 3613 1336 temporalis

1966 1353 2318 1427 operationis
2350 1370 2467 1407 sua:
2495 1355 2812 1417 senarium,
2841 1350 2921 1405 nil
2955 1352 3065 1405 sibi
3098 1357 3305 1407 curant
3326 1354 3611 1410 mercedis

1965 1459 2243 1515 reponere
2273 1442 2330 1495 in
2365 1442 2647 1496 futurum.
2684 1441 2811 1494 11ωο
2843 1440 3056 1496 idcirco
3079 1442 3149 1496 de
3180 1441 3366 1514 signis
3396 1447 3452 1498 et
3473 1443 3611 1499 cha-

1966 1536 2185 1586 ractere
2214 1529 2556 1585 Antichristi
2587 1545 2946 1600 numeroque
2968 1530 3224 1585 nominis
3247 1531 3376 1601 ejus
3409 1532 3608 1587 forsan

1967 1619 2239 1674 diffusius
2266 1617 2593 1672 necessario
2623 1617 3032 1684 discurrimus,
3067 1634 3139 1672 ne
3171 1617 3325 1689 quis,
3359 1618 3605 1675 insidia-

1968 1724 2098 1762 rum
2132 1708 2260 1777 ejus
2289 1710 2344 1760 et
2365 1711 2597 1761 secretae
2635 1705 2961 1776 iniquitatis
2993 1707 3253 1778 ignarus,
3283 1709 3617 1780 suspicetur

1969 1796 2027 1850 in
2053 1794 2469 1851 finemundiab
2491 1793 2590 1848 illo
2612 1798 2713 1848 aut
2731 1797 2989 1849 mortuos
3015 1795 3086 1848 ad
3118 1794 3296 1849 vitam
3321 1797 3615 1852 suscitan-

1970 1886 2096 1952 dos,
2114 1889 2215 1939 aut
2230 1881 2733 1938 charactereillius
2754 1880 2966 1935 visibili
2987 1881 3255 1938 homines
3278 1883 3336 1938 in
3358 1885 3614 1953 dextera,

1974 1978 2028 2030 et
2061 1974 2120 2028 in
2155 1973 2344 2028 fronte
2394 1971 2730 2036 inurendos,
2779 1973 2881 2024 aut
2909 1986 3154 2025 numero
3195 1971 3454 2027 nominis
3488 1973 3616 2044 ejus

1970 2061 2396 2129 inscribendos,
2429 2063 2484 2114 et
2506 2059 2906 2128 frustrajactct
2929 2075 2989 2113 se
3021 2057 3158 2114 talia
3178 2058 3339 2114 nullo
3372 2061 3463 2115 sui
3488 2077 3615 2116 cor-

1972 2151 2130 2223 poris
2159 2149 2419 2206 crueiatu
2453 2151 2848 2217 accepturum,
2885 2147 2934 2201 si
2967 2151 3106 2201 tunc
3138 2146 3438 2214 advixerit,
3473 2163 3609 2204 cum

1973 2241 2117 2295 forte
2141 2241 2266 2309 jam
2292 2237 2592 2292 ultroneus
2615 2235 2706 2289 his
2732 2236 3079 2290 omnibusse
3101 2235 3432 2306 subjecerit.
3458 2235 3610 2291 Heu!

1974 2334 2112 2401 quot
2143 2334 2196 2382 et
2228 2325 2428 2398 quanti
2448 2329 2711 2395 tempora
2733 2322 3068 2377 Antichristi
3089 2339 3204 2376 non
3233 2322 3524 2391 viderunt,
3559 2327 3618 2380 et

1973 2422 2165 2472 tamen
2198 2416 2258 2469 in
2293 2429 2534 2485 corpore
2563 2413 2690 2481 ejus
2718 2415 2874 2475 sunt,
2917 2411 3017 2481 qui
3052 2415 3270 2482 quanto
3318 2410 3516 2482 plures
3559 2416 3617 2469 et

1973 2507 2241 2562 fortiores
2274 2502 2384 2559 sibi
2417 2501 2722 2555 inviscerat
2766 2504 2982 2570 quanto
3014 2499 3282 2555 callidius
3325 2501 3614 2557 malitiam

1975 2612 2140 2651 suam
2165 2594 2249 2648 eis
2281 2590 2552 2646 occultat.
2587 2589 2824 2644 Avidius
2851 2588 3010 2644 enim
3042 2605 3329 2643 venenum
3382 2594 3616 2661 potatur

1975 2700 2150 2757 quam
2182 2679 2375 2736 nobile
2395 2679 2594 2734 viuum
2623 2696 2635 2745 ;
2657 2695 2771 2732 non
2800 2677 2990 2732 solum
3016 2693 3082 2732 ex
3105 2678 3358 2748 pretioso
3380 2677 3612 2749 poculo,

1975 2774 2072 2831 sed
2107 2773 2280 2828 etiam
2312 2786 2379 2824 ex
2401 2767 2590 2822 colore
2612 2770 2866 2836 putatur.

2565 2873 2793 2928 CAPUT
2839 2872 3028 2928 XLVI.

1977 2970 2220 3038 Qualiter
2250 2966 2490 3021 Satanas
2503 2965 2794 3035 profanam
2815 2963 3119 3017 trinitatem
3148 2965 3346 3018 contra
3374 2961 3618 3018 divinam

2666 3039 2932 3088 exstruat.

1975 3130 2341 3200 Quapropter
2371 3122 2648 3195 antiquus
2670 3123 2863 3190 draco,
2889 3138 3120 3192 semper
3149 3122 3398 3193 cupidus
3429 3123 3617 3177 01110-

1974 3216 2145 3290 gendi
2176 3214 2419 3286 peritus,
2451 3212 2603 3266 inter
2625 3215 2708 3266 tot
2737 3214 2793 3265 et
2809 3215 2992 3277 tanta,
3021 3228 3147 3282 quae
3172 3227 3305 3266 cum
3337 3215 3621 3266 attentare

1973 3311 2029 3363 et
2059 3303 2337 3362 simulare
2369 3301 2642 3373 superius
2673 3304 3054 3366 monstratur,
3085 3299 3260 3355 etiam
3292 3300 3401 3354 hoc
3431 3299 3621 3355 omni-

1980 3395 2171 3450 modis
2219 3392 2446 3446 etﬁcere
2495 3392 2740 3443 conatur
2785 3392 2869 3452 ut,
2928 3388 3252 3442 secundum
3311 3389 3465 3458 quod
3497 3391 3619 3445 tres

1974 3485 2116 3538 sunt
2146 3481 2242 3552 qui
2277 3477 2679 3534 testimonium
2707 3475 2851 3530 dant
2888 3475 3114 3530 veritati
3139 3476 3196 3529 in
3228 3475 3390 3541 coelo,
3425 3479 3480 3528 et
3501 3479 3619 3530 tres

1975 3570 2075 3642 qui
2109 3570 2166 3622 in
2201 3573 2353 3622 terra
2385 3568 2429 3636 (I
2447 3567 2602 3620 Joan.
2633 3581 2688 3630 v,
2720 3565 2774 3630 7,
2807 3563 2880 3632 8),
2918 3563 3000 3617 sic
3030 3567 3086 3617 et
3115 3562 3236 3633 ipse
3267 3578 3297 3617 e
3328 3561 3619 3617 contrario

1974 3663 2115 3723 tres,
2141 3655 2371 3724 quisuae
2395 3650 2633 3707 falsitati
2661 3650 3065 3704 testimonium
3099 3650 3238 3704 dent
3268 3649 3328 3703 in
3350 3649 3457 3705 hoc
3488 3653 3622 3705 tur-1

1976 3744 2130 3809 bido,
2164 3757 2336 3813 quem
2369 3739 2557 3793 adhuc
2589 3739 2947 3810 permittitur
2975 3738 3247 3810 occupari
3277 3755 3428 3805 aere,
3460 3743 3622 3793 tran-

1979 3834 2246 3904 sﬁgurat,
2271 3832 2460 3882 ettres
2493 3827 2590 3898 qui
2622 3826 2680 3880 in
2712 3831 2885 3881 terra.
2921 3826 3007 3879 Ad
3038 3826 3146 3881 1100
3176 3827 3331 3882 enim
3365 3827 3492 3897 ejus
3521 3845 3622 3882 su-

1980 3918 2181 3992 perbia
2225 3914 2492 3988 prorupit
2536 3919 2598 3968 ut
2630 3916 2754 3984 jam
2806 3920 3047 3970 eotenus
3093 3913 3304 3971 similis
3335 3914 3623 3970 altissimo

1977 4007 2101 4063 fieri
2132 4007 2371 4078 quaerat,
2396 4007 2461 4058 ut
2477 4007 2670 4058 tamen
2693 4020 2872 4074 supra
2901 4019 3073 4058 omne
3096 4004 3250 4074 quod
3284 4003 3498 4058 dicitur
3519 4005 3624 4058 aut

1981 4095 2135 4168 quod
2168 4093 2383 4149 colitur
2413 4108 2541 4147 sese
2567 4090 2806 4146 extollat
2834 4093 2912 4162 (II
2945 4091 3119 4148 Thess.
3149 4109 3211 4163 11,
3236 4093 3311 4163 li).
3346 4092 3510 4148 Unde
3541 4108 3627 4147 re-

1981 4183 2150 4240 bellis
2179 4183 2296 4238 Deo
2323 4185 2526 4236 contra
2555 4181 2785 4235 beatam
2818 4185 2874 4234 et
2894 4181 3254 4237 individuam
3284 4183 3409 4252 ejus
3439 4181 3628 4236 Trini-

1980 4277 2178 4339 tatem,
2213 4270 2517 4326 constituit
2547 4285 2715 4324 suam
2748 4268 3098 4326 altrinsecus
3129 4270 3629 4326 abominationem

1983 4379 2043 4418 se
2064 4360 2330 4417 videlicet
2348 4365 2522 4431 atque
2550 4357 2978 4414 Antichristum
3002 4375 3175 4413 suum
3198 4363 3254 4414 et
3274 4359 3631 4431 pseudopro-

1983 4451 2214 4522 phetam
2245 4448 2575 4512 amborum,
2606 4452 2669 4502 ut
2707 4447 2831 4518 ipse
2850 4447 3016 4503 Pater
3037 4447 3324 4503 mendacii
3354 4448 3501 4503 Patri
3531 4464 3633 4504 ve-

217 4535 470 4608 perdens
501 4551 733 4591 omnem
777 4537 1022 4590 virorem
1075 4541 1130 4591 et
1175 4553 1412 4608 germen
1459 4537 1609 4592 ﬁdei.
1653 4540 1876 4610 Quique
1907 4553 1953 4617 ι)
1986 4540 2196 4605 ritatis,
2237 4542 2294 4591 et
2323 4536 2710 4591 Antichristus
2739 4536 3106 4603 Christo,seu
3141 4537 3514 4592 mendacium
3535 4553 3633 4592 ve-

216 4640 288 4678 ex
313 4623 561 4679 nefando
584 4626 804 4680 incesto
827 4624 977 4680 clam
990 4625 1406 4696 coneipiendus
1427 4629 1482 4680 et
1506 4628 1874 4696 nasciturus,

226 4714 288 4769 in
335 4712 463 4784 ipsa
492 4729 598 4768 sua
628 4715 1001 4785 conceptione
1034 4716 1106 4770 ab
1137 4716 1264 4787 ipso
1306 4716 1566 4787 principe
1617 4717 1882 4771 tenebra-

223 4817 355 4857 rum
389 4800 853 4872 arripiendus,et
880 4803 936 4856 in
960 4802 1145 4857 ﬁlium
1172 4803 1540 4874 adoptandus
1567 4808 1623 4858 et
1656 4804 1880 4860 haben-

224 4891 358 4956 dus,
394 4893 458 4944 ut
487 4890 616 4960 ejus
647 4891 910 4962 potentia
939 4892 1242 4962 signisque
1276 4892 1656 4948 mendacibus
1688 4894 1879 4965 prima

224 4995 360 5050 spes
387 4982 588 5034 nostra
619 4977 861 5050 virginis
909 4978 1188 5045 hominis,
1230 4980 1450 5036 scilicet
1493 4981 1878 5036 sanctissimae

225 5066 421 5122 Mariae
472 5070 704 5138 partus,
756 5071 1086 5135 evacuetur,
1123 5068 1468 5140 dicaturque
1513 5073 1563 5124 et
1599 5069 1884 5126 habeatur

220 5155 316 5211 1110
362 5172 598 5210 manzer
643 5154 767 5210 vice
818 5155 978 5211 illius
1009 5155 1188 5211 Filius
1224 5156 1503 5224 hominis,
1555 5159 1656 5229 qui
1686 5163 1881 5215 tamen

225 5245 401 5317 longe
429 5244 531 5300 illo
577 5247 845 5318 superior
873 5248 929 5301 et
961 5247 1248 5317 potentior
1277 5247 1372 5300 sit.
1408 5248 1474 5302 Et
1518 5247 1637 5302 haec
1687 5251 1886 5306 omnia

224 5338 284 5390 et
312 5333 519 5390 multis
558 5333 651 5390 his
695 5333 865 5407 plura
897 5336 1096 5408 ﬁnget,
1137 5339 1201 5389 ut
1241 5336 1414 5407 Regis
1459 5337 1642 5392 nostri
1689 5338 1883 5394 humi-

222 5423 453 5480 litatem
497 5424 795 5496 superbia,
829 5424 1106 5495 pietatem
1147 5423 1464 5494 impietate,
1511 5423 1883 5481 clementiam

226 5512 596 5583 crudelitate,
647 5511 953 5569 veritatem
1025 5513 1328 5568 mendacio
1397 5514 1712 5581 subvertet,
1784 5531 1888 5586 per

240 5619 388 5682 quas
411 5603 562 5663 clam
595 5619 732 5662 suas
754 5602 1284 5680 tergiversationes,
1317 5601 1554 5680 quibus,
1582 5602 1720 5678 quia
1739 5619 1886 5664 non-

1989 4629 2163 4694 ritati,
2227 4629 2401 4696 atque
2440 4624 3030 4696 pseudoprophetam,
3075 4625 3234 4681 velut
3280 4625 3632 4696 conspiratio

1991 4715 2292 4770 mendacis
2322 4719 2378 4768 et
2398 4713 2686 4767 mendacii
2706 4713 2948 4784 Spiritui
2980 4714 3166 4769 veraci
3189 4719 3245 4768 et
3263 4713 3523 4767 veritatis
3551 4728 3636 4766 re-

1989 4804 2176 4859 sistat.
2212 4801 2317 4866 Qui
2351 4799 2758 4867 nihilominus,
2779 4801 2993 4871 pariter
3015 4805 3213 4856 contra
3235 4805 3350 4855 tres
3382 4799 3481 4869 qui
3512 4801 3636 4853 tes-

1987 4890 2299 4946 timonium
2361 4889 2503 4942 dant
2569 4888 2796 4942 veritati
2856 4888 2914 4943 in
2982 4894 3156 4956 terra,
3209 4892 3328 4942 tres
3396 4902 3464 4941 ex
3530 4901 3636 4940 suo

1989 4996 2087 5035 ore
2139 4976 2380 5048 spiritus
2431 4976 2769 5030 immundos
2814 4977 2871 5031 in
2923 4978 3161 5031 modum
3205 4990 3480 5030 ranarum
3512 4989 3642 5030 evo-

1992 5072 2184 5132 munt,
2235 5064 2334 5137 qui
2386 5063 2669 5135 polluant,
2728 5065 3006 5120 invadant
3059 5069 3115 5119 et
3180 5064 3434 5120 vendant
3492 5078 3642 5133 quos

1992 5174 2143 5230 aqua
2176 5153 2380 5218 abluit,
2444 5152 2694 5224 Spiritus
2753 5153 2985 5220 imbuit,
3029 5151 3385 5224 sanguisque
3425 5150 3642 5207 Christi

1994 5245 2260 5302 redemit.
2299 5243 2406 5309 Qui
2459 5257 2598 5295 sane
2656 5239 2898 5311 spiritus
2951 5240 3242 5295 immundi
3306 5240 3467 5296 ranis
3521 5255 3640 5296 non

1994 5336 2311 5406 incongrue
2369 5330 2824 5402 zequiparantur,
2875 5345 3002 5400 quae
3045 5328 3319 5402 limpidas
3363 5333 3421 5384 et
3452 5328 3644 5383 ﬂuen-

1995 5430 2082 5480 tes
2130 5439 2313 5494 aquas
2382 5419 2659 5485 devitant,
2729 5422 2786 5472 et
2839 5417 3078 5474 limosas
3155 5418 3402 5491 paludes
3470 5416 3645 5472 ati‘ec-

1996 5517 2146 5580 tant,
2204 5513 2264 5566 in
2307 5509 2520 5584 quibus
2561 5507 2825 5581 improba
2868 5512 2924 5563 et
2961 5506 3263 5564 incondita
3302 5505 3646 5579 garrulitate

1997 5603 2370 5679 concrepant,
2405 5602 2462 5661 et
2491 5613 2660 5658 suam
2681 5597 3116 5674 generationem
3149 5595 3547 5680 multiplicant
3593 5600 3650 5662 et
