4004 6210
388 375 546 437 H35

1483 370 1890 432 iliiMBERTI
1936 374 1997 431 S.
2049 370 2118 431 Β.
2168 371 2237 431 Ε.
2285 372 2778 433 CARDINALIS.

3637 372 3795 434 “36

387 509 656 568 educant.
692 506 752 561 In
782 504 996 576 quibus
1025 521 1139 559 non
1173 503 1398 560 invenis
1429 504 1527 559 ubi
1558 504 2040 559 deambulaturus
2069 505 2121 569 Α
2150 505 2302 560 Atfer
2332 505 2475 561 mihi
2510 522 2815 562 nummum
2848 522 3078 562 sanum.
3113 505 3275 562 Unde
3304 503 3483 563 claret
3502 521 3601 562 eos
3633 521 3796 561 acco-

388 602 445 653 et
475 594 843 668 requieturus
869 593 1086 665 ﬁgaris,
1118 594 1217 649 sed
1245 595 1343 648 ubi
1371 592 1723 664 polluendus
1754 596 1811 648 et
1841 594 2035 648 absor-

388 682 910 755 bendusinﬁgaris;
936 681 994 736 in
1016 682 1232 753 quibus
1255 680 1335 737 nil
1358 680 1515 737 aliud
1544 685 1901 754 procreatur,
1921 681 2035 736 nisi

389 770 883 839 nebulae,fctores,
906 775 1086 826 acuta:
1100 771 1360 826 catrices.
1389 787 1704 842 canumque
1720 770 2035 843 palustres.

385 866 443 918 et
472 859 669 933 scirpi,
703 860 977 915 venenosi
1012 863 1328 931 serpentes,
1367 860 1417 914 ei
1449 858 1758 932 perniciosi
1806 874 2037 913 vermes

384 955 559 1022 atque
615 949 843 1005 steriles
889 950 1147 1005 arbores.
1209 948 1367 1005 Talis
1398 947 1613 1021 quippe
1653 948 2036 1019 reproborum

386 1038 700 1097 multitudo
728 1054 910 1110 aqum,
943 1037 1099 1093 velut
1132 1039 1341 1093 stativa
1375 1043 1431 1093 et
1463 1054 1660 1092 amara
1706 1053 1878 1108 aqua,
1915 1039 2038 1091 ter-

386 1128 713 1201 ram,prius
734 1127 955 1184 aridam
980 1130 1034 1183 et
1060 1126 1394 1182 hominibus
1425 1124 1827 1190 habitabilem,
1851 1124 1910 1178 in
1936 1141 2035 1195 pa-

386 1219 555 1276 ludes
584 1216 882 1289 squalidas
914 1219 971 1271 et
1000 1216 1183 1271 invias
1213 1215 1400 1269 vertit.
1444 1214 1505 1268 In
1539 1214 1751 1285 quibus
1794 1213 1917 1281 jam
1953 1211 2034 1265 nil

389 1325 506 1365 non
530 1306 787 1363 debitum
822 1305 941 1377 igni
977 1301 1439 1375 inexstinguibili
1478 1301 1790 1356 invenitur.
1823 1302 1883 1355 in
1910 1300 2037 1370 qui-

388 1399 501 1454 bus
524 1397 647 1469 jam
678 1393 781 1460 nil,
814 1393 925 1449 nisi
949 1393 1146 1464 inepta
1166 1395 1223 1447 et
1246 1390 1606 1446 contentiosa
1635 1387 1956 1445 carnalium
1983 1392 2039 1442 et

386 1485 754 1562 garrulorum
777 1481 1120 1554 loquacitas,
1157 1480 1491 1536 ebrietatem
1525 1495 1691 1533 suam
1726 1476 2037 1531 defenden-

386 1576 537 1632 tium
568 1578 625 1630 et
653 1571 1024 1629 sobrietatem
1059 1567 1475 1642 spiritualium,
1523 1572 1579 1622 ct
1606 1566 2032 1621 taciturnorum

390 1682 499 1722 sua
518 1661 890 1735 improbitate
911 1657 1385 1732 iniquictantium
1406 1656 1657 1721 auditur,
1674 1653 1877 1726 quales
1902 1658 2039 1709 sunt

392 1756 569 1827 poeta:
602 1755 661 1808 et
687 1748 1016 1823 philosophi
1050 1745 1378 1821 gentilium,
1412 1744 1766 1800 t'abulatores
1814 1742 2036 1797 Jndzeo-

392 1858 523 1899 rum
554 1843 726 1913 atque
756 1838 1157 1893 haereticorum
1188 1835 1306 1907 qui,
1358 1833 1515 1889 velut
1545 1832 1859 1930 lutulenta:
2070 1867 2116 1930 Β

388 1932 448 1989 in
482 1927 709 1986 limosis
746 1926 1081 2000 paludibus,
1123 1924 1341 1980 nazuias
1374 1939 1512 1978 suas
1561 1919 2040 1976 irrationabiliter

390 2025 446 2077 et
476 2018 844 2093 pertinaciter
865 2014 1216 2081 declamant;
1242 2013 1459 2084 quibus
1484 2010 1683 2082 utique
1707 2008 2039 2081 principan-

394 2116 510 2178 tur,
545 2112 604 2163 et
646 2105 910 2162 carmina
959 2103 1253 2175 inspirant
1302 2105 1418 2157 tres
1468 2100 1704 2154 illorum
1750 2100 2039 2163 auctores,

392 2196 713 2270 gentilibus
763 2192 1029 2248 videlicet
1062 2192 1327 2255 Satanas,
1359 2187 1578 2244 Judmis
1608 2184 2038 2250 Antichristus;

394 2286 682 2343 haereticis
710 2285 903 2336 autem
943 2277 1470 2351 pseudopropheta.

461 2373 564 2429 His
594 2371 747 2427 enim
781 2369 969 2422 tribus
997 2365 1266 2420 diabolus
1296 2363 1405 2418 sibi
1446 2368 1564 2416 tres
1614 2365 1803 2416 sectas
1862 2360 2042 2415 totius

395 2458 624 2534 generis
636 2455 880 2512 humani
901 2452 1121 2518 venari,
1150 2449 1450 2521 aucupari,
1473 2455 1529 2504 ct
1552 2448 1760 2521 piscari
1781 2447 2040 2514 molitur,

396 2552 453 2605 et
473 2563 575 2621 per
598 2562 659 2602 se
690 2544 930 2616 quidem
962 2546 1246 2611 tanquam
1286 2536 1608 2593 Vehemoth
1649 2535 1907 2603 sentiles,
1943 2552 2045 2607 per

393 2634 816 2694 Antichristum
845 2635 1124 2701 tanquam
1141 2644 1242 2700 per
1271 2642 1434 2682 avem
1457 2626 1714 2691 Judazos,
1746 2641 1845 2696 per
1868 2641 2041 2696 pseu-

395 2724 816 2799 doprophetam
860 2724 1142 2790 tanquam
1177 2732 1280 2788 per
1311 2714 1623 2771 Leviathan
1654 2714 2039 2769 Christianos.

394 2816 477 2872 Ex
524 2812 740 2886 quibus
789 2810 1075 2882 quotquot
1118 2806 1435 2878 capiuntur
1482 2805 1553 2859 ad
1587 2820 1771 2875 aquas
1804 2802 2047 2859 furtivas

393 2906 677 2972 tanquam
705 2896 977 2952 vecordes
1026 2893 1422 2960 retrahuntur,
1456 2892 1596 2964 quia
1628 2895 1725 2947 aut
1757 2890 2048 2963 sapientia

396 2988 679 3056 szeculari,
712 2990 814 3042 aut
839 2984 1114 3041 felicitate
1134 2982 1461 3055 temporali,
1486 2998 1585 3059 seu
1616 2981 1852 3035 nomine
1882 2981 2044 3036 Chri-

396 3079 609 3147 stiano,
632 3075 1013 3133 seducuntur.
1038 3074 1294 3140 Quorum
1318 3071 1525 3126 tertius
1548 3073 1707 3124 tanto
1734 3074 1818 3125 est
1850 3070 2046 3142 perni-

398 3166 608 3224 ciosior
654 3168 873 3236 quanto
925 3161 1173 3235 geminae
1220 3176 1407 3231 aquae,
1468 3158 1765 3231 sapientiae
1824 3158 2045 3214 scilicet

405 3260 579 3328 atque
607 3235 910 3327 baptismi,
958 3268 1074 3323 prae
1124 3248 1241 3304 illis
1286 3249 1597 3320 professor.
1650 3247 1813 3315 Quod
1842 3265 1910 3303 ex
1940 3248 2048 3304 hoc
2077 3235 2119 3301 C

407 3360 637 3418 quoque
660 3342 934 3398 innuitur
963 3339 1118 3412 quod
1146 3356 1181 3394 a
1201 3343 1463 3410 tempore
1492 3336 1650 3392 illius
1673 3336 1846 3392 draco
1872 3340 1927 3392 et
1956 3338 2049 3394 be-

405 3433 518 3491 stia
547 3432 739 3506 prima
760 3429 917 3487 velut
935 3427 1119 3486 feriati
1145 3427 1203 3482 in
1226 3426 1568 3500 Apocalypsi
1582 3426 1871 3481 videntur.
1893 3426 2048 3483 Gen-

399 3521 603 3579 tilibus
649 3519 942 3593 siquidem
986 3518 1059 3573 ab
1106 3516 1273 3572 initio
1304 3533 1335 3570 a
1375 3514 1604 3570 diabolo
1649 3515 1958 3587 possessis,
1992 3520 2049 3572 et

393 3611 617 3687 Judzeis
642 3610 714 3666 ab
735 3606 1093 3664 Antichristo
1116 3604 1395 3678 pervasis,
1418 3604 1592 3659 draco
1623 3609 1679 3659 et
1708 3604 1894 3659 bestia
1915 3607 2044 3675 jam

395 3700 582 3761 securi
601 3697 882 3762 otiantur,
896 3694 1034 3768 quia
1054 3694 1214 3750 solus
1232 3692 1741 3765 pseudopropheta
1767 3694 1864 3748 sed
1876 3710 2043 3749 ucen-

395 3789 486 3844 dis
504 3783 1135 3860 sibiquesubjugandis
1155 3780 1502 3839 Christianis
1527 3797 1699 3852 posse
1734 3781 2041 3853 praevalere

393 3895 509 3935 non
526 3876 775 3933 dubitat.
796 3875 880 3929 Ab
901 3874 994 3930 his
1016 3872 1204 3927 tribus
1226 3870 1532 3943 spiritibus
1556 3870 1881 3926 immundis
1911 3872 2041 3926 aedi-

390 3966 560 4023 ﬁcata
579 3962 835 4037 Babylon
856 3961 1114 4017 delrium
1134 3958 1562 4031 professionum
1580 3958 1921 4014 hominibus
1939 3960 2037 4017 da-

388 4059 487 4112 tur
515 4071 548 4110 a
576 4051 844 4116 Domino,
873 4054 938 4105 ut
959 4047 1240 4120 propheta
1262 4047 1360 4113 ait,
1388 4046 1447 4101 in
1473 4046 1899 4118 possessionem
1923 4049 2034 4104 eri-

388 4140 761 4211 ciiillius,qui
788 4138 848 4193 in
861 4137 1105 4192 veritate
1122 4152 1238 4190 non
1256 4135 1573 4202 stetit,etin
1588 4133 1834 4206 paludes
1852 4152 2032 4207 aqua-

387 4226 842 4300 rum,scilicetin
859 4230 1041 4281 ccetus
1058 4224 1433 4296 profanarum
1446 4224 2030 4294 turbarum,quarum

386 4322 613 4376 mentes
642 4330 905 4372 errorum
935 4311 1159 4369 nebulae
1191 4328 1434 4384 corpora
1464 4315 1657 4366 autem
1681 4312 2030 4370 omnimodis

381 4405 646 4464 libidinis
679 4405 888 4460 fetores
918 4402 1223 4475 possident
1251 4401 1402 4473 (1δαί.
1435 4417 1550 4463 x1v,
1581 4400 1694 4468 23).
1722 4402 1779 4455 In
1813 4402 2030 4473 quibus

381 4495 465 4553 nil
510 4494 622 4551 nisi
652 4491 1038 4548 intractabilis
1069 4491 1175 4557 ira,
1209 4494 1266 4545 ct
1292 4504 1440 4544 vana
1488 4504 1723 4560 pompa,
1759 4489 2026 4563 hypocri-

2145 594 2232 651 las
2262 594 2545 667 paludum
2578 595 2903 669 Babylonia:
2935 612 3086 662 esse,
3118 595 3217 668 qui
3250 594 3333 651 nil
3364 596 3626 651 conferre
3655 612 3791 668 pos-

2146 689 2285 737 sunt
2317 683 2443 740 sine
2473 698 2693 752 morsu,
2727 685 2854 741 sine
2883 684 3139 751 vulnere,
3182 684 3307 741 sine
3340 683 3644 757 sanguine.
3678 684 3792 748 Qui

2146 770 2259 827 nisi
2291 772 2453 845 prius
2484 772 2702 828 haustu
2735 772 2988 844 alicujus
3010 772 3223 829 erroris
3252 789 3542 830 venenum
3575 772 3793 829 innatae

2147 860 2257 916 sibi
2291 861 2543 917 avaritia:
2566 861 2893 933 rejecerint,
2916 861 3152 918 nonnisi
3174 866 3400 934 pestem
3418 860 3661 918 invitare
3692 878 3805 918 no-

2149 948 2282 1004 rint.

2729 1058 2961 1114 CAPUT
3000 1057 3219 1114 XLVII.
3669 1047 3692 1073 '

2149 1146 2297 1214 Quod
2325 1145 2470 1200 nihil
2494 1147 2669 1217 prosit
2698 1147 2990 1211 haereticis,
3020 1162 3118 1201 nec
3148 1148 3218 1202 ad
3246 1145 3395 1217 ﬁdei,
3418 1162 3516 1203 nec
3546 1145 3615 1202 ad
3642 1146 3805 1202 salu-

2218 1220 2286 1271 tis
2315 1218 2583 1288 effectum,
2616 1219 2834 1271 etiamsi
2871 1217 3178 1285 grandibus
3225 1218 3443 1273 vocibus
3471 1219 3808 1274 catholicum

2216 1289 2499 1341 demutant
2527 1288 2855 1357 symbolum.

2219 1393 2466 1464 Porgant
2491 1408 2626 1463 ergo
2649 1408 2804 1446 nunc
2834 1391 3151 1447 Simoniaci
3173 1392 3617 1464 grandibusque
3646 1393 3809 1450 voci-

2148 1483 2257 1537 bus
2282 1482 2669 1537 conﬁteantur
2687 1481 2891 1536 Jesum
2922 1478 2980 1534 in
3005 1497 3180 1536 carne
3199 1480 3448 1547 venisse,
3474 1482 3645 1551 cujus
3680 1498 3808 1537 non

2150 1570 2437 1625 satiantur
2466 1569 2726 1641 corporis
2755 1568 3054 1624 vexatione
3076 1573 3134 1624 et
3164 1568 3597 1636 dilaceratione,
3628 1570 3810 1640 cujus

2151 1664 2472 1729 pascuntur
2494 1676 2650 1713 nece.
2674 1657 2925 1713 Correcti
2946 1662 3003 1712 et
3029 1657 3274 1713 convicti
3298 1658 3590 1713 obstinate
3610 1662 3668 1713 et
3693 1657 3810 1712 im-

2150 1748 2452 1819 pudenter,
2477 1747 2641 1802 uteis
2658 1746 2838 1802 moris
2860 1750 2969 1811 est,
2992 1746 3236 1801 recitent
3255 1743 3609 1801 catholicum
3642 1761 3809 1817 sym-

2148 1836 2371 1903 bolum,
2424 1835 2722 1901 omnibus,
2762 1838 2827 1889 ut
2870 1833 3104 1900 dicitur,
3140 1849 3346 1889 novem
3395 1832 3812 1890 instrumentis

2150 1924 2420 1979 humanae
2442 1923 2601 1979 vocis
2624 1922 2991 1978 conclament
3011 1925 3067 1976 et
3090 1921 3453 1993 proclament
3474 1936 3536 1976 se
3564 1921 3811 1978 credere

2151 2014 2209 2067 in
2254 2013 2455 2067 Jesum
2506 2012 2801 2067 Christum
2848 2009 3062 2066 Filium
3115 2010 3216 2065 Dei
3267 2008 3660 2082 unigenitum,
3703 2010 3809 2081 qui

2151 2106 2387 2174 propter
2419 2118 2525 2156 nos
2574 2100 2841 2154 homines
2872 2104 2929 2153 et
2961 2102 3195 2170 propter
3242 2102 3505 2154 nostram
3550 2096 3805 2154 salutem

2151 2188 2453 2243 descendit
2498 2189 2569 2243 de
2616 2186 2794 2251 cmlis,
2846 2190 2903 2241 et
2950 2187 3291 2241 incarnatus
3343 2190 3433 2243 est
3469 2188 3542 2243 de
3585 2187 3808 2259 Spiritu

2152 2281 2352 2331 sancto
2401 2293 2469 2331 ex
2518 2274 2701 2330 Maria
2746 2274 2990 2347 virgine,
3022 2279 3081 2330 et
3114 2274 3288 2332 homo
3321 2275 3510 2331 factus
3552 2280 3659 2340 est,
3692 2280 3809 2331 etc.

2149 2364 2554 2419 Vociferentnr
2575 2381 2828 2436 quoque,
2854 2363 2901 2420 si
2923 2364 3153 2436 possint
3175 2368 3231 2420 et
3247 2363 3477 2421 malunt
3500 2364 3685 2421 ferrea
3700 2369 3809 2420 aut

2152 2470 2309 2509 aenea
2339 2471 2493 2523 voce,
2521 2458 2915 2525 centenosque
2939 2470 3117 2508 sonos
3147 2458 3383 2524 pectora
3402 2470 3604 2509 eorum
3634 2452 3817 2509 anhe-

2150 2543 2291 2610 lent,
2318 2543 2532 2613 quibus
2554 2543 2949 2613 proﬁteantur
2974 2565 3001 2591 ‹‹
3023 2559 3083 2597 se
3107 2542 3338 2598 credere
3360 2541 3494 2597 etin
3523 2542 3812 2614 Spiritum

2154 2635 2444 2699 sanctum,
2495 2632 2807 2687 Dominum
2855 2635 2913 2687 et
2960 2631 3371 2699 vivificantem,
3407 2632 3508 2705 qui
3537 2649 3606 2688 ex
3637 2633 3809 2691 Patre

2154 2720 2416 2793 Filioque
2460 2720 2739 2793 procedit,
2792 2720 2892 2792 qui
2943 2737 3076 2775 cum
3124 2724 3295 2776 Patre
3336 2724 3393 2777 et
3444 2720 3587 2778 Filio
3630 2721 3812 2778 simul

2154 2811 2434 2866 adoratur
2454 2814 2509 2865 et
2529 2807 3021 2882 congloriﬁcatur,
3046 2809 3147 2880 qui
3177 2808 3411 2866 locutus
3442 2814 3532 2866 est
3551 2826 3655 2883 per
3675 2827 3810 2883 pro-

2154 2899 2389 2971 phetas;
2414 2904 2660 2954 etunam
2684 2902 2944 2954 sanctam
2968 2897 3314 2954 catholicam
3337 2902 3393 2954 et
3422 2898 3811 2970 apostolicam

2155 2987 2492 3043 Ecclesiam.
2530 3012 2551 3040 ι
2588 2992 2695 3042 etc.
2719 2986 2921 3043 Nonne
2943 2986 3314 3059 supradictas
3345 2987 3550 3059 plagas
3577 2988 3811 3060 corpori

2154 3077 2389 3147 Christi,
2425 3078 2578 3149 quod
2611 3081 2699 3133 est
2727 3077 2855 3147 ejus
2895 3075 3169 3143 Ecclesia,
3210 3076 3529 3146 inferendo,
3585 3082 3809 3150 negant

2158 3184 2291 3223 eum
2323 3167 2381 3221 in
2413 3183 2585 3223 carne
2614 3166 2883 3222 venisse?
2915 3166 3117 3221 Nonne
3138 3166 3502 3238 supradictas
3533 3165 3812 3240 blasphe-

2159 3257 2329 3324 mias,
2351 3262 2409 3311 et
2437 3255 2683 3327 injurias
2714 3254 2955 3325 Spiritui
2987 3257 3190 3310 sancto
3221 3253 3556 3328 irrogando,
3592 3262 3812 3329 negant

2158 3362 2292 3401 eum
2314 3344 2627 3399 Dominum
2658 3347 2873 3398 etcum
2907 3343 3074 3398 Patre
3104 3346 3161 3399 et
3182 3342 3325 3399 Filio
3350 3344 3717 3400 adorandum
3747 3350 3809 3402 et

2157 3432 2737 3505 congloriﬁcandum,
2760 3437 2938 3503 atque
2960 3448 3063 3504 per
3074 3430 3392 3504 prophetas
3415 3431 3718 3489 locutum?
3738 3434 3811 3489 Et

2157 3523 2309 3596 quod
2338 3538 2547 3594 negare
2580 3520 2973 3592 praedicantur
2999 3519 3327 3589 Novatiani,
3366 3521 3805 3593 praedicandum

2155 3615 2243 3667 est
2261 3610 2621 3666 Simoniacos
2643 3608 2903 3664 conﬁteri
2919 3608 2948 3663 ‘?

2224 3698 2497 3765 Quamvis
2526 3698 2681 3753 enim
2701 3698 3025 3766 Novatiani,
3047 3698 3220 3755 claris
3242 3703 3299 3755 et
3319 3699 3549 3772 magnis
3564 3699 3805 3757 vocibus

2151 3787 2466 3846 audiantur
2495 3786 2831 3860 symbolum
2863 3792 3133 3844 nostrum
3164 3789 3491 3857 decantare,
3528 3793 3703 3861 atque
3720 3790 3804 3845 ei-

2149 3878 2283 3933 dem
2318 3876 2708 3943 subscribere,
2745 3878 3172 3932 convincuntur
3201 3881 3397 3933 tamen
3443 3893 3656 3950 negare
3700 3878 3803 3935 Jeo

2147 3982 2281 4022 sum
2338 3964 2635 4021 Christum
2686 3963 2746 4020 in
2796 3982 2965 4021 carne
3004 3965 3252 4035 venisse,
3310 3982 3426 4021 non
3477 3964 3618 4037 quia
3656 3982 3807 4022 sana

2146 4055 2410 4110 membra
2439 4054 2568 4125 ejus
2600 4053 2888 4123 sauciant,
2922 4054 3022 4110 sed
3055 4054 3193 4125 quia
3242 4053 3443 4109 saucia
3481 4053 3673 4107 curari
3723 4055 3806 4110 ab

2144 4142 2401 4199 Ecclesia
2419 4142 2519 4197 Dei
2543 4158 2715 4214 posse
2735 4142 3065 4215 desperant.
3092 4141 3157 4195 Et
3179 4155 3293 4210 quo
3317 4139 3489 4193 modo
3511 4138 3797 4195 audiendi

2142 4236 2282 4288 sunt
2303 4230 2619 4288 Simoniaci
2651 4231 3001 4301 quandoque
3031 4225 3421 4282 vociferantur
3455 4240 3518 4280 se
3549 4226 3797 4284 credere

2138 4320 2343 4377 Jesum
2373 4319 2432 4375 in
2464 4335 2638 4375 carne
2666 4317 2913 4385 venisse,
2947 4318 3046 4368 aut
3068 4311 3350 4384 Spiritum
3381 4316 3654 4369 sanctum
3685 4316 3794 4371 ad-

2139 4410 2427 4465 orandum
2460 4423 2593 4462 cum
2619 4406 2783 4459 Patre
2805 4408 2860 4459 et
2891 4400 3053 4470 Filio,
3074 4400 3214 4472 quia
3234 4417 3350 4456 non
3371 4400 3563 4458 solum
3587 4404 3794 4463 saucia

2138 4496 2355 4553 Christi
2377 4494 2638 4550 membra
2660 4507 2773 4545 non
2791 4493 3020 4560 curant,
3039 4490 3142 4545 sed
3176 4506 3322 4545 sana
3343 4506 3577 4563 quoque
3598 4508 3788 4565 usque

379 4585 582 4658 sisque
607 4588 664 4640 et
691 4582 939 4647 insidiae,
974 4578 1263 4635 hebetudo
1305 4593 1558 4649 quoque,
1603 4582 1776 4649 atque
1807 4581 2026 4638 sterilis
2065 4601 2106 4665 υ
2141 4586 2212 4642 ad
2245 4589 2491 4640 mortem
2525 4578 2834 4635 sauciant?
2862 4578 3104 4648 Verum,
3138 4581 3204 4633 ut
3240 4578 3301 4633 in
3348 4581 3786 4652 comparatione

376 4679 435 4733 et
481 4677 748 4747 proterva
783 4669 1109 4727 verbositas
1153 4672 1553 4738 procreantur,
1595 4666 1746 4723 inter
1787 4686 1912 4741 quae
1973 4676 2029 4727 et

377 4787 407 4818 ‹‹
438 4762 811 4838 sanguisuga:
844 4760 970 4815 (tuae
1004 4760 1140 4813 sunt
1170 4754 1302 4809 filiae
1335 4755 1595 4812 dicentes
1631 4773 1642 4811 :
1677 4759 1853 4823 Aﬁ‘er,
1886 4760 2028 4816 affer

373 4855 559 4929 (Prov.
593 4869 722 4920 xxx,
756 4851 865 4922 45).
902 4869 930 4897 ››
962 4844 1217 4902 Avaritia
1243 4843 1399 4900 enim
1435 4851 1624 4902 exstat
1666 4847 1875 4902 hirudo
1912 4866 2020 4902 soe-

368 4942 634 5007 vissima,
667 4956 784 4996 non
818 4937 1075 4993 missura
1116 4938 1309 4989 cutem
1342 4934 1455 4990 nisi
1506 4934 1738 5008 plenam
1770 4936 2016 4992 cruoris.

370 5032 554 5104 Cujus
576 5030 704 5086 dum
737 5031 876 5084 sunt
901 5024 1055 5093 ﬁliae,
1080 5021 1371 5095 cupiditas
1403 5030 1458 5079 et
1480 5024 1702 5097 rapina,
1728 5042 1853 5097 quae
1886 5024 2019 5081 licet

367 5122 646 5180 omnibus
676 5118 998 5175 inhaereant
1044 5112 1397 5181 carnalibus,
1430 5118 1624 5169 tamen
1669 5114 2016 5170 Simoniacis

364 5210 623 5269 vivacius
652 5213 711 5266 et
732 5203 1121 5263 manifestius.
1150 5201 1247 5257 Isti
1265 5202 1419 5257 enim
1440 5218 1553 5257 non
1568 5202 2018 5274 praetermittunt

362 5299 614 5357 invicem
649 5296 761 5354 sibi
790 5296 981 5351 dicere
1025 5310 1036 5348 :
1073 5315 1099 5341 ‹‹
1135 5291 1308 5359 Aifer,
1342 5291 1502 5357 affer,
1540 5313 1566 5340 ››
1598 5291 1753 5346 verbi
1804 5290 2013 5362 gratia,

361 5384 909 5460 cupidusvenditori
933 5385 1161 5454 emptor
1187 5380 1329 5435 dicit
1352 5396 1364 5435 :
1392 5380 1475 5435 Da
1495 5379 1639 5435 mihi
1664 5378 2014 5435 invisibilem

361 5474 613 5549 gratiam
640 5489 654 5541 ;
687 5489 866 5544 rapax
884 5470 1150 5526 venditor
1175 5473 1404 5540 emptor
1424 5468 1811 5524 nihilominus
1843 5467 2011 5525 dicit:

360 5561 451 5620 Da
472 5559 615 5617 mihi
634 5556 922 5616 visibilem
945 5556 1276 5631 pecuniam;
1301 5556 1390 5612 vel
1413 5564 1565 5614 certe
1588 5560 1816 5631 emptor
1833 5557 1973 5613 dicit
1997 5575 2009 5617 :

359 5646 520 5713 Aﬁ'er
548 5647 694 5704 mihi
740 5645 1026 5721 Spiritum
1069 5649 1372 5716 sanctum;
1406 5646 1670 5703 venditor
1700 5663 1731 5703 e
1762 5649 1963 5705 contra
1994 5664 2009 5705 :

2137 4673 2601 4729 Simoniacorum
2620 4666 3091 4739 deprehendatur
3102 4671 3319 4740 quanto
3341 4668 3417 4724 sit
3430 4668 3791 4727 tolerabilior

2135 4760 2371 4837 haeresis
2402 4754 2879 4823 Novatianorum,
2904 4755 3082 4812 isthic
3104 4773 3175 4812 ex
3193 4755 3450 4812 Historia
3472 4757 3790 4830 Tripartita

2134 4849 2472 4923 putavimus
2495 4844 2874 4900 inserendum
2905 4843 3037 4917 quis
3057 4848 3113 4900 et
3134 4845 3289 4900 unde
3309 4844 3594 4901 exstiterit
3620 4863 3786 4903 error

2130 4954 2352 4995 eorum.
2388 4936 2729 5006 Postquam,
2759 4932 2976 5006 inquit,
2996 4932 3214 5006 scripta
3243 4937 3301 4988 et
3331 4932 3664 5006 subscripta
3692 4939 3785 4991 est

2128 5045 2163 5083 a
2189 5024 2433 5082 concilio
2458 5023 2686 5079 Niczeno
2718 5022 2853 5079 ﬁdei
2888 5023 3169 5092 deﬁnitio,
3202 5020 3506 5094 requisivit
3535 5022 3786 5095 impera-

2127 5118 2216 5171 tor
2245 5114 2543 5176 Acesium.
2578 5111 3033 5169 Novatianorum
3073 5110 3373 5184 religionis
3431 5110 3777 5185 episcopum

2134 5225 2155 5253 ι
2188 5205 2238 5260 si
2270 5208 2327 5261 et
2357 5204 2484 5276 ipse
2515 5201 2869 5259 consentiret
2898 5201 2957 5255 in
2989 5201 3100 5256 ﬁde
3130 5206 3187 5256 et
3232 5197 3526 5272 paschalis
3564 5199 3781 5257 deﬁni-

2124 5293 2282 5349 tione
2314 5292 2616 5350 l‘estivatis.
2669 5312 2697 5340 »
2728 5292 2799 5344 At
2828 5288 2925 5344 ille
2959 5305 2971 5343 :
3006 5312 3032 5339 «
3066 5288 3242 5353 Nihil,
3272 5286 3484 5360 inquit,
3536 5287 3690 5357 novi,
3745 5307 3778 5346 ο

2125 5383 2464 5456 imperator,
2490 5380 2746 5453 synodus
2768 5375 3046 5433 deﬁnivit.
3076 5378 3167 5432 Sic
3183 5375 3486 5434 enimolim
3500 5380 3557 5432 et
3573 5393 3607 5433 a
3626 5380 3775 5435 tem-

2125 5472 2367 5546 poribus
2403 5467 2803 5542 apostolorum
2835 5464 2961 5538 ipse
2994 5465 3243 5539 percepi,
3267 5468 3325 5521 et
3353 5462 3676 5521 terminum
3714 5465 3777 5522 t1-

2124 5561 2238 5633 dei,
2270 5564 2325 5619 et
2356 5563 2591 5632 tempus
2621 5552 2914 5627 paschalis
2948 5553 3296 5613 festivitatis.
3331 5575 3360 5604 »
3394 5553 3774 5614 Porrodenuo

2124 5649 2473 5726 imperatore
2512 5644 2843 5723 requirente
2873 5659 2887 5706 :
2922 5666 2951 5699 κ
2985 5643 3102 5707 Cur
3130 5660 3266 5725 ergo
3295 5660 3330 5705 a
3357 5643 3775 5714 communione
