4004 6210
242 358 424 424 ’1137

843 360 1256 428 ADVERSUS
1301 359 1778 426 SIMONIACOS
1821 360 2030 426 LIBIlI
2073 359 2296 424 τηε.
2334 392 2414 409 -
2447 358 2672 424 LIBER
2721 360 3086 426 TERTIUS.

3513 360 3670 428 “38

265 493 598 568 separaris?
621 519 642 546 ι
679 495 774 554 ille
804 511 872 554 ea
901 513 1026 572 quas
1058 497 1169 554 sub
1209 495 1382 554 Decio
1415 500 1580 570 gesta
1610 497 1746 552 sunt
1773 509 1904 568 per-
1933 498 1990 566 Α
2017 510 2151 552 vero
2200 491 2566 551 remissionis
2614 511 2730 551 non
2781 510 2815 550 a
2856 493 3281 564 sacerdotibus,
3321 496 3424 555 sed
3472 513 3508 556 a
3551 497 3668 556 Deo

266 583 584 642 secutionis
613 589 872 659 tempore
900 585 1215 660 replicavit,
1248 591 1306 643 et
1337 585 1722 643 subtilitatem
1753 600 1910 641 acer-

267 671 521 730 bissimae
568 674 780 748 regule:
829 676 1065 732 deduxit
1111 677 1183 731 ad
1231 675 1492 731 medium
1541 674 1699 748 quia,
1725 697 1753 723 ‹‹
1796 690 1909 729 non

263 765 525 834 Oporteat
553 781 652 819 eos
682 764 780 836 qui
817 769 948 838 post
987 764 1280 838 baptisma
1311 768 1551 836 peccant
1584 765 1908 836 peccatum,

261 851 415 922 quod
445 851 516 907 ad
564 856 814 909 mortem
860 870 988 910 esse
1035 853 1345 926 Scriptura:
1394 853 1599 908 divina:
1649 867 1910 924 pronun-

259 938 430 1006 tiant,
495 941 1029 998 communicatione
1086 947 1424 999 sanctorum
1490 940 1617 998 fieri
1676 940 1906 1012 dignos,

259 1028 360 1083 sed
427 1027 757 1087 invitandos
813 1030 1051 1104 quidem
1106 1031 1178 1087 ad
1245 1031 1682 1104 paenitentiam,
1743 1043 1907 1100 spem

2022 583 2390 640 solummodo
2432 583 2744 651 sustinere,
2776 583 2875 655 qui
2921 587 3265 657 potestatem
3313 585 3490 642 habet
3534 603 3668 659 peo-

2019 677 2148 729 cata
2204 673 2518 728 remittere.
2565 695 2592 723 »
2651 673 2762 728 Sed
2821 671 2916 729 his
2980 672 3286 729 hactenus.
3346 674 3493 730 Hinc
3547 675 3665 746 iam

2019 778 2152 817 cum
2212 761 2442 817 lectoris
2497 759 2884 832 respirationi,
2930 764 3057 816 tum
3113 761 3380 834 scriptori
3439 778 3668 818 recrea-

2017 850 2161 907 tioni
2193 849 2527 906 consultum
2578 850 2661 904 ire
2699 849 3019 922 cupientes,
3069 849 3466 906 necessarium
3497 849 3666 906 duxi-

2019 956 2152 996 mus
2183 943 2248 995 ut
2277 939 2456 1012 hujus
2500 938 2766 1012 opusculi
2817 939 2948 995 istic
2995 940 3292 996 secundus
3339 939 3554 1011 ﬁgatur
3594 937 3665 994 li~

2017 1044 2163 1084 mes.

1403 1154 1771 1217 EXPLICIT
1815 1154 2048 1216 LIBER
2090 1153 2520 1215 SECUNDUS.

1097 1393 1587 1469 INCIPIUNT
1645 1392 2108 1468 CAPITULA
2159 1392 2415 1466 LIBRI
2468 1393 2817 1468 TERTII.

254 1545 298 1602 Ι.
335 1546 542 1602 Contra
571 1561 659 1602 eos
687 1549 785 1618 qui
811 1546 1002 1602 dicunt
1041 1562 1100 1601 se
1144 1562 1256 1602 non
1301 1546 1783 1611 consecrationem,
1812 1543 1904 1599 sed

323 1650 408 1690 res
437 1635 698 1690 Ecclesia:
722 1649 1080 1706 comparasse.

251 1720 318 1778 II.
355 1721 728 1794 Comprobatio
756 1723 842 1778 nil
873 1723 1128 1794 prodesse
1163 1723 1552 1794 possessionem
1581 1724 1702 1776 sine
1723 1721 1901 1792 privi-

323 1811 462 1882 legio
491 1811 627 1883 ejus.

251 1899 350 1956 III.
383 1901 458 1956 De
485 1902 752 1956 sententia
775 1899 1225 1958 Chalcedonensis
1253 1901 1480 1958 concilii
1506 1906 1694 1955 contra
1714 1915 1905 1971 supra-

321 1987 509 2044 dictos.

249 2074 343 2132 IV.
375 2077 450 2132 De
475 2077 906 2146 sanctiﬁcatione
950 2079 1325 2148 sanctiﬁcante
1365 2093 1453 2132 res
1495 2077 1902 2147 ecclesiasticas,

319 2165 768 2237 subsequentibus
795 2165 922 2221 inde
951 2175 1263 2221 sanctorum
1294 2172 1524 2222 Patrum
1554 2167 1898 2222 testimoniis.

248 2253 318 2308 V.
351 2255 600 2323 Qualiter
644 2254 948 2311 Simoniaci
975 2270 1072 2309 suo
1101 2255 1312 2326 negotio
1359 2263 1678 2327 expugnent
1723 2255 1899 2310 Eccle-

319 2345 463 2398 siam
493 2344 606 2411 Dei,
640 2349 692 2399 et
722 2343 864 2416 quod
885 2359 1026 2415 pene
1053 2360 1237 2400 omnes
1267 2344 1400 2399 laici
1427 2348 1478 2399 et
1506 2344 1693 2399 clerici
1719 2343 1784 2400 de
1804 2345 1899 2398 Ec-

319 2432 486 2487 clesia
515 2435 762 2505 quaerant
781 2433 992 2504 jugiter
1019 2433 1310 2504 negotiari.

244 2518 342 2575 VI.
371 2521 447 2575 De
478 2521 686 2577 baculis
715 2525 768 2578 et
804 2521 1031 2578 annalis
1069 2537 1167 2594 per
1192 2538 1390 2578 manus
1419 2521 1776 2578 saecularium
1803 2536 1898 2593 po-

321 2611 568 2666 testatem
595 2609 760 2666 datis.

243 2696 367 2754 VII.
407 2699 477 2755 De
503 2701 743 2771 tempore
786 2699 1078 2756 Otthonum
1105 2706 1156 2755 et
1191 2699 1369 2755 studio
1398 2701 1622 2756 Henriei
1663 2701 1898 2771 impera~

317 2789 471 2855 toris,
503 2795 554 2844 et
579 2787 644 2844 de
672 2789 892 2844 malitia
921 2789 1066 2858 regis
1097 2789 1449 2844 Francorum.

240 2875 392 2932 VIII.
426 2881 506 2933 De
535 2877 925 2950 quadripartia
955 2877 1265 2933 venditione
1299 2877 1445 2950 apud
1474 2879 1722 2944 Latinos,
1757 2884 1808 2932 et
1833 2875 1899 2932 de

314 2967 504 3038 magni
531 2967 880 3024 Constantini
902 2966 1180 3023 devotione
1208 2983 1340 3036 erga
1370 2967 1610 3022 clericos.

244 3053 337 3111 IX.
370 3055 444 3110 De
473 3054 786 3128 differentia
815 3055 1137 3112 clericorum
1157 3059 1207 3112 et
1231 3056 1521 3123 laicorum,
1545 3060 1594 3110 et
1623 3053 1688 3110 de
1715 3055 1896 3110 studio

313 3143 429 3200 divi
457 3143 702 3216 Gregorii
730 3146 787 3200 in
821 3145 1042 3200 talibus.

243 3231 310 3288 X.
345 3233 554 3302 Quanto
583 3234 811 3290 liberior
850 3235 926 3289 sit
954 3233 1266 3289 Graecorum
1297 3233 1557 3302 Ecclesia,
1592 3249 1757 3304 quam.
1787 3233 1887 3288 La-

315 3323 558 3378 tinorum
587 3339 621 3378 a
647 3325 905 3393 potestate
931 3322 1215 3377 laicorum.

241 3411 340 3467 XI.
375 3411 624 3480 Qualiter
650 3415 701 3467 et
726 3427 826 3484 per
855 3426 985 3484 quos
1031 3411 1270 3467 ecclesiae
1297 3411 1415 3466 suis
1443 3411 1749 3482 privilegiis
1775 3412 1892 3482 pri-

314 3503 454 3566 vatae
479 3501 610 3555 sint.

238 3588 363 3645 XII.
395 3589 470 3643 De
494 3589 921 3659 praesumptione
945 3588 1303 3656 feminarum,
1329 3594 1382 3643 et
1408 3588 1684 3660 dignitate
1709 3605 1893 3643 sacra-

316 3679 504 3731 tarum
530 3691 736 3731 rerum.

243 3764 392 3823 XIII.
426 3765 502 3820 De
528 3764 794 3835 dignitate
833 3761 1124 3818 sacerdotii
1167 3764 1363 3819 veteris
1405 3763 1556 3834 legis,
1588 3769 1638 3819 et
1666 3764 1730 3820 de
1756 3781 1895 3837 prce-

315 3855 624 3927 sumptione
649 3860 700 3909 et
725 3868 885 3925 poma
914 3867 1107 3921 regum
1133 3851 1276 3908 Iuda
1304 3855 1358 3907 et
1384 3853 1574 3908 Israel.

245 3943 390 4000 XIV.
423 3944 496 4000 De
522 3943 954 4016 praesumptione
981 3940 1170 3998 Saulis
1201 3944 1250 3996 et
1276 3957 1458 4013 paena.

172 4025 180 4032 ’
247 4033 365 4089 XV.
399 4034 614 4102 Quanta
643 4031 861 4103 ﬂagella
902 4033 1161 4102 premant
1185 4030 1464 4102 principes
1511 4029 1642 4085 dum
1684 4031 1900 4102 populis

313 4138 414 4194 pro
437 4122 869 4194 praesumptione
896 4119 1243 4176 sacerdotalis
1272 4119 1461 4190 ofﬁcii.

249 4209 392 4267 XVI.
425 4212 499 4266 De
526 4210 706 4267 studio
734 4211 1047 4265 sanctorum
1079 4225 1268 4280 regum
1304 4223 1431 4279 erga
1480 4207 1733 4262 divinum
1777 4208 1898 4264 cul-

321 4304 460 4368 tum,
489 4303 538 4357 et
569 4300 1033 4365 remuneratione,
1073 4305 1125 4354 et
1155 4305 1389 4370 peccato,
1422 4301 1476 4353 et
1515 4297 1755 4354 vindicta
1780 4297 1902 4369 ple-

323 4389 497 4445 bium.

250 4478 419 4534 XVII.
450 4479 524 4534 De
550 4479 767 4535 meritis
797 4478 1015 4534 Israelis
1036 4485 1086 4534 et
1108 4476 1268 4534 'Judae
1299 4479 1356 4531 in
1377 4483 1505 4548 typo
1527 4473 1905 4530 haereticorum

324 4569 375 4622 et
404 4567 811 4624 catholicorum.
1064 4556 1068 4560 ’

251 4654 446 4713 XVIII.
480 4656 555 4712 De
581 4656 890 4730 diﬂerentia
919 4655 1210 4713 sacerdotii
1235 4653 1625 4710 catholicorum
1654 4657 1702 4710 et
1735 4653 1904 4710 haere-

323 4745 577 4814 ticorum,
609 4751 661 4801 et
691 4745 756 4802 de
778 4747 1049 4818 primitiis
1079 4744 1536 4800 Simoniacorum.

251 4835 392 4892 XIX.
427 4835 674 4904 Qualiter
700 4838 750 4890 et
782 4835 893 4906 ipsi
919 4832 1220 4890 sacerdotes
1261 4832 1362 4888 sub
1412 4832 1524 4903 lege
1565 4832 1906 4886 communio-

320 4939 446 4980 nem
492 4924 789 4995 impiorum
835 4922 1154 4990 vitaverint,
1187 4923 1237 4976 et
1289 4920 1364 4977 ab
1409 4922 1489 4976 eis
1534 4921 1908 4975 contaminata

322 5011 560 5084 qualiter
580 5011 1022 5084 puriﬁcaverint.

248 5099 363 5157 XX.
401 5105 480 5156 De
516 5100 760 5173 periculo
801 5097 1164 5164 sacerdotum,
1195 5105 1246 5154 et
1278 5097 1699 5167 indisciplinata
1731 5099 1907 5153 ambi-

322 5192 469 5248 tione
494 5189 822 5246 clerieorum
849 5189 1026 5244 novtri
1051 5187 1329 5258 temporis.

252 5279 395 5336 XXI.
427 5280 501 5336 De
531 5279 816 5352 praecipuo
861 5277 1008 5334 malo
1053 5276 1253 5342 Italiae,
1285 5283 1337 5332 et
1383 5275 1448 5331 de
1491 5275 1728 5347 quodam
1771 5293 1911 5333 vano

323 5369 589 5442 episcopo,
639 5375 689 5424 et
745 5366 933 5438 ofﬁdio
986 5364 1353 5432 saderdotum,
1386 5371 1440 5419 et
1485 5365 1805 5438 principum
1862 5375 1912 5423 et

322 5457 588 5530 plebium.
1459 5481 1462 5486 -

255 5545 424 5604 XXII.
457 5547 532 5603 De
559 5547 754 5604 nociva
797 5547 1176 5604 taciturnitate
1201 5541 1558 5611 sacerdotum,
1591 5543 1675 5599 vel
1721 5545 1910 5617 loqua-

327 5637 495 5694 citate
521 5635 892 5696 adulatorum.

2014 1542 2211 1599 XXIII.
2243 1545 2316 1599 De
2367 1546 2611 1616 periculo
2664 1547 2809 1602 male
2864 1546 3158 1602 iacentium
3205 1547 3565 1619 sacerdotum,
3611 1559 3665 1608 et

2081 1633 2227 1688 male
2255 1634 2612 1704 loquentium,
2631 1643 2682 1690 et
2709 1635 2775 1692 de
2797 1635 3087 1692 individua
3105 1639 3312 1694 unitate
3330 1637 3660 1710 divinitatis,

2083 1725 2134 1775 et
2161 1737 2407 1777 suorum.

1933 1811 1981 1876 B
2012 1809 2202 1866 XXIV.
2236 1813 2309 1868 De
2336 1814 2642 1884 exemplari
2669 1813 2968 1870 individua
3001 1817 3290 1872 Trinitatis
3319 1817 3376 1872 in
3409 1818 3662 1875 omnibus

2083 1902 2370 1955 creaturis.

2015 1987 2178 2043 XXV.
2213 1989 2369 2059 Quod
2421 1989 2709 2046 individua
2755 1993 2828 2045 sit
2877 1991 3240 2060 sanctiﬁcatio
3287 1992 3356 2047 ab
3403 1991 3489 2048 his
3537 2009 3662 2065 quae

2081 2077 2408 2147 sanctiﬁcat,
2440 2083 2492 2134 et
2521 2080 2759 2150 qualiter
2785 2079 3212 2150 sanctiﬁcentur.

2013 2163 2204 2222 XXVI.
2238 2167 2313 2222 De
2356 2185 2517 2238 perna
2547 2169 2870 2232 divisorum,
2919 2172 2971 2223 et
3011 2169 3150 2239 quod
3209 2168 3478 2240 Spiritum
3523 2186 3660 2226 san-

2079 2258 2226 2309 ctum
2273 2272 2384 2312 non
2434 2259 2726 2326 accipiant,
2767 2258 2880 2312 nisi
2923 2273 3177 2329 sequaces
3225 2257 3354 2329 ﬁdei
3392 2261 3661 2332 apostolo-

2079 2359 2224 2398 rum.

2008 2429 2230 2486 XXVII.
2264 2433 2338 2487 De
2367 2433 2608 2504 Spiritus
2635 2435 2812 2489 sancti
2830 2436 3016 2504 gratia
3032 2443 3150 2506 post
3175 2435 3656 2507 Resurrectionem,

2077 2524 2128 2575 et
2158 2521 2400 2577 vindicta
2431 2524 2490 2576 in
2521 2524 2762 2579 Anania.

2006 2607 2248 2664 XXVIII.
2287 2611 2500 2679 Quanta
2538 2617 2794 2682 operatus
2836 2613 2927 2678 sit,
2958 2613 3041 2668 vel
3085 2619 3334 2684 operetur
3363 2613 3502 2670 idem
3535 2613 3658 2687 Spi-

2076 2701 2216 2754 ritus
2248 2703 2306 2755 in
2338 2702 2578 2757 Ecclesia
2607 2718 2778 2773 usque
2807 2703 2866 2756 in
2895 2703 3064 2772 ﬁnem
3092 2702 3300 2759 saeculi.

2006 2785 2198 2842 XXIX.
2225 2789 2509 2845 Sententia
2551 2792 2727 2846 sancti
2756 2792 3049 2862 Augustini
3077 2791 3143 2846 de
3169 2791 3372 2850 animat
3394 2793 3656 2864 potentia;

2077 2885 2128 2932 et
2161 2880 2412 2934 retractio
2442 2895 2512 2933 ea:
2540 2895 2624 2946 ea,
2643 2887 2698 2935 et
2730 2880 2917 2951 quales
2945 2881 3058 2934 sint
3080 2882 3320 2951 promoti
3342 2897 3377 2935 a
3399 2879 3574 2950 laicis,
3607 2883 3661 2936 et

2074 2968 2485 3038 metropolitani
2507 2984 2714 3024 eorum.

2005 3053 2168 3109 XXX.
2205 3057 2598 3128 Recapitulatio
2649 3056 2716 3112 de
2771 3057 3104 3130 depositione
3160 3056 3563 3128 haereticorum,
3605 3067 3657 3116 et

2071 3145 2343 3200 sententia
2371 3145 2669 3201 Ezechielis
2699 3148 2756 3200 in
2789 3162 2896 3202 eos.

2003 3231 2195 3287 XXXI.
2230 3235 2303 3290 De
2340 3236 2658 3307 impropriis
2702 3235 3033 3292 dictionibus
3072 3238 3131 3291 in
3171 3236 3501 3308 supradictis
3524 3253 3656 3310 pro-

2072 3321 2264 3394 phetae,
2299 3327 2352 3378 et
2383 3324 2527 3380 beati
2557 3324 2806 3394 Gregorii
2833 3326 3010 3380 verbis
3046 3324 3385 3396 subjunctis.‘

2003 3411 2218 3466 XXXII.
2255 3413 2326 3466 De
2371 3414 2686 3468 criminosis
2739 3415 3022 3468 catholicis
3071 3416 3353 3484 promotis,
3407 3414 3488 3470 vel
3537 3421 3663 3485 post

2077 3500 2264 3571 lapsis,
2290 3504 2342 3556 et
2366 3501 2432 3555 de
2459 3502 2773 3557 ministerio
2799 3505 2850 3556 et
2877 3501 3210 3573 depositione
3232 3518 3441 3558 eorum.

2005 3587 2252 3643 XXXIII.
2287 3589 2361 3643 De
2387 3590 2856 3661 qualibuscunque
2877 3590 3140 3662 promotis
3169 3606 3204 3644 a
3233 3589 3578 3658 Simoniacis,
3609 3592 3661 3644 et

2075 3676 2386 3745 repulsione
2412 3677 2729 3748 objectionis
2767 3677 3229 3734 adversariorum.

2005 3763 2249 3818 XXXIV.
2283 3765 2678 3833 Argumentum
2695 3781 2765 3820 ec
2783 3765 3080 3822 mundanis
3101 3765 3311 3838 legibus
3335 3768 3524 3822 contra
3540 3779 3665 3837 pro-

2077 3859 2364 3917 moventes,
2397 3853 2480 3908 vel
2508 3861 2779 3926 promotos
2805 3854 3162 3910 Simoniacos.

2008 3938 2222 3995 XXXV.
2256 3941 2552 4012 Replicatio
2580 3945 2862 4000 sententiae
2891 3943 3114 3999 Domini
3141 3943 3208 4000 de
3236 3937 3389 4000 bonis
3425 3944 3665 4016 pastori-

2078 4028 2252 4094 ribus,
2289 4034 2340 4085 et
2365 4033 2741 4088 mercenariis.

2009 4117 2246 4174 XXXVI.
2281 4120 2354 4174 De
2389 4121 2634 4177 mercede
2687 4121 3173 4191 mercenariorum,
3224 4129 3275 4179 et
3326 4123 3669 4195 promotione

2083 4223 2271 4262 eorum
2279 4248 2290 4261 .

2015 4295 2278 4352 XXXVII.
2311 4299 2388 4353 De
2423 4313 2484 4354 eo
2528 4299 2670 4372 quod
2717 4301 2976 4357 catholici
3018 4301 3236 4358 nullum
3286 4317 3388 4375 pro
3434 4300 3668 4359 crimine

2081 4395 2457 4458 promoveant,
2487 4397 2538 4444 et
2585 4389 2726 4462 quod
2769 4390 3071 4447 Simoniaci
3111 4407 3210 4462 pro
3265 4392 3378 4449 solo
3431 4390 3670 4448 crimine

2085 4491 2208 4532 07ηΤῖ
2215 4493 2300 4532 em
2307 4519 2319 4531 .

1938 4551 1981 4614 Ι)
2016 4563 2309 4621 XXXVIII.
2341 4567 2404 4622 In
2433 4584 2538 4639 quo
2566 4569 2829 4625 audiendi
2853 4573 2981 4626 sunt
3015 4572 3365 4639 mercenarii,
3395 4577 3447 4628 et
3472 4571 3534 4626 in
3561 4587 3670 4642 quo

2085 4669 2196 4710 non
2225 4656 2562 4712 attende-ridi.

2020 4741 2208 4797 XXIX.
2244 4744 2318 4798 De
2347 4745 2511 4799 malis
2539 4746 2771 4801 scienter
2805 4750 2856 4803 et
2900 4748 3204 4804 nescienter
3248 4747 3584 4819 promeritis,
3615 4753 3673 4804 et

2009 4823 2014 4830 ’
2089 4831 2154 4884 de
2179 4833 2490 4886 ministerio
2519 4848 2706 4888 eorum
2734 4837 3002 4891 sententia
3033 4835 3336 4891 Paschasii.

2020 4918 2134 4974 XL.
2173 4924 2253 4974 De
2279 4921 2500 4990 furibus
2530 4922 2874 4992 Simoniacis,
2905 4929 2958 4980 et
2985 4925 3222 4994 qualiter
3257 4923 3398 4979 ovile
3437 4922 3670 4983 intrent.

2018 5007 2158 5064 XLI.
2193 5009 2443 5076 Qualiter
2488 5011 2792 5066 Simoniaci
2837 5014 3124 5067 imitentur
3167 5012 3359 5069 sa'cuti
3405 5013 3578 5082 fures,
3617 5023 3674 5071 et

2091 5114 2210 5170 qua:
2238 5099 2310 5153 sit
2336 5114 2529 5171 eorum
2557 5115 2682 5168 vox,
2713 5117 2876 5172 quam
2905 5116 3011 5156 non
3042 5099 3276 5155 audiunt
3303 5115 3442 5156 oves.

2023 5187 2190 5244 XLII.
2225 5189 2442 5256 Quanta
2487 5188 2777 5258 vigilantia
2817 5203 2938 5243 oves
2982 5189 3201 5259 furibus
3241 5187 3470 5245 debeant
3497 5187 3672 5245 obsis-

2091 5285 2221 5344 tere,
2257 5277 2517 5345 ingressis
2541 5277 2699 5332 ovile.

2023 5365 2213 5420 XLIII.
2244 5366 2318 5420 De
2345 5365 2658 5437 diﬂerentia
2675 5366 3141 5423 mercenariorum
3159 5371 3211 5421 et
3224 5366 3438 5438 furum,
3460 5371 3512 5420 et
3530 5368 3675 5436 quod

2091 5455 2340 5511 ha’retici
2366 5470 2480 5509 non
2509 5455 2624 5509 sint
2652 5470 2684 5508 a
2709 5452 3000 5510 catholicis
3039 5453 3328 5524 tolerandi,
3359 5455 3500 5510 sicut
3527 5455 3676 5514 male

2089 5544 2326 5600 viventes
2354 5543 2628 5600 catholici.

2021 5632 2208 5690 XLIV.
2245 5633 2522 5706 Exemplis
2549 5633 2841 5707 propositis
2885 5634 3187 5692 ostenditur
3233 5633 3530 5701 hereticos,
3575 5648 3678 5690 nec
