4004 6210
369 401 524 470 1139

1416 406 1824 474 HUMBEB’I‘I
1869 409 1934 474 S.
1983 412 2057 474 R.
2100 407 2173 475 E.
2222 410 2714 478 CARDINALIS.

3612 410 3784 477 1140

438 540 509 595 ad
537 542 725 598 horam
750 558 784 597 a
811 542 1090 598 catholicis
1131 545 1375 616 antiquis
1406 545 1679 614 toleralos,
1712 555 1766 601 et
1805 562 2008 602 merce-
2036 550 2093 617 Α
2190 548 2478 616 custodito,
2518 564 2589 604 ne
2638 548 2889 605 venderet
2940 549 3197 621 gratiam,
3226 550 3277 605 et
3305 546 3373 605 de
3398 546 3784 607 admonitione

438 633 625 685 uarios
655 632 929 686 toleratos.

367 718 532 773 XLV.
566 721 639 773 De
668 735 727 775 eo
752 721 890 790 quod
936 727 1152 776 sanctus
1198 723 1483 792 Gregorius
1529 723 1707 777 adhuc
1753 724 2012 779 diaconus

435 808 709 862 Euticium
732 808 1012 876 devitavit,
1037 814 1085 864 et
1116 811 1254 881 quod
1273 815 1493 865 sanctus
1516 813 1887 882 Hieronymus
1905 829 2013 867 non

436 897 858 967 exspectandum
887 900 947 951 in
977 900 1054 952 eis
1080 900 1361 969 publicum
1381 900 1657 969 judicium
1689 902 1902 955 asserit.

364 983 552 1039 XLVI.
584 987 658 1039 De
687 987 908 1056 synodis
954 989 1295 1042 censentibus
1323 988 1564 1058 qualiter
1608 990 1862 1044 hieretici
1902 991 2011 1043 sint

433 1075 845 1143 reconciliandi,
878 1084 927 1130 et
956 1074 1021 1130 de
1057 1076 1660 1146 quartadecimanorum
1687 1079 1878 1149 aliqua
1913 1093 2009 1132 ea:-

434 1164 733 1217 cusatione.

363 1250 578 1306 XLVII.
612 1254 689 1307 De
746 1253 948 1309 libellis
1000 1257 1473 1324 protestationum,
1511 1260 1565 1310 et
1610 1261 1867 1325 potestate
1922 1269 2009 1307 eo-

435 1356 579 1394 rum.

361 1426 602 1484 XLVIII.
632 1431 706 1484 De
731 1433 1033 1487 constantia
1063 1433 1377 1504 aliquorum
1404 1432 1795 1488 catholicorum
1824 1444 1895 1484 ne
1922 1445 2007 1483 cc-

432 1517 619 1573 derent
646 1520 730 1574 vel
759 1523 1163 1592 acquiescerent
1189 1522 1472 1577 lnereticis.

362 1605 546 1662 XLIX.
579 1608 653 1664 De
682 1608 829 1665 beato
859 1612 1066 1667 Joanne
1108 1612 1349 1681 episcopo
1395 1610 1594 1663 tentato
1642 1605 1881 1679 quidem,
1916 1604 2007 1659 sed

2189 636 2307 707 ejus
2335 641 2525 692 contra
2556 639 2859 695 haereticos.

2121 724 2185 780 L.
2217 726 2290 779 De
2317 728 2529 781 cautela
2562 731 2624 781 Β.
2659 728 2884 783 Antonii
2928 730 2979 782 et
3028 728 3234 783 visione
3266 727 3404 799 ejus,
3437 734 3488 783 et
3514 727 3582 783 de
3628 728 3777 799 vigi-

2192 813 2367 869 lantia
2402 816 2460 869 Β.
2494 816 2835 887 Hieronymi.

2122 901 2211 957 LI.
2248 903 2320 957 De
2347 903 2558 959 duabus
2594 905 3037 976 generationibus
3089 905 3225 961 Cain
3254 912 3304 959 et
3335 904 3463 960 Abel
3510 921 3679 976 usque
3712 906 3781 960 in

2188 992 2354 1060 ﬁnem
2382 993 2595 1060 mundi,
2629 994 2927 1049 secundum
2957 994 3105 1049 dicta
3136 993 3519 1066 Chrysostomi.

2120 1078 2238 1133 LII.
2270 1081 2345 1134 De
2376 1082 2753 1151 reprobatione
2780 1084 3182 1137 communionis
3226 1087 3277 1137 et
3325 1084 3688 1154 baptismatis,
3718 1091 3783 1138 et

2188 1167 2549 1224 ordinationis
2578 1185 2790 1235 eorum,
2823 1175 2876 1225 et
2904 1170 2970 1225 de
3009 1188 3120 1225 non
3146 1171 3492 1227 retractanda
3536 1171 3781 1226 damna-

2186 1255 2333 1309 tione
2362 1271 2549 1311 eorum
2588 1257 2887 1312 secundum
2924 1261 3256 1317 sententiam
3280 1275 3447 1331 papae
3473 1261 3672 1317 Felicis
3701 1259 3783 1315 ad

2186 1342 2454 1398 Zenonem
2480 1351 2533 1399 et
2565 1346 2841 1399 Acacium.

2117 1429 2256 1485 LIII.
2291 1431 2678 1502 Compendiosa
2729 1435 3037 1488 retractatio
3092 1436 3470 1504 superiorum,
3529 1442 3582 1489 et
3627 1435 3784 1507 quod

2185 1518 2437 1575 haeretici
2456 1521 2586 1592 jure
2614 1522 2781 1577 mulis
2808 1526 3209 1593 comparentur.

2611 1609 2945 1682 Expliciunt
2992 1609 3265 1682 capitula.

1365 1792 1771 1881 INCIPIT
1833 1793 2167 1881 LIBER
2233 1796 2756 1888 TERTIUS.

891 1946 1120 2003 CAPUT
1160 1945 1470 2002 PRIMUM.

362 2039 561 2097 Contra
589 2054 677 2095 eos
707 2039 802 2109 qui
827 2037 1013 2092 dicunt
1041 2051 1098 2090 se
1127 2051 1236 2089 non
1276 2039 1759 2105 consecrationem,
1804 2038 1896 2095 sed
1924 2055 2010 2094 res

854 2109 1104 2163 Ecclesiae
1144 2123 1505 2180 comparasse.

428 2219 590 2276 Sicut
618 2217 674 2272 in
708 2230 903 2270 rerum
952 2216 1161 2268 natura
1209 2213 1354 2269 nihil
1404 2217 1657 2271 rotunda
1707 2220 1765 2273 et
1812 2221 2014 2289 aperta

358 2309 596 2366 veritate
645 2302 912 2369 solidius,
947 2306 1003 2357 et
1047 2303 1264 2373 potius,
1305 2303 1389 2359 sic
1435 2304 1581 2359 nihil
1629 2305 1911 2377 angulosa
1957 2309 2015 2361 et

358 2396 650 2453 latebrosa
680 2390 935 2447 falsitate
966 2391 1201 2447 inanius
1223 2396 1279 2447 et
1310 2394 1496 2463 pejus.
1523 2394 1709 2449 Tanta
1738 2399 1827 2449 est
1857 2394 2012 2449 enim

354 2481 613 2540 veritatis
644 2480 935 2537 evidentia
967 2480 1143 2536 simul
1195 2485 1251 2536 et
1296 2482 1555 2537 efﬁcacia
1601 2486 1666 2538 ut
1716 2482 1867 2538 sicut
1913 2483 2016 2538 lux

355 2588 491 2629 vera
519 2586 634 2625 non
670 2568 859 2624 solum
885 2570 1149 2625 omnium
1182 2569 1381 2626 oculos
1404 2570 1591 2640 feriat,
1615 2572 1713 2627 scd
1748 2572 1921 2627 etiam
1947 2572 2014 2626 in

355 2658 613 2718 tenebris
658 2657 871 2713 luceat.
906 2659 947 2713 E
988 2660 1277 2714 contrario
1327 2663 1491 2714 tanta
1545 2663 1634 2715 est
1690 2659 2015 2717 falsiﬁcatis

357 2748 708 2814 obscuritas,
743 2746 921 2802 simul
954 2751 1011 2803 et
1040 2748 1433 2815 imbecillitas,
1463 2752 1528 2803 ut
1556 2749 1875 2817 veritatem,
1901 2767 2018 2822 qua

350 2834 868 2909 comprehenditur
905 2841 963 2892 et
1007 2840 1365 2908 penetratur,
1399 2854 1503 2893 nec
1551 2838 1909 2910 comprehen
1937 2841 2019 2896 da

352 2944 459 2986 nec
488 2925 722 2982 sentiat.
760 2925 945 2989 Quam
992 2925 1260 2981 homines
1308 2942 1377 2981 ex
1415 2927 1582 2997 justa
1629 2927 2016 2985 damnatione

362 3014 683 3073 incurrisse
731 3014 856 3085 ipse
906 3018 1111 3069 auctor
1156 3014 1437 3080 veritatis,
1471 3014 1700 3071 Veritas
1746 3015 1803 3070 in
1838 3017 2018 3073 Evan-

354 3105 506 3181 gelio
538 3103 621 3159 sic
653 3103 836 3159 voluit
864 3104 1168 3159 ostendere
1191 3120 1241 3158 :«
1275 3103 1390 3158 Hoc
1423 3108 1515 3158 est
1537 3104 1854 3175 judicium,
1880 3106 2021 3178 quia

352 3195 454 3251 lux
482 3191 639 3248 venit
666 3192 727 3247 in
766 3193 1081 3259 mundum,
1115 3197 1172 3248 et
1215 3192 1545 3248 dilexerunt
1591 3193 1863 3249 homines
1895 3212 2018 3251 ma-

354 3283 446 3356 gis
476 3281 747 3337 tenebras
777 3297 955 3353 quam
988 3280 1178 3336 lucem
1206 3299 1220 3347 ;
1252 3286 1419 3336 erant
1438 3281 1596 3337 enim
1628 3299 1829 3339 eorum
1863 3283 2015 3339 mala
2047 3308 2090 3375 ρ

353 3387 548 3444 opera.
582 3369 787 3425 Omnis
819 3369 919 3441 qui
952 3368 1105 3425 male
1136 3369 1258 3441 agit
1287 3369 1409 3424 odit
1438 3368 1650 3440 lucem,
1684 3375 1740 3427 et
1773 3390 1885 3428 non
1914 3391 2019 3429 ve—

356 3459 446 3517 nit
476 3459 548 3515 ad
584 3458 797 3524 lucem,
831 3473 904 3513 ne
935 3463 1258 3529 arguantur
1285 3475 1460 3529 opera
1502 3459 1651 3529 ejus.
1684 3461 1789 3526 Qui
1822 3466 2017 3518 autem

356 3548 493 3606 facit
538 3548 846 3604 veritatem
892 3546 1052 3601 venit
1103 3548 1173 3601 ad
1218 3546 1520 3610 lucem.ut
1567 3549 2017 3607 manifesteutur

355 3654 532 3711 opera
553 3637 704 3708 ejus,
722 3636 863 3709 quia
881 3636 940 3689 in
973 3639 1085 3692 Deo
1110 3641 1250 3692 sunt
1272 3636 1421 3692 facta
1442 3636 1619 3707 (Joan.
1648 3655 1729 3704 ιιι,
1757 3639 1964 3711 19-21).
1985 3664 2012 3690 ››

352 3729 433 3784 Ac
461 3727 511 3783 si
543 3724 796 3781 diceret:
824 3724 1086 3780 Medicus
1115 3724 1271 3780 venit
1309 3724 1367 3778 in
1418 3725 1727 3793 mundum,
1778 3743 2011 3785 omnem

354 3814 657 3871 hominem
684 3813 903 3869 invenit
925 3816 1227 3886 aegrotum.
1253 3815 1511 3879 Quorum
1535 3813 1797 3886 quidam,
1823 3818 2011 3891 magis

354 3903 633 3977 eligentes
653 3902 873 3957 inﬁrmi
900 3918 1201 3958 remanere
1222 3918 1397 3973 quam
1427 3903 1721 3959 medicum
1743 3905 2011 3962 adeundo

352 3993 573 4049 inﬁrmi
606 4008 907 4065 apparere,
942 3990 1254 4046 falsitatem
1288 3991 1492 4047 fecere.
1517 3992 1788 4064 Quidam,
1823 3996 2010 4067 magis

351 4082 633 4155 eligentes
662 4080 885 4135 inﬁrmi
917 4095 1197 4151 apparere
1220 4096 1397 4150 quam
1429 4079 1651 4135 inﬁrmi
1684 4098 2004 4152 remanere,

349 4171 646 4227 medicum
676 4168 944 4223 adeundo
986 4166 1292 4222 veritatem
1339 4168 1543 4223 fecere.
1573 4169 1700 4226 Sive
1730 4186 1866 4241 ergo
1897 4172 2003 4241 illi,

351 4257 473 4314 sive
509 4256 609 4312 isti
659 4256 876 4327 pariter
919 4254 1291 4310 habebantur
1336 4256 1574 4313 inﬁrmi.
1609 4257 1720 4313 Sed
1768 4258 2004 4316 illorum

352 4361 528 4418 opera
556 4348 723 4400 erant
744 4342 897 4399 mala
928 4359 1031 4415 per
1057 4343 1393 4416 superbiam
1419 4345 1641 4401 medico
1673 4362 2002 4420 repugnan-

351 4433 500 4491 tium
533 4437 590 4489 et
617 4432 1018 4488 inﬁrmitatem
1045 4449 1215 4488 suam
1238 4433 1600 4504 negantium.
1626 4436 1875 4492 Istorum
1900 4455 2003 4494 au-

348 4526 470 4579 tem
500 4522 654 4578 bona
674 4538 776 4594 per
804 4520 1196 4577 humilitatem
1230 4522 1454 4577 medico
1476 4522 1806 4579 cedentium
1840 4532 1898 4583 et
1917 4526 2002 4583 in-

350 4611 689 4667 ﬁrmitatem
721 4627 888 4666 suam
921 4610 1346 4667 conﬁtentium.
1388 4610 1550 4674 Quod
1582 4611 1999 4685 planejudicio

2029 1947 2078 2011 B
2106 1947 2345 2016 desinit,
2379 1951 2844 2022 mandatumque
2889 1949 2990 2006 Dei
3022 1952 3263 2022 propter
3292 1964 3463 2004 suam
3493 1948 3778 2005 adiuven-

2116 2037 2446 2095 ventionem
2479 2039 2710 2094 irritum
2742 2038 2929 2094 facere
2965 2036 3282 2094 contendit.
3315 2037 3396 2092 Ex
3426 2053 3545 2109 qua
3568 2036 3778 2110 utique

2119 2128 2510 2198 generatione,
2542 2133 2600 2183 et
2630 2126 2713 2182 illi
2745 2131 2911 2183 erant
2938 2143 3086 2198 quos
3116 2126 3175 2181 in
3201 2125 3511 2199 Evangelia
3542 2125 3778 2182 Veritas

2121 2216 2402 2283 confutet,
2455 2217 2690 2273 dicens:
2721 2240 2742 2266 ι
2776 2216 2872 2270 Va:
2903 2216 3087 2284 vobis,
3122 2216 3323 2272 scribas
3382 2221 3439 2273 et
3494 2215 3775 2272 Pharisaei

2121 2304 2570 2377 hypocritm,qui
2601 2305 2794 2361 dicitis
2827 2322 2839 2361 :
2875 2305 2933 2361 Si
2967 2304 3102 2377 quis
3122 2304 3412 2377 juraverit
3439 2304 3497 2360 in
3529 2303 3775 2378 templo.

2123 2393 2268 2449 nihil
2299 2397 2416 2461 est;
2440 2394 2541 2465 qui
2570 2399 2764 2449 autem
2789 2394 3075 2465 juraverit
3094 2393 3154 2449 in
3178 2410 3320 2450 auro
3342 2392 3544 2466 templi
3575 2393 3775 2449 debet.

2122 2482 2287 2547 Czeci,
2314 2482 2465 2553 quid.
2489 2483 2681 2553 majus
2710 2487 2799 2537 est
2827 2499 2989 2550 auro,
3014 2499 3088 2537 an
3118 2482 3335 2554 templo
3366 2483 3519 2553 quod
3556 2482 3775 2537 sancti-

2124 2572 2259 2625 ﬁcat
2284 2571 2538 2625 aurum?
2566 2572 2634 2625 Et
2665 2571 3002 2643 quicunque
3023 2570 3307 2643 juraverit
3337 2570 3395 2625 in
3427 2569 3596 2625 altari
3627 2569 3780 2625 nihil

2124 2663 2231 2726 est,
2256 2659 2357 2731 qui
2405 2663 2601 2715 autem
2646 2660 2931 2732 juraverit
2960 2660 3017 2714 in
3050 2660 3220 2727 dono,
3255 2659 3413 2731 quod
3463 2662 3553 2714 est
3597 2675 3782 2729 super

2124 2748 2269 2802 illud
2301 2748 2490 2803 debet.
2514 2747 2680 2814 Czeci,
2704 2747 2845 2819 quid
2878 2748 3070 2819 majus
3102 2752 3189 2803 est
3219 2748 3463 2818 donum,
3486 2764 3560 2802 an
3591 2746 3780 2804 altare

2125 2837 2281 2908 quod
2342 2837 2665 2893 sanctiﬁcat
2719 2836 2993 2891 donum?
3033 2857 3061 2884 ››
3100 2836 3314 2904 (Matth.
3374 2852 3499 2901 xm,
3560 2836 3780 2907 16-19.)

2125 2925 2239 2981 Nec
2269 2925 2490 2997 injuria
2518 2925 2652 2980 caeci
2703 2929 2760 2980 et
2805 2925 3115 2997 hypocrita
3167 2925 3462 2991 dicuntur,
3496 2924 3779 2997 quoniam

2127 3015 2239 3087 legi
2273 3014 2477 3070 divina:
2527 3014 2821 3069 attestanti
2857 3030 2921 3069 :«
2955 3012 3299 3085 Quicunque
3344 3012 3602 3086 tetigerit
3628 3017 3781 3069 tem-

2129 3103 2287 3175 plum
2321 3109 2379 3159 et
2408 3102 2588 3158 altare
2613 3101 3073 3157 sanctiﬁcabitur
3093 3102 3283 3173 (Exod.
3316 3119 3470 3170 χχιχ,
3493 3103 3606 3175 37),
3628 3124 3656 3152 ››
3693 3102 3783 3159 sic

2129 3194 2513 3248 adversantur
2567 3195 2633 3246 ut
2684 3190 3056 3262 impudenter
3112 3191 3464 3264 persuadere
3512 3197 3783 3263 quierant

2129 3282 2588 3338 sanctiﬁcantem
2646 3278 2792 3334 nihil
2850 3295 3000 3345 esse,
3059 3280 3158 3335 sed
3217 3279 3343 3335 sola
3410 3280 3781 3337 sanctiﬁcata

2130 3369 2361 3443 pensari
2391 3373 2448 3424 et
2477 3367 2698 3425 attendi
2746 3368 2974 3424 debere.
3007 3368 3265 3433 Quorum
3310 3385 3590 3441 sequaces
3622 3386 3780 3425 nunc

2126 3458 2440 3515 Simoniaci
2474 3458 2615 3512 dum
2642 3457 3075 3530 redarguuntur
3102 3457 3172 3513 de
3193 3458 3671 3525 sanctiﬁcatione,
3696 3459 3779 3515 si-

2126 3565 2194 3605 ve
2224 3547 2295 3604 de
2325 3545 2750 3603 sanctiﬁcatore
2779 3545 3085 3601 hominum
3113 3545 3333 3619 Spiritu
3365 3551 3567 3603 sancto
3597 3562 3778 3618 nego-

2122 3637 2277 3705 tiari,
2312 3636 2381 3692 ad
2433 3634 2589 3690 aliud
2633 3634 2905 3690 falsitatis
2952 3652 3071 3691 sua:
3120 3635 3432 3711 angulum.
3459 3635 3782 3709 refugiunt,

2123 3725 2374 3795 indeque
2395 3724 2503 3779 has
2522 3740 2915 3795 supervacuas
2932 3724 3373 3781 excusationum
3393 3722 3637 3781 nebulas
3652 3740 3783 3780 evo-

2123 3817 2311 3869 munt.
2336 3812 2501 3868 Absit
2533 3817 2600 3867 ut
2632 3813 3031 3869 mercenarius
3062 3813 3560 3869 consecrationem
3592 3811 3779 3869 eccle-

2120 3903 2549 3971 siasticam,sed
2569 3901 2753 3958 solam
2773 3902 3203 3975 possessionem
3225 3901 3785 3970 ecclesiasticam,ac

2118 3993 2167 4049 si
2193 3996 2544 4065 praepostero
2568 3991 2810 4064 vestigio
2828 3990 3033 4048 callem
3056 3990 3480 4047 Pharisaeorum
3502 3992 3781 4058 terentes,

2116 4091 2377 4138 astruere
2398 4081 2753 4136 contendant
2772 4079 2961 4136 solum
2987 4078 3472 4134 sanctiﬁcaturem
3496 4074 3782 4151 honorari

2116 4170 2345 4237 debere,
2361 4170 2726 4225 sanctiﬁcata
2743 4174 2937 4225 autem
2957 4164 3101 4221 nihil
3118 4180 3243 4220 esse
3258 4163 3270 4216 ι
3288 4163 3579 4217 Adversus
3596 4177 3775 4232 quos,

2116 4258 2255 4330 quia
2280 4258 2565 4329 superiori
2598 4257 2926 4312 narratione
2949 4250 3437 4309 sanctiﬁcatorem
3457 4248 3777 4308 defendere

2112 4364 2218 4418 pro
2243 4346 2465 4403 viribus
2489 4345 2904 4409 laboravimus,
2929 4355 3083 4394 nunc
3105 4337 3411 4393 defensum
3444 4339 3526 4393 ire
3548 4341 3773 4396 sancti-

2112 4437 2301 4504 ﬁcata,
2328 4436 2595 4508 prmduce
2615 4433 2813 4490 eodem
2837 4428 3055 4500 Spiritu
3079 4430 3304 4492 sancto,
3328 4426 3763 4501 aggrediamur.

2184 4526 2250 4580 Et
2296 4527 2485 4596 primo
2536 4522 2681 4577 illud
2731 4517 2899 4591 quale
2931 4517 3009 4573 sit
3057 4515 3423 4585 eventiletur,
3456 4533 3573 4588 quo
3630 4534 3768 4590 pars

2111 4614 2483 4689 praefatorum
2545 4607 2968 4680 negotiatorum
3013 4623 3075 4664 se
3116 4605 3355 4678 quidem
3409 4604 3653 4679 palliare
3710 4610 3769 4663 et

349 4700 996 4774 deprehendituretiam
1018 4700 1076 4754 in
1101 4679 1654 4771 Simoniacis,inque
1671 4679 2002 4773 per'manus
2032 4679 2079 4743 D
2110 4679 2440 4761 defendere.
2474 4679 2750 4753 haeresem
2802 4712 2972 4752 suam
3023 4701 3125 4752 aut
3177 4699 3433 4751 statuere
3471 4698 3530 4751 et
3559 4693 3768 4750 conﬁr-

348 4806 576 4856 corum,
607 4794 673 4845 ut
718 4788 957 4855 dicitur,
1011 4787 1315 4854 ordinatis,
1363 4788 1505 4843 dum
1552 4805 1688 4860 pars
1734 4791 1999 4863 ipsorum

345 4878 654 4937 sententiis
672 4881 943 4935 sanctoru
955 4893 1010 4932 m
1026 4876 1261 4931 Patrum
1279 4880 1479 4932 contra
1490 4877 1853 4936 Simoniacos
1871 4899 2000 4953 pro-

343 4968 480 5025 latis
501 4968 799 5040 sapienter
826 4964 1163 5037 acquiescit,
1186 4969 1532 5039 reatumque
1553 4985 1728 5023 suum
1760 4968 1998 5025 humili-

340 5061 431 5113 ter
469 5056 846 5130 patefaciens,
898 5052 1184 5109 medelam
1234 5060 1660 5126 competentem
1708 5059 1994 5129 exposcit;

339 5163 478 5220 pars
509 5150 703 5202 autem
737 5142 1082 5217 insipienter
1102 5142 1418 5212 resultans,
1441 5143 1676 5217 culpam
1707 5163 1875 5202 suam
1898 5164 1996 5203 su-

340 5234 518 5308 perbe
548 5234 827 5302 defendit,
862 5232 1203 5304 medelaque
1234 5250 1295 5289 se
1327 5250 1442 5289 non
1480 5250 1646 5306 egere
1677 5237 1992 5292 contendit.

338 5324 457 5381 Nec
488 5322 726 5393 mirum,
749 5324 892 5379 dum
924 5320 1324 5394 proculdubio
1356 5322 1428 5377 ad
1460 5324 1894 5394 generationem
1928 5324 1995 5379 il-

341 5411 462 5467 lam
493 5412 781 5481 pertineat
811 5428 958 5483 quae,
989 5411 1313 5467 secundum
1347 5409 1741 5482 Salomonem,
1777 5415 1998 5469 munda

343 5499 458 5556 sibi
479 5498 727 5565 videtur,
753 5515 857 5553 nec
889 5504 1081 5554 tamen
1118 5499 1235 5553 lota
1254 5516 1287 5553 a
1309 5500 1582 5555 sordibus
1605 5502 1729 5557 suis
1750 5503 1998 5559 habetur

345 5586 532 5655 (Prov.
556 5603 688 5652 xxx,
722 5587 830 5656 12).
855 5588 988 5650 Quae
1020 5586 1160 5640 dum
1202 5603 1369 5641 suam
1412 5587 1726 5644 falsitatem
1758 5591 1997 5648 veritate

345 5673 681 5741 exsuperari
708 5676 765 5727 et
784 5672 1069 5727 confutari
1100 5673 1297 5740 sentit,
1322 5673 1551 5729 nebulis
1582 5677 1849 5749 obtegere
1881 5697 1997 5736 non

2110 4798 2270 4845 mare
2326 4791 2588 4853 conatur,
2635 4786 2948 4842 asserendo
2998 4804 3059 4842 se
3113 4784 3359 4840 minime
3414 4782 3766 4840 invisibilem

2108 4878 2358 4951 Spiritus
2389 4874 2577 4930 sancti
2623 4875 2895 4947 gratiam,
2931 4876 3034 4932 sed
3073 4872 3337 4931 visibiles
3386 4872 3765 4929 ecclesiarum

2109 4984 2201 5023 res
2229 4970 2458 5020 tantum
2490 4964 2674 5036 pretio
2727 4980 3107 5037 comparasse
3138 4980 3152 5018 :
3185 4962 3326 5035 quia
3372 4961 3618 5034 contigit
3665 4977 3764 5018 eos

2108 5052 2603 5112 consecrationem
2636 5071 2670 5109 a
2710 5052 3159 5126 metropolitano
3208 5051 3391 5124 gratis
3444 5049 3759 5122 accepisse.

2106 5143 2268 5208 Quod
2300 5159 2415 5198 non
2462 5146 2813 5208 assererent,
2841 5142 2891 5198 si
2923 5142 3130 5199 saltem
3163 5138 3479 5197 scintillam
3509 5137 3760 5210 alicujus

2111 5230 2451 5305 prudentiae,
2483 5248 2588 5288 seu
2632 5233 2879 5288 frontem
2911 5231 3162 5303 alicujus
3190 5227 3549 5285 verecundiae
3579 5226 3758 5283 habe-

2108 5324 2252 5376 rent.
2279 5320 2390 5377 Sed
2414 5321 2553 5394 quia
2573 5339 2678 5377 nec
2700 5320 2957 5392 sapiunt,
2983 5336 3088 5376 nec
3120 5320 3476 5376 erubescunt
3495 5316 3570 5372 ad
3591 5331 3759 5371 excu-

2108 5410 2324 5467 sandas
2370 5412 2775 5467 excusationes
2827 5409 2886 5463 in
2939 5408 3191 5481 peccatis
3221 5407 3393 5477 (Psal.
3424 5423 3550 5473 CXL,
3584 5405 3660 5476 4),
3691 5420 3758 5460 ex

2108 5501 2262 5556 foliis
2292 5501 2438 5556 ﬁcus
2468 5501 2558 5555 cui
2593 5497 2895 5554 maledixit
2926 5498 3208 5553 Dominus
3239 5494 3594 5568 perizomata
3624 5493 3757 5548 bre-

2106 5590 2217 5659 via,
2243 5595 2300 5646 et
2330 5589 2594 5654 volatica,
2617 5586 2773 5643 velut
2804 5587 3169 5659 protoplasti,
3193 5584 3345 5642 male
3365 5586 3678 5650 consuunt,
3700 5586 3757 5637 et

2107 5698 2141 5735 a
2171 5677 2441 5751 paradiso
2475 5676 2577 5733 Dei
2609 5693 2742 5732 eum
2797 5675 3167 5733 anathemate
3215 5672 3483 5745 ejiciendi
3531 5669 3754 5743 puden-
