4004 6210
214 344 364 411 1141

799 344 1211 410 ADVERSUS
1256 341 1722 408 SIMONIACOS
1763 342 1972 407 LIBRI
2015 339 2237 406 TRES.
2276 377 2352 391 -
2384 344 2616 407 LIBER
2658 341 3017 406 TERTIUS.

3454 337 3607 404 1142

215 478 309 537 dis
341 477 464 537 suis
495 483 814 553 opponunt.
848 478 1030 547 Unde,
1065 478 1208 550 quia,
1230 477 1340 533 hoc
1396 475 1641 551 pallium
1692 493 1854 534 men-
1884 476 1937 544 Α
1967 480 2154 548 parat,
2179 474 2291 531 nisi
2318 473 2614 532 licentiam
2647 473 2922 542 habendi,
2949 469 3270 546 equitandi,
3301 476 3357 528 et
3388 471 3608 530 facien-

216 568 366 626 dacii
392 587 590 626 eorum
615 570 784 626 breve
806 574 913 638 est,
939 575 1253 641 utrumque
1271 569 1480 642 operiri
1505 587 1619 624 non
1642 571 1853 641 potest,

217 658 521 731 quoniam,
553 658 602 714 si
634 675 698 714 eo
722 663 896 731 caput
929 663 1265 730 coopertum
1291 658 1358 713 iri
1391 661 1638 723 tentant,
1681 657 1856 729 pedes

221 764 353 803 mox
423 748 667 802 nudant.
720 748 880 811 Quod
942 746 990 801 si
1030 747 1225 818 'pedes
1279 747 1634 818 cooperiunt,
1686 749 1859 817 caput

215 834 994 906 simuldiscooperiunt.Aut
1024 835 1180 889 enim
1204 835 1459 890 exinitio
1513 840 1695 889 autex
1745 835 1857 888 line

215 925 364 978 actio
390 941 490 978 seu
511 923 754 978 intentio
771 924 1336 979 eorumdenudatur.
1362 925 1418 978 Si
1459 925 1617 979 enim
1666 923 1855 979 solum

211 1013 656 1086 patrimonium,
683 1030 782 1067 seu
827 1029 1065 1067 censum
1092 1013 1358 1068 Ecclesia}
1395 1030 1733 1085 comparare
1760 1028 1858 1067 vo-

211 1099 469 1167 luerunt,
495 1117 673 1172 quare
701 1117 805 1155 nec
827 1118 990 1156 mora
1010 1107 1142 1172 post
1162 1103 1553 1157 venditionem
1605 1107 1660 1157 et
1703 1119 1859 1172 emp-

213 1189 433 1245 tionem
457 1190 654 1244 sedem
673 1189 927 1261 episcopi
967 1193 1026 1245 et
1050 1192 1453 1246 auctoritatem
1505 1193 1631 1262 ejus
1681 1191 1855 1245 etiam

215 1294 330 1333 non
359 1277 677 1332 consecrati
701 1277 1028 1332 invadunt?
1050 1279 1163 1333 Cur
1186 1281 1256 1333 de
1293 1279 1551 1335 inferiori
1570 1281 1640 1334 ad
1684 1296 1854 1350 supc-

217 1365 427 1420 riorem
447 1365 694 1436 gradum
714 1365 1072 1436 prosiliunt?
1093 1366 1207 1420 Cur
1223 1366 1854 1438 episeopalejudicium

214 1458 272 1509 et
290 1452 604 1509 consilium
627 1469 804 1526 super
825 1454 1229 1526 delinquentes
1252 1455 1594 1526 proferunt?
1614 1471 1728 1525 quo
1750 1455 1851 1508 de-

213 1542 337 1598 bito
360 1543 883 1610 consecrationem,
905 1543 1183 1598 canonice
1207 1543 1404 1598 electis
1437 1544 1506 1597 ad
1561 1543 1857 1614 episcopa-

212 1636 342 1686 tum
366 1632 642 1695 dandam,
667 1635 961 1702 expetunt,
989 1631 1100 1685 nisi
1121 1631 1258 1702 quia
1283 1631 1716 1702 possessionem
1765 1648 1857 1686 ec-

213 1719 600 1774 clesiasticam
625 1723 932 1786 retentant,
965 1719 1316 1790 quamprius
1339 1724 1701 1785 coemerunt,
1752 1736 1857 1774 nec

213 1823 571 1879 quemquam
595 1822 770 1877 super
791 1823 851 1862 se
889 1805 1192 1861 ecclesiam
1224 1812 1641 1878 occupaturum
1678 1808 1856 1862 conﬁ-
1891 1844 1936 1907 B

213 1895 390 1951 dunt?
419 1894 524 1961 Qui
550 1894 597 1949 si
621 1896 691 1949 ad
715 1894 822 1949 hoc
845 1899 1071 1950 tantum
1103 1894 1526 1951 ecclesiasticas
1556 1895 1860 1952 facultates

211 1985 554 2054 comparant
577 1987 641 2037 ut
658 1982 740 2037 eis
761 1987 1019 2047 utantur,
1044 1999 1224 2054 quare
1247 2001 1362 2038 non
1386 1983 1640 2039 contenti
1658 1999 1862 2039 earum

213 2089 346 2141 usu,
385 2071 624 2142 insuper
653 2071 1143 2138 benedictionem,
1179 2089 1353 2142 quam
1389 2089 1450 2127 se
1480 2091 1594 2127 non
1627 2090 1860 2144 compa-

213 2176 373 2216 rasse
404 2159 626 2224 dicunt,
660 2159 1033 2231 impudenter
1061 2161 1301 2232 exigunt
1321 2162 1452 2216 ‘lsed
1476 2162 1671 2217 fortes.
1706 2162 1857 2233 quod

212 2266 328 2304 non
361 2252 520 2320 puto,
554 2247 747 2302 dicent
796 2265 877 2315 se,
926 2250 1160 2319 quando
1213 2249 1428 2320 praedia
1469 2249 1862 2305 ecclesiastica

213 2340 502 2402 emerunt,
526 2337 780 2392 nescisse
811 2353 872 2391 se
912 2338 984 2391 ob
1033 2337 1139 2392 hoc
1187 2339 1360 2392 etiam
1412 2338 1860 2408 consecrandos,

213 2429 312 2483 sed
330 2432 609 2498 tanquam
623 2425 804 2482 laicos
819 2443 945 2497 quae
959 2431 1218 2482 emerant
1235 2435 1470 2499 putasse
1486 2444 1859 2500 possessuros

212 2515 534 2571 Monstrent
555 2530 692 2586 ergo
709 2515 984 2570 omnibus
1008 2532 1067 2571 se
1091 2520 1228 2571 tunc
1254 2517 1530 2584 nescisse,
1555 2521 1610 2572 et
1631 2518 1860 2571 cessent

213 2602 596 2676 episcopalem
624 2603 870 2674 gratiam
895 2604 1122 2676 exigere
1144 2623 1157 2670 ;
1178 2622 1372 2677 quam.
1395 2606 1645 2677 pretium
1666 2605 1856 2659 dando

212 2710 317 2765 pro
349 2693 522 2748 rebus
545 2691 973 2760 ecclesiasticis,
1010 2710 1113 2748 nec
1136 2695 1469 2766 cogitabant
1501 2736 1514 2760 ,
1539 2711 1640 2749 nec
1672 2695 1856 2766 exige-

214 2782 373 2837 bant.
409 2783 476 2836 Et
500 2781 765 2853 quamvis
790 2798 923 2835 cum
955 2783 1258 2855 sacrilegio
1289 2783 1545 2839 habeant
1576 2782 1699 2839 sola
1727 2800 1854 2854 quae

212 2874 718 2941 comparaverunt,
752 2886 856 2925 nec
904 2870 1012 2925 sibi
1055 2871 1186 2926 inde
1224 2871 1519 2942 justitiam
1569 2873 1856 2943 episcopis

212 2958 470 3014 debitam
505 2964 886 3030 praesumant,
913 2960 1037 3028 sed,
1057 2960 1208 3014 sicut
1236 2959 1388 3027 laici,
1414 2977 1530 3015 non
1553 2960 1740 3015 solum
1789 2976 1856 3015 ex

213 3045 638 3112 beneﬁciis,sed
659 3046 834 3101 etiam
861 3064 928 3102 ex
955 3048 1189 3119 praediis
1211 3049 1299 3104 sui
1325 3048 1609 3120 quidquid
1633 3048 1855 3120 episco-

211 3152 419 3209 porum
445 3134 793 3207 persolvant.
819 3135 1144 3191 Demittant
1166 3137 1260 3192 alii
1283 3137 1539 3208 accipere
1562 3154 1855 3192 consecra-

1965 565 2020 620 di
2039 565 2174 621 inde
2196 566 2332 638 quid
2358 564 2528 620 vult?
2548 564 2733 620 Aliter
2753 565 2908 620 enim
2934 561 3177 635 quilibet
3200 562 3338 634 quid
3381 578 3610 634 compa-

1965 659 2055 710 rat
2077 659 2098 711 ?
2118 656 2358 711 Constat
2377 671 2511 726 ergo
2528 654 2629 723 nil,
2651 653 2762 708 nisi
2786 652 3080 708 licentiam
3103 649 3190 706 vel
3215 667 3387 704 usum
3412 666 3608 705 rerum

1966 761 2091 816 quae
2144 747 2414 808 veneunt,
2474 743 2819 813 comparari.
2879 739 3265 806 Quamobrem
3341 737 3611 792 desinant

1966 832 2279 887 Simoniaci
2304 832 2560 887 latrones
2583 830 2978 886 damnationis
3003 847 3120 884 sua:
3145 825 3470 900 patibulum
3510 827 3608 880 de-

1966 921 2160 976 albare
2184 921 2329 987 ;imo
2353 921 2489 992 quia
2509 921 2807 992 parricida:
2827 923 2882 974 et
2904 918 3210 972 fratricida:
3250 919 3409 982 sunt,
3459 912 3608 968 cule.

1968 1027 2088 1075 um,
2115 1027 2228 1081 quo
2250 1009 2522 1064 insuendi
2543 1015 2598 1063 et
2621 1008 3049 1081 puniendisunt
3089 1007 3306 1061 frustra
3327 1019 3608 1075 superun-

1969 1115 2120 1169 gere,
2148 1103 2204 1152 et
2241 1099 2478 1151 tandem
2511 1101 2596 1153 vel
2631 1115 2758 1154 sero
2808 1097 3036 1151 discant
3091 1111 3149 1150 se
3200 1111 3312 1149 non
3371 1106 3607 1164 posses-

1968 1187 2159 1242 siones
2185 1186 2624 1253 ecclesiasticas,
2653 1187 2751 1242 sed
2777 1185 2962 1241 solam
2985 1183 3281 1239 licentiam
3304 1179 3612 1254 possiden~

1968 1275 2024 1330 di
2049 1292 2436 1347 comparasse.
2471 1279 2603 1341 Quae
2637 1275 2868 1330 licentia
2899 1273 3225 1329 benedictio
3268 1274 3361 1327 est
3390 1269 3609 1342 episco-

1969 1364 2137 1434 palis,
2165 1368 2443 1435 tanquam
2472 1363 2836 1436 privilegium
2863 1361 3436 1436 possessionis.Certe
3459 1358 3609 1414 sicu-

1967 1452 2024 1509 bi
2058 1453 2316 1508 locorum
2341 1453 2598 1508 edictum
2631 1454 2714 1509 sic
2749 1454 3261 1525 proponeretur,ut
3287 1449 3346 1504 in
3381 1451 3610 1521 praeter-

1967 1541 2168 1597 missis
2200 1543 2622 1611 observaretur,
2651 1561 2719 1597 ne
2768 1543 2906 1613 quid
2956 1539 3223 1595 videlicet
3279 1538 3404 1594 sine
3463 1535 3607 1592 sub-

1967 1631 2280 1701 scriptione
2312 1631 2479 1702 rcgia:
2511 1649 2722 1685 manus
2763 1649 2795 1685 a
2829 1648 2941 1702 quo
2985 1629 3129 1684 inibi
3188 1627 3604 1699 possideretur,

1967 1719 2104 1790 quid
2141 1719 2419 1774 dicendus
2450 1724 2603 1774 esset
2634 1718 2843 1790 aliquis
2873 1735 3073 1774 eorum
3098 1720 3232 1789 jure
3271 1731 3604 1788 comparas-

1969 1825 2029 1863 se
2060 1808 2173 1861 nisi
2207 1807 2389 1862 solam
2423 1807 2911 1879 subscriptionem
2943 1807 3187 1878 regiam,
3247 1805 3365 1860 sive
3423 1803 3605 1876 gratis

1969 1895 2085 1951 sive
2118 1913 2231 1950 non
2263 1896 2444 1967 gratis
2475 1913 2602 1951 eam
2635 1900 3088 1967 consequeretur
3112 1895 3140 1948 ?
3192 1893 3392 1965 Neque
3449 1893 3606 1948 enim

1970 1985 2094 2040 sine
2127 1984 2225 2039 illa
2261 1984 2630 2055 licentiajuri
2665 1985 2794 2054 ejus
2825 1985 3051 2038 cederet
3072 1982 3387 2054 possessio,
3407 1997 3606 2053 quam-

1967 2071 2052 2128 vis
2083 2077 2435 2144 comparata.

2043 2163 2240 2233 Itaque
2273 2160 2655 2233 principalius
2696 2160 2952 2227 licentia,
2985 2159 3104 2215 sive
3158 2157 3436 2231 gratuita,
3489 2157 3609 2212 sive

1969 2256 2186 2323 empta,
2220 2251 2522 2306 dominum
2556 2249 2948 2322 possessionis
2977 2249 3034 2303 in
3070 2247 3317 2304 alterum
3359 2245 3606 2302 transle-

1968 2344 2067 2411 gat
2089 2356 2228 2410 qum
2256 2339 2546 2410 possessio
2570 2356 2848 2394 concessa
2866 2337 2954 2393 vel
2977 2353 3065 2394 em
3078 2340 3170 2408 pta
3189 2333 3608 2391 licentiam.Sic

1967 2427 2313 2499 episcopalis
2335 2427 2592 2500 dignitas
2606 2428 2798 2499 potius
2821 2425 3454 2499 possessionem,quam
3481 2439 3610 2495 pos-

1967 2517 2149 2572 sessio
2174 2516 2560 2588 episcopalem
2587 2516 2930 2587 dignitatem
2955 2515 3066 2570 sibi
3088 2514 3362 2569 vindicat.
3422 2514 3493 2568 Et
3521 2515 3606 2567 ta-

1967 2622 2099 2660 men
2132 2604 2244 2661 tale
2267 2610 2354 2660 est
2375 2605 2698 2677 episcopale
2721 2605 2981 2660 ofﬁcium
3006 2607 3070 2658 ut
3093 2603 3219 2658 sine
3244 2602 3355 2670 his,
3389 2600 3607 2672 quibus

1967 2695 2137 2749 debet
2159 2695 2437 2765 impendi,
2459 2695 2541 2749 vel
2566 2694 2851 2760 adhiberi,
2877 2709 2990 2748 non
3019 2692 3093 2748 sit
3142 2691 3422 2758 officium,
3446 2688 3605 2744 velut

1967 2783 2012 2838 si
2035 2785 2167 2854 quis
2194 2785 2420 2838 dicatur
2441 2783 2653 2838 habere
2675 2782 2971 2838 licentiam
2995 2797 3199 2855 agrum
3223 2778 3531 2848 colendi,et
3551 2777 3604 2834 ei

1966 2888 2104 2943 ager
2124 2889 2295 2942 quem
2320 2871 2652 2927 colatdesit.
2673 2872 2874 2926 Nonne
2895 2889 2962 2926 ea
2984 2870 3216 2926 licentia
3249 2884 3607 2941 supervacua

1966 2964 2054 3014 est
2074 2964 2129 3014 et
2151 2960 2312 3016 nulla
2331 2960 2358 3014 ?
2380 2960 2507 3015 Pari
2530 2960 2791 3031 exemplo
2837 2960 3166 3031 episcopus,
3199 2958 3300 3030 qui
3353 2959 3607 3030 superin-

1964 3049 2188 3104 tendens
2220 3049 2455 3116 dicitur,
2491 3049 2690 3104 nullus
2721 3050 2852 3117 erit,
2896 3049 2945 3104 si
2979 3049 3029 3103 ei
3087 3046 3336 3103 defuerit
3392 3046 3610 3118 quibus

1965 3138 2428 3210 superintendat.
2469 3138 2531 3191 Et
2565 3138 2702 3209 quid
2737 3137 2904 3209 plura
2933 3137 2961 3192 ?
2993 3135 3286 3208 Quidquid
3317 3134 3610 3206 insepara-

210 3208 452 3292 tionem,
486 3223 877 3296 episcopalem
904 3226 1336 3291 auctoritatem,
1371 3227 1702 3281 animarum
1728 3243 1859 3297 pro-
1896 3208 1937 3272 (ἶ
1969 3208 2163 3281 bilitcr
2193 3226 2522 3281 continetur
2553 3208 2597 3281 ad
2617 3208 2895 3298 quolibet,
2932 3230 3207 3281 neutrum
3241 3241 3442 3280 eorum
3488 3223 3615 3279 sine

212 3312 598 3381 curationem,
635 3329 760 3384 qua:
793 3313 992 3384 procul
1028 3314 1204 3369 dubio
1253 3315 1586 3385 spiritualia
1617 3319 1775 3382 sunt,
1809 3318 1864 3370 et

212 3399 529 3458 invisibilis
556 3401 774 3472 gratim.
804 3401 914 3456 Sed
940 3408 1368 3473 recognoscunt
1427 3403 1580 3474 quod
1645 3403 1860 3473 utique,

217 3494 532 3561 antequam
563 3489 1028 3560 negotiarentur,
1060 3496 1459 3561 cognoverunt
1508 3491 1580 3545 ad
1639 3492 1866 3562 episco-

215 3596 324 3652 pos
347 3595 438 3632 res
460 3576 863 3632 ecclesiarium
888 3578 1196 3649 pertinere,
1225 3584 1279 3633 et
1299 3596 1360 3632 se
1383 3579 1511 3633 illas
1533 3579 1702 3634 aliter
1750 3597 1863 3633 non

215 3681 389 3740 posse
412 3664 679 3730 retinere,
704 3664 818 3718 nisi
843 3665 952 3720 sub
974 3666 1286 3737 episcopali
1302 3665 1500 3720 habitu
1526 3672 1580 3721 et
1606 3667 1863 3732 nomine,

218 3752 716 3812 consecrationem
743 3769 920 3824 quam
977 3753 1036 3806 in
1079 3753 1211 3808 aliis
1273 3754 1646 3809 ecclesiarum
1702 3754 1868 3809 bonis

221 3844 386 3918 prius
414 3845 702 3908 emerunt,
735 3842 894 3897 velut
925 3840 1037 3895 sibi
1061 3842 1194 3912 jure
1227 3842 1482 3896 debitam
1542 3842 1866 3914 requirunt.

219 3933 447 3998 Nonne,
480 3947 615 3986 cum
649 3929 780 4002 quis
810 3929 997 3984 laicus
1030 3929 1265 3996 fundos,
1301 3934 1401 3985 aut
1433 3929 1596 3986 lacus
1636 3948 1870 4003 compa-

224 4026 335 4090 rat,
369 4019 589 4094 pariter
615 4036 848 4092 quoque
897 4019 1182 4091 quidquid
1219 4018 1329 4074 sibi
1365 4019 1498 4074 inde
1529 4020 1709 4092 gratis
1740 4038 1871 4092 pro-

223 4110 420 4166 veniet
448 4114 748 4182 comparat
776 4109 804 4164 ?
829 4113 1034 4164 Nonne
1077 4109 1252 4163 etiam
1310 4108 1497 4179 ipsam
1557 4108 1869 4179 culturam,

229 4217 348 4273 qua
375 4199 809 4272 possessionem
843 4201 1088 4266 exercet,
1118 4197 1460 4270 comparat?

895 4305 1130 4361 CAPUT
1169 4305 1234 4359 ΙΙ.

307 4395 683 4467 Comprobatio
711 4395 797 4449 nil
824 4394 1074 4519 proldease
1099 4395 1489 4475 possessionem
1507 4396 1626 4448 sine
1642 4395 1813 4466 privi-

937 4481 1053 4519 cmo
1084 4481 1220 4519 eius.

937 4481 1053 4536 egw
1084 4481 1220 4536 ejus.

1973 3314 2154 3370 altero
2187 3315 2354 3369 vcndi
2387 3320 2440 3370 et
2473 3316 2799 3387 comparari
2854 3314 3024 3369 valet.
3089 3313 3358 3369 Continet
3417 3315 3613 3368 autem

1975 3403 2320 3475 episc0palis
2353 3403 2608 3476 dignitas
2642 3421 2729 3459 res
2765 3408 2874 3458 Deo
2915 3406 3174 3458 sacratas
3209 3420 3220 3470 ;
3284 3400 3617 3456 continetur

1975 3507 2208 3563 quoque
2240 3494 2310 3546 ab
2345 3493 2449 3558 eis,
2485 3493 2601 3546 imo
2634 3493 2692 3546 in
2725 3492 2830 3559 eis,
2862 3495 2927 3545 ut
2983 3495 3123 3562 puta
3151 3493 3207 3545 et
3252 3490 3380 3560 ipsa
3409 3505 3444 3542 a
3498 3487 3614 3542 Deo

1981 3584 2337 3648 consecrata,
2370 3597 2434 3634 ac
2458 3581 2506 3634 si
2540 3580 2800 3650 quolibet
2824 3579 3155 3649 subjectum
3188 3576 3270 3632 sic
3327 3592 3436 3631 sua
3465 3574 3612 3630 acci-

1981 3667 2177 3721 dentia
2209 3667 2500 3721 contineat
2533 3672 2596 3721 ut
2627 3667 2681 3721 id
2715 3683 2946 3738 quoque
2986 3667 3059 3721 ab
3117 3665 3262 3737 ipsis
3321 3662 3616 3736 principa-

1980 3755 2096 3810 lius
2113 3752 2496 3810 contineatur.
2516 3755 2677 3810 Undc
2704 3755 2854 3810 sicut
2878 3753 2934 3809 in
2961 3754 3238 3810 omnibus
3261 3753 3434 3808 rebus
3479 3750 3618 3808 visi-

1981 3843 2620 3914 libusquandocunque
2645 3843 2948 3912 vendetur,
3001 3859 3114 3898 non
3171 3845 3402 3897 tantum
3462 3839 3621 3912 ipsa-

1986 3949 2116 3987 rum
2144 3931 2394 3986 visibilis
2426 3930 2692 4000 materia,
2724 3936 3007 4003 quantum
3069 3926 3538 3986 substantialiter
3567 3932 3624 3983 et

1987 4021 2332 4087 accidentia,
2364 4038 2487 4092 quae
2521 4020 2722 4092 utique
2751 4035 2854 4092 per
2885 4036 2946 4076 se
2984 4018 3240 4075 visibilia
3295 4021 3436 4075 sunt
3486 4033 3626 4072 ven-

1989 4111 2228 4176 duntur,
2262 4108 2396 4165 licet
2426 4114 2698 4164 neutrum
2732 4109 2858 4165 sine
2890 4109 3069 4164 altero
3106 4108 3278 4164 vendi
3331 4105 3625 4178 patiatur;

1991 4200 2075 4255 sic
2107 4203 2162 4254 ct
2192 4199 2249 4252 in
2280 4200 2454 4254 rebus
2483 4199 2599 4254 Deo
2631 4199 3001 4266 consecratis,
3053 4197 3112 4253 in
3171 4196 3387 4268 quibus
3441 4193 3631 4266 magis

1995 4288 2372 4354 consecratio,
2407 4304 2607 4343 eorum
2631 4287 2720 4343 vel
2753 4287 3159 4355 Sanctiﬁcatio,
3195 4303 3321 4358 quae
3368 4288 3459 4340 est
3503 4281 3632 4355 Spi-

1992 4377 2146 4432 ritus
2178 4378 2363 4432 sancti
2396 4377 2584 4449 gratia
2614 4394 2717 4449 per
2748 4393 2810 4432 se
2842 4377 3077 4450 quidem
3101 4373 3413 4431 invisibilis
3433 4372 3636 4430 vendi-

1993 4471 2108 4531 tur,
2146 4465 2281 4520 licet
2313 4483 2546 4538 quoque
2607 4467 2744 4539 ipsae
2806 4483 2897 4522 res
2957 4465 3306 4522 vendantur.
3353 4462 3638 4534 Denique,

309 4553 366 4608 Si
400 4553 555 4608 enim
589 4553 880 4609 culturam
914 4553 1127 4625 ipsam,
1159 4553 1278 4607 imo
1311 4550 1603 4607 licentiam
1632 4552 1880 4608 habendi
1918 4574 1963 4637 D
1995 4554 2150 4610 verbi
2186 4556 2391 4626 gratia,
2427 4555 2526 4626 qui
2559 4556 2823 4611 arborem
2857 4559 3176 4627 comparat,
3199 4553 3388 4625 magis
3409 4551 3458 4608 ei
3481 4567 3637 4606 com-

234 4646 294 4699 et
324 4640 545 4697 colendi
571 4660 682 4698 non
709 4647 1028 4715 comparat,
1056 4641 1347 4714 possessio
1380 4647 1713 4713 comparata
1747 4643 1886 4713 quid

235 4730 530 4788 commodi
554 4730 602 4786 ei
629 4737 868 4804 praestat
900 4731 1184 4786 PVidetur
1217 4730 1372 4785 enim
1408 4730 1486 4784 nil
1520 4730 1677 4786 aliud
1708 4748 1884 4802 quam

237 4839 360 4878 suae
393 4821 652 4893 pecuniae
678 4821 974 4892 jacturam
1008 4819 1260 4874 voluisse
1285 4820 1490 4887 facere,
1535 4824 1590 4874 et
1645 4819 1887 4892 insuper

237 4928 356 4967 suae
381 4926 659 4981 personas,
682 4914 739 4965 et
768 4910 892 4964 suis
925 4909 1162 4964 acerbas
1210 4908 1478 4978 injurias,
1502 4913 1558 4963 et
1591 4908 1888 4965 molestias

241 4998 986 5070 emisse;quandocunque
1022 5000 1338 5069 praesumet
1385 5013 1648 5052 exercere
1699 4997 1886 5052 cultu-

242 5103 392 5153 ram,
416 5104 590 5158 quam
614 5088 670 5142 in
691 5089 1024 5158 comparato
1052 5085 1226 5139 fundo
1248 5101 1362 5139 non
1386 5085 1892 5156 comparavit.Qua

241 5195 314 5234 ex
335 5193 393 5233 re
414 5180 645 5232 constat
666 5173 1019 5232 omnimodis
1041 5173 1271 5228 nullum
1297 5177 1600 5244 potentum
1621 5174 1738 5229 imo
1761 5175 1889 5229 nul-

241 5267 369 5323 lum
393 5266 700 5322 hominum
716 5279 1054 5335 comparare
1081 5263 1138 5317 in
1164 5262 1336 5316 rebus
1362 5261 1890 5329 verisimilibus,ni-

243 5355 294 5412 si
319 5355 473 5427 quod
493 5355 741 5423 videtur,
765 5353 922 5409 verbi
949 5352 1156 5424 gratia,
1182 5355 1484 5421 comparat
1508 5351 1641 5421 quis
1688 5369 1890 5406 nume-

244 5461 410 5500 rosas
433 5442 1186 5516 urbes,provincias,regna.
1215 5438 1362 5502 Quid
1389 5438 1446 5492 in
1472 5439 1562 5493 bis
1589 5456 1891 5511 compara-

243 5533 346 5600 vit,
369 5533 480 5590 nisi
504 5533 798 5590 licentiam
822 5529 1073 5587 habendi
1096 5533 1152 5583 et
1176 5526 1561 5581 dominandi?
1581 5529 1662 5581 Ad
1712 5528 1895 5583 mino-

246 5639 313 5679 ra
331 5623 620 5679 veniatur.
642 5624 954 5694 Comparat
975 5617 1107 5691 quis
1127 5632 1380 5687 equum;
1407 5616 1546 5687 quid
1571 5615 1628 5669 in
1648 5632 1713 5670 eo
1737 5633 1893 5671 corn-

2001 4646 2166 4714 parat
2197 4645 2324 4713 ejus
2346 4644 2614 4710 formam,
2640 4644 2860 4699 scliicet
2880 4643 3310 4715 proceritatem,
3352 4639 3637 4712 grossitu-

1998 4731 2219 4796 dinem,
2239 4736 2314 4796 ct,
2341 4736 2404 4785 ut
2426 4731 2678 4787 breviter
2707 4733 2955 4797 dicatur,
2989 4731 3376 4802 quantitatem
3425 4728 3552 4798 ejus
3583 4732 3641 4784 et

2001 4818 2366 4890 qualitatem,
2401 4837 2526 4890 qua:
2559 4837 2661 4891 per
2689 4837 2750 4874 se
2781 4826 2917 4876 sunt
2938 4819 3276 4882 invisibilia,
3301 4832 3476 4888 quam
3500 4815 3640 4870 sub-

1990 4909 2208 4979 jectam
2233 4906 2504 4961 sensibus
2530 4925 2630 4978 per
2652 4907 2868 4963 formas
2892 4905 3279 4963 materiam.Si
3302 4904 3402 4976 qui
3424 4919 3642 4974 equum

2009 4998 2090 5052 sic
2125 4996 2223 5068 qui
2257 4995 2502 5050 fundum
2535 5001 2592 5051 et
2614 5013 2974 5067 quaecunque
3005 4993 3343 5065 hujusmodi
3377 4995 3532 5047 sunt.

2628 5102 2864 5156 CAPUT
2909 5103 2999 5157 ΙΙΙ.

2000 5195 2074 5248 De
2102 5192 2366 5247 sententia
2394 5189 2847 5245 Chalcedonensis
2882 5191 3104 5245 concilii
3135 5196 3326 5244 contra
3355 5185 3646 5257 supradic-

2770 5269 2867 5317 tos.

2073 5351 2182 5406 Sed
2206 5351 2325 5419 jam
2353 5348 2730 5403 multifariam
2757 5348 3102 5421 deprehensi
3134 5353 3190 5404 et
3241 5344 3521 5403 confutati
3552 5361 3646 5401 as-

2004 5438 2168 5495 seclae
2193 5437 2449 5492 Simonis
2468 5437 2640 5507 Magi,
2667 5437 2900 5493 frivolas
2923 5422 3182 5506 technas,
3205 5435 3418 5508 quibus
3457 5433 3648 5491 larvas

2006 5527 2300 5582 naturales
2329 5529 2385 5580 et
2414 5544 2578 5580 veras
2603 5526 2776 5581 facies
2800 5545 2938 5582 suas
2977 5526 3296 5598 ob'tegendo
3353 5540 3648 5596 quoscun-

2007 5632 2118 5687 que
2141 5619 2386 5686 possunt
2421 5615 2658 5687 impune
2709 5616 2974 5672 derident
3015 5621 3072 5672 et
3118 5614 3422 5682 deludunt,
3472 5614 3649 5686 depo-
