4004 6210
410 375 568 446 1143

402 602 705 661 delusoros
730 609 876 659 Deus
897 602 1283 669 illudet.Quos
1306 604 1440 659 licet
1457 604 1921 676 praecedentibus
1941 603 2047 657 hu-

401 711 585 750 manae
609 694 861 748 scientiae
885 694 1492 764 argumentationibus
1515 693 1923 766 quaesierimus
1954 709 2043 747 ar-

399 798 596 856 guere,
629 782 917 837 habemus
946 786 1143 836 tamen
1176 781 1233 835 in
1267 786 1539 854 promptu
1572 782 1799 837 divinas
1818 785 2045 835 sancto-

400 889 533 928 rum
563 872 801 927 Patrum
824 870 1161 935 sententias,
1216 887 1343 942 quae
1398 871 1531 925 solae
1586 870 1888 925 sufﬁciunt
1945 886 2047 925 ora

399 977 601 1018 eorum
634 960 911 1032 oppilare,
945 963 1001 1014 et
1030 960 1565 1029 tergiversationem
1598 959 1822 1014 sistere.
1850 958 2043 1030 Siqui-

400 1050 532 1107 dem
564 1052 765 1105 sancta
792 1053 848 1104 et
876 1048 1223 1103 universalis
1254 1049 1510 1120 synodus
1555 1047 2046 1103 Chalcedonensis

398 1139 471 1211 (θ’
496 1139 551 1210 2)
581 1136 845 1193 unanimi
902 1153 1192 1191 consensu
1250 1137 1516 1192 eamdem
1575 1152 1751 1207 super
1808 1152 2039 1190 reconc-

402 1243 589 1295 mum,
621 1226 677 1281 id
711 1230 798 1281 est
827 1225 1287 1297 dispensatorem
1323 1242 1425 1298 per
1472 1225 1749 1298 pecunias
1807 1240 2038 1296 promo-

399 1319 526 1373 tum
551 1314 1236 1381 sentcntiamintcntavit,
1262 1331 1439 1385 quam
1471 1331 1645 1387 super
1697 1313 2036 1385 episcopum

397 1405 487 1462 vel
522 1406 943 1478 presbyterum,
962 1407 1314 1474 cmterosque
1334 1403 1631 1458 ministros
1653 1402 1934 1457 clericalis
1959 1419 2047 1456 or-

400 1493 579 1559 dinis,
604 1492 823 1547 scilicet
847 1495 908 1546 ut
964 1496 1261 1563 promotor
1318 1492 1662 1563 deponatur,
1696 1495 1752 1545 et
1810 1505 2043 1561 promo-

399 1587 499 1639 tus
530 1582 756 1638 alienus
787 1581 864 1636 sit
894 1598 927 1635 a
957 1580 1367 1650 sollicitudine,
1401 1597 1577 1652 quam
1601 1579 1858 1651 pecuniis
1882 1594 2041 1647 quae-

401 1671 555 1738 sivit,
579 1675 637 1726 et
668 1669 1014 1727 mediatorcs
1039 1674 1156 1724 tam
1188 1671 1375 1740 turpis
1414 1686 1479 1723 ac
1512 1668 1745 1723 nefandi
1804 1665 1946 1729 dati,
1981 1668 2039 1718 et

400 1759 641 1832 accepti,
665 1759 711 1813 si
746 1758 937 1813 clerici
959 1759 1193 1829 fuerint,
1220 1759 1603 1830 deponantur.
1631 1755 1687 1809 Si
1715 1770 1847 1809 vero
1898 1752 2031 1807 laici

1466 373 1875 445 HUMBERTI
1917 376 1980 440 S.
2028 374 2101 440 Β.
2147 375 2219 441 E.
2265 373 2757 444 CABDINALIS.

405 508 631 587 nant,et
652 518 751 571 aut
770 510 1137 585 resipiscant,
1154 516 1254 570 aut
1270 511 1377 569 soli
1402 512 1896 587 pereant,sensuri
1910 513 2047 586 quia
2075 510 2130 578 Α

3654 380 3820 444 H44

2786 513 3016 572 CAPUT
3054 513 3148 572 IV.

2154 656 2229 712 De
2282 657 2720 730 sanctiﬁcatione
2789 660 3166 730 sanctiﬁcante
3221 674 3307 714 res
3380 657 3776 714 ecclesiasticas
3800 699 3816 726 ,

2224 727 2677 810 sabscqueniz‘bus
2723 728 2851 786 inde
2907 727 3224 787 sanctorum
3279 731 3508 785 Patrum
3564 732 3817 786 testimo-

2227 815 2361 853 nus.

2227 958 2389 1013 Unde
2418 975 2533 1013 non
2567 958 2788 1014 mirum
2848 960 2897 1015 si
2962 960 3335 1033 dispensator
3384 960 3817 1032 cujuscunque,

2156 1045 2685 1118 quantulaecunque
2744 1047 2825 1103 rei
2886 1048 3291 1105 ecclesiasticae
3348 1065 3451 1120 per
3502 1048 3817 1121 pecuniam

2154 1139 2476 1207 promotus,
2510 1134 2744 1190 etiamsi
2779 1152 2896 1190 non
2930 1141 3327 1205 consecretur,
3360 1137 3681 1194 damnatur
3736 1136 3810 1191 ab

2153 1222 2560 1277 ecclesiasticis
2596 1221 2817 1293 regulis
2854 1239 2991 1280 cum
3024 1225 3150 1280 suis
3181 1225 3523 1282 auctoribus
3580 1229 3637 1280 et
3689 1240 3818 1280 mev

2152 1310 2497 1375 diatoribus,
2528 1326 2593 1365 ac
2627 1310 2675 1365 si
2709 1316 3175 1380 consecraretur,
3231 1314 3370 1384 quia
3424 1330 3666 1370 necesse
3724 1316 3824 1368 est

2152 1402 2353 1453 sancta
2382 1398 2500 1453 sint
2530 1414 2900 1470 quacunque
2927 1399 3248 1454 sanctuarii
3271 1404 3328 1455 et
3358 1400 3559 1457 altaris
3619 1402 3823 1457 famu-

2150 1486 2365 1556 lantur,
2393 1491 2450 1540 et
2478 1486 2772 1541 debentur
2802 1487 3031 1543 usibus.
3082 1488 3243 1553 Quod
3278 1487 3327 1543 si
3384 1492 3589 1543 sancta
3647 1493 3830 1560 sunt,

2150 1574 2300 1629 sicut
2329 1590 2458 1629 vere
2480 1579 2644 1640 sunt,
2677 1591 2919 1631 necesse
2949 1580 3039 1631 est
3070 1576 3440 1631 sanctitatem
3473 1580 3530 1631 et
3587 1576 3828 1631 sancti-

2149 1662 2476 1718 ﬁcationem
2506 1663 2565 1717 in
2599 1664 2975 1737 se‘habeant,
3011 1664 3151 1736 quia
3182 1669 3387 1720 sancta
3419 1668 3576 1720 sunt.
3628 1664 3826 1719 Sanc-

2146 1750 2284 1806 titas
2315 1756 2509 1807 autem
2542 1751 2629 1808 vel
2663 1752 3045 1809 sanctificatio
3079 1769 3183 1808 nec
3215 1757 3324 1818 est,
3358 1769 3463 1808 nec
3505 1768 3634 1808 esse
3716 1769 3827 1824 po-

402 1853 503 1904 aut
529 1847 799 1903 monachi
855 1847 1455 1941 anathematizentur:
1497 1848 1762 1941 putasne,
1809 1843 2037 1941 osentis,
2070 1876 2119 1941 B
2153 1843 2265 1941 test
2289 1838 2415 1941 sine
2439 1841 2656 1941 Spiritu
2694 1845 2919 1941 sancto,
2951 1841 3071 1940 imo
3100 1840 3228 1941 ipsa
3259 1846 3351 1941 est
3374 1840 3632 1941 Spiritus
3675 1857 3822 1897 san-

403 1936 749 2003 Simoniace,
774 1935 1017 2008 pallium
1044 1940 1209 1991 tuum
1244 1932 1458 1989 ccclesti
1506 1931 1610 1985 tibi
1662 1930 1900 1987 flamine
1949 1932 2043 1987 de-

403 2040 662 2092 cussum,
711 2028 883 2095 teque
929 2025 1154 2079 nudum
1203 2022 1311 2077 sub
1375 2017 1728 2074 hiemalibus
1782 2037 2037 2092 superno

403 2112 636 2169 fulmini
684 2112 1000 2169 relictum?
1047 2111 1302 2168 sentisne
1341 2113 1749 2163 scxcentorum
1797 2109 2038 2181 triginta

401 2202 637 2257 Patrum
655 2200 980 2257 trabalibus
1001 2200 1129 2255 telis
1152 2197 1623 2267 confossus,quid
1647 2198 2038 2270 comparando

402 2289 854 2347 sollicitudinem
898 2288 986 2343 vel
1037 2285 1533 2357 dispensationem
1585 2286 2038 2342 ecclesiasticam

402 2377 620 2434 habeas
638 2378 834 2433 minus
858 2376 995 2445 illis,
1025 2373 1333 2446 quiipsam
1376 2390 1607 2445 quoque
1650 2376 2041 2431 consecratio-

403 2483 537 2523 nem
562 2469 975 2540 compararunt
995 2463 1179 2517 ?Eccc
1206 2477 1544 2518 ceconomus
1578 2480 1669 2518 res
1701 2462 2043 2519 ecclesiasti-

404 2572 500 2611 cas
524 2556 881 2628 dispensare,
906 2567 1019 2605 non
1054 2554 1248 2605 autem
1279 2552 1602 2607 consecrari
1653 2553 1836 2623 pretio
1889 2568 2042 2623 qua:—

402 2642 554 2710 sivit,
589 2659 775 2714 neque
807 2640 959 2695 enim
990 2655 1326 2693 ceconomns
1359 2645 1749 2706 consecratur,
1773 2645 1826 2695 et
1844 2643 2042 2696 tamen

403 2732 454 2788 si
486 2731 673 2802 pretio
705 2730 1093 2801 promovetur,
1157 2726 1541 2783 nihilominus
1601 2728 2038 2784 damnationem

401 2818 650 2875 incurrit
679 2832 854 2887 quam
886 2814 1195 2887 episcopus
1227 2819 1328 2871 aut
1358 2817 1663 2889 presbyter
1692 2817 1872 2889 pretio
1904 2835 2038 2890 pro-

401 2909 621 2962 motus.
653 2904 769 2958 Cur
797 2902 926 2969 hoc,
962 2903 1074 2958 nisi
1107 2904 1245 2975 quia
1275 2922 1387 2960 non
1421 2904 1614 2960 solum
1639 2905 1698 2961 in
1742 2906 2037 2974 maximis,

403 2993 501 3049 sed
529 2990 791 3047 etiamin
841 2991 1103 3047 minimis
1155 2993 1559 3049 ecclesiastica:
1614 2994 2041 3066 procurationis

403 3080 611 3138 officiis
639 3079 889 3150 Spiritus
931 3085 1170 3136 sanctus
1226 3086 1499 3153 operatur
1526 3082 1554 3136 ‘?
1604 3083 1765 3147 Quod
1825 3082 2042 3154 experi-

405 3172 599 3223 mento
632 3172 868 3223 noverat
898 3167 995 3224 ille
1027 3169 1398 3242 dispensator
1418 3170 1627 3237 fidelis,
1650 3171 1750 3241 qui
1772 3171 2001 3226 dicebat
2026 3187 2038 3225 :

2149 1932 2298 1996 ctus,
2330 1928 2489 1984 velut
2526 1930 2802 2002 quisquis
2844 1930 3080 2003 sapiens
3112 1929 3200 1985 vel
3234 1933 3433 1986 castus
3467 1932 3578 1999 est,
3613 1944 3820 1986 neces-

2151 2034 2212 2073 se
2243 2022 2333 2073 est
2364 2018 2716 2091 sapientiam
2747 2018 2836 2073 vel
2871 2019 3207 2074 castitatem
3234 2018 3292 2073 in
3325 2035 3389 2075 se
3417 2018 3652 2085 habeat,
3670 2019 3815 2091 quia

2151 2106 2386 2179 sapiens
2420 2107 2508 2163 vel
2540 2112 2739 2165 castus
2772 2111 2880 2163 est.
2907 2109 3107 2179 Itaque
3141 2110 3372 2164 constat
3402 2106 3819 2163 sanctiﬁcatio-

2152 2212 2285 2251 nem
2316 2195 2402 2250 vel
2431 2196 2833 2264 sanctitatem,
2882 2196 3115 2252 scilicet
3174 2196 3463 2268 Spiritum
3512 2200 3815 2268 sanctum,

2151 2284 2556 2350 sanctiﬁcatis,
2589 2284 2677 2340 vel
2711 2285 2938 2341 sanctis
2970 2286 3168 2352 rebus,
3202 2289 3308 2339 aut
3341 2284 3608 2357 personis
3664 2284 3820 2340 ines-

2152 2389 2232 2427 se.
2266 2372 2629 2445 Quapropter
2659 2372 3000 2446 quicunque
3050 2374 3413 2446 stipendium
3462 2372 3550 2429 vel
3603 2373 3821 2429 beneﬁ-

2151 2462 2309 2542 cium
2338 2461 2853 2518 ecclesiasticuum
2904 2464 3105 2519 vendit
3160 2468 3262 2519 aut
3317 2462 3481 2530 emit,
3528 2460 3819 2535 Spiritum

2150 2554 2419 2605 sanctum
2453 2550 2655 2622 procul
2682 2551 2863 2607 dubio
2893 2552 3096 2607 vendit
3125 2555 3227 2607 aut
3257 2550 3418 2619 emit,
3456 2567 3571 2606 non
3604 2554 3671 2606 ut
3725 2551 3817 2624 ip-

2151 2655 2212 2695 se
2240 2638 2490 2710 Spiritus
2523 2644 2766 2695 sanctus
2803 2641 2861 2695 in
2897 2656 2983 2710 re,
3016 2644 3118 2696 aut
3149 2656 3283 2695 cum
3316 2656 3378 2695 re
3419 2639 3656 2695 vendita
3711 2644 3817 2696 aut

2149 2731 2346 2799 empta
2378 2726 2691 2794 habeatur,
2728 2729 2831 2784 sed
2869 2732 2932 2784 ut
2966 2729 3038 2785 ab
3098 2745 3188 2800 ea,
3250 2744 3428 2801 quam
3488 2728 3816 2785 sanctiﬁca-

2152 2816 2272 2882 bat,
2305 2816 2572 2871 otiensus
2629 2817 2946 2889 eil‘ugetur,
3010 2821 3065 2873 et
3104 2818 3177 2873 ab
3233 2816 3541 2872 immundo
3599 2815 3816 2890 spiritu

2152 2903 2466 2976 polluenda
2496 2905 2872 2976 pervadatur,
2900 2907 3074 2977 juxta
3119 2906 3273 2978 quod
3302 2923 3406 2978 per
3463 2904 3814 2962 Malachiam

2151 2992 2411 3049 dicitur:
2473 3016 2501 3043 ‹‹
2539 2993 2977 3050 Contaminavit
3034 2995 3224 3050 Judas
3285 2993 3813 3051 sanctiﬁcationem

2152 3081 2406 3151 Domini,
2442 3098 2621 3154 quam
2683 3082 2885 3139 dilexit
2945 3084 3205 3156 (Malach.
3268 3100 3330 3151 II,
3392 3084 3564 3155 14).»
3614 3082 3815 3155 Neque

2152 3171 2311 3226 enim
2343 3172 2729 3227 sanctiﬁcatio
2763 3172 3149 3227 contaminari
3183 3175 3393 3245 potest,
3427 3171 3527 3228 sed
3550 3175 3811 3244 metony-

414 3278 442 3307 ‹‹
473 3256 567 3311 Sic
598 3273 705 3312 nos
734 3256 1027 3337 existimet
1066 3257 1240 3312 homo
1275 3263 1340 3312 ut
1394 3258 1696 3314 ministros
1753 3258 1965 3314 Christi
1996 3262 2053 3314 et
2082 3241 2125 3308 C
2163 3259 2348 3315 micos
2382 3276 2483 3332 pro
2516 3276 2582 3315 eo
2607 3261 2760 3331 quod
2815 3262 3096 3330 continet,
3158 3241 3216 3317 id
3276 3262 3427 3331 quod
3481 3241 3816 3317 continetur

409 3344 840 3418 dispensatores
867 3347 1277 3419 mysteriorum
1310 3347 1410 3402 Dei
1447 3373 1461 3414 ;
1491 3347 1587 3402 hic
1609 3348 1734 3417 jam
1767 3348 2050 3419 quaeritur

407 3434 560 3490 inter
589 3434 1021 3507 dispensatores
1050 3435 1312 3491 utfidelis
1333 3436 1468 3508 quis
1498 3437 1830 3491 inveniatur
1851 3438 1898 3509 (Ι
1917 3439 2046 3493 Cor.

406 3540 480 3593 IV,
516 3525 568 3593 1,
596 3527 673 3592 2).
702 3546 727 3573 υ
761 3524 1021 3596 Denique
1045 3525 1116 3580 de
1147 3525 1556 3597 spiritualibus
1588 3525 1791 3581 nolens
1815 3527 2041 3599 ignora-

403 3628 463 3669 re
493 3612 841 3680 Corinthios,
876 3613 956 3669 ait
991 3630 1004 3668 :
1053 3637 1079 3663 «
1114 3613 1440 3670 Divisiones
1498 3615 1819 3687 gratiarum
1880 3620 2042 3682 sunt,

399 3700 554 3758 idem
585 3705 779 3758 autem
832 3701 1122 3774 spiritus;
1185 3707 1241 3759 et
1287 3702 1601 3759 divisiones
1659 3703 2043 3760 ministratio-

398 3807 541 3846 num
564 3794 722 3858 sunt,
781 3790 938 3846 idem
987 3796 1184 3847 autem
1244 3792 1552 3862 Dominus,
1612 3796 1671 3848 et
1726 3792 2042 3849 divisiones

397 3879 799 3952 operationum
832 3884 989 3948 sunt,
1024 3880 1179 3937 idem
1210 3898 1345 3937 vero
1397 3886 1549 3937 Deus
1608 3882 1707 3953 qui
1764 3885 2039 3954 operatur

396 3968 594 4025 omnia
621 3969 679 4024 in
712 3968 986 4025 omnibus
1016 3972 1065 4038 (I
1092 3972 1211 4025 Cor.
1239 3988 1340 4036 xu,
1373 3970 1513 4041 4-6).
1549 3992 1577 4020 ››
1614 3971 1720 4035 Qui
1780 3987 1913 4027 mox
1942 3986 2038 4026 se-

395 4059 655 4113 cundum
689 4058 935 4129 quodin
995 4059 1233 4113 tertium
1293 4057 1505 4113 coelum
1568 4063 1771 4130 raptus
1830 4075 2036 4114 novem

395 4146 716 4202 cmlcstium
747 4145 1052 4218 agminum
1105 4146 1338 4201 ordines
1396 4150 1794 4219 conspexerat,
1829 4163 2034 4202 novem

394 4250 625 4306 quoque
650 4234 972 4305 gratiarum
1004 4233 1517 4289 distributionibus
1564 4236 1623 4289 in
1680 4234 1789 4291 hoc
1836 4238 2033 4291 nostro

392 4338 571 4394 regno
604 4321 903 4387 caelorum,
935 4321 993 4376 id
1026 4325 1114 4377 est
1143 4321 1202 4376 in
1262 4323 1532 4394 praesenti
1586 4321 1844 4379 Ecclesia
1891 4340 2033 4379 enu-

394 4409 654 4475 meratis,
678 4409 984 4479 subjunxit
1017 4427 1029 4465 :
1077 4430 1106 4460 ‹‹
1136 4410 1266 4465 Haec
1297 4410 1493 4467 omnia
1546 4415 1820 4484 operatur
1877 4429 2032 4469 unus

392 4516 460 4554 ac
490 4498 643 4553 idem
677 4497 950 4571 Spiritus,
983 4497 1246 4554 dividens
1283 4498 1555 4571 singulis,
1611 4504 1784 4573 prout
1830 4500 1954 4557 vult
1984 4502 2033 4575 (ι

2161 3347 2544 3403 contaminari
2576 3347 2826 3404 dicitur:
2861 3349 2969 3404 Ubi
3040 3366 3131 3407 res
3178 3366 3245 3406 ea
3298 3366 3475 3421 quam
3525 3348 3812 3405 hactenus

2160 3436 2563 3492 sanctiﬁcabat
2592 3436 2845 3509 qualiter
2874 3438 3098 3495 dictum
3126 3443 3216 3495 est
3240 3437 3628 3495 contaminat.
3674 3439 3804 3494 Pro-

2158 3525 2376 3581 talibus
2439 3527 2704 3598 quandiu
2753 3544 2868 3583 non
2928 3527 3305 3601 resipuerint,
3365 3543 3471 3584 nec
3522 3527 3811 3583 orandum

2156 3617 2397 3670 sanctus
2445 3613 2839 3688 Hieronymus
2892 3633 3071 3689 super
3128 3617 3404 3673 eumdem
3462 3614 3810 3688 prophetam

2155 3702 2238 3758 sic
2269 3706 2464 3775 aperte
2515 3704 2813 3760 ostendit:
2876 3728 2905 3756 «
2936 3704 3084 3769 Quia
3140 3705 3324 3778 igitur
3376 3705 3487 3761 hoc
3546 3704 3808 3760 fecerunt

2153 3790 2448 3863 prophetae
2480 3791 2551 3847 ad
2584 3808 2687 3849 eos
2705 3810 2897 3849 sermo
2931 3794 3226 3866 dirigitur,
3260 3798 3318 3850 et
3347 3811 3381 3849 a
3410 3796 3643 3867 peccato
3674 3808 3807 3847 ma-

2153 3878 2565 3936 ledictionibus
2617 3882 3017 3938 retrahuntur.
3079 3882 3195 3937 Nec
3253 3881 3443 3937 dixit:
3495 3879 3808 3936 Maledicat

2148 3967 2433 4024 Dominus
2464 3969 2514 4025 ei
2551 3969 2651 4042 qui
2677 3970 2813 4027 fecit
2842 3971 2973 4037 hoc,
3008 3972 3107 4028 sed
3142 3971 3245 4041 qui
3276 3967 3496 4032 fecerit,
3529 3967 3588 4021 in
3639 3968 3804 4024 futu-

2150 4073 2279 4112 rum
2310 4058 2557 4115 tendens
2590 4059 3081 4129 maledictionem,
3117 4061 3182 4112 ut
3210 4057 3536 4127 peccatores
3566 4053 3639 4109 ad
3691 4072 3804 4127 pae-

2148 4146 2455 4204 nitentiam
2520 4153 2928 4220 provocentur.
2986 4149 3287 4204 Doctorem
3344 4140 3560 4213 inquit,
3618 4146 3796 4215 atque

2145 4234 2503 4307 discipulum
2540 4255 2554 4305 ;
2586 4236 2705 4292 sive
2734 4236 2829 4291 ille
2861 4234 3132 4291 sacerdos
3162 4231 3259 4298 sit,
3292 4230 3413 4287 sive
3441 4229 3798 4300 levites,una

2146 4323 2552 4381 maledictione
2583 4324 2882 4381 ferientur.
2917 4324 2986 4377 Et
3013 4321 3353 4377 offerentem
3405 4336 3625 4377 munus
3687 4325 3795 4377 Do-

2145 4412 2304 4469 mino
2334 4414 2714 4479 exercituum,
2746 4410 3096 4467 subauditur
3127 4424 3140 4463 :
3166 4407 3481 4481 Disperdat
3512 4408 3792 4466 Dominus

2142 4517 2298 4570 eum,
2324 4502 2423 4574 qui
2457 4517 2559 4573 pro
2591 4498 2933 4571 hujusmodi
2960 4496 3301 4553 hominibus
3326 4495 3576 4552 voluerit
3601 4497 3675 4553 ad
3710 4496 3790 4553 al-

394 4588 515 4645 Cor.
549 4604 652 4653 x11,
685 4586 795 4658 41).
831 4609 859 4636 ››
913 4587 985 4642 Et
1021 4588 1325 4643 considera
1382 4589 1535 4660 quod
1584 4589 1898 4662 Apostolus
1928 4591 2029 4664 qui
2060 4613 2109 4679 D
2140 4593 2262 4647 tare
2294 4606 2510 4646 munus
2542 4589 2765 4656 offerre,
2800 4603 3052 4660 quorum
3096 4585 3289 4643 solum
3349 4583 3643 4642 remdium
3700 4589 3785 4642 est

389 4677 552 4752 prius
574 4677 685 4733 sub
715 4677 969 4733 ternario
992 4693 1233 4732 numero
1263 4677 1596 4749 spirituales
1626 4679 1844 4751 gratias
1875 4697 2029 4737 com-

385 4766 793 4842 prehenderat,
827 4782 961 4821 mox
988 4782 1086 4821 eas
1116 4764 1176 4820 in
1227 4766 1607 4823 novenarium
1663 4767 1891 4841 dilatat,
1955 4770 2031 4825 si-

386 4856 674 4931 gniﬁcans
705 4854 883 4927 quod,
915 4855 1104 4911 instar
1132 4855 1311 4909 beatae
1338 4854 1663 4925 Trinitatis,
1713 4862 1831 4914 tres
1889 4862 2024 4914 tan—

383 4950 510 5003 tum
544 4944 906 5002 diversitates
936 4942 1242 4999 hominum
1273 4943 1333 4999 in
1363 4942 1543 5016 hujus
1612 4946 1894 5019 temporis
1921 4947 2025 5002 Ec-

384 5035 562 5093 clesia
617 5033 1006 5103 inveniantur,
1067 5032 1373 5088 doctorum
1423 5033 1664 5104 scilicet,
1723 5035 2025 5091 continen-

380 5123 527 5180 iium
559 5127 616 5180 et
645 5124 1111 5195 conjugatorum.
1146 5122 1280 5186 Quae
1305 5126 1503 5179 tamen
1534 5120 1672 5191 tres,
1704 5123 1755 5179 si
1797 5140 1901 5195 pro
1933 5124 2022 5179 of-

382 5213 648 5270 ﬁciorum
680 5212 1034 5278 diversitate,
1081 5211 1240 5267 velut
1296 5212 1695 5284 personaliter,
1756 5212 2022 5269 conside-

380 5305 605 5369 rantur,
637 5317 842 5357 novem
873 5300 1074 5373 procul
1106 5300 1285 5356 dubio
1319 5301 1376 5355 in
1408 5300 1516 5356 hac
1543 5300 1796 5357 Ecclesia
1832 5301 2022 5357 diver-

381 5390 586 5446 sitates
615 5388 943 5457 hominum,
968 5388 1220 5445 caelestis
1251 5389 1471 5445 militiae
1489 5388 1694 5456 instar,
1719 5389 2024 5462 reperiun-

377 5483 495 5544 tur,
528 5478 850 5532 secundum
877 5479 1028 5547 quod
1090 5478 1430 5534 venerabilis
1485 5483 1652 5535 Pater
1708 5479 2021 5552 Dionysius

377 5565 726 5635 Areopagita
753 5564 1046 5620 subtiliter
1074 5570 1132 5620 et
1162 5566 1518 5623 sufﬁcienter
1551 5568 1610 5623 in
1633 5568 1760 5624 suis
1791 5567 2023 5639 scriptis

378 5655 459 5705 De
488 5650 707 5705 ccelesti
732 5649 1058 5707 hierarchia
1088 5657 1416 5709 attestatur.

2140 4697 2254 4736 non
2286 4680 2471 4735 facere
2501 4694 2629 4749 quae
2660 4677 2942 4733 iecerunt.
2979 4698 3007 4727 ››

2212 4769 2275 4823 In
2298 4783 2414 4839 qua
2435 4771 2631 4822 tamen
2664 4765 2815 4821 docti
2846 4766 2953 4821 viri
2987 4765 3190 4822 stricta
3249 4763 3489 4838 quidem
3544 4762 3647 4819 sed
3705 4762 3787 4818 di-

2139 4858 2341 4914 stricta
2372 4855 2685 4924 sententia,
2720 4855 3195 4912 animadvertant
3249 4855 3394 4927 quid
3455 4855 3788 4910 mereantur

2136 4947 2235 5019 qui
2266 4962 2357 5001 res
2388 4946 2503 5000 Deo
2536 4944 2934 5001 sanctiﬁcatas
2966 4944 3392 5009 contaminant,
3427 4943 3568 4998 dum
3595 4957 3665 4997 ex
3713 4939 3786 4996 il-

2133 5035 2207 5092 lis
2226 5033 2336 5090 sibi
2357 5032 2746 5106 negotiantur.
2769 5033 2875 5090 Per
2903 5050 3160 5107 quorum
3180 5032 3482 5105 negotium
3513 5030 3580 5085 fit
3606 5044 3783 5085 saecu-

2134 5123 2254 5179 lzre
2275 5121 2431 5193 quod
2458 5138 2693 5178 sacrum
2715 5126 2892 5191 est,ut
2940 5124 3148 5179 beatus
3198 5120 3512 5194 Gregorius
3556 5117 3783 5175 edocet.

2135 5212 2296 5269 Unde
2311 5210 2449 5283 quia
2461 5209 2934 5285 sacralegunt,id
2951 5212 3346 5279 estfurantur,
3381 5207 3589 5264 merito
3614 5206 3788 5263 sacri-

2134 5300 2247 5374 legi
2261 5299 2558 5356 dicuntur.
2585 5301 2880 5357 Furantur
2902 5302 3062 5358 enim
3083 5296 3782 5363 sanctiﬁcationem,dum

2132 5389 2637 5456 illam,subtractis
2658 5390 2832 5447 rebus
2847 5390 2933 5447 vel
2955 5390 3173 5446 invasis
3191 5404 3339 5461 quas
3354 5384 3782 5453 sanctiﬁcabat,

2130 5483 2294 5535 tanta
2316 5478 2519 5534 fraude
2539 5479 2897 5535 subtrahunt
2925 5484 2981 5535 et
3002 5478 3276 5535 auferunt
3297 5481 3382 5543 ut,
3407 5473 3568 5530 velut
3589 5474 3789 5529 incau-

2132 5574 2230 5625 tus
2252 5568 2450 5637 homo,
2471 5568 2691 5623 furtum
2731 5586 2941 5641 passus
2982 5568 3253 5626 affectent
3293 5582 3355 5622 se
3387 5562 3786 5620 ecclesiastica

2134 5658 2440 5716 affectione
2479 5657 2707 5726 divites,
2737 5657 2879 5715 nihil
2924 5659 3055 5730 ejus
3074 5658 3202 5729 jam
3261 5655 3564 5713 habentes.
3627 5653 3783 5720 Quos
