4004 6210
256 367 413 434 1145

830 366 1246 438 ADVERSUS
1293 364 1762 432 SIMONIACOS
1808 362 2014 431 LIBRI
2058 362 2281 427 TRES.
2317 395 2393 409 -—
2423 358 2657 425 LIBER
2698 357 3061 424 TERTIUS.

3496 356 3652 426 “46

249 504 461 579 utique
489 501 802 579 sacrilegos
833 505 1137 573 cavendos,
1171 504 1282 576 (19)
1342 502 1500 569 Pius,
1560 498 1891 573 apostolica
1923 501 1977 567 Α
2004 497 2092 555 vel
2124 514 2215 554 res
2244 494 2511 552 Ecclesia
2533 492 2862 564 abstulerit,
2897 490 3270 567 sacrilegium
3295 492 3454 552 facit.
3488 492 3653 554 Unde

251 596 416 655 sedis
445 595 721 668 pontifex,
752 594 834 651 ita
864 594 1195 661 denuntiat,
1228 592 1429 648 dicens
1459 592 1639 662 (epist.
1668 592 1721 662 2)
1766 608 1778 645 :
1810 590 1894 644 Ab

251 708 283 736 «
321 684 598 741 omnibus
628 682 786 739 illius
817 682 1298 756 usurpationibus
1318 679 1671 736 contumelia
1702 676 1894 750 depcl-

250 772 432 830 lenda
457 776 566 840 est,
602 788 675 827 ne
704 771 902 843 pralia
926 771 1038 827 sibi
1070 775 1423 827 secretorum
1454 768 1781 825 caelestium
1804 765 1897 821 di-

252 866 386 917 cata
416 878 450 918 a
480 859 835 932 quibusdam
866 859 1226 915 irruentibus
1258 863 1558 914 vexentur.
1622 856 1785 921 Quod
1846 855 1896 911 si

253 950 393 1022 quis
423 947 1221 1022 prasumpserit,sacrilegus
1278 947 1584 1014 habeatur,
1640 950 1697 1001 et
1745 945 1900 1000 sicut

254 1035 582 1107 sacrilegus
603 1035 923 1107 judicetur.
960 1034 1122 1107 Ipsos
1162 1038 1360 1090 autem
1392 1034 1492 1106 qui
1525 1034 1633 1090 hoc
1692 1036 1895 1105 agunt,

255 1122 501 1180 clericos
531 1131 587 1179 et
614 1123 842 1179 Domini
866 1124 1198 1180 sacerdotes
1234 1123 1505 1196 persequi
1562 1139 1779 1194 eosque
1807 1122 1896 1177 in-

255 1214 483 1269 fumare
512 1212 861 1280 audivimus,
895 1217 960 1269 ut
1006 1211 1229 1268 malum
1288 1228 1465 1284 super
1524 1211 1747 1268 malum
1804 1211 1900 1266 ad-

258 1301 421 1369 dant,
448 1305 504 1355 et
518 1300 830 1357 deteriores
852 1302 1014 1367 fiant,
1040 1318 1155 1357 non
1178 1300 1572 1373 intelligentes
1604 1300 1759 1373 quod
1796 1300 1898 1355 Ec-

257 1388 440 1445 clesia
459 1388 557 1444 Dei
579 1388 638 1444 in
662 1389 1063 1445 sacerdotibus
1085 1389 1659 1457 consistit,etcrescit
1682 1390 1740 1443 in
1759 1392 1901 1444 tem-

255 1477 423 1550 plum
446 1477 641 1534 Dei.Et
660 1478 813 1533 sicut
834 1478 933 1549 qui
955 1478 1260 1533 ecclesiam
1282 1479 1380 1534 Dei
1403 1480 1746 1550 vastat,ejus
1766 1495 1904 1550 pra-

256 1565 439 1635 dia,et
457 1566 700 1621 donaria
720 1565 1003 1638 exspoliat
1024 1570 1080 1621 et
1101 1566 1417 1632 invadit,{it
1441 1566 1902 1638 sacrilegus,sic-

257 1670 377 1725 que
399 1654 499 1725 qui
522 1654 1000 1725 ejussacerdotes
1049 1653 1378 1725 insequitur
1425 1653 1713 1725 sacrilegii
1765 1671 1898 1709 reus

258 1740 475 1813 existit,
509 1745 565 1796 et
588 1740 911 1813 sacrilegus
931 1741 1251 1811 judicatur.
1273 1764 1292 1791 ι
1317 1742 1381 1797 Et
1402 1743 1607 1798 beatus
1626 1759 1775 1814 papa
1800 1742 1904 1798 Ur-

256 1830 451 1885 banus
471 1830 644 1902 (epist.
669 1846 725 1884 n.
748 1831 803 1900 2)
832 1845 844 1883 :
872 1850 900 1879 ‹‹
918 1828 1336 1885 Ecclesiastica
1356 1846 1468 1897 res,
1519 1829 1733 1901 inquit,
1765 1830 1903 1884 tide-

258 1916 408 1973 lium
438 1916 764 1974 oblationes
798 1916 1186 1989 appellantur,
1213 1918 1351 1989 quia
1366 1917 1612 1973 Domino
1653 1919 1906 1973 offerun-

258 2008 378 2062 tur.
401 2005 525 2060 Non
550 2021 687 2077 ergo
709 2004 769 2059 in
801 2004 933 2060 aliis
956 2005 1164 2061 usibus
1200 2022 1375 2077 quam
1394 2005 1827 2073 ecclesiasticis,
1853 2010 1911 2062 et

260 2093 510 2149 fratrum
542 2091 1010 2149 Christianorum
1044 2109 1419 2148 communem
1470 2094 1651 2148 vitam
1702 2094 1909 2167 degere

259 2181 602 2252 volentium,
626 2179 713 2236 vel
748 2180 1139 2254 indigentium
1163 2182 1438 2249 converti,
1456 2181 1594 2253 quia
1622 2186 1753 2238 vota
1774 2186 1913 2238 sunt

264 2269 548 2339 ﬁdelium,
570 2273 627 2326 et
656 2268 841 2341 pretia
862 2273 1254 2340 peccatorum,
1277 2277 1451 2342 atque
1472 2271 1543 2325 ad
1567 2271 1910 2342 pradictum

262 2375 412 2431 opus
432 2356 785 2430 explendum
807 2356 1054 2413 Domino
1098 2357 1344 2414 tradita.
1381 2358 1440 2414 Si
1500 2359 1632 2430 quis
1692 2363 1908 2415 autem.

262 2448 419 2520 quod
450 2445 639 2501 absit!
666 2462 836 2501 secus
866 2446 1068 2518 egerit,
1116 2447 1309 2502 videat
1340 2463 1411 2502 ne
1470 2448 1909 2504 damnationem

258 2535 499 2591 Anania
531 2538 587 2591 et
609 2534 868 2606 Saphira
899 2534 1198 2607 percipiat,
1231 2540 1288 2592 et
1310 2552 1445 2591 reus
1504 2536 1791 2610 sacrilegii
1824 2537 1907 2593 ef-

261 2624 514 2693 ﬁciatur,
547 2623 700 2679 sicut
730 2627 787 2678 et
819 2623 905 2678 illi
936 2624 1037 2696 qui
1069 2623 1479 2696 pradictarum
1533 2643 1728 2681 rerum
1777 2643 1912 2698 pre-

260 2713 412 2769 tium
444 2712 878 2768 fraudaverunt.
896 2734 923 2763 »
948 2714 1018 2768 Et
1040 2718 1173 2784 post
1194 2730 1379 2785 pauca
1405 2731 1417 2769 :
1452 2736 1472 2763 σι
1501 2714 1655 2782 Hac,
1682 2714 1910 2783 fratres,

261 2801 429 2858 valde
460 2801 713 2857 cavenda
743 2806 883 2857 sunt
908 2806 965 2857 et
994 2801 1276 2868 timenda,
1319 2802 1454 2873 quia
1502 2819 1595 2858 res
1654 2803 1909 2859 ecclesia

264 2908 381 2947 non
413 2888 583 2963 quasi
609 2890 877 2962 propria,
908 2891 1010 2946 sed
1042 2895 1108 2945 ut
1137 2908 1509 2959 communes,
1555 2895 1611 2946 et
1664 2892 1912 2948 Domino

270 2980 477 3037 oblata
510 2996 643 3034 cum
675 2996 909 3035 summo
942 2980 1152 3035 timore
1184 2997 1299 3035 non
1334 2980 1391 3035 in
1443 2980 1610 3047 alios,
1644 2998 1820 3053 quam
1854 2982 1912 3036 in

270 3068 540 3142 prafatos
564 3085 707 3124 usus
742 3071 882 3123 sunt
910 3068 1158 3125 ﬁdeliter
1187 3066 1616 3141 dispensanda,
1644 3086 1716 3125 ne
1743 3069 1915 3125 sacri-

2005 591 2063 643 et
2090 586 2276 641 Judas
2300 585 2397 657 qui
2428 584 2743 657 pecuniam
2772 582 3216 655 fraudavit,qua
3247 584 3452 640 usibus
3473 584 3652 641 eccle-

2004 675 2107 732 sia
2128 674 2184 729 id
2209 691 2294 741 esi
2321 673 2704 745 pauperibus,
2741 689 2889 745 quos
2908 671 3164 727 Ecclesia
3194 688 3432 743 pascere
3463 673 3653 740 debet,

2006 763 2431 829 destinabatur,
2443 762 2619 833 jussu
2641 761 2978 829 Salvatoris,
3002 762 3172 833 cujus
3194 760 3448 833 episcopi
3471 761 3654 818 vicem

2006 856 2224 917 tenent,
2256 868 2367 907 non
2393 852 2584 907 solum
2605 852 2697 905 fur
2718 855 2774 905 et
2792 849 3113 922 sacrilegus
3162 850 3403 905 effectus
3435 853 3541 905 est.
3577 849 3656 906 De

2006 940 2223 997 talibus
2245 940 2423 1005 enirn,
2447 939 2504 994 id
2528 943 2615 995 est
2639 939 2737 1011 qui
2763 938 3067 994 facultates
3083 936 3348 994 Ecclesia
3399 939 3653 1011 rapiunt,

2004 1029 2302 1094 fraudant,
2324 1029 2411 1083 vel
2445 1029 2737 1095 auferunt,
2771 1028 3056 1084 Dominus
3081 1027 3453 1083 comminans
3476 1028 3660 1082 omni-

2007 1120 2118 1174 bus
2142 1135 2244 1191 per
2266 1117 2610 1190 Prophetam
2636 1116 2917 1190 loquitur,
2942 1116 3144 1173 dicens
3173 1133 3185 1171 :
3242 1139 3269 1166 «
3293 1116 3470 1183 Deus,
3526 1115 3657 1187 quis

2009 1207 2220 1264 similis
2240 1206 2348 1261 erit
2370 1206 2473 1261 tibi
2496 1206 2522 1261 ?
2543 1224 2613 1261 ne
2628 1210 3037 1279 taceas,neque
3057 1204 3654 1277 compescaris,Deus.

2011 1297 2293 1362 Quoniam
2317 1312 2446 1353 ecce
2466 1295 2691 1351 inimici
2716 1296 2801 1351 tui
2824 1299 3169 1364 sonuerunt,
3186 1298 3243 1351 et
3268 1294 3368 1366 qui
3411 1295 3661 1365 oderunt

2010 1390 2067 1442 te
2087 1385 2418 1442 extulerunt
2452 1388 2647 1456 caput,
2674 1406 2700 1433 η
2726 1388 2859 1449 ctc.,
2897 1400 3083 1456 usque
3106 1384 3163 1439 in
3224 1385 3399 1440 finem
3449 1382 3658 1456 psalmi

2014 1476 2182 1547 (Psal.
2208 1491 2415 1539 Lxxxn,
2436 1473 2511 1544 2).
2540 1475 2664 1528 Hac
2696 1473 2819 1527 ﬁeri
2844 1473 3159 1546 propheta,
3205 1474 3328 1529 hac
3388 1470 3656 1546 apostoli,

2012 1564 2133 1618 hac
2167 1579 2503 1619 sucessores
2533 1579 2737 1618 eorum
2770 1562 3035 1617 omnium
3076 1561 3497 1619 catholicorum
3554 1562 3659 1618 Pa-

2012 1655 2170 1709 trum
2200 1655 2397 1706 vetant
2419 1652 2670 1716 decrcta,
2691 1655 2746 1705 et
2780 1649 2924 1705 tales
2949 1652 3434 1723 prasumptiones
3482 1651 3659 1707 sacri-

2013 1738 2165 1811 legia
2185 1755 2314 1794 esse
2345 1738 2692 1809 dijudicant.
2729 1738 2989 1802 Quorum
3013 1754 3119 1792 nos
3148 1744 3459 1809 sequentes
3473 1756 3662 1796 exem-

2016 1827 2130 1899 pla,
2154 1844 2357 1883 omnes
2390 1827 2536 1883 tales
2567 1831 3042 1899 prasumptores,
3072 1826 3339 1882 Ecclesia
3402 1832 3662 1900 raptores

2018 1920 2192 1988 atque
2205 1934 2447 1972 suarum
2465 1916 2831 1989 voluptatum
2856 1914 3227 1982 alienatores,
3244 1932 3360 1971 una
3381 1917 3663 1989 vobisque

2018 2022 2053 2060 a
2081 2004 2384 2061 liminibus
2407 2010 2619 2061 sancta
2645 2004 2849 2060 matris
2868 2003 3661 2071 Ecclesia,anathematizan-

2019 2094 2125 2150 dus
2147 2093 2464 2167 apostolica
2499 2093 2863 2161 auctoritate,
2915 2090 3277 2164 repellimus,
3311 2096 3368 2147 et
3416 2091 3661 2148 damna-

2020 2199 2174 2250 mus,
2199 2188 2370 2255 atque
2392 2182 2704 2255 sacrilegos
2724 2181 3301 2252 essejudicamus.Et
3323 2197 3439 2236 non
3463 2179 3654 2237 solum

2020 2288 2138 2347 eos,
2162 2273 2262 2327 sed
2286 2288 2492 2327 omnes
2512 2271 2943 2327 consentientes
2960 2270 3067 2338 eis,
3091 2269 3232 2342 quia
3263 2285 3377 2325 non
3424 2269 3523 2341 qui
3571 2270 3661 2325 fa-

2020 2360 2183 2415 ciunt
2202 2361 2283 2415 rei
2300 2361 2661 2433 judicantur,
2688 2361 2786 2415 sed
2812 2360 2989 2415 etiam
3024 2358 3120 2431 qui
3153 2357 3505 2413 facientibus
3527 2374 3665 2414 con-

2022 2449 2287 2505 sentiunt
2311 2450 2483 2521 (Rom.
2510 2468 2547 2517 ι,
2571 2451 2683 2517 32).
2710 2449 2819 2503 Par
2839 2448 2997 2503 enim
3022 2464 3212 2519 pana,
3246 2451 3301 2502 et
3322 2450 3562 2519 agentes
3610 2449 3667 2502 et

2022 2538 2458 2593 consentientes
2480 2537 2884 2610 apprehendit.
2916 2558 2943 2586 »
2976 2536 3055 2591 De
3079 2535 3295 2608 quibus
3325 2535 3501 2591 etiam
3531 2536 3665 2591 bea-

2021 2629 2117 2681 tus
2137 2626 2469 2698 Stephanus
2492 2643 2642 2698 papa
2665 2628 2720 2680 et
2743 2629 2964 2697 martyr
3012 2626 3094 2680 ait
3122 2642 3133 2679 :
3188 2647 3215 2675 «
3238 2623 3489 2680 Infames
3538 2640 3667 2679 esse

2022 2730 2121 2770 eas
2143 2731 2422 2786 personas
2444 2715 2720 2782 dicimus,
2745 2732 2869 2785 qua
2901 2730 3003 2786 pro
3027 2713 3223 2785 aliqua
3256 2712 3429 2786 culpa
3459 2717 3663 2769 notan-

2020 2802 2395 2869 turinfamia,
2419 2804 2471 2858 id
2498 2807 2587 2859 est
2629 2820 2755 2875 qua
2788 2802 3129 2859 Christiana
3189 2801 3338 2875 legis
3395 2818 3664 2867 normam

2023 2892 2307 2962 abjiciunt
2328 2895 2383 2947 et
2414 2896 2633 2948 statuta
2690 2891 3087 2947 ecclesiastica
3142 2893 3545 2946 contemnunt.
3578 2890 3667 2946 Si-

2024 2979 2239 3035 militer
2269 2981 2446 3048 fures,
2482 2980 2814 3054 sacrilegos,
2851 2986 2907 3037 et
2938 2996 3141 3036 omnes
3173 2978 3523 3052 capitalibus
3550 2978 3665 3035 cri-

2024 3069 2286 3125 minibus
2307 3070 2584 3138 irretitos,
2611 3093 2638 3120 »
2663 3076 2772 3126 etc.
2799 3070 2980 3140 Idem,
3009 3069 3162 3125 unde
3190 3085 3405 3140 supra:
3436 3091 3463 3119 α
3486 3068 3669 3135 Quid-

267 3156 405 3230 legii
427 3161 655 3213 reatum
677 3156 982 3213 incurrant
1003 3157 1103 3229 qui
1137 3174 1237 3213 eas
1268 3157 1402 3213 inde
1435 3157 1790 3214 abstrahunt
1813 3158 1914 3214 ubi
1961 3231 1969 3232 ί
2023 3158 2165 3229 quid
2190 3159 2247 3214 in
2270 3159 2454 3215 sacris
2484 3160 2579 3215 Dei
2604 3161 2778 3215 rebus
2802 3163 2860 3215 ct
2879 3158 3171 3232 episcopis
3193 3158 3411 3230 injuste
3451 3158 3665 3230 agitur,

265 3246 496 3303 tradita
517 3250 673 3314 sunt,
698 3250 753 3302 et
773 3247 929 3319 quod
962 3248 1130 3320 pejus
1160 3252 1248 3303 est
1273 3247 1584 3303 anathema
1641 3266 1908 3305 marana-
1941 3231 1983 3298 Ο
2022 3264 2127 3320 pro
2156 3248 2461 3320 sacrilegio
2484 3249 2869 3320 reputabitur,
2905 3231 3041 3319 quia
3071 3264 3235 3303 sacra
3265 3251 3405 3303 sunt
3433 3251 3491 3302 et
3545 3247 3670 3303 vio-

261 3334 368 3391 tha
391 3335 556 3403 ﬁant,
580 3334 701 3391 etsi
723 3352 840 3391 non
875 3339 1220 3408 corpore,ut
1265 3336 1493 3392 Anania
1542 3340 1595 3392 et
1655 3338 1905 3410 Saphira

262 3424 546 3495 fecerunt,
569 3423 672 3496 qui
696 3424 910 3480 mortui
932 3425 1269 3481 ceciderunt
1291 3426 1422 3496 (Act.
1447 3426 1499 3496 v)
1537 3445 1549 3495 ;
1585 3426 1782 3482 anima
1811 3430 1906 3482 ta-

263 3529 396 3570 men
410 3530 536 3585 qua
560 3512 751 3584 potior
767 3516 857 3568 est
877 3529 1117 3585 corpore
1137 3518 1371 3570 mortua
1391 3513 1647 3570 alienata
1677 3532 1711 3569 a
1768 3532 1904 3571 con-

261 3599 441 3658 sortio
468 3599 731 3655 ﬁdelium
754 3601 945 3669 cadat,
970 3606 1027 3657 et
1047 3601 1105 3655 in
1130 3602 1487 3672 profundum
1529 3602 1790 3657 barathri
1820 3602 1906 3657 Ia-

260 3691 454 3748 batur.
477 3687 596 3743 Hcc
617 3687 774 3743 enim
806 3688 855 3743 si
886 3688 1021 3760 quis
1053 3689 1272 3759 fecerit,
1306 3694 1438 3760 post
1469 3689 1674 3745 debita
1732 3690 1905 3746 ultio-

260 3779 354 3835 nis
383 3775 786 3846 acrimoniam,
811 3793 937 3849 qua
967 3792 1104 3850 erga
1134 3777 1448 3849 sacrilegos
1469 3778 1604 3849 jure
1641 3795 1906 3850 promen-

260 3869 337 3925 da
363 3870 475 3939 est,
506 3870 785 3940 perpetua
814 3866 1129 3922 damnatur
1159 3866 1418 3936 infamia,
1453 3870 1509 3922 et
1529 3867 1744 3923 carceri
1785 3872 1904 3923 tra-

262 3957 443 4027 ditur,
475 3955 661 4012 autin
692 3953 893 4011 exsilio
924 3960 1218 4030 perpetua
1250 3954 1672 4027 deportationis
1716 3957 1904 4013 trudi-

262 4052 391 4116 tur;
416 4044 719 4119 quoniam,
743 4045 915 4116 juxta
942 4043 1310 4117 Apostolum,
1343 4045 1495 4100 tradi
1526 4048 1752 4117 oportet
1799 4046 1905 4102 hu-

250 4135 517 4209 jusmodi
547 4134 844 4190 hominem
877 4134 1124 4205 Satana,
1151 4137 1215 4189 ut
1245 4133 1488 4207 spiritus
1513 4133 1710 4191 salvus
1742 4135 1818 4191 sit
1839 4137 1899 4192 in

260 4225 353 4282 die
382 4224 612 4281 Domini
644 4224 691 4297 (Ι
718 4224 838 4280 Cor.
871 4240 925 4290 v,
956 4225 1035 4295 5).
1074 4245 1101 4272 »

330 4310 542 4368 Beatus
571 4327 806 4385 quoque
838 4310 1053 4367 Lucius
1084 4327 1236 4383 papa
1291 4310 1375 4367 sic
1432 4315 1610 4384 (epist.
1674 4331 1732 4368 n.
1791 4315 1847 4387 6)
1883 4331 1895 4369 :

259 4423 286 4451 «
318 4400 429 4456 Res
458 4399 837 4456 ecclesiarum
866 4403 1216 4465 vestrarum,
1273 4401 1485 4472 inquit,
1544 4406 1600 4457 et
1648 4401 1900 4458 oblatio-

258 4504 362 4543 nes
390 4488 673 4560 fidelium,
706 4505 886 4561 quam
916 4489 1259 4563 signiﬁcatis
1316 4506 1349 4544 a
1403 4489 1760 4561 quibusdam
1821 4491 1900 4546 ir-

2018 3335 2126 3391 lari
2149 3353 2182 3391 a
2209 3352 2508 3408 quoquam
2532 3354 2646 3391 non
2669 3335 2939 3391 habent.»
2964 3334 3121 3391 Idem
3148 3351 3206 3390 ει(
3236 3333 3441 3402 Laicis,
3467 3350 3670 3405 quam-

2019 3424 2275 3498 religiosi
2298 3424 2436 3493 sint,
2462 3424 2625 3479 nulla
2646 3429 2840 3480 tamen
2873 3424 2943 3479 de
2974 3421 3390 3478 ecclesiasticis
3424 3421 3670 3478 faculta-

2017 3513 2178 3568 tibus
2210 3512 2433 3585 aliquid
2456 3511 2808 3584 disponendi
2838 3510 3052 3584 legitur
3086 3526 3351 3582 unquam
3385 3510 3669 3566 attributa

2019 3599 2289 3655 facultas.
2318 3623 2346 3648 »

2684 3705 2916 3761 CAPUT
2959 3709 3007 3758 V

2018 3796 2265 3864 Qualiter
2292 3796 2597 3850 δίνηοηίαεί
2638 3810 2735 3851 suo
2773 3795 2987 3863 negotio
3019 3798 3331 3866 expugnent
3376 3795 3668 3852 Ecclesium

2086 3869 2205 3940 Dei,
2237 3871 2300 3940 et,
2320 3866 2470 3940 quod
2485 3882 2667 3940 omnes
2689 3882 2824 3937 pene
2845 3869 2903 3940 Aet
2933 3867 3064 3921 laici
3093 3865 3146 3922 cl
3170 3865 3359 3921 clerici
3407 3874 3664 3940 quarunt

2087 3939 2152 3994 de
2183 3939 2423 3993 Ecclesia
2451 3938 2651 4008 iugiter
2670 3938 2958 4007 negotiari.

2090 4044 2208 4101 Illis
2238 4061 2376 4102 sane
2406 4045 2712 4100 beatorum
2745 4044 3090 4116 pontificum
3121 4047 3178 4100 et
3207 4048 3533 4117 martyrum
3564 4045 3666 4102 de-

2013 4134 2327 4191 cretalibus
2351 4133 2680 4203 sententiis,
2708 4149 3031 4206 eorumque
3054 4132 3340 4208 sanguine
3372 4134 3664 4207 subscrip-

2012 4224 2107 4295 tis,
2132 4224 2252 4282 sole
2273 4223 2489 4279 clarius
2512 4227 2919 4279 monstrantur
2947 4223 3265 4292 invasores,
3288 4223 3377 4280 vel
3409 4227 3660 4280 vastato-

2012 4331 2105 4372 res
2126 4331 2322 4371 rerum
2345 4312 2873 4371 ecclesiasticarum
2896 4311 3166 4382 infames,
3208 4313 3389 4383 fures,
3425 4312 3663 4371 sacrile-

2010 4404 2089 4477 gi,
2116 4403 2419 4460 homicida
2444 4419 2696 4476 quoque,
2722 4406 2779 4459 et
2807 4403 3296 4460 excommunicati
3330 4407 3387 4459 et
3444 4419 3655 4476 perpe-

2008 4498 2108 4551 tuo
2127 4492 2342 4549 carceri
2361 4497 2461 4547 aut
2481 4491 2683 4548 exsilio
2702 4492 3294 4567 tradendi.Eantergo
3316 4492 3653 4566 hypocrita,

258 4578 564 4633 ruentibus
586 4578 801 4647 vexari,
834 4578 1118 4650 vobisque
1159 4586 1213 4633 et
1244 4578 1502 4635 ecclesiis
1560 4580 1768 4636 vestris
1799 4596 1898 4635 au-
1927 4598 1974 4663 Ι)
2007 4586 2064 4638 et
2086 4582 2458 4654 impudenter
2478 4582 2838 4637 contendant
2888 4599 2949 4638 se
2995 4599 3111 4637 non
3152 4582 3654 4638 consecrationem

255 4664 413 4735 ferri,
444 4664 845 4723 indubitanter
873 4667 1198 4723 maximum
1229 4670 1318 4724 est
1363 4671 1689 4740 peccatum,
1748 4671 1894 4724 teste

256 4753 575 4827 Scriptura,
608 4772 736 4828 qua
767 4755 849 4812 ait
879 4772 892 4812 :
928 4756 1035 4822 Qui
1059 4756 1369 4813 abstulerit
1388 4756 1609 4829 aliquid
1633 4756 1785 4830 patri
1807 4756 1894 4812 vel

255 4844 448 4912 matri,
479 4848 536 4900 et
565 4845 709 4902 dicit
745 4845 855 4901 hoc
886 4862 999 4901 non
1053 4850 1141 4902 est
1201 4851 1532 4918 peccatum,
1589 4846 1893 4903 homicida

254 4932 546 5007 particeps
574 4937 682 4991 est.
716 4935 884 4991 Pater
912 4950 1048 5008 ergo
1078 4939 1275 4991 noster
1322 4935 1447 4992 sine
1504 4936 1682 4992 dubio
1747 4942 1896 4992 Deus

254 5025 362 5091 est,
395 5023 495 5096 qui
526 5041 633 5080 nos
663 5023 896 5092 creavit,
930 5027 987 5079 et
1016 5028 1201 5079 mater
1223 5028 1424 5081 nostra
1445 5024 1736 5082 Eccclesia
1766 5042 1895 5097 qua

254 5127 361 5168 nos
387 5111 447 5167 in
469 5112 763 5186 baptismo
789 5111 1174 5185 spiritualiter
1202 5114 1519 5186 generavit.
1545 5115 1614 5170 Et
1644 5114 1772 5170 ideo
1794 5114 1896 5186 qui

250 5199 464 5257 Christi
494 5201 773 5274 pecunias
816 5204 875 5256 et
928 5198 1197 5256 Ecclesia
1257 5201 1465 5269 aufert,
1522 5202 1780 5272 fraudat,
1839 5206 1898 5258 et

249 5289 417 5363 rapit.
452 5290 750 5347 homicida
779 5289 839 5346 in
870 5292 1186 5361 conspectu
1208 5290 1359 5362 justi
1383 5291 1609 5348 Judicis
1635 5308 1764 5348 esse
1807 5308 1894 5348 re-

247 5379 569 5452 putabitur.
598 5380 761 5437 Unde
779 5378 1065 5453 scriptum
1089 5382 1178 5434 est
1202 5396 1215 5435 :
1266 5379 1372 5445 Qui
1391 5380 1542 5452 rapit
1583 5381 1895 5453 pecuniam

246 5468 495 5541 proximi
518 5469 611 5526 sui
642 5468 1011 5543 iniquitatem
1032 5468 1186 5524 facit.
1222 5468 1330 5533 Qui
1362 5473 1557 5525 autem
1616 5470 1895 5542 pecunias

2006 4669 2481 4737 ecclesiasticam,
2504 4671 2605 4726 sed
2630 4686 2724 4725 res
2744 4668 3015 4726 Ecclesia
3061 4686 3456 4743 comparasse.
3487 4670 3555 4724 Et
3590 4687 3663 4726 ne

2005 4760 2151 4815 forte
2173 4758 2364 4813 adhuc
2382 4774 2442 4814 se
2465 4757 2706 4831 palliare
2745 4757 3030 4827 laborent,
3065 4759 3378 4816 asserenda
3425 4773 3487 4813 se
3542 4774 3659 4814 non

2004 4847 2266 4914 irruisse,
2293 4862 2395 4901 nec
2418 4846 2726 4917 invasisse,
2761 4866 2949 4920 neque
2969 4866 3209 4905 vexasse
3243 4866 3334 4905 res
3383 4846 3658 4904 ecclesia-

2006 4936 2203 5002 sticas,
2227 4933 2457 4991 discant
2478 4935 2677 4992 omnia
2699 4936 2819 4992 hac
2845 4954 2906 4993 se
2929 4938 3117 4993 facere
3141 4942 3244 4993 aut
3293 4937 3520 5003 fecisse,
3554 4937 3658 4993 ubi

2005 5023 2438 5080 immunitatem
2461 5040 2662 5079 earum
2686 5029 2741 5080 et
2764 5025 3066 5098 privilegia
3090 5043 3122 5081 a
3138 5025 3357 5081 sanctis
3384 5024 3659 5083 Patribus

2005 5113 2379 5170 corroborata
2406 5130 2512 5169 suo
2545 5112 2730 5185 pretio
2757 5112 3186 5185 irrumpunt,et
3211 5130 3387 5170 usum
3420 5111 3658 5173 illarum

2004 5202 2418 5260 ecclesiasticis
2449 5203 2737 5274 personis,
2762 5207 2819 5257 et
2843 5202 3203 5275 pauperibus
3224 5202 3490 5259 debitum
3515 5220 3657 5277 pra-

2005 5297 2251 5349 sumunt
2281 5291 2391 5348 sibi
2422 5295 2522 5347 aut
2551 5295 3070 5364 prasumpserunt.
3106 5291 3251 5347 Nam
3282 5295 3345 5346 ut
3392 5292 3652 5350 latrones

2005 5381 2129 5437 suis
2152 5380 2303 5448 telis,
2327 5384 2385 5435 et
2402 5381 2557 5435 fures
2581 5378 2753 5435 scalis
2778 5379 2863 5435 vel
2886 5378 3249 5452 quibuslibet
3279 5380 3569 5437 machinis
3592 5382 3653 5439 in

2005 5469 2149 5526 alias
2172 5471 2320 5525 ades
2342 5469 2595 5537 irruunt,
2620 5473 2676 5525 et
2707 5469 2860 5541 quod
2884 5467 3058 5526 alieni
3097 5468 3253 5542 juris
3283 5475 3393 5539 est,
3444 5474 3545 5526 aut
3598 5472 3651 5527 vi

312 5575 426 5652 (49)
447 5576 679 5637 HacPii
701 5594 861 5652 papa
885 5578 908 5636 Ι
932 5577 1011 5635 uti
1034 5580 1092 5634 et
1112 5580 1423 5648 sequentes
1447 5576 1685 5644 Urbani,
1722 5576 1882 5633 Lucii
1923 5581 1979 5635 et
2000 5576 2279 5651 Stephani
2305 5576 2562 5652 epistola
2604 5580 2745 5635 sunt
2783 5577 3099 5652 supposita
3138 5576 3210 5637 ab
3253 5576 3475 5637 Isidoro
3500 5578 3652 5635 Mer-

247 5650 460 5708 catore.
