4004 6210
245 325 406 441 1119

771 459 774 462 ἢ
827 374 1246 445 ADVERSUS
1293 369 1766 438 SIMONIACOS
1809 362 2018 428 LIBRI
2063 363 2288 426 TRES.
2321 395 2399 410 -
2428 363 2660 427 LIBER
2703 360 3063 427 TERTIUS.

3489 322 3646 428 1156

245 509 376 566 rius
407 510 772 582 praedicatur,
793 528 908 567 non
931 515 1070 567 sunt
1090 511 1240 566 inter
1268 508 1571 580 episcopos
1601 503 1884 560 habendi:
1919 497 1976 563 Α
2005 498 2164 565 ralis,
2197 515 2324 570 quae
2344 497 2557 553 annulo
2571 501 2627 552 et
2645 495 2853 552 baculo
2871 494 3174 552 visibiliter
3197 500 3558 554 monstratur
3587 503 3646 556 et

247 599 394 670 quia
414 601 684 656 substitio
707 617 906 657 eorum
930 601 1117 672 capite
1140 599 1353 671 pendet
1391 599 1688 657 deorsum,
1753 593 1890 665 quia

246 689 408 759 quod
435 690 634 744 debuit
677 691 760 745 eis
796 690 918 745 ﬁeri
978 694 1360 760 postremum,
1402 687 1620 741 factum
1653 688 1739 739 est
1772 683 1888 755 pri-

247 782 501 841 mum,et
527 779 598 833 ab
621 778 998 850 illisquorum
1025 778 1267 832 interest
1292 773 1718 837 nihilum.Quid
1734 771 1888 827 enim

244 865 325 920 ad
339 865 516 921 laicas
535 867 1071 939 pertinetpersonas
1094 869 1460 920 sacramenta
1479 861 1891 924 ecclesiastica,

247 957 313 1008 et
332 953 742 1025 pontiﬁcalem,
763 973 863 1011 seu
888 954 1239 1026 pastoralem
1277 953 1522 1025 gratiam
1577 950 1890 1006 distribue-

247 1058 335 1108 re,
359 1059 629 1098 camuros
648 1043 868 1099 scilicet
893 1044 1129 1099 baculos
1151 1047 1208 1098 et
1236 1041 1486 1097 annulos
1507 1041 1723 1112 quibus
1748 1056 1892 1110 prae-

249 1130 424 1203 cipue
445 1132 762 1201 perﬁcitur,
787 1132 1021 1201 militat,
1048 1137 1104 1187 et
1121 1131 1522 1188 innititurtota
1545 1127 1893 1202 episcopalis

247 1219 612 1274 consecratio
633 1220 660 1275 ‘2
688 1221 971 1292 Equidem
995 1221 1053 1275 in
1068 1221 1322 1276 camuris
1347 1219 1571 1275 baculis
1621 1217 1894 1290 superius

251 1307 328 1362 ad
347 1307 760 1364 attrahendum
804 1312 860 1363 et
883 1309 1246 1365 invitandum
1282 1308 1580 1364 uncinatis
1629 1312 1687 1362 et
1731 1305 1897 1360 intle-

249 1394 344 1449 xis
370 1411 382 1460 ;
408 1395 652 1452 inferius
674 1415 806 1453 vero
829 1399 899 1453 ad
925 1397 1322 1470 repellendum
1344 1402 1400 1453 et
1421 1397 1744 1452 feriendum
1768 1411 1900 1449 acu-

253 1481 498 1538 minatis
519 1488 576 1539 et
595 1486 857 1551 armatis,
883 1475 1361 1557 designaturqué
1385 1485 1441 1540 in
1467 1485 1550 1540 eis
1577 1481 1894 1540 committi-

251 1573 507 1626 turcura
539 1572 868 1643 pastoralis,
894 1590 1020 1643 quae
1073 1575 1275 1644 utique
1322 1591 1430 1628 sua
1477 1571 1900 1644 compositione

251 1657 345 1713 vel
372 1658 573 1714 futura
594 1661 871 1716 admonet
893 1665 1175 1732 pastores,
1208 1666 1272 1717 ut
1302 1661 1440 1716 recti
1462 1666 1520 1717 et
1567 1661 1726 1733 plani
1758 1659 1896 1725 sint,

254 1763 493 1818 suaeque
514 1748 760 1803 actionis
778 1749 1392 1821 velcontemplationis
1441 1751 1691 1805 arduum
1722 1755 1781 1806 et
1819 1751 1900 1804 ri-

253 1835 463 1929 gidum
490 1837 765 1929 verticem
790 1838 1058 1929 imitandi
1081 1843 1136 1929 et
1157 1839 1486 1929 attrahendi
1533 1839 1604 1916 ad
1651 1856 1713 1894 se
1769 1855 1898 1929 gre-
1930 1865 1978 1929 B

254 1939 388 1996 gem
412 1924 513 1979 Dei
540 1925 1074 1982 condescendentes
1106 1927 1312 1982 leniter
1349 1927 1650 1982 dimittant
1693 1932 1750 1982 et
1807 1927 1895 1982 in-

257 2011 511 2078 ﬂectant,
537 2013 621 2068 sic
643 2016 838 2069 tamen
864 2018 929 2068 ut
963 2015 1346 2086 sibimetipsis
1394 2033 1627 2087 quoque
1671 2032 1901 2087 semper

254 2098 588 2166 intendant,
609 2118 716 2156 nec
748 2119 1012 2173 unquam
1072 2119 1105 2157 a
1163 2103 1378 2158 suimet
1435 2105 1901 2160 consideratione

257 2188 473 2243 mentis
503 2189 708 2245 obtuta
736 2192 1054 2248 reﬂectant.
1091 2194 1348 2257 Quorum
1384 2192 1516 2247 ﬁnis
1556 2192 1780 2248 indicat
1838 2198 1903 2248 ut

259 2292 460 2332 severa
489 2276 886 2349 increpatione
917 2279 1385 2352 indisciplinatos
1409 2286 1684 2348 terreant,
1719 2287 1796 2345 et,
1852 2282 1900 2337 si

258 2363 585 2435 pertinaces
616 2366 851 2433 fuerint,
883 2372 1141 2424 extrema
1192 2369 1476 2424 sententia
1535 2370 1605 2424 ab
1661 2369 1904 2426 ecclesia

260 2451 563 2523 repellant.
599 2454 732 2518 Quae
759 2456 957 2512 omnia
987 2457 1297 2529 Apostolus
1327 2458 1582 2513 breviter
1639 2457 1902 2514 insinuat

258 2539 342 2594 ita
375 2557 386 2596 :
417 2563 444 2590 «
480 2542 776 2613 Rogamus
802 2560 927 2614 vos,
973 2545 1246 2617 corripite
1292 2546 1606 2617 inquietos,
1638 2547 1900 2603 consola-

259 2627 405 2682 mini
463 2628 894 2700 pusillanimes,
945 2633 1226 2705 suscipite
1281 2633 1570 2701 inﬁrmos,
1615 2635 1902 2707 patientes

261 2720 447 2772 estote
479 2718 549 2772 ad
581 2735 785 2774 omnes
805 2720 850 2791 (Ι
880 2721 1024 2776 Thes.
1059 2739 1110 2789 ν,
1146 2723 1255 2792 14).
1293 2746 1319 2772 ››

331 2805 504 2860 Porro
528 2805 782 2862 annulus
807 2808 1182 2881 signaculum
1198 2814 1551 2865 secretorum
1568 2810 1894 2868 caelestium

257 2893 499 2962 indicat,
521 2912 886 2966 praemonens
917 2899 1353 2969 praedicatores,
1381 2904 1445 2954 ut
1473 2905 1756 2957 secretam
1817 2919 1905 2957 sa-

257 2981 539 3054 pientiam
574 2984 668 3040 Dei
693 3002 826 3040 cum
856 2986 1130 3058 Apostolo
1155 2988 1482 3059 designent,
1517 2989 1906 3061 etloquantur

259 3070 413 3126 inter
442 3072 724 3143 perfectos
747 3076 794 3145 (1
822 3075 942 3130 Cor.
979 3093 1041 3143 11,
1071 3077 1125 3144 6,
1157 3076 1233 3146 7),
1268 3094 1446 3148 quam
1482 3077 1646 3133 belut
1704 3078 1902 3150 signa-

260 3164 384 3214 tam
408 3160 652 3215 reticent
670 3161 1047 3233 imperfectis,
1072 3164 1288 3236 quibus
1313 3165 1572 3220 nondum
1596 3165 1782 3222 solido
1821 3168 1905 3222 ci-

2001 589 2194 643 datur.
2222 588 2380 658 Rogo
2403 603 2537 658 ergo
2562 603 2664 640 cur
2682 585 2946 640 redditur
2965 585 3118 656 quod
3149 586 3414 654 habetur,
3443 587 3554 641 nisi
3579 591 3645 641 ut

2002 682 2102 733 aut
2121 679 2308 732 denuo
2333 693 2422 732 res
2437 675 2830 730 ecclesiastica
2865 675 2974 729 sub
2999 674 3103 728 hac
3124 673 3313 745 specie
3355 674 3644 743 jussionis

1999 766 2089 822 vel
2112 765 2444 822 donationis
2465 766 2874 828 vendatur,aut
2892 763 2947 817 in
2975 763 3149 833 priori
3175 762 3503 817 venditione
3527 779 3647 816 cor-

2004 856 2330 911 roboranda
2343 872 2371 908 a
2387 853 2832 922 metropolitano
2857 853 3097 922 suisque
3117 869 3182 906 su
3193 851 3502 923 il'raganeis
3515 853 3646 906 sub-

2005 944 2314 1008 scribatur,
2341 947 2398 996 at
2420 947 2571 996 certe
2590 947 2653 995 ut
2673 939 3048 1012 praesumptio
3069 940 3227 994 laicaa
3257 941 3644 994 ordinationis

2005 1032 2276 1103 pallietur
2297 1031 2486 1086 colore
2509 1030 2900 1085 etvelamento
2916 1030 3166 1100 quodam
3193 1029 3516 1100 disciplinae
3539 1028 3646 1083 cle-

2006 1121 2199 1177 ricalis
2220 1121 2247 1175 ?
2271 1121 2431 1183 Quod
2457 1120 2504 1174 si
2530 1137 2630 1174 nec
2661 1120 2877 1174 factum
2901 1122 3008 1183 est,
3035 1135 3138 1172 nec
3171 1119 3252 1183 ﬁt,
3281 1135 3374 1172 me
3394 1118 3530 1172 hinc
3547 1117 3647 1173 ali-

2008 1210 2140 1281 quis
2164 1209 2469 1264 mentitum
2492 1212 2714 1280 arguat.
2751 1209 2859 1262 Sed
2915 1208 3066 1278 quod
3097 1207 3333 1277 gravius
3386 1210 3494 1270 est,
3527 1225 3642 1262 non

2006 1302 2235 1354 tantum
2267 1297 2560 1368 prioribus
2583 1297 2948 1368 temporibus
2971 1295 3246 1351 recolitur
3275 1303 3328 1352 ct
3375 1295 3646 1367 pradica-

2007 1391 2104 1441 tur
2127 1387 2235 1441 tale
2268 1387 2406 1458 quid
2442 1389 2678 1453 factum,
2704 1387 2803 1440 sed
2841 1385 3057 1440 nostris
3108 1403 3341 1457 quoque
3390 1385 3649 1440 cernitur

2009 1479 2065 1530 et
2095 1474 2276 1531 scitur
2308 1475 2610 1530 usitatum.
2653 1476 2853 1530 Nonne
2901 1474 3095 1529 saeculi
3135 1475 3426 1546 principes
3484 1473 3646 1546 prius

2007 1565 2393 1619 vendiderunt
2421 1568 2477 1618 et
2504 1565 2764 1619 vendunt
2791 1563 3205 1627 ecclesiastica,
3233 1564 3342 1619 sub
3376 1563 3522 1619 falso
3554 1580 3651 1617 n0-

2011 1654 2168 1708 mine
2199 1653 2588 1708 investitionis
2621 1671 2634 1719 ;
2667 1653 2875 1708 deinde
2911 1652 3377 1724 metropolitano,
3412 1653 3521 1709 sub
3564 1657 3650 1708 te-

2011 1758 2150 1797 nore
2180 1742 2634 1798 consecrationis
2664 1741 2691 1796 ?

2633 1848 2867 1903 CAPUT
2905 1848 3027 1902 VII.

2010 1941 2082 1996 De
2115 1948 2352 2010 tempore
2383 1939 2636 1994 Otto-num
2665 1947 2717 1992 et
2747 1938 2812 1991 de
2841 1937 3021 1992 studio
3079 1939 3300 1992 Ileurz'ci
3358 1939 3649 2009 imperato-

2284 2011 2383 2074 ris,
2417 2015 2466 2064 et
2496 2009 2560 2063 de
2586 2010 2808 2064 malitia
2837 2009 2977 2078 regis
3006 2010 3363 2063 Francorum.

2081 2101 2154 2155 Ut
2182 2099 2338 2154 enim
2370 2099 2440 2153 de
2472 2097 2762 2168 prioribus
2811 2096 3039 2152 saeculis
3098 2097 3408 2151 reticeatur
3459 2097 3651 2154 adhuc

2010 2189 2219 2244 retinet
2250 2187 2533 2242 memoria
2555 2185 2874 2240 multorum
2898 2185 3050 2240 hanc
3073 2185 3443 2256 reciprocatae
3458 2186 3657 2240 vendi—

2007 2277 2186 2332 tionis
2217 2276 2461 2342 rabiem,
2484 2278 2811 2346 grassatam
2836 2291 2938 2344 per
2959 2273 3330 2328 Germaniam
3365 2279 3421 2329 et
3438 2273 3654 2330 Gallias

2011 2371 2315 2436 totamque
2348 2364 2594 2428 Italiam,
2629 2381 2662 2418 a
2699 2363 3061 2434 temporibus
3119 2362 3424 2427 Ottonum,
3469 2380 3656 2435 usque

2012 2456 2083 2510 ad
2103 2459 2365 2524 augustae
2389 2457 2443 2508 et
2464 2453 2605 2507 divae
2631 2450 2922 2507 memoriae
2946 2451 3377 2522 imperatorem,
3425 2451 3656 2507 Heinri-

2013 2561 2144 2598 cum
2170 2542 2498 2598 Chuonradi
2525 2540 2730 2594 ﬁlium.
2759 2541 2880 2605 Hic,
2912 2539 2972 2596 in
3005 2539 3212 2594 diebus
3234 2541 3378 2606 suis,
3405 2544 3522 2595 tam
3546 2558 3579 2595 a
3598 2557 3658 2596 se

2013 2650 2189 2704 quam
2210 2632 2281 2687 ab
2302 2630 2735 2695 ecclesiasticis,
2761 2628 2988 2700 imperii
3013 2629 3125 2683 sibi
3146 2629 3348 2684 crediti
3393 2629 3657 2700 personis

2013 2723 2240 2773 tantum
2265 2717 2635 2790 sacrilegium
2652 2716 2897 2772 removit
2918 2715 3371 2787 aliquantulum,
3390 2716 3656 2788 quamvis

2013 2809 2258 2862 instaret
2285 2806 2623 2870 multum,et
2644 2810 2882 2877 cuperet
2905 2821 3200 2860 removere
3226 2809 3432 2860 totum.
3457 2807 3515 2860 In
3541 2823 3656 2877 quo

2013 2896 2205 2951 cordis
2228 2895 2317 2949 sui
2337 2894 2554 2966 Optimo
2577 2893 2864 2949 desiderio
2915 2893 3229 2956 immatura
3288 2898 3471 2949 morte
3514 2912 3656 2966 pra:-

2013 2989 2239 3049 ventus,
2266 2984 2332 3038 ad
2358 2984 2480 3038 vitae
2504 2989 2728 3037 aeterna:
2754 2999 3019 3052 regnum,
3046 2987 3110 3036 ut
3132 2982 3408 3048 creditur,
3437 2982 3520 3037 vel
3555 2999 3657 3054 pro

2016 3075 2124 3128 hac
2145 3073 2268 3129 sola
2289 3073 2632 3138 intentione,
2654 3071 2810 3126 velut
2829 3089 2929 3142 pro
2954 3071 3102 3126 oculi
3123 3072 3213 3126 sui
3263 3071 3654 3142 simplicitate,

2012 3168 2102 3218 est
2122 3161 2461 3229 translatus,
2485 3178 2615 3215 cum
2641 3178 2708 3216 ex
2728 3159 2928 3215 multis
2952 3177 3184 3232 quoque
3206 3159 3335 3215 aliis
3363 3160 3533 3215 bonis
3563 3178 3657 3215 ex-

262 3247 464 3313 bo,sed
480 3248 601 3304 solo
616 3249 758 3306 lacte
774 3268 921 3322 Opus
935 3234 1521 3323 est(IIebr.v,l2),sive
1546 3259 1606 3309 ut
1623 3259 1904 3326 tanquam
1943 3234 1984 3300 (ἶ
2019 3251 2649 3321 stiteritlaudatus.Cuj
2661 3268 2727 3304 us
2742 3249 3108 3322 synchronus
3131 3254 3186 3304 et
3208 3250 3658 3318 aequivocus,oc-

263 3335 435 3391 amici
467 3337 675 3409 Sponsi
723 3338 896 3395 ﬁdem
933 3357 1110 3396 unam
1144 3358 1369 3412 sponsa:
1417 3341 1625 3413 ipsius,
1659 3360 1787 3414 quas
1819 3348 1909 3399 est
2017 3340 2320 3395 cidentalis
2345 3340 2591 3394 Francia:
2615 3339 2888 3409 perditor,
2915 3342 2970 3392 et
3005 3338 3097 3393 Dei
3123 3343 3425 3410 tyrannus,
3451 3356 3481 3393 e
3519 3355 3657 3394 con-

264 3424 538 3492 Ecclesia,
561 3427 688 3481 sine
709 3427 1146 3484 intermissione
1168 3430 1478 3485 exhibeant
1505 3435 1562 3486 et
1609 3448 1905 3487 commen-

263 3514 424 3568 dent.
447 3514 790 3585 Quicunque
807 3531 943 3587 ergo
966 3516 1058 3572 his
1084 3517 1313 3573 duobus
1358 3517 1617 3589 aliquem
1649 3519 1902 3588 initiant,

259 3597 462 3672 procul
496 3600 676 3654 dubio
709 3618 941 3657 omnem
975 3603 1324 3673 pastoralem
1357 3606 1762 3661 auctoritatem
1794 3607 1901 3663 hoc

256 3689 663 3761 praesumendo
686 3689 798 3744 sibi
821 3689 1138 3745 vindicant.
1157 3691 1301 3745 Nam
1327 3698 1457 3762 post
1479 3692 1599 3747 haec
1622 3694 1898 3763 cncrenia,

254 3778 410 3850 quod
441 3775 997 3848 liberumjudicium
1031 3780 1101 3834 de
1131 3779 1346 3834 talibus
1377 3781 1719 3848 rectoribus,
1771 3784 1898 3852 jam

254 3866 408 3922 datis
439 3865 651 3931 clerus,
685 3867 848 3938 plebs
879 3871 936 3921 et
966 3868 1130 3933 ordo,
1153 3884 1253 3922 seu
1279 3868 1768 3940 metrOpolitanus
1800 3889 1897 3928 eos

249 3958 724 4025 consecraturus,
758 3955 972 4011 habere
1013 3960 1310 4027 poterunt,
1345 3957 1486 4027 quid
1518 3962 1748 4014 tantum
1805 3978 1898 4017 su-

249 4049 445 4116 perest
465 4044 690 4113 rei,nisi
717 4044 1068 4100 convivent?
1091 4043 1183 4099 Sic
1217 4045 1570 4101 encaeniatus
1590 4048 1756 4119 prius
1776 4051 1896 4105 vio-

249 4131 443 4188 lentus
466 4132 689 4188 invadit
708 4132 950 4188 clerum.
972 4133 1221 4205 plebem,
1246 4137 1302 4188 et
1332 4133 1597 4189 ordinem
1631 4136 1895 4194 domina-

249 4225 418 4276 turus
449 4238 626 4292 quam
659 4223 730 4276 ab
761 4221 844 4277 eis
876 4225 1280 4294 cognoscatur,
1316 4227 1610 4293 quaeratur
1660 4229 1760 4280 aut
1791 4244 1893 4297 pe-

247 4312 424 4366 tatur.
445 4309 539 4366 Sic
563 4310 1077 4382 metrapolitanum
1136 4310 1494 4382 aggreditur,
1547 4329 1662 4367 non
1723 4317 1793 4369 ab
1826 4331 1891 4371 eo

241 4398 749 4467 judicandus,sed
801 4400 997 4472 ipsum
1038 4399 1452 4470 judicaturus;
1495 4417 1685 4472 neque
1735 4402 1888 4459 enim

243 4485 367 4556 jam
381 4486 624 4558 requirit
643 4492 742 4544 aut
764 4487 1547 4561 recipitejusjudicium,sed
1567 4489 1758 4545 solum
1775 4492 1890 4546 exi-

2017 3429 2214 3492 trario,
2240 3429 2390 3482 sicut
2414 3427 2568 3481 ﬁlius
2594 3427 2935 3497 perditionis
2960 3431 3016 3480 et
3043 3425 3465 3492 Antichristus,
3491 3426 3657 3480 Chri-

2014 3522 2102 3572 sto
2117 3518 2183 3571 ad
2195 3516 2649 3584 versatur,cujus
2664 3515 2913 3585 gratiam
2938 3515 3013 3569 im
3026 3519 3243 3586 pugnat
3254 3520 3304 3569 et
3321 3531 3654 3588 expugnare

2015 3623 2128 3659 non
2158 3609 2347 3660 cessat
2373 3603 2429 3657 in
2455 3603 2681 3658 cunctis
2696 3620 2814 3657 suae
2837 3602 3075 3657 ditionis
3099 3603 3384 3674 partibus.
3403 3605 3523 3667 Quo
3546 3621 3652 3660 suo

2014 3691 2241 3758 merito,
2267 3690 2536 3746 draconis
2560 3692 2730 3761 cujus
2753 3707 2971 3761 sequax
2993 3695 3100 3756 cst,
3157 3691 3342 3746 cauda
3391 3696 3653 3764 putatur,

2011 3797 2137 3851 quae
2161 3779 2621 3834 innumerabiles
2644 3785 2699 3834 et
2719 3778 3023 3851 przeclaras
3047 3779 3244 3834 stellas
3268 3780 3417 3847 cceli,
3471 3781 3652 3836 Eccle-

2010 3869 2106 3925 sia:
2129 3867 2349 3922 scilicet
2370 3869 2719 3922 Francorum
2744 3867 2981 3922 traxerit
2997 3873 3052 3923 et
3079 3868 3289 3935 trahat,
3313 3869 3652 3942 miseritque

2008 3963 2064 4014 et
2087 3957 2280 4012 mittat
2302 3958 2359 4011 in
2380 3961 2595 4012 terram
2618 3957 2990 4012 tenebrosam
3027 3961 3083 4012 et
3131 3961 3392 4028 oportam
3444 3959 3651 4014 mortis

2008 4046 2273 4118 caligine.
2299 4047 2480 4110 Quem
2503 4046 2755 4117 Spiritus
2778 4045 3106 4112 sanctus,in
3131 4063 3303 4118 quem
3327 4045 3453 4101 sine
3471 4045 3648 4102 inter-

2007 4136 2285 4192 missione
2310 4135 2442 4208 plus
2465 4153 2641 4206 quam
2665 4134 2864 4190 Simon
2907 4135 3113 4206 Magus
3155 4139 3373 4205 peccat,
3407 4139 3507 4190 aut
3536 4136 3648 4192 cito

2004 4231 2423 4297 compunctum
2447 4223 2719 4294 corrigat,
2744 4227 2845 4279 aut
2867 4224 2978 4279 cito
3002 4242 3034 4279 a
3052 4240 3112 4278 se
3161 4224 3534 4280 interfectum
3572 4225 3644 4280 de

2005 4312 2195 4368 medio
2219 4312 2401 4380 tollat,
2427 4330 2497 4367 ne
2517 4317 2601 4367 tot
2622 4311 3020 4384 blasphemiae
3038 4317 3093 4367 et
3113 4311 3361 4384 injurias
3406 4314 3478 4368 ad
3527 4330 3647 4369 sua}

2001 4402 2396 4457 damnationis
2421 4400 2724 4455 cumulum
2747 4405 2803 4456 et
2826 4406 3037 4456 sancta:
3058 4401 3513 4458 Christianitatis
3543 4420 3637 4458 ex-

2001 4493 2340 4547 terminium
2367 4492 2590 4546 diutius
2618 4489 2729 4561 ipsi
2752 4490 2993 4561 Spiritui
3012 4491 3645 4557 sanctoint‘erat.Quem

248 4573 334 4646 git
348 4577 405 4628 et
421 4581 724 4648 extorquet
737 4576 1060 4643 servitium,
1086 4576 1238 4648 quod
1269 4576 1320 4632 ei
1339 4576 1528 4632 solum
1546 4578 1605 4633 in
1629 4579 1887 4635 oratione
1919 4597 1966 4660 Β
1999 4587 2151 4636 Deus
2176 4586 2410 4652 propter
2424 4585 2658 4650 peccata
2680 4579 2880 4650 populi
2905 4596 3146 4651 regnare
3167 4581 3525 4652 permisit,ut
3546 4599 3648 4653 per

245 4663 590 4720 etunctione
640 4671 729 4720 est
752 4665 1042 4721 relictum.
1067 4666 1214 4729 Quid
1247 4665 1400 4720 enim
1428 4667 1680 4737 sibijam
1718 4669 1890 4740 perti-

243 4756 340 4806 net
370 4755 474 4807 aut
495 4754 733 4825 prodest
763 4753 1043 4809 baculum
1067 4760 1123 4809 et
1152 4753 1436 4809 annulum
1478 4773 1624 4828 quos
1676 4761 1887 4828 portat,

241 4841 520 4897 reddere?
539 4842 816 4915 Nunquid
842 4844 1030 4914 quiaa
1066 4842 1215 4898 laica
1263 4860 1510 4915 persona
1546 4845 1665 4900 dati
1714 4847 1892 4901 sunt?

242 4929 352 4985 Sed
367 4930 544 4986 etiam
559 4948 593 4986 a
609 4931 754 4987 laico
769 4932 1064 5003 baptisma
1077 4931 1278 4987 datum
1299 4950 1414 4987 non
1433 4937 1522 4988 est
1535 4933 1886 5003 iterandum,

249 5018 350 5072 sed
369 5019 628 5075 oratione
657 5024 713 5076 et
735 5020 1006 5076 unctione
1036 5037 1069 5074 a
1089 5021 1388 5076 sacerdote
1427 5022 1476 5077 si
1502 5024 1890 5095 supervivitur

242 5106 658 5179 supplendum,
692 5109 819 5165 sine
849 5109 1087 5181 quibus,
1120 5109 1233 5164 nisi
1265 5111 1412 5164 forte
1466 5113 1884 5183 supervivatur,

242 5212 488 5269 regnum
520 5197 798 5254 caelorum
832 5197 1232 5254 indubitanter
1260 5199 1532 5266 intratur,
1566 5218 1701 5256 cum
1761 5202 1886 5258 sine

240 5301 402 5356 aqua:
434 5285 665 5343 lavacro
698 5286 1098 5343 nullus.Unde
1119 5290 1315 5358 patam
1342 5293 1432 5342 est
1464 5305 1637 5344 omne
1668 5291 1884 5362 episco-

239 5373 365 5444 pale
381 5375 641 5431 ofﬁcium
664 5375 723 5431 in
743 5375 956 5432 annulo
974 5379 1030 5430 et
1051 5374 1258 5430 baculo
1275 5375 1358 5431 eis
1373 5376 1730 5444 datum,sine
1745 5397 1884 5450 quo-

239 5479 367 5518 rum
400 5465 724 5522 imitatione
754 5470 810 5521 et
841 5465 1184 5521 auctoritate
1224 5464 1538 5536 episcopali
1561 5474 1878 5538 nequeunt,

239 5567 369 5608 cum
417 5555 544 5611 sine
583 5556 859 5629 unctione
893 5552 1111 5610 visibili
1155 5557 1383 5609 constet
1429 5554 1648 5610 sanctis
1706 5574 1878 5627 apos-

238 5639 371 5699 tolis
393 5641 502 5700 hoc
525 5645 872 5702 attributum
895 5645 954 5701 in
977 5643 1102 5700 sola
1113 5641 1494 5716 praeceptione
1517 5658 1670 5698 curae
1680 5648 1875 5714 pasto-

1999 4687 2134 4724 eum
2158 4669 2422 4723 funditus
2442 4667 2752 4722 trahantur
2770 4668 2840 4722 ad
2865 4675 3082 4724 sortem
3117 4669 3352 4736 diaboli,
3407 4669 3506 4739 qui
3548 4687 3645 4724 no-

2002 4759 2157 4812 mine
2180 4764 2350 4812 tenus
2368 4757 2718 4811 censebatur
2739 4772 2862 4811 esse
2888 4756 3124 4811 Christi.
3151 4757 3254 4810 Cui
3275 4756 3356 4810 sic
3379 4756 3644 4826 perditus

2001 4847 2095 4901 ille
2118 4845 2374 4917 perditor
2397 4844 2588 4914 palam
2615 4850 2670 4898 et
2692 4844 2981 4899 obstinate
3006 4862 3189 4916 usque
3210 4843 3549 4908 nunc,velut
3566 4845 3642 4898 al-
3695 4861 3700 4863 ·

1999 4939 2088 4990 ter
2107 4932 2396 4996 Julianus,
2431 4936 2736 5003 repugnat,
2760 4936 2821 4985 ut
2843 4932 3110 5003 quamvis
3136 4931 3428 4986 multoties
3445 4931 3518 4986 ab
3551 4949 3640 4987 re-

1997 5021 2256 5078 verendae
2314 5020 2609 5074 memoriae
2659 5020 3035 5090 pontiﬁcibus
3087 5019 3412 5090 apostolica:
3459 5020 3639 5089 sedis,

1997 5113 2211 5167 domno
2236 5111 2424 5165 Leone
2444 5114 2500 5164 et
2519 5108 2770 5172 Victore,
2797 5125 2974 5178 super
3003 5112 3164 5163 tanta
3203 5108 3495 5180 apostasia
3544 5110 3640 5164 ad-

1997 5200 2256 5256 monitus
2279 5201 2334 5252 et
2356 5196 2862 5267 correptus,pejor
2902 5196 2960 5249 in
2995 5197 3116 5251 dies
3165 5197 3285 5265 ﬁat,
3344 5197 3639 5269 ﬁnemque

1995 5290 2117 5345 suis
2140 5285 2525 5359 pravitatibus
2549 5283 2778 5339 rebellis
2800 5284 2914 5338 Deo
2946 5289 3002 5338 et
3059 5284 3465 5340 sacerdotibus
3507 5288 3635 5357 ejus

1995 5393 2206 5450 ponere
2229 5378 2601 5438 contemnat;
2628 5372 2836 5427 noxius
2859 5390 3090 5444 quoque
3113 5379 3296 5436 terrze,
3323 5391 3636 5445 quam,ceu

1991 5465 2205 5522 sterilis
2228 5465 2419 5529 arbor,
2444 5466 2706 5534 occupat,
2733 5463 2900 5532 cujus
2925 5462 3195 5534 nequities
3219 5462 3542 5520 imitatores
3565 5466 3637 5521 si-

1989 5573 2054 5611 ve
2077 5570 2377 5625 compares
2408 5558 2465 5608 et
2505 5556 2802 5607 consortes
2838 5568 2970 5606 cum
3015 5553 3121 5608 hac
3169 5553 3412 5624 profana
3459 5573 3635 5629 pecu-

1990 5645 2086 5701 nia
2107 5645 2475 5717 praesumunt
2492 5642 2649 5699 adire
2675 5644 2731 5699 et
2753 5641 3122 5714 frequentare
3141 5640 3348 5700 limina
3377 5644 3636 5706 Simonis
