4004 6210
387 309 536 376 1151

1422 316 1832 386 HUMBERTI
1877 321 1942 386 S.
1989 321 2062 386 Β.
2109 321 2180 387 E.
2229 323 2720 394 CARDINALIS.

3628 327 3803 396 1182

383 445 534 505 Petri
568 447 867 504 credentes
897 445 978 537 illi
1014 464 1183 522 posse
1206 443 1433 524 placere
1449 453 1571 524 jam
1590 452 1868 526 pecunias
1888 471 2024 512 con-
2055 455 2110 523 Α
2140 454 2362 516 dixerat
2395 475 2407 515 :
2443 483 2472 512 «
2505 461 2719 519 Euntes
2749 460 2809 520 in
2839 459 3129 520 mundum
3161 460 3522 532 universum,
3568 462 3795 537 praedi-

381 539 472 591 tra
498 553 664 591 suam
689 535 1034 592 sententiam
1073 539 1410 610 acquisitas,
1462 541 1724 614 exemplo
1769 543 2026 600 Simonis

382 625 534 696 Magi
567 643 578 690 ;
607 641 708 678 nec
733 625 940 679 timent
963 644 1093 681 cum
1118 627 1214 681 illo
1237 629 1308 683 ab
1337 630 1461 700 ipso
1481 630 1745 703 Principe
1793 639 2024 705 aposto-

378 711 569 767 lorum
594 713 702 767 sibi
730 731 962 785 quoque
994 716 1104 770 dici
1139 735 1204 771 ;‹‹
1241 717 1490 774 Pecunia
1511 723 1612 774 tua
1632 725 1823 776 tecum
1859 722 1936 776 sit
1965 723 2023 777 in

378 801 758 872 perditionem
796 803 932 872 (Act.
958 820 1078 866 vm,
1111 806 1225 875 20):
1253 827 1279 855 ››
1305 805 1557 868 Quorum
1584 809 1710 877 jam
1757 810 2021 881 pecunia,

377 895 833 960 quantacunque
855 891 948 958 sit,
977 891 1284 949 immunda
1314 897 1396 961 lit,
1449 897 1918 970 quandocumque
1941 901 2025 954 Si-

377 981 642 1033 moniaca
666 980 912 1050 pecunia
942 983 1226 1038 accedens
1257 983 1418 1039 illam
1452 987 1756 1058 contingit.
1806 989 1914 1043 Sed
1950 989 2021 1043 ad

374 1067 738 1139 propositum
763 1069 1054 1124 redeatur.

979 1178 1210 1234 CAPUT
1250 1180 1394 1235 VIII.

373 1270 456 1321 De
485 1265 883 1342 quadripertito
912 1267 1224 1342 venditione
1255 1268 1401 1340 apud
1424 1271 1722 1336 Latinos,et
1751 1271 1817 1326 de
1839 1272 2022 1342 Magni

643 1337 993 1392 Constantini
1022 1337 1306 1395 devotione
1335 1358 1462 1411 ergo
1491 1343 1731 1396 clericos.

443 1423 799 1480 Distrahitur
831 1442 965 1498 ergo
998 1429 1217 1498 passim
1249 1433 1304 1483 et
1335 1430 1585 1500 sparsim
1621 1447 1711 1484 res
1741 1430 2016 1486 ecclesia-

370 1513 517 1569 stica
546 1512 706 1585 prius
739 1531 773 1568 a
831 1514 1192 1587 principibus
1245 1522 1300 1572 et
1358 1533 1557 1572 eorum
1603 1517 2012 1585 familiaribus,

369 1603 643 1657 deindea
703 1604 1170 1675 melropolitanis
1227 1610 1283 1661 et
1338 1622 1538 1660 eorum
1603 1605 2010 1663 familiaribus.

368 1691 583 1746 Neutra
612 1693 826 1764 quippe
847 1693 1103 1748 venditio
1127 1695 1191 1748 fit
1223 1695 1346 1750 sine
1370 1694 1811 1751 mediatoribus.
1829 1695 2014 1760 Quan-

368 1785 425 1836 to
456 1780 816 1836 tolerabilius
838 1782 1201 1850 venderctur,
1237 1784 1285 1838 si
1319 1783 1524 1838 saltem
1547 1785 1807 1856 exemplo
1830 1785 2012 1840 orien-

367 1868 499 1924 talis
531 1874 586 1924 et
641 1870 1046 1925 transmarina:
1107 1872 1396 1939 Ecclesia},
1462 1889 1495 1927 a
1545 1872 2011 1946 metropolitanis

367 1963 590 2014 tantum
635 1975 956 2030 eorumque
1009 1959 1400 2016 familiaribus
1458 1962 1823 2029 venderetur,
1873 1963 2013 2034 quia

366 2047 455 2102 bis
480 2052 792 2113 tantum,et
811 2065 926 2103 non
943 2052 1149 2120 quater
1169 2051 1822 2118 venderetur.Quamvis
1849 2051 2007 2106 enim

366 2136 732 2192 multimodis
755 2138 1054 2192 erroribus
1076 2138 1346 2194 Ecclesia:
1383 2138 2010 2211 Constantinopolitani

364 2225 592 2298 imperii
623 2231 916 2293 vexentur,
941 2227 1012 2282 ab
1044 2227 1152 2282 hoc
1185 2233 1381 2283 tamen
1413 2227 1706 2282 immunes
1737 2243 1840 2298 per
1885 2243 2007 2281 om-

363 2314 815 2370 nianoscuntur.
843 2315 1126 2387 Denique,
1151 2316 1294 2371 sicui
1321 2316 1522 2370 auditu
1574 2319 1631 2369 et
1680 2313 1807 2369 visu
1857 2330 2010 2369 com-

364 2403 683 2475 probavi,et
701 2403 943 2474 insuper
962 2405 1034 2458 ab
1059 2421 1155 2458 ore
1175 2404 1501 2458 orthodoxae
1526 2402 2010 2474 memoriaaimpe—

363 2491 969 2558 ratoris,Constantini
999 2491 1384 2559 Monomachi,
1411 2491 1468 2546 in
1495 2491 1623 2562 ipsa
1655 2491 1813 2562 regia
1865 2491 2008 2546 urbe

363 2598 466 2652 pro
488 2579 820 2652 apostolicae
844 2580 1000 2634 sedis
1022 2580 1318 2650 responsis
1342 2580 1565 2652 positus
1615 2580 1818 2652 agnovi
1845 2598 1858 2648 ;
1904 2596 2008 2634 nec

359 2669 485 2742 ipse
510 2669 843 2741 imperator,
869 2685 971 2723 nec
990 2668 1271 2724 laicorum
1295 2667 1540 2740 quilibet
1559 2667 1736 2723 ullam
1761 2668 2010 2741 disposi-

360 2758 577 2813 tionem
608 2756 984 2812 ecclesiarum
1017 2761 1117 2812 aut
1149 2756 1676 2812 ecclesiasticarum
1699 2757 2007 2812 ordinatio-

363 2862 503 2902 num
539 2863 638 2900 seu
676 2845 1016 2900 facultatum
1050 2845 1365 2916 aliquando
1397 2845 1506 2901 sibi
1539 2847 1877 2917 prmsumit;
1904 2846 2006 2902 sed

363 2939 571 2990 cuncta
601 2933 778 2989 simul
810 2939 1121 3006 postquam
1154 2934 1333 2989 semel
1393 2934 1594 2990 relicta
1647 2939 1806 3000 sunt,
1840 2934 2008 2990 relin-

360 3028 624 3096 quuntur
655 3023 1016 3095 disponenda
1070 3023 1536 3095 metropolitanis
1593 3029 1650 3079 et
1708 3023 2009 3080 ecclesias-

359 3113 492 3169 ticis
522 3112 808 3185 personis,
843 3130 875 3167 a
912 3117 1170 3185 tempore
1228 3113 1464 3167 maximi
1522 3116 1578 3168 et
1637 3112 1810 3184 primi
1865 3113 2007 3168 Con-

358 3202 600 3258 stantini
636 3201 735 3272 qui
758 3218 935 3274 super
965 3201 1057 3257 his
1081 3201 1518 3257 memorabilem
1543 3206 1599 3256 et
1621 3201 1898 3257 omnibus
1915 3219 2004 3257 ca-
2034 3185 2076 3252 C

357 3291 592 3346 tholicis
620 3291 994 3347 reverendam
1027 3291 1378 3346 sententiam
1398 3290 1661 3364 protulit.
1685 3289 2002 3347 Praesidens

359 3397 614 3452 namque
644 3385 855 3436 sancta:
880 3381 1122 3452 synodo,
1148 3397 1273 3451 qua:
1293 3380 1445 3452 apud
1471 3380 1705 3436 Niceam
1757 3397 2004 3453 congre-

358 3475 492 3544 gata
514 3474 622 3537 est,
657 3486 790 3524 cum
825 3469 1139 3541 queredam
1191 3469 1583 3540 quorumdam
1643 3470 2005 3542 conspiceret

358 3577 552 3616 coram
585 3575 646 3614 se
669 3557 918 3613 delatam
938 3557 1018 3613 ait
1043 3576 1055 3613 :
1080 3581 1107 3607 «
1134 3557 1242 3613 Vos
1286 3575 1318 3612 a
1339 3559 1572 3614 nemine
1611 3557 1866 3628 judicari
1900 3575 2002 3630 po-

358 3649 546 3716 testis,
578 3648 716 3720 quia
747 3647 928 3703 solius
964 3647 1297 3719 Deijudicio
1330 3647 1728 3702 reservamini.
1764 3646 1856 3702 Dii
1886 3651 2003 3703 ete-

360 3740 481 3794 nim
525 3738 710 3793 vocati
736 3736 1138 3803 estis,idcirco
1181 3754 1295 3792 non
1349 3736 1592 3809 potestis
1635 3737 1706 3792 ab
1755 3735 2007 3791 homini-

360 3829 469 3884 bus
493 3827 824 3898 dijudieari.
862 3827 942 3882 Ite
974 3831 1050 3894 et,
1085 3826 1238 3881 inter
1269 3843 1368 3881 vos
1390 3842 1600 3881 causas
1629 3829 1854 3881 vestras
1885 3825 2004 3880 dis-

359 3918 575 3992 ponite,
610 3918 750 3989 quia
780 3916 1024 3987 dignum
1060 3932 1176 3970 non
1236 3919 1324 3970 est
1383 3919 1448 3969 ut
1509 3931 1616 3970 nos
1665 3913 2006 3985 judicemus

359 4008 517 4063 deos.
545 4030 570 4056 «
595 4005 759 4060 Unde
790 4003 920 4076 ipsa
941 4007 1142 4058 sancta
1171 4003 1432 4076 synodus
1466 4002 1550 4058 sic
1593 4001 2005 4074 promulgavit.

361 4095 648 4166 «Antiqui
673 4092 853 4147 moris
877 4096 982 4158 est,
1011 4097 1072 4146 ut
1095 4093 1257 4148 urbis
1282 4093 1476 4148 Romae
1500 4091 1812 4163 episcopus
1831 4091 2006 4146 habe-

361 4190 420 4241 at
442 4184 858 4256 principatum,
882 4186 936 4236 et
955 4181 1275 4236 suburbica
1301 4181 1428 4236 loca
1449 4184 1505 4235 et
1524 4196 1757 4235 omnem
1784 4179 2010 4252 provin-

361 4274 511 4330 ciam
545 4288 652 4327 sua
685 4268 1076 4326 sollicitudine
1126 4271 1431 4342 gubernet.
1492 4269 1600 4332 Qui
1660 4285 1792 4324 vero
1851 4269 2008 4341 apud

361 4362 651 4434 Egyptum
686 4367 819 4414 sunt
853 4357 1214 4415 Alexandria:
1247 4357 1560 4430 episcopus
1611 4357 1874 4412 omnium
1906 4357 2009 4414 ha-

362 4451 495 4507 beat
523 4448 996 4504 sollicitudinem.
1033 4445 1316 4502 Similiter
1333 4451 1526 4502 autem
1551 4450 1607 4502 et
1637 4446 1791 4502 circa
1809 4448 2009 4503 Antio-

2136 552 2262 604 cate
2281 550 2658 624 Evangelium
2681 553 2871 626 (Marc.
2897 571 3009 621 xvr,
3037 553 3125 623 15)
3176 573 3246 611 »:
3295 553 3386 610 vel
3405 553 3545 626 quia
3596 552 3800 625 expel-

2135 635 2291 692 lendi
2324 644 2491 695 erant
2519 643 2796 710 aJudaea,
2839 647 3120 699 noverant
3176 660 3238 700 se
3283 647 3338 699 et
3395 643 3452 698 in
3508 642 3794 715 gentibus

2136 725 2578 800 dispergendos,
2600 731 3036 804 Eeclesiamque
3057 733 3528 804 congregandam
3561 749 3628 786 ex
3649 729 3794 786 rudi

2135 814 2348 887 populo
2370 817 2582 874 idcirco
2604 821 2820 892 praedia
2839 821 2894 876 in
2919 822 3120 877 Judaea
3140 821 3404 886 minime,
3427 825 3567 876 sunt
3598 821 3792 892 adep—

2134 903 2197 972 ti,
2225 905 2324 961 sed
2350 907 2534 976 pretia
2562 911 2967 965 tantummodo
2999 911 3070 966 ad
3105 910 3380 965 fovendos
3413 912 3666 981 egentes.

2203 994 2274 1047 At
2303 1010 2457 1059 vero,
2491 1012 2625 1050 cum
2666 996 2819 1051 inter
2847 998 3113 1054 turbines
3162 1003 3219 1052 et
3275 998 3520 1054 adversa
3571 996 3791 1053 mundi

2131 1087 2521 1137 succresceret
2550 1083 2824 1150 Ecclesia,
2849 1086 2992 1141 adeo
3022 1102 3210 1157 usque
3253 1087 3514 1158 pervenit
3544 1090 3607 1141 ut
3657 1101 3784 1141 non

2131 1168 2324 1224 solum
2356 1174 2580 1241 gentes,
2608 1173 2709 1228 sed
2738 1173 2915 1228 etiam
2941 1174 3185 1230 Romani
3208 1175 3526 1248 principes,
3545 1175 3646 1246 qui
3673 1189 3782 1245 pe-

2127 1270 2200 1309 ne
2221 1256 2398 1310 totius
2420 1256 2578 1311 orbis
2601 1259 3000 1314 monarchiam
3016 1261 3393 1328 tenebant,ad
3412 1262 3587 1318 ﬁdem
3610 1260 3782 1318 Chri-

2127 1343 2200 1398 sti
2221 1347 2276 1398 et
2295 1343 2570 1416 baptismi
2612 1351 2980 1402 sacramenta
3009 1353 3440 1404 concurerrent.
3476 1355 3519 1404 E
3549 1350 3775 1422 quibus

2123 1430 2212 1486 vir
2231 1430 2732 1504 religiosissimus,
2751 1434 3162 1491 Constantinus
3186 1435 3434 1507 primus,
3474 1438 3649 1492 fidem
3674 1453 3782 1492 ve-

2125 1519 2314 1576 ritatis
2337 1526 2604 1593 patenter
2625 1523 2893 1594 adeptus,
2923 1523 3217 1579 licentiam
3264 1525 3423 1580 dedit
3473 1541 3576 1595 per
3632 1525 3778 1578 uni-

2122 1624 2355 1664 versum
2389 1611 2586 1665 orbem
2621 1611 2729 1666 sub
2761 1628 2866 1666 suo
2898 1612 3171 1682 degentes
3204 1612 3450 1684 imperio
3508 1629 3622 1667 non
3677 1627 3782 1666 so-

2123 1696 2245 1752 lum
2271 1697 2392 1752 fieri
2417 1697 2494 1752 Cb
2507 1697 2799 1766 ristianos,
2815 1699 2914 1754 sed
2939 1699 3113 1754 etiam
3131 1700 3450 1754 fabricandi
3469 1698 3779 1767 ecclesias,

2121 1790 2180 1841 et
2202 1786 2419 1858 pradia
2435 1787 2745 1842 tribuenda
2761 1787 3084 1842 constituit.
3109 1788 3390 1860 Denique,
3420 1787 3572 1842 idem
3623 1805 3776 1859 pra:-

2122 1874 2276 1929 fatus
2298 1874 2570 1947 princeps
2591 1875 2833 1931 donaria
2854 1875 3144 1931 immensa
3164 1879 3220 1931 et
3242 1875 3524 1931 fabricam
3565 1876 3776 1948 templi

2124 1962 2328 2035 prima:
2355 1963 2511 2018 sedis
2536 1963 2690 2018 beati
2712 1963 2888 2029 Petri,
2910 1963 3190 2035 principis
3224 1963 3622 2035 apostolorum
3652 1963 3777 2020 ins-

2119 2051 2482 2119 tituit;adeo
2524 2055 2588 2105 ut
2636 2052 2834 2106 sedem
2883 2051 3249 2122 imperialem
3304 2067 3479 2122 quam
3520 2051 3769 2107 Romani

2119 2139 2412 2212 principes
2435 2139 2818 2211 praesiderent
2861 2138 3237 2212 relinqueret,
3285 2147 3343 2195 et
3383 2142 3551 2196 beato
3598 2141 3770 2196 Petro

2120 2226 2362 2298 suisque
2382 2227 2730 2298 praesulibus
2753 2229 3121 2300 profuturam
3144 2229 3507 2284 concederet.
3531 2229 3617 2284 Ab
3666 2228 3768 2284 illo

2117 2315 2333 2371 etenim
2353 2319 2614 2387 tempore
2635 2320 2690 2371 et
2711 2316 2985 2388 deinceps
3002 2316 3106 2372 viri
3132 2315 3386 2389 religiosi
3407 2334 3522 2373 non
3571 2316 3766 2373 solum

2118 2403 2521 2476 possessiones
2543 2407 2599 2460 et
2621 2405 2839 2476 praedia
2861 2423 2992 2476 qua:
3012 2406 3416 2478 possederant,
3439 2407 3537 2461 sed
3585 2405 3769 2462 etiam

2119 2493 2341 2565 seipsos
2377 2493 2622 2548 Domino
2642 2497 3082 2561 consecrarunt,
3105 2494 3458 2549 aedificantes
3488 2493 3770 2550 basilicas

2117 2583 2176 2638 in
2211 2583 2335 2639 suis
2367 2582 2568 2638 fundis
2600 2581 2660 2638 in
2691 2581 2912 2638 honore
2937 2587 3272 2638 sanctorum
3308 2587 3630 2654 martyrum
3664 2600 3772 2655 per

2121 2669 2384 2724 civitates
2415 2685 2482 2724 ac
2513 2669 2892 2735 monasteria,
2925 2670 2982 2724 in
3014 2669 3231 2741 quibus
3287 2673 3470 2726 cmtus
3517 2671 3769 2726 Domino

2117 2757 2495 2813 servientium
2529 2757 2882 2813 conveniret.
2916 2758 3372 2830 Denique,reges
3402 2763 3457 2814 et
3487 2759 3772 2830 praesides

2117 2863 2182 2902 ac
2218 2845 2602 2919 magistratus
2635 2864 2750 2902 non
2783 2846 2974 2903 solum
3033 2846 3184 2902 hanc
3242 2845 3541 2904 licentiam
3596 2849 3772 2904 attri-

2118 2936 2396 3002 buerunt,
2429 2935 2530 2991 sed
2563 2935 2737 2990 etiam
2795 2935 2907 3008 ipsi
2957 2936 3195 3007 prepria
3242 2935 3437 3008 largiti
3471 2943 3612 2992 sunt
3663 2954 3774 3009 per

2115 3023 2388 3079 universa
2418 3038 2596 3094 regna
2627 3028 2938 3089 terrarum,
2963 3023 3119 3079 unde
3175 3023 3471 3080 alerentur
3527 3031 3765 3098 egentes

2115 3113 2212 3186 qui
2247 3112 2329 3167 nil
2361 3113 2420 3167 in
2453 3113 2672 3167 mundo
2706 3111 3502 3186 possidebant,ccclesizeque
3521 3114 3764 3171 fabrica-

2113 3206 2315 3258 rentur
2334 3205 2507 3273 atque
2525 3202 3250 3274 restaurarentur,Deoque
3272 3207 3329 3258 et
3345 3202 3609 3259 Ecclesiae
3631 3205 3761 3274 ejus

2113 3291 2223 3346 rite
2253 3290 2674 3346 famulantium
2705 3307 3124 3363 servorumque
3149 3290 3309 3347 illius
3353 3291 3761 3364 supplementa

2114 3381 2336 3452 absque
2367 3379 2708 3435 necessitate
2737 3379 3135 3435 tribuerentur
3184 3385 3270 3446 ut,
3302 3380 3420 3436 haec
3478 3381 3759 3454 accipien-

2113 3473 2220 3533 tes,
2247 3468 2569 3524 secundum
2602 3466 2825 3523 monita
2851 3467 3134 3540 Apostoli,
3169 3472 3408 3540 possent
3439 3469 3752 3538 orationes,

2115 3556 2560 3631 postulationes,
2616 3557 3070 3627 obsecrationes,
3126 3559 3449 3632 gratiarum
3504 3559 3760 3616 actiones

2115 3646 2249 3703 ﬁeri
2273 3663 2376 3718 pro
2407 3646 2684 3702 omnibus
2715 3646 3077 3714 hominibus,
3111 3664 3216 3719 pro
3266 3648 3500 3722 regibus
3558 3652 3614 3704 et
3662 3649 3758 3721 qui

2116 3737 2174 3791 in
2209 3735 2571 3791 sublimitate
2625 3740 2782 3805 sunt,
2844 3739 2909 3791 ut
2957 3736 3215 3808 quietam
3265 3741 3322 3793 et
3378 3737 3760 3810 tranquillam

2115 3825 2294 3881 vitam
2316 3823 2571 3880 habeant
2603 3843 2616 3893 ;
2651 3828 2708 3880 et
2727 3824 2836 3881 hoc
2858 3824 3078 3882 bonum
3109 3829 3165 3882 et
3196 3829 3499 3899 acceptum
3529 3843 3657 3884 esse
3677 3843 3762 3882 co-

2117 3931 2244 3970 ram
2275 3913 2392 3968 Deo
2423 3913 2471 3984 (I
2497 3915 2635 3972 Tim.
2679 3931 2742 3984 ii,
2780 3915 2919 3986 1-3),
2979 3915 3136 3970 idem
3180 3916 3452 3988 Magister
3501 3916 3762 3989 gentium

2118 4006 2494 4076 protestetur,
2520 4007 2578 4058 et
2609 4003 2699 4058 cui
2732 4001 3062 4060 sollicitudo
3083 4005 3348 4059 omnium
3375 4004 3764 4060 Ecclesiarum

2118 4092 2500 4148 incumbebat
2521 4092 2594 4165 (II
2615 4091 2733 4148 Cor.
2766 4110 2844 4161 x1,
2875 4094 2988 4164 28),
3014 4092 3231 4164 quique
3269 4091 3572 4163 episcopos
3603 4109 3765 4166 rege-

2119 4197 2181 4237 re
2213 4197 2315 4253 per
2345 4181 2630 4253 Spiritum
2663 4185 2930 4238 sanctum
2975 4179 3272 4235 constituit
3315 4177 3628 4232 Ecclesiam
3665 4182 3764 4236 Dei

2119 4271 2256 4343 (Act.
2289 4288 2385 4340 xx,
2413 4270 2529 4342 28),
2561 4271 2778 4342 quibus
2808 4269 2888 4324 ait
2920 4285 2932 4320 :
2967 4290 2996 4317 «
3027 4264 3252 4320 Pascite
3284 4264 3383 4335 qui
3445 4267 3535 4319 est
3568 4265 3627 4320 in
3660 4282 3763 4323 vo-

2119 4359 2210 4416 bis
2239 4376 2476 4434 gregem
2507 4359 2629 4427 Dei,
2661 4356 3025 4430 providentes
3057 4369 3171 4407 non
3202 4355 3419 4420 coacto,
3451 4354 3552 4409 sed
3588 4371 3757 4427 spon-

2122 4454 2178 4506 te
2209 4450 2532 4505 secundum
2564 4447 2769 4511 Deum,
2802 4458 2991 4514 neque
3026 4441 3216 4513 turpis
3247 4441 3395 4497 lucri
3425 4444 3636 4516 gratia,
3659 4446 3758 4501 sed

361 4539 555 4597 chiam
587 4542 644 4593 et
675 4538 734 4592 in
785 4537 1009 4592 caeteris
1059 4535 1373 4608 provinciis
1421 4534 1720 4608 privilegia
1778 4537 2012 4609 propria
2039 4557 2084 4623 D
2117 4538 2441 4595 voluntarie
2468 4539 2517 4608 (I
2542 4537 2689 4590 Petr.
2723 4549 2780 4623 v,
2806 4532 2890 4623 2)Δῖ
2917 4531 3098 4623 Nemo
3128 4531 3393 4623 militans
3416 4531 3532 4588 Deo
3564 4533 3757 4606 impli-

359 4631 686 4687 reservetur
713 4625 1178 4697 metropolitanis
1207 4623 1500 4681 Ecelesiis.
1539 4647 1565 4673 »
1615 4625 1793 4681 Porro
1853 4627 2008 4698 quod

361 4717 612 4775 decretis
637 4717 1033 4771 Romanorum
1057 4714 1401 4786 pontiﬁcum
1427 4715 1712 4770 insertum
1735 4715 1804 4771 de
1835 4715 2008 4771 rebus

360 4813 416 4865 et
448 4805 698 4880 negotiis
721 4801 1134 4859 ecclesiasticis
1154 4803 1461 4874 reperitur,
1489 4802 1583 4859 hic
1607 4820 1837 4876 quoque
1855 4804 2006 4860 inse-

362 4898 609 4954 rendum
633 4893 1007 4949 arbitramur.
1032 4891 1191 4955 Quod
1219 4891 1333 4948 tale
1365 4897 1476 4949 est.
1509 4893 1690 4949 Nemo
1715 4893 1816 4965 qui
1854 4892 2008 4948 Scri-

362 4991 566 5060 pturas
589 4982 816 5039 divinas
841 4981 982 5050 legit
1005 4981 1236 5054 ignorat
1270 4983 1449 5054 quod,
1481 4983 1538 5038 in
1564 4981 1851 5055 principio
1873 4999 2006 5038 nas-

363 5075 549 5131 centis
579 5071 871 5141 Ecclesiae,
920 5069 1227 5142 discipulis
1287 5071 1345 5125 in
1407 5088 1592 5126 unum
1648 5069 2010 5142 congregatis

365 5181 499 5220 cum
550 5161 928 5217 multitudine
961 5160 1350 5228 credentium,
1380 5160 1440 5216 in
1473 5161 1688 5232 quibus
1736 5165 1860 5215 erat
1914 5175 2013 5214 cor

364 5269 507 5308 unm
545 5256 600 5307 et
618 5251 815 5306 anima
836 5267 953 5304 una
975 5250 1108 5322 (Act.
1137 5266 1211 5317 1v,
1266 5249 1377 5321 32),
1428 5250 1648 5321 quique
1693 5249 2008 5305 vendentes

361 5340 582 5415 praedia
613 5345 668 5395 et
698 5339 1094 5410 possessiones
1130 5355 1269 5394 suas
1327 5339 1667 5408 efferebant,
1691 5343 1748 5394 et
1795 5337 2011 5393 divide-

359 5431 534 5484 batur
557 5427 824 5498 singulis,
852 5432 1043 5500 prout,
1069 5427 1277 5499 cuique
1297 5444 1444 5500 opus
1467 5432 1589 5482 erat
1619 5428 1752 5500 (Act.
1805 5445 1866 5482 ιι.
1895 5428 2006 5499 45).

367 5517 646 5569 Futuram
669 5531 922 5585 namque
955 5515 1273 5571 Ecclesiam
1304 5516 1365 5571 in
1423 5517 1701 5589 gentibus
1761 5516 2010 5590 apostoli

370 5601 785 5676 praevidebant,
810 5603 1197 5674 maximeque,
1229 5605 1368 5675 quia
1397 5603 1680 5665 Dominus
1709 5605 1824 5663 illis
1866 5623 2011 5680 prae-

2121 4631 2212 4684 cat
2241 4643 2303 4683 se
2334 4623 2580 4696 negotiis
2611 4620 2990 4678 saecularibus
3021 4621 3090 4694 (II
3128 4622 3268 4676 Tim.
3304 4639 3366 4689 11,
3397 4623 3477 4694 4).
3520 4643 3548 4672 ››

2190 4716 2325 4779 Quae
2346 4713 2502 4768 enim
2531 4714 2670 4766 sunt
2700 4709 2933 4783 negotia
2989 4708 3311 4777 smeularia,
3345 4711 3530 4766 sancti
3589 4727 3759 4768 cano-

2118 4820 2224 4860 nes
2245 4801 2620 4858 manifestant
2640 4803 2696 4855 et
2713 4797 2979 4855 inhibent
3009 4800 3093 4856 sic
3122 4817 3134 4854 :
3158 4822 3185 4849 «
3215 4801 3361 4856 Dum
3385 4800 3758 4873 perspicuum

2117 4893 2196 4949 sit
2218 4891 2372 4964 quod
2397 4889 2658 4962 quidam,
2685 4887 2784 4962 qui
2800 4889 2858 4943 in
2877 4887 3030 4945 clero
3051 4888 3320 4945 videntur
3339 4888 3504 4945 electi
3530 4895 3763 4962 propter

2115 4983 2281 5038 lucra
2309 4979 2524 5052 turpia,
2558 4979 2941 5035 conductores
2964 4977 3284 5035 alienarum
3323 4979 3760 5050 possessionum

2118 5071 2264 5125 ﬁant
2294 5072 2352 5125 et
2381 5067 2687 5126 saecularia
2707 5067 2939 5141 negotia
2968 5068 3077 5124 sub
3109 5083 3251 5123 cura
3279 5083 3387 5123 sua
3416 5067 3758 5139 suscipiant,

2118 5158 2217 5216 Dei
2234 5157 2472 5230 quidem
2487 5157 2880 5214 ministerium
2895 5157 3379 5230 parvipendentes
3398 5155 3759 5212 secularium

2116 5263 2251 5304 vero
2275 5249 2482 5306 domos
2504 5249 2902 5305 discurrentes
2923 5249 3243 5320 et,propter
3264 5243 3764 5317 avaritiam,patri-

2121 5339 2452 5396 moniorum
2466 5336 2922 5396 sollicitudinem
2937 5339 3259 5403 sumentes,
3284 5334 3539 5391 decrevit
3562 5351 3762 5408 supra-

2118 5428 2277 5485 dicta
2302 5430 2562 5502 synodus
2593 5425 2822 5483 nullum
2854 5425 3129 5498 deinceps
3160 5424 3435 5482 clericum
3493 5427 3597 5480 aut
3629 5439 3759 5496 pos-

2120 5521 2413 5577 sessiones
2452 5518 2796 5584 conducere,
2830 5518 2931 5571 aut
2986 5514 3236 5589 negotiis
3294 5513 3676 5570 saecularibus
3705 5529 3765 5570 se

2121 5609 2386 5679 miscere,
2420 5609 2626 5681 praeter
2655 5603 3013 5680 pupillorum
3039 5608 3097 5662 et
3143 5604 3540 5679 orphanorum
3571 5620 3637 5662 ac
3682 5603 3764 5660 vi-
