4004 6210
358 281 516 346 1155

1407 278 1814 343 HUMBERTI
1862 284 1925 343 S.
1973 282 2045 343 R.
2093 282 2165 345 E.
2211 281 2708 346 CARDINALIS.

3599 282 3763 347 1156

356 414 722 474 committere
756 410 996 466 cuilibet
1026 410 1423 477 clericofnec,
1461 411 1571 464 nisi
1605 430 1637 465 a
1671 412 2001 482 metropoli-
2036 418 2083 480 Α
2117 416 2411 485 quondam
2430 416 3763 489 tyrannidis.NequeenimLangobardi,quam-

358 506 512 561 tanis
546 507 646 557 aut
677 499 967 572 episcopis
998 515 1320 569 eorumque
1368 498 1780 567 familiaribus,
1831 500 1999 555 vendi

357 595 503 650 solet
532 589 868 661 aliquando.
904 587 1088 655 Quod,
1123 587 1391 659 quamvis
1421 604 1487 641 ex
1518 588 1641 643 sola
1670 589 2002 645 venditione

355 682 432 737 sit
481 679 819 735 haereticum
869 680 927 731 et
974 674 1224 730 nimium
1274 676 1636 743 detestabile,
1687 682 1775 733 est
1804 683 1999 734 tamen

352 767 625 825 Ecclesiis
681 766 780 821 Dei
832 763 951 819 illis
1005 764 1190 836 magis
1229 763 1532 820 tolerabile
1575 783 1751 837 quam
1784 767 2001 823 nostris

353 876 502 931 quae,
551 860 616 910 ut
654 853 927 926 superius
975 853 1323 918 ostenditur,
1396 854 1615 925 jugiter
1670 856 2001 911 venduntur

358 949 582 1020 quater.
605 944 802 1015 Neque
816 942 972 997 enim
985 942 1319 1013 arrogantia
1332 946 1387 997 et
1402 942 1645 997 avaritia
1666 944 1996 1016 principum

352 1035 537 1092 nostri
579 1030 775 1088 saeculi
823 1035 879 1086 et
926 1030 1153 1103 imperii
1187 1030 1407 1102 patitur
1448 1031 1715 1087 terminis
1747 1033 1997 1104 praefixis

350 1124 622 1188 coerceri,
656 1122 778 1187 sed,
815 1119 1202 1191 transgressis
1233 1119 1447 1175 divinis
1470 1124 1525 1174 et
1562 1120 1836 1175 humanis
1864 1120 1998 1192 legi-

356 1216 489 1282 bus,
521 1228 647 1285 qure
677 1211 830 1265 inter
869 1225 1033 1263 arma
1072 1206 1264 1274 silent,
1307 1209 1536 1264 etiamsi
1582 1208 1994 1273 ecclesiastica,

349 1304 548 1360 omnia
577 1300 688 1357 sibi
721 1300 1140 1371 praesumentes
1167 1298 1483 1369 possident.
1508 1302 1572 1351 ut
1594 1297 1650 1350 in
1675 1297 1760 1351 eis
1789 1297 1994 1368 degere

350 1397 452 1449 aut
480 1408 547 1447 cx
578 1390 662 1446 eis
690 1387 877 1442 vivere
909 1384 1035 1441 sine
1081 1384 1335 1439 nllorum
1384 1386 1617 1440 dationc
1656 1389 1757 1439 aut
1801 1385 1996 1440 vendi-

347 1481 505 1536 tione
558 1476 856 1547 contingat
885 1473 1228 1529 clericorum
1273 1472 1587 1528 neminem.
1639 1474 1761 1540 Quo
1793 1473 1858 1527 tit
1906 1476 1990 1539 ut,

349 1569 450 1641 qui
472 1566 772 1623 liberiores
795 1562 1077 1619 omnibus
1103 1578 1231 1617 esse
1254 1562 1530 1617 deberent
1551 1561 1909 1631 hominibus,
1931 1566 1995 1617 ut

350 1661 491 1730 puta
520 1670 768 1728 quorum
802 1668 937 1725 pars
969 1650 1276 1706 haereditas
1302 1655 1390 1705 est
1413 1651 1536 1722 ipse
1571 1651 1738 1715 Deus,
1775 1649 1993 1722 quique

347 1745 605 1802 vicissim
648 1746 786 1799 sunt
825 1757 951 1797 sors
984 1739 1105 1808 Dei,
1155 1738 1407 1794 existant
1437 1739 1993 1811 contemptibiliores

347 1834 644 1891 omnibus.
668 1832 813 1887 Nam
847 1828 1177 1902 quamlibet
1196 1827 1327 1885 vilis
1354 1827 1637 1884 laicorum
1662 1845 1866 1884 servus
1889 1834 1991 1884 aut

347 1922 761 1991 mercenarius,
798 1918 965 1986 nulli,
996 1923 1202 1990 prmter
1230 1934 1364 1973 cum
1393 1919 1561 1989 cujus
1585 1923 1691 1984 est,
1718 1917 1990 1973 famulari

346 2012 595 2085 cogitur,
629 2011 795 2082 eique
817 2007 921 2064 soli
948 2008 1230 2078 subjacet,
1250 2012 1377 2062 tum
1392 2008 1516 2063 suis
1531 2008 1724 2069 rebus.
1759 2009 1830 2063 ab
1861 2006 1992 2063 aliis

346 2101 701 2156 liberrimus.
754 2097 848 2153 Sic
899 2096 1305 2166 cujuscunque
1343 2095 1472 2151 laici
1534 2096 1843 2152 mediocris
1890 2099 1993 2151 aut

347 2190 544 2245 divitis
572 2186 866 2260 possessio
892 2186 1019 2255 ejus
1045 2188 1275 2239 tantum
1304 2186 1474 2255 cujus
1496 2191 1583 2239 est
1605 2186 1868 2255 subjacet
1888 2185 1991 2240 do-

356 2278 536 2346 mino,
589 2294 691 2333 nec
738 2274 1055 2337 invaditur,
1109 2289 1212 2327 nec
1268 2273 1541 2327 venditur
1592 2290 1625 2326 a
1658 2274 1988 2345 principum

358 2368 573 2438 aliquo.
621 2363 738 2421 Soli
780 2366 918 2417 sunt
949 2359 1162 2426 clerici,
1198 2359 1321 2415 sola
1351 2365 1435 2415 est
1469 2360 1739 2427 Ecclesia,
1774 2362 1988 2432 quibus

344 2456 606 2513 omnium
642 2450 889 2508 incurrit
917 2448 1234 2515 calumnia,
1278 2449 1571 2518 violentia,
1624 2451 1900 2520 potentia,
1934 2455 1991 2506 et

345 2546 571 2616 rapina,
606 2542 664 2596 in
700 2532 1059 2613 tantum,|ut
1107 2540 1154 2593 si
1202 2536 1339 2609 quid
1387 2538 1530 2592 forte
1580 2535 1843 2593 ccclesiis
1888 2538 1989 2593 Dei

343 2633 472 2689 laici
486 2630 838 2687 contulerint
852 2646 953 2701 pro
966 2629 1297 2684 animarum
1312 2642 1550 2681 suarum
1568 2627 1986 2699 redemptione,

345 2738 479 2776 mox
510 2720 610 2774 fiat
630 2717 1058 2773 calumniosum
1082 2715 1375 2783 etvenale,
1395 2714 1545 2787 quod
1573 2714 1735 2787 prius
1748 2716 1818 2770 ad
1841 2715 1988 2788 ipsis

342 2807 726 2863 donatoribus
759 2808 1169 2877 possidebatur
1198 2804 1454 2877 pacifice.
1480 2806 1546 2860 Et
1568 2822 1600 2859 a
1622 2804 1837 2876 quibus
1870 2821 1989 2861 ma-

344 2895 497 2950 xime
524 2895 895 2949 vindicantur
919 2898 976 2951 et
1003 2894 1357 2960 venduntur,
1405 2894 1518 2950 nisi
1551 2894 1623 2949 ab
1664 2895 1747 2950 eis
1795 2894 1895 2966 qui
1927 2911 1989 2951 se

345 2982 719 3039 ecclesiarum
756 2983 854 3038 Dei
889 2984 1197 3040 advocatos
1226 2983 1313 3039 vel
1346 2983 1680 3038 defensores
1711 2986 1988 3055 proﬁten-

344 3071 488 3127 tur?
509 3072 593 3126 Ab
626 3071 770 3143 ipsis
802 3070 1024 3127 scilicet
1052 3071 1523 3143 imperatoribus,
1557 3072 1629 3127 ab
1661 3072 1803 3145 ipsis
1826 3076 1984 3147 prin-

2108 502 2195 558 vis
2225 508 2363 561 tunc
2395 506 2626 561 barbari
2659 510 2716 560 et
2743 505 2959 573 Ariani,
2993 506 3094 560 sed
3125 521 3229 561 nec
3260 522 3462 561 eorum
3495 522 3595 561 rex
3610 506 3753 578 Agi-

2109 590 2315 661 lulfus,
2348 593 2615 664 quamvis
2664 594 2935 649 Romanas
2966 594 3217 649 libertati
3244 598 3301 650 et
3347 593 3621 667 dignitati
3652 593 3745 649 ni-

2111 680 2296 735 mium
2341 681 2628 750 infensus,
2663 681 2932 738 resistere
2964 682 3221 738 Romano
3263 681 3529 754 pontifici
3562 686 3756 737 tenta—

2108 774 2336 838 verunt,
2370 772 2513 842 quin
2561 771 3012 827 Mediolanensis
3051 771 3321 827 Ecclesiae
3359 771 3762 843 metropolita-

2110 875 2274 927 num,
2292 860 2462 930 juxta
2483 877 2600 915 suae
2623 860 2951 932 apostolica
2970 860 3126 915 sedis
3145 861 3388 932 antiqua
3401 864 3458 915 et
3470 858 3761 917 canonica

2108 947 2428 1021 privilegia,
2463 948 2886 1004 substituisset.
2919 948 3034 1004 Nec
3063 948 3465 1021 praejudicavit
3505 964 3758 1004 consen-

2108 1051 2209 1091 sus
2231 1038 2383 1108 regis
2404 1041 2459 1091 et
2480 1037 2532 1107 ej
2542 1053 2609 1091 us
2622 1037 2813 1107 gentis
2830 1038 3207 1105 desiderium,
3230 1054 3333 1093 nec
3356 1037 3597 1093 extorsit
3617 1051 3759 1109 apo-

2106 1123 2311 1178 stolico
2341 1124 2574 1195 praesuli
2608 1141 2782 1178 suum
2813 1141 2989 1196 super
3016 1125 3600 1198 metropolitanorum
3629 1124 3752 1181 ele-

2106 1211 2295 1265 ctione
2320 1212 2631 1281 judicium,
2657 1212 2791 1267 licet
2806 1213 3065 1283 potentia
3082 1231 3379 1270 armorum
3409 1221 3467 1271 et
3496 1212 3757 1271 crudeli-

2103 1301 2220 1353 tate
2243 1299 2529 1354 barbariei
2561 1316 2679 1356 suae
2709 1299 3221 1371 depopularentur,
3253 1305 3309 1356 et
3339 1303 3760 1373 perterreface-

2103 1399 2234 1443 rent
2262 1404 2433 1443 omne
2466 1388 2727 1444 Italicum
2761 1387 2973 1455 solum,
3007 1392 3083 1455 et,
3117 1389 3273 1460 quod
3320 1390 3511 1445 adhuc
3554 1392 3759 1461 majus

2102 1481 2209 1543 est,
2245 1477 2450 1533 Ariana
2477 1478 2716 1533 vesania
2742 1493 2975 1533 omnem
3020 1482 3509 1549 persequerentur
3537 1478 3755 1534 cathoo

2103 1566 2303 1622 licum.
2338 1566 2498 1631 Quod
2533 1582 2673 1621 sane
2691 1564 3056 1637 privilegium
3097 1581 3211 1620 non
3245 1564 3434 1620 solum
3470 1565 3527 1619 in
3557 1565 3757 1633 Italia,

2106 1660 2246 1711 tunc
2277 1672 2309 1709 a
2337 1654 2603 1709 barbaris
2630 1658 2686 1710 et
2713 1652 2941 1708 Arianis
2969 1669 3212 1723 pervasa
3240 1652 3498 1721 retinuit,
3544 1668 3758 1708 verum

2105 1748 2162 1799 et
2192 1744 2251 1798 in
2293 1742 2605 1799 Germania
2637 1741 2890 1813 totisque
2919 1738 3143 1807 Galliis,
3178 1739 3329 1796 sicut
3360 1738 3512 1795 clare
3544 1739 3760 1812 pradi-

2102 1837 2269 1887 catur
2296 1831 2355 1887 in
2380 1833 2510 1902 ejus
2542 1830 2722 1904 gestis
2756 1833 2813 1885 et
2841 1829 3037 1885 dictis.

2736 1970 2964 2026 CAPUT
3008 1970 3103 2026 ΧΙ.

2174 2081 2425 2149 Qualiter
2463 2083 2517 2134 et
2565 2094 2664 2150 per
2717 2093 2849 2149 quos
2893 2078 3136 2134 ecclesia?
3189 2079 3305 2133 suis
3356 2076 3676 2149 privilegii:

2710 2150 2944 2219 privatae
2972 2157 3122 2204 sunt.

2170 2276 2238 2330 Et
2267 2275 2388 2329 haec
2418 2274 2695 2329 canonica
2718 2272 3035 2328 auctoritas
3066 2272 3254 2329 solida
3281 2277 3339 2329 et
3359 2272 3630 2346 specialis
3660 2288 3749 2329 re-

2100 2367 2327 2419 servata
2347 2366 2433 2423 est
2457 2362 2734 2417 Romanis
2755 2360 3133 2432 pontiﬁcibus
3150 2362 3210 2415 in
3233 2360 3510 2417 omnibus
3528 2366 3746 2417 metro-

2103 2451 2393 2524 politanis;
2416 2448 2878 2522 metropolitanis
2900 2465 3133 2520 quoque
3151 2449 3428 2505 omnibus
3450 2449 3509 2503 in
3540 2465 3747 2505 eorum

2099 2540 2505 2611 sull‘raganeis,
2538 2538 2691 2593 sicut
2718 2537 2776 2591 in
2809 2537 2999 2592 Gestis
3031 2538 3091 2591 B.
3113 2536 3391 2591 Bonifacii
3416 2536 3748 2609 Maguntini

2098 2628 2520 2700 archiepiscopi
2551 2624 2798 2697 reperiet
2826 2625 3093 2697 quisquis
3115 2625 3428 2697 quaesierit.
3464 2626 3579 2681 Nec
3610 2626 3740 2699 ipse

2096 2724 2238 2774 tunc
2266 2716 2550 2789 Pippinus
2581 2730 2701 2781 rex,
2732 2729 2837 2769 nec
2864 2714 3042 2769 Filius
3072 2715 3200 2785 ejus
3233 2713 3460 2786 primus
3492 2714 3746 2769 Franco-

2098 2823 2228 2863 rum
2260 2807 2577 2877 imperator
2607 2820 2856 2876 magnus
2877 2802 3117 2858 Carolus
3148 2802 3304 2857 hunc
3334 2818 3619 2858 canonem
3653 2802 3744 2858 in-

2099 2897 2349 2967 fringere
2380 2893 2490 2949 fuit
2529 2908 2862 2964 aggressus,
2903 2890 3002 2946 sed
3051 2907 3157 2946 nec
3201 2894 3588 2963 pronepotum
3640 2906 3745 2945 seu

2097 2986 2284 3042 haered
2297 3000 2394 3039 um
2409 2982 2568 3055 regni
2592 2987 2647 3037 et
2669 2980 2897 3052 imperii
2913 2996 3111 3036 eorum
3128 2979 3282 3034 ullus
3296 2979 3567 3051 usquead
3586 2978 3746 3035 Otto-

2098 3091 2242 3130 num
2273 3078 2528 3143 tempus.
2562 3070 2710 3141 Ipsis
2741 3069 2897 3123 enim
2922 3068 2993 3123 ad
3019 3067 3329 3140 imperium
3358 3066 3746 3123 adolescenti-

345 3159 573 3232 cipibus
596 3177 915 3232 eorumque
946 3160 1319 3216 satellitibus.
1358 3161 1469 3232 ipsi
1502 3162 1612 3215 sub
1661 3143 1895 3221 nomine
1928 3172 1986 3222 et
2016 3143 2058 3211 δ
2097 3166 2207 3221 bus
2237 3168 2293 3218 et
2311 3158 3174 3235 proficientibus,Romanorum
3194 3155 3537 3228 pontificum
3553 3155 3746 3212 decre-

344 3248 583 3305 obtentu
615 3249 971 3305 defensionis
1002 3255 1363 3321 prmsumunt
1403 3249 1535 3317 sibi,
1588 3250 1864 3320 alienant,
1897 3254 1983 3310 vel

343 3338 605 3393 vendunt
635 3354 750 3392 non
773 3337 965 3393 solum
999 3338 1297 3405 ecclesias,
1345 3339 1443 3392 sed
1476 3344 1533 3394 et
1579 3339 1864 3412 quidquid
1898 3349 1987 3400 est

344 3442 542 3481 earum
571 3426 746 3498 juris,
778 3430 898 3481 tam
947 3426 1007 3481 in
1039 3427 1214 3481 rebus
1245 3432 1299 3481 et
1330 3428 1597 3497 personis
1629 3444 1802 3499 quam
1844 3436 1900 3486 et
1926 3432 1984 3489 in

346 3514 573 3570 officiis.
606 3514 765 3569 Unde
777 3515 862 3569 vel
885 3514 1133 3587 correpti
1166 3516 1985 3588 animadvertantquantomi-

347 3621 460 3659 nus
491 3604 674 3659 Deum
707 3610 1077 3659 rcvcreantur
1106 3620 1282 3676 quam
1316 3605 1427 3658 sub
1457 3621 1658 3660 eorum
1706 3611 1987 3678 potestate

346 3693 697 3748 constitutos
724 3693 1124 3764 cujuscunque
1156 3692 1504 3748 conditionis
1525 3693 1812 3762 homines,
1844 3715 1987 3769 quo-

348 3796 477 3835 rum
517 3786 789 3837 verentur
818 3787 874 3836 et
905 3786 1107 3837 cavent
1128 3782 1399 3836 invadere
1420 3783 1841 3853 possessiones.
1875 3793 1987 3841 Ar-

347 3870 641 3925 bitrantur
669 3870 994 3925 cedendum
1031 3869 1368 3925 horninibus
1420 3871 1530 3925 sub
1572 3887 1655 3937 se,
1702 3888 1835 3929 cum
1873 3893 1988 3931 non

346 3963 617 4031 reputent
646 3959 970 4014 cedendum
995 3959 1109 4014 Deo
1138 3975 1316 4031 supra
1340 3974 1421 4013 se.
1457 3959 1741 4015 Verentur
1770 3968 1827 4018 et
1857 3981 1989 4020 eru-

347 4047 596 4103 bescunt
624 4047 913 4114 homines,
956 4048 1173 4119 quibus
1225 4051 1515 4102 terrenum
1560 4048 1642 4103 vel
1691 4051 1856 4107 civile
1887 4054 1990 4124 jus

347 4140 709 4203 conservant,
743 4153 874 4191 cum
910 4152 1013 4191 nec
1043 4141 1435 4204 revereantur,
1493 4152 1597 4191 nec
1644 4140 1992 4197 erubescant

350 4228 552 4290 Deum,
586 4225 677 4278 cui
704 4241 807 4279 nec
839 4228 1130 4279 terrenum
1155 4225 1277 4294 jus,
1303 4241 1409 4280 nec
1426 4224 1655 4281 cceleste
1688 4227 1774 4283 fas
1806 4245 1991 4284 reser-

348 4315 507 4366 vant.
542 4312 609 4366 Et
640 4328 772 4366 cum
806 4329 921 4367 non
962 4312 1229 4367 dubitent
1268 4330 1329 4368 se
1374 4312 1688 4387 sacrilegos
1737 4317 1992 4388 praebere

350 4400 488 4467 Deo,
524 4401 694 4470 cujus
721 4400 1115 4463 hereditatem
1150 4401 1261 4456 sibi
1292 4401 1608 4469 vindicant,
1649 4403 1902 4477 religiosi
1936 4413 1993 4463 et

2089 3269 2256 3311 scere
2278 3256 2334 3307 et
2354 3250 2598 3305 deﬁcere
2619 3244 2986 3318 ccepitvirtus
3016 3246 3157 3301 adeo
3186 3249 3272 3312 ut,
3288 3262 3402 3317 prae
3429 3244 3658 3317 ignavia
3687 3248 3746 3300 et

2094 3338 2431 3413 insipientia
2444 3339 2847 3405 eorum,atque
2859 3350 2961 3405 pro
2976 3333 3307 3405 arrogantia
3319 3332 3742 3405 neophytorum

2096 3430 2425 3505 principum
2447 3440 2618 3480 omne
2639 3422 3097 3479 ecclesiasticum
3121 3421 3380 3477 officium
3404 3423 3577 3493 etjus
3599 3438 3742 3494 pau-

2097 3519 2259 3575 latim
2275 3534 2340 3573 su
2352 3514 2675 3585 briperetur
2694 3515 2750 3567 et
2760 3513 3203 3583 extorqueretur
3220 3526 3425 3566 eorum
3440 3510 3740 3578 manibus,

2095 3610 2187 3664 vix
2200 3608 2371 3662 inane
2384 3599 2956 3675 pristinzedignitatis
2974 3615 3329 3667 nomen,non
3344 3602 3537 3654 autem
3550 3599 3741 3672 ipsam

2100 3713 2268 3754 suam
2300 3692 2664 3764 dignitatem,
2701 3690 2948 3746 retinere
2972 3688 3394 3745 laborantibus.
3418 3689 3514 3744 Sic
3536 3687 3741 3744 debili-

2098 3792 2216 3842 tato
2246 3790 2300 3840 et
2330 3784 2555 3853 abjecto
2586 3780 2776 3851 capite
2806 3778 3093 3835 clericalis
3122 3778 3369 3843 ordinis,
3403 3794 3576 3833 omne
3606 3793 3742 3833 mox

2099 3890 2311 3946 corpus
2341 3871 2474 3938 sibi,
2506 3886 2609 3941 pro
2638 3868 2804 3923 libito
2827 3884 2934 3924 suo
2956 3867 3473 3935 substernendum,
3497 3866 3740 3939 impune

2101 3962 2401 4035 usurpavit
2432 3962 2689 4032 potestas
2723 3955 3055 4023 saecularis;
3091 3973 3243 4028 quae,
3265 3956 3455 4029 primo
3477 3956 3739 4028 quidem,

2100 4070 2216 4109 non
2251 4047 2554 4123 praeripuit
2584 4050 2794 4102 cuncta
2824 4045 3215 4102 ecclesiastica
3242 4043 3418 4099 simul
3440 4048 3497 4098 et
3518 4044 3741 4113 statim,

2101 4142 2225 4209 sed,
2250 4142 2589 4195 ceterarum
2611 4134 3002 4206 nequitiarum
3028 4147 3208 4197 more,
3230 4132 3543 4201 separatim
3565 4137 3623 4187 et
3643 4148 3745 4205 pe-

2101 4226 2553 4286 detentim.Nam
2569 4223 2759 4296 primo
2775 4218 3098 4277 ambitiosis
3112 4216 3639 4272 ecclesiasticarum
3662 4220 3751 4275 di-

2102 4318 2394 4391 gnitatum
2423 4313 2511 4369 vel
2543 4308 2980 4384 possessionum
3009 4302 3237 4374 cupidis
3279 4302 3508 4391 favebat
3551 4320 3746 4377 prece,

2104 4389 2236 4463 dein
2270 4404 2471 4467 minis,
2502 4401 2772 4468 deinceps
2803 4392 2993 4448 verbis
3023 4390 3371 4446 concessivis
3397 4408 3410 4457 ;
3442 4389 3505 4445 in
3527 4392 3745 4463 quibus

350 4487 619 4544 catholici
652 4488 945 4560 principes
976 4490 1048 4545 ab
1079 4489 1420 4546 hominibus
1442 4492 1556 4546 dici
1590 4496 1648 4547 et
1676 4492 1888 4550 habere
1909 4498 1993 4551 al-
2025 4510 2071 4574 D
2104 4494 2379 4553 omnibus
2402 4481 3138 4574 cernenscontradictorem
3161 4478 3274 4535 sibi
3296 4478 3615 4574 neminem,
3640 4497 3750 4538 nec

268 4586 271 4589 ‘
350 4577 586 4645 fectant,
620 4593 752 4632 cum
785 4594 916 4633 vere
948 4578 1067 4633 sint
1095 4579 1318 4634 inimici
1349 4580 1471 4649 Dei,
1507 4580 1785 4638 adversus
1818 4599 1990 4655 quem

350 4665 709 4723 unanimiter
736 4667 1093 4738 conspirant,
1127 4673 1190 4722 ut
1225 4668 1559 4724 hereditate
1590 4672 1994 4726 sanctuarium

350 4755 479 4827 ejus
510 4755 869 4827 possideant.
922 4755 1103 4825 Unde,
1128 4756 1301 4827 juxta
1339 4757 1493 4827 quod
1546 4757 1857 4815 Psalmista
1884 4760 1996 4815 im-

350 4844 642 4918 precando
684 4843 1012 4917 prophetat,
1047 4845 1300 4917 ponendi
1347 4850 1485 4899 sunt
1518 4846 1672 4902 sicut
1702 4847 1912 4915 Horeb,
1944 4854 2000 4904 et

348 4934 483 4999 Zeb,
515 4938 572 4989 et
599 4934 779 4989 Zebee
810 4938 866 4989 et
885 4933 1161 4989 Salmana
1190 4934 1287 5005 qui
1314 4933 1514 5006 utique
1538 4936 1997 5009 alienigenarum

350 5022 645 5095 principes
675 5028 732 5078 et
748 5022 1143 5079 Israelitarum
1169 5022 1365 5079 hostes
1387 5029 1553 5080 erant
1584 5025 1753 5096 (Psal.
1791 5043 1999 5093 Lxxxn,

351 5112 465 5184 42).
516 5115 776 5178 Quorum
826 5111 1112 5167 malitiam
1158 5112 1343 5167 nostri
1392 5115 1675 5185 temporis
1709 5115 2000 5188 principes

351 5200 537 5257 secuti
568 5202 800 5257 videant
843 5217 958 5274 quo
994 5203 1114 5257 sint
1163 5201 1449 5273 perducti.
1504 5202 1783 5276 Denique,
1838 5208 1905 5258 ut
1934 5221 2002 5260 ex

352 5290 819 5362 praecedentibus
862 5291 1013 5346 beati
1060 5290 1319 5364 Gregorii
1368 5290 1539 5348 dictis
1582 5293 1879 5348 evidenter
1904 5310 2002 5366 ap-

354 5382 538 5452 paret,
569 5380 641 5435 ad
672 5379 781 5436 hoc
801 5397 901 5436 eos
920 5381 1047 5453 jam
1082 5380 1352 5453 perduxit
1375 5380 1618 5437 ambitio
1664 5382 1869 5455 perfidi
1918 5382 2005 5439 Si-

355 5466 569 5534 monis,
619 5472 685 5523 ut
728 5468 1150 5526 intolerabilior
1189 5485 1345 5525 nunc
1391 5485 1594 5528 eorum
1636 5470 2004 5546 principatus

356 5552 660 5614 incumbat
674 5555 976 5616 catholicis
992 5558 1265 5619 Eoclesiis
1287 5575 1464 5636 quam
1485 5561 2003 5639 Langobardorum

2104 4583 2205 4657 qui
2226 4582 2479 4638 moveret
2508 4587 2780 4647 pennam,
2802 4568 2890 4625 vel
2916 4568 3165 4641 aperiret
3184 4586 3249 4625 os
3274 4573 3331 4625 et
3350 4568 3642 4642 ganniret,
3676 4571 3749 4628 ad

2104 4673 2325 4742 majora
2356 4662 2761 4739 progreditur;
2794 4663 2850 4714 et
2872 4658 3021 4730 jam,
3065 4657 3176 4713 sub
3224 4657 3460 4713 nomine
3510 4658 3752 4715 investi-

2055 4742 2062 4750 ’
2106 4765 2272 4825 tura),
2304 4757 2438 4811 dare
2470 4750 2657 4824 primo
2686 4747 2951 4817 tabellas,
2982 4745 3069 4804 vel
3102 4746 3548 4820 qualescunque
3568 4748 3754 4819 porri-

2107 4865 2240 4921 gere
2268 4842 2524 4917 virgulas
2554 4837 2688 4895 dein
2714 4835 2957 4893 baculos
2978 4836 3165 4901 laicis,
3196 4837 3553 4908 tandemque
3568 4836 3757 4894 eccle-

2108 4933 2381 4993 siasticis.
2416 4928 2577 4993 Quod
2608 4927 2931 4982 maximum
2954 4925 3116 4981 nefas
3147 4924 3230 4981 sic
3253 4926 3377 4997 jam
3406 4924 3669 4993 inolevit,
3691 4929 3757 4982 ut

2108 5025 2166 5080 id
2207 5022 2397 5079 solum
2438 5016 2786 5074 canonicum
2837 5016 3126 5080 credatur,
3169 5030 3276 5070 nec
3306 5031 3432 5086 quae
3464 5014 3543 5070 sit
3572 5014 3756 5071 eccle-

2109 5111 2347 5169 siastica
2377 5107 2579 5182 regula
2619 5104 2845 5161 sciatur
2886 5108 2987 5159 aut
3014 5103 3367 5171 attendatur.
3405 5103 3477 5158 Et
3517 5103 3755 5174 quidem

2109 5198 2351 5257 memini
2385 5214 2478 5254 me
2506 5196 2722 5251 vidisse
2752 5211 2786 5249 a
2818 5192 3198 5249 saecularibus
3246 5191 3616 5264 principibus
3661 5189 3761 5247 ali-

2112 5306 2259 5364 quos
2290 5285 2683 5361 pastoralibus
2732 5283 2957 5339 baculis
3006 5286 3063 5338 et
3105 5279 3342 5337 annulis
3385 5280 3647 5336 investiri
3690 5281 3760 5336 de

2110 5377 2547 5454 episcopatibus
2568 5378 2625 5431 et
2643 5373 2914 5440 abbatiis,
2939 5369 3532 5443 metropolitanosque
3556 5383 3757 5425 eorum

2114 5474 2172 5528 et
2200 5468 2502 5543 primates,
2535 5462 2805 5538 quamvis
2853 5463 3169 5535 prasentes
3216 5463 3436 5529 essent,
3473 5473 3577 5514 nec
3620 5458 3757 5515 inde

2114 5557 2448 5642 requisitos,
2479 5570 2583 5616 nec
2605 5552 2828 5633 aliquid
2842 5554 3043 5612 contra
3068 5549 3294 5611 hiscere
3315 5563 3513 5612 ausos.
3535 5546 3758 5618 Quibus
