4004 6210
236 305 396 410 1137

825 347 1238 412 ADVERSUS
1287 346 1752 411 SIMONIACOS
1799 341 2005 407 LIBRI
2051 343 2274 405 TRES.
2307 377 2381 390 -
2413 343 2644 403 LIBER.
2689 345 3050 406 TERTIUS.

3489 347 3640 409 “58

239 482 354 536 sub
392 483 553 536 tanto
601 478 885 536 adulterio
932 497 1178 536 uxorum
1215 485 1271 536 et
1301 496 1440 536 nece
1491 479 1744 535 ﬁliorum
1793 480 1889 534 de-
1917 475 1975 544 Α
2003 478 2248 530 matrem
2271 473 2403 545 plus
2425 489 2604 543 quam
2628 489 2740 539 me,
2763 490 2877 528 non
2899 479 2986 529 est
3008 491 3098 529 me
3120 476 3335 546 dignus
3358 477 3562 547 (Matth.
3588 498 3642 549 x,

227 568 580 640 prehensis,
604 585 725 624 sua
770 568 1133 641 negligentia
1164 573 1222 625 et
1250 569 1740 641 pravaricationis
1770 583 1895 622 me-

239 657 354 712 rito
396 657 606 712 accidit
650 657 794 712 illud
844 657 1218 713 maledictum
1270 658 1614 728 Mosaicum,
1647 657 1892 712 dicens:

243 769 272 795 «
308 745 553 802 Uxorem
587 746 858 818 accipies,
881 750 937 802 et
966 746 1118 802 alius
1146 763 1339 802 coram
1387 751 1443 802 te
1482 747 1732 802 dormiet
1761 761 1894 800 cum

239 850 312 913 ea
341 834 519 906 (Deut.
545 852 742 903 xxvm,
766 836 878 906 30).
905 857 935 884 »
959 837 1102 902 Quo,
1139 840 1207 891 ut
1238 835 1445 891 beatus
1484 835 1893 907 Hieronymus,

243 923 305 979 in
358 923 788 980 Commentario
849 923 1137 979 Zacharias
1197 923 1512 997 prOpheta,
1563 927 1893 989 attestatur,

244 1011 394 1067 nihil
425 1011 742 1079 crudelius,
776 1010 922 1066 nihil
973 1009 1247 1067 miserius
1294 1011 1539 1067 inveniri
1589 1014 1782 1083 potest
1811 1013 1894 1076 ut,

244 1101 457 1156 timore
489 1099 694 1157 mortis
747 1100 1015 1173 propria,
1046 1117 1151 1157 nec
1189 1099 1439 1157 salutem
1488 1099 1764 1165 filiorum,
1796 1115 1900 1154 nec

245 1204 494 1245 uxorum
527 1188 870 1261 pudicitiam
901 1189 1208 1245 defendere
1237 1188 1343 1244 viri
1375 1189 1645 1244 audeant.

319 1279 436 1333 Hoc
467 1278 660 1350 ipsum
693 1282 750 1333 et
782 1280 960 1334 Amos
993 1278 1297 1350 propheta,
1339 1279 1410 1333 ad
1460 1276 1757 1333 Amasiam
1789 1275 1899 1329 im-

246 1366 411 1438 pium
446 1367 806 1422 sacerdotem
841 1365 1228 1435 comminans,
1260 1366 1524 1439 loquitur
1545 1383 1594 1422 ;‹‹
1620 1365 1772 1421 Uxor
1801 1369 1904 1419 tua

246 1454 307 1510 in
339 1454 567 1512 civitate
599 1455 1004 1522 fornicabitur,
1027 1460 1082 1511 et
1114 1455 1222 1510 ﬁlii
1253 1455 1338 1511 tui
1365 1459 1422 1510 et
1453 1454 1587 1511 ﬁlia
1616 1454 1676 1509 in
1708 1452 1902 1526 gladio

247 1543 455 1599 cadent
486 1548 544 1599 et
575 1543 792 1599 humus
842 1549 948 1599 tua
978 1543 1235 1600 funiculo
1279 1544 1554 1599 metietur
1575 1543 1776 1614 (Amos.
1800 1558 1901 1606 vn,

247 1632 358 1702 17).
387 1654 415 1681 »
447 1633 858 1688 Incunctanter
900 1632 1056 1687 enim
1117 1632 1436 1688 sacerdotis
1485 1648 1628 1686 uxor
1657 1631 1729 1686 ab
1775 1628 1905 1684 aliis

243 1718 516 1786 violatur,
547 1721 1017 1792 quandocumque
1062 1719 1321 1776 Ecclesia
1368 1737 1402 1775 a
1450 1719 1638 1785 laicis,
1689 1718 1906 1790 quibus

253 1823 368 1862 non
421 1807 692 1879 pertinet,
745 1808 1193 1863 administratur
1237 1806 1326 1863 vel
1376 1807 1693 1863 ordinatur.
1728 1806 1906 1877 Cujus

247 1895 422 1950 etiam
468 1896 687 1951 humus
739 1895 996 1951 funiculo
1045 1896 1336 1961 metietur,
1364 1894 1463 1950 ubi
1511 1894 1906 1949 ecclesiastica

250 1983 544 2055 possessio
575 2001 609 2038 a
641 1987 796 2038 sorte
839 1983 1129 2039 Dominici
1171 1984 1477 2040 sacerdotii
1511 1983 1816 2052 alienatur,
1849 1987 1906 2039 et

249 2073 320 2127 ad
352 2071 634 2127 laicorum
668 2075 886 2126 sortem
913 2077 972 2127 et
1000 2071 1330 2127 dominium
1365 2077 1683 2128 revocatur.
1714 2073 1820 2138 Qui
1851 2068 1904 2127 si

250 2161 585 2216 defensores
615 2160 907 2227 Ecclesiae,
931 2164 988 2215 et
1009 2177 1125 2216 non
1157 2161 1457 2232 praedones
1486 2160 1574 2214 vel
1606 2162 1904 2216 invasores

250 2252 464 2315 essent,
497 2247 699 2320 procul
745 2247 922 2303 dubio
973 2265 1074 2320 pro
1127 2247 1522 2320 qualicunque
1577 2248 1748 2320 culpa
1799 2266 1902 2303 seu

253 2337 609 2409 negligentia
637 2338 1005 2392 sacerdotum
1047 2354 1114 2392 ea
1158 2337 1466 2392 defendere
1499 2354 1612 2392 non
1647 2337 1901 2409 neglige-

253 2432 401 2490 rent,
435 2443 538 2482 nec
581 2427 683 2497 jus
715 2425 872 2480 illius
903 2426 1014 2481 sibi
1059 2426 1439 2482 vindicarent.
1473 2427 1713 2482 Factum
1745 2426 1901 2480 enim

252 2530 536 2585 persona,
571 2517 635 2568 ut
665 2514 872 2569 beatus
919 2513 1235 2586 Gregorius
1283 2515 1474 2581 docet,
1501 2531 1617 2570 non
1648 2518 1738 2569 est
1765 2531 1902 2570 con-

250 2603 596 2657 vertendum
629 2602 690 2656 in
721 2603 1002 2658 damnum
1036 2602 1332 2672 Ecclesia;
1367 2603 1469 2659 sed
1500 2603 1584 2659 sic
1609 2606 1698 2659 est
1725 2603 1900 2659 casti-

251 2691 444 2763 ganda
473 2707 724 2762 persona
755 2695 818 2746 ut
848 2708 951 2763 per
975 2691 1175 2747 omnia
1203 2691 1501 2748 indemnis
1530 2697 1904 2748 conservetur

251 2777 498 2834 facultas
527 2778 942 2835 ecclesiastica.
967 2779 1152 2835 Habet
1180 2780 1337 2836 enim
1368 2779 1622 2836 Ecclesia
1651 2797 1790 2836 suas
1821 2779 1901 2836 le-

251 2882 373 2939 ges,
397 2866 803 2938 suosjudices,
826 2866 1045 2938 quibus
1067 2884 1202 2922 cum
1227 2867 1473 2923 consilio
1495 2867 1896 2941 religiosorum

251 2959 307 3010 et
324 2956 658 3028 sapientum
681 2960 782 3011 aut
799 2955 1318 3028 corripiantur,aut
1335 2957 1702 3029 corrigantur
1718 2956 1899 3029 culpa

252 3045 699 3118 praepositorum
740 3048 796 3099 et
839 3043 1244 3100 ministrorum
1275 3046 1423 3117 ejus.
1457 3045 1609 3110 Quas
1637 3045 1687 3101 si
1718 3044 1898 3102 eccle-

252 3132 473 3188 siastici
534 3132 910 3189 dissimulant
960 3137 1062 3188 aut
1107 3133 1351 3190 minime
1399 3139 1628 3202 curant,
1659 3135 1896 3190 demum

255 3219 560 3277 saculares
592 3221 885 3293 principes
914 3227 972 3277 et
1001 3221 1199 3278 fideles
1248 3222 1403 3291 laici,
1435 3241 1538 3294 pro
1567 3223 1902 3280 defensione

255 3314 310 3365 et
341 3309 990 3382 recuperatione,quam
1014 3311 1186 3365 matri
1218 3328 1335 3367 sua
1370 3311 1635 3368 Ecclesia
1669 3313 1901 3380 debent,

258 3413 494 3454 necesse
524 3403 612 3454 est
642 3398 939 3464 insistant,
969 3415 1183 3472 eosque
1217 3405 1541 3472 opportune
1570 3400 1904 3472 importune

253 3486 602 3542 conveniant
630 3492 686 3542 et
720 3491 1013 3554 moneant,
1039 3503 1112 3542 ne
1142 3487 1606 3544 destructoribus
1631 3487 1902 3544 ecclesia-
1959 3545 1962 3548 .

252 3591 382 3629 rum
407 3573 506 3629 Dei
543 3578 598 3629 et
629 3574 1082 3645 indisciplinatis
1113 3576 1356 3630 tacendo
1386 3579 1444 3630 et
1471 3576 1901 3631 dissimulando

251 3663 500 3729 laveant,
519 3663 618 3718 sed
645 3679 841 3717 secum
867 3663 938 3718 ad
963 3663 1361 3718 reformandos
1382 3663 1465 3718 eis
1487 3681 1626 3720 suos
1647 3680 1900 3720 canones

248 3754 583 3822 exsurgant.
619 3751 780 3816 Quod
821 3750 870 3806 si
931 3767 1035 3806 nec
1085 3750 1327 3806 monitis
1385 3750 1652 3806 resistere
1705 3751 1899 3824 pravis

248 3837 596 3906 curaverint,
629 3839 805 3894 faciat
840 3838 990 3894 laiea
1019 3842 1274 3910 potestas
1302 3839 1538 3894 tandem
1570 3841 1724 3911 quod
1757 3839 1899 3896 libe-

247 3945 322 3984 ra
356 3932 413 3984 et
440 3927 661 3984 dilecta
695 3927 899 3983 matris
928 3927 1246 4000 degeneres
1285 3926 1410 3996 ﬁlii,
1444 3929 1614 3999 cujus
1645 3929 1695 3985 si
1726 3930 1898 4002 pudi-

248 4017 444 4072 citiam
467 4017 842 4090 cognoverint
858 4017 928 4072 ab
953 4013 1233 4071 adulteris
1255 4015 1534 4088 captivari
1551 4035 1564 4086 ;
1584 4034 1690 4074 nec
1711 4034 1895 4087 mora,

247 4104 636 4178 accinguntur
651 4104 1022 4172 vindicaturi,
1039 4103 1270 4160 etiamsi
1294 4109 1459 4176 pater
1479 4122 1679 4162 eorum
1702 4108 1900 4163 admo-

247 4193 410 4274 nitus
440 4193 697 4267 negligat
727 4199 848 4250 tam
879 4192 1248 4249 intolerabile
1278 4193 1389 4250 sibi
1439 4193 1658 4250 malum
1704 4195 1896 4252 ultum

248 4281 338 4337 iri.
373 4283 650 4340 Caventes
681 4283 838 4339 enim
870 4280 1164 4338 maculam
1193 4299 1299 4338 suo
1330 4282 1525 4355 generi
1561 4284 1894 4341 infamiam-

249 4387 361 4444 que
384 4388 497 4426 non
521 4373 817 4428 modicum
836 4389 942 4428 suo
964 4370 1210 4438 nomini,
1231 4371 1407 4427 etiam
1431 4375 1592 4443 patre
1609 4377 1893 4442 cessante,

247 4476 364 4515 non
396 4465 629 4515 cessant
664 4460 796 4515 boni
834 4459 935 4515 filii
969 4460 1174 4516 matris
1223 4477 1341 4516 sua
1388 4459 1635 4531 injurias
1667 4460 1893 4518 ulcisci.

2000 563 2112 634 37),
2141 585 2167 611 »
2194 561 2493 634 quoniam,
2528 561 2758 616 etiamsi
2789 560 2845 616 in
2872 561 2964 616 via
2990 562 3277 634 spirituali
3301 569 3494 635 patres
3517 584 3647 624 con-

2000 651 2211 706 trarios
2243 650 2553 716 habemus,
2575 649 2769 704 odisse
2800 653 2856 703 et
2886 650 3083 722 fugere
3112 651 3415 706 debemus.

2634 754 2863 810 CAPUT
2904 755 3021 810 XII.

2003 849 2075 903 De
2101 847 2533 918 praesumptione
2568 846 2906 914 feminarum
2936 847 2984 898 et
3013 844 3282 913 dignitate
3309 856 3651 905 sacratarum

2722 931 2780 970 1‘8
2785 932 2813 968 I‘
2815 933 2848 969 ’Π
2855 932 2908 968 m
2915 957 2926 968 .

2076 1005 2292 1060 Verum
2325 1021 2428 1060 cur
2456 1005 2578 1059 hac
2609 1008 2840 1058 tantum
2873 1003 2942 1058 de
2972 1003 3111 1059 viris
3149 1004 3315 1060 laicis
3345 1009 3650 1079 conqueri-

2006 1111 2160 1162 mur,
2193 1109 2327 1148 cum
2362 1092 2498 1164 ipsa
2549 1109 2782 1163 quoque
2830 1091 2988 1146 laica
3023 1092 3266 1162 femina,
3301 1094 3514 1165 quibus
3547 1112 3652 1152 nec

2006 1181 2167 1255 loqui
2219 1183 2276 1236 in
2329 1181 2580 1236 Ecclesia
2611 1181 2968 1252 permittitur
3015 1182 3060 1251 (I
3089 1181 3208 1236 Cor.
3254 1199 3371 1248 xxv,
3401 1183 3512 1255 3i),
3547 1201 3652 1240 nec

2008 1271 2296 1328 dominari
2330 1270 2391 1324 in
2419 1270 2609 1324 virum
2642 1271 2687 1342 (I
2718 1272 2848 1324 Tim.
2884 1287 2944 1335 ιι,
2979 1270 3088 1341 l2),
3120 1287 3234 1326 non
3266 1271 3456 1327 solum
3489 1272 3654 1330 laicis

2010 1377 2103 1416 res
2147 1358 2568 1414 ecclesiasticas
2624 1359 3055 1429 dispensandas
3103 1361 3501 1432 committunt,
3553 1364 3654 1418 sed

2011 1448 2251 1520 insuper
2283 1446 2672 1518 pastoralibus
2696 1447 2918 1502 baculis
2937 1452 2994 1503 et
3015 1449 3247 1504 annulis
3270 1450 3339 1504 de
3362 1451 3658 1524 episcopa-

2012 1535 2170 1591 tibus
2202 1538 2257 1590 et
2287 1534 2536 1590 abbatiis
2587 1535 2823 1590 clericos
2867 1535 3197 1604 iuvestiant,
3232 1556 3379 1610 quos
3425 1540 3508 1595 eis
3555 1547 3657 1598 aut

2014 1624 2173 1679 favor
2193 1628 2294 1679 aut
2323 1623 2669 1694 obsequium
2701 1625 2994 1692 saculare,
3024 1643 3126 1682 seu
3159 1629 3410 1699 pretium
3440 1634 3657 1702 tempo-

2016 1712 2154 1779 rale,
2189 1711 2458 1768 conciliat
2487 1717 2543 1767 et
2574 1714 2965 1768 commendat.
2997 1715 3407 1787 Principantur
3435 1723 3489 1774 et
3518 1718 3657 1792 ipsa

2015 1800 2401 1855 nihilominus
2432 1801 2591 1855 omni
2613 1800 3138 1857 eeclesiasticorum
3162 1805 3402 1862 concilio
3425 1812 3482 1862 et
3502 1808 3660 1879 judi-

2013 1890 2366 1955 cio,dum,ad
2386 1893 2597 1943 nutum
2622 1888 2853 1943 illarum
2872 1889 3045 1945 etiam
3065 1891 3497 1962 absentum,alii
3522 1915 3658 1969 prae.

2013 1983 2330 2049 ponuntur,
2355 1976 2453 2032 alii
2478 1978 2869 2048 deponuntur,
2889 1977 3006 2044 alii,
3025 1982 3290 2048 quamvis
3313 1983 3656 2058 culpabiles,

2013 2070 2114 2121 aut
2143 2065 2686 2138 pratermiltuntur,
2713 2071 2811 2121 aut
2839 2067 3253 2123 defenduntur.
3277 2070 3368 2125 Sic
3400 2071 3504 2127 hac
3533 2091 3658 2146 per-

2012 2155 2350 2210 versissiina
2380 2155 2678 2222 abusione,
2722 2156 2890 2225 juxta
2930 2157 3086 2226 quod
3133 2156 3350 2229 impius
3399 2161 3657 2237 Porphy-

2013 2242 2134 2296 rius
2182 2241 2595 2310 calumniatur,
2631 2248 2869 2298 senatus
2929 2250 3126 2300 noster
3181 2251 3318 2301 sunt
3364 2248 3591 2306 femina
3624 2269 3658 2309 a

2013 2331 2226 2402 quibus
2261 2331 2501 2402 insuper
2547 2331 2761 2385 dantur
2811 2333 3195 2389 sacerdotalia
3243 2336 3518 2410 insignia,
3552 2358 3656 2396 nec

2011 2419 2144 2474 licet
2194 2418 2639 2485 ecclesiasticos,
2676 2419 2786 2473 nisi
2835 2421 2904 2475 de
2934 2437 3135 2476 carum
3185 2424 3356 2492 dono,
3390 2443 3498 2482 sua
3544 2428 3654 2484 sibi

2012 2525 2329 2573 assumere,
2361 2525 2486 2579 qua
2518 2524 2621 2562 nec
2654 2507 2842 2562 dicam
2876 2509 3125 2576 feminae,
3155 2513 3254 2566 sed
3289 2530 3393 2568 nec
3425 2532 3656 2572 mascu-

2011 2596 2201 2652 lorum
2255 2596 2571 2668 quispiam,
2606 2596 2720 2652 nisi
2767 2596 3036 2662 clericus,
3083 2600 3254 2655 debet
3300 2603 3655 2678 contingere,

2011 2687 2178 2741 beato
2235 2685 2529 2756 Stephano
2583 2703 2733 2757 papa
2782 2692 3034 2758 martyre
3085 2687 3168 2743 sic
3216 2690 3598 2750 denuntiante
3639 2713 3652 2751 :

2012 2798 2039 2823 ι(
2063 2774 2428 2830 Vestimenta
2458 2773 2866 2841 ecclesiastica,
2890 2777 3104 2846 quibus
3126 2777 3241 2834 Deo
3265 2780 3655 2854 ministratur,

2009 2866 2067 2917 et
2098 2867 2325 2918 sacrata
2354 2862 2568 2917 debent
2615 2878 2742 2918 esse
2772 2867 2828 2918 et
2855 2863 3118 2934 honesta,
3152 2868 3369 2938 quibus
3417 2870 3476 2924 in
3525 2871 3656 2929 aliis

2011 2950 2216 3006 usibus
2248 2967 2418 3011 nemo
2449 2951 2620 3006 debet
2669 2951 2781 3005 frui
2827 2969 3003 3023 quam
3053 2954 3108 3008 in
3159 2956 3569 3016 ecclesiasticis
3600 2966 3657 3017 et

2009 3040 2124 3095 Deo
2155 3039 2350 3112 dignis
2381 3039 2611 3105 officiis,
2635 3057 2760 3111 qua
2785 3058 2888 3096 nec
2908 3043 2979 3097 ab
3003 3043 3134 3098 aliis
3164 3044 3376 3103 debent
3396 3049 3654 3123 contingi

2009 3132 2111 3183 aut
2141 3128 2296 3198 ferri,
2331 3127 2440 3183 nisi
2474 3146 2507 3182 a
2541 3129 2785 3184 sacratis
2835 3134 2946 3185 Deo
2978 3130 3336 3201 hominibus,
3369 3154 3440 3192 ne
3489 3137 3654 3207 ultio,

1932 3205 1974 3272 C
2012 3233 2139 3289 qua
2166 3217 2470 3272 Balthazar
2498 3219 2805 3289 percussit,
2829 3236 3006 3291 super
3030 3220 3151 3276 hac
3184 3205 3658 3298 transgredienti-

2011 3307 2124 3361 bus
2145 3311 2201 3362 et
2218 3305 2356 3361 talia
2380 3308 2870 3377 prasumentibus
2887 3309 3078 3365 veniat
3094 3310 3370 3381 divina,et
3389 3332 3656 3374 corruere

2012 3411 2110 3450 eos
2143 3394 2314 3450 iaciat
2344 3395 2415 3448 ad
2449 3395 2637 3450 ima.»
2665 3396 2742 3449 Ex
2764 3412 2877 3466 quo
2905 3398 3050 3451 tanti
3082 3401 3373 3469 pontificis
3403 3403 3652 3475 decreto,

2013 3499 2248 3537 necesse
2278 3485 2367 3537 est
2397 3486 2636 3537 caveant
2665 3482 2796 3537 laici
2829 3487 2884 3538 et
2915 3483 3070 3540 laica
3106 3487 3498 3545 ecclesiastica
3528 3510 3654 3548 ves-

2010 3569 2256 3624 timenta
2286 3586 2392 3624 suo
2415 3574 2683 3624 contactu
2718 3575 3018 3641 temerare,
3042 3578 3098 3628 et
3127 3591 3158 3628 a
3181 3575 3496 3634 misoribus
3527 3597 3656 3651 pro-

2009 3656 2196 3711 hibita
2228 3657 2452 3727 majora
2499 3657 2608 3711 sibi
2657 3674 3028 3728 prasumere.
3063 3662 3284 3726 Quibus
3330 3665 3483 3721 enim
3537 3686 3651 3724 non

2009 3745 2346 3799 conceditur
2375 3744 2713 3800 claviculam
2748 3746 2972 3803 ostiarii
3018 3767 3135 3821 qua
3167 3757 3322 3808 serat
3350 3758 3405 3810 et
3436 3763 3654 3814 reserat

2006 3831 2200 3887 valvas
2223 3830 2424 3902 templi
2448 3832 2756 3900 sancti,vel
2781 3834 3110 3892 funiculum
3135 3838 3514 3898 tintinnabuli
3537 3862 3652 3917 quo

2008 3920 2302 3993 signiﬁcat
2321 3926 2506 3976 certas
2537 3921 2711 3978 horas
2732 3923 2923 3994 operis
2945 3925 3063 3995 Dei,
3088 3927 3272 3983 multo
3294 3931 3490 3986 minus
3514 3950 3654 3988 con-

2008 4008 2233 4065 ceditur
2261 4008 2596 4082 contingere
2640 4011 2916 4066 baculum
2952 4019 3008 4068 et
3036 4015 3320 4073 annulum
3371 4021 3650 4094 episcopi,

2009 4100 2224 4173 quibus
2253 4099 2652 4173 principaliter
2681 4101 3019 4174 insignitus,
3042 4122 3154 4161 non
3178 4106 3333 4164 solos
3356 4110 3650 4181 ostiarios,

2007 4189 2106 4245 sed
2142 4189 2398 4261 reliquos
2439 4189 2674 4245 ordines
2712 4190 3154 4262 ecclesiaslicos,
3177 4194 3490 4270 ipsumque
3512 4204 3655 4257 tem-

2005 4277 2166 4350 plum
2190 4295 2324 4333 cum
2346 4278 2505 4334 omni
2532 4296 2641 4334 sua
2666 4279 3037 4352 supellectili,
3063 4283 3242 4340 altare
3264 4303 3496 4359 quoque
3517 4306 3650 4346 cum

2006 4367 2278 4424 omnibus
2299 4369 2422 4424 suis
2442 4368 2791 4425 utensilibus
2804 4370 2917 4426 Deo
2931 4373 3316 4445 omnipotenti
3333 4385 3650 4436 consecrat.

2005 4457 2134 4512 Pari
2167 4458 2340 4512 modo
2371 4459 2588 4530 quibus
2637 4475 2750 4514 non
2783 4459 2917 4516 licet
2963 4462 3300 4536 contingere
3347 4467 3652 4539 cingulum

247 4547 356 4615 Qui
389 4547 437 4603 si
468 4563 622 4612 eam,
654 4547 936 4604 adulteris
966 4553 1249 4620 ereptam,
1273 4565 1378 4604 suo
1407 4547 1666 4620 legitimo
1691 4551 1889 4605 matri-
1924 4568 1970 4632 D
2006 4550 2108 4602 aut
2137 4546 2475 4618 mappulam
2501 4547 2864 4617 subdiaconi,
2887 4549 3109 4606 hostias
3141 4553 3211 4608 ad
3244 4553 3424 4610 altare
3455 4555 3649 4625 laturi,

247 4637 444 4692 monio
475 4651 590 4690 non
614 4634 1008 4702 restituerent,
1029 4637 1130 4693 sed
1160 4654 1278 4692 sua
1308 4636 1534 4692 libidini
1567 4643 1892 4695 maternam

245 4722 589 4799 pudicitiam
617 4722 1066 4794 prostituerent;
1093 4742 1284 4782 nonne
1316 4727 1541 4798 pejores
1562 4730 1620 4782 et
1644 4727 1895 4785 detesta-

245 4813 481 4869 biliores
503 4810 864 4883 quibuslibet
894 4811 1175 4869 adulteris
1201 4814 1435 4870 essent?
1458 4814 1658 4870 Nonne
1688 4815 1894 4873 tolera-

245 4901 424 4958 bilius
448 4902 636 4956 fuerat
659 4901 730 4955 ab
751 4899 881 4956 aliis
903 4917 1016 4956 non
1039 4901 1572 4975 defendisse,quam
1592 4904 1890 4961 defensam

246 4990 330 5046 sic
362 4989 474 5048 sibi
507 5007 790 5062 usurpare
838 4994 894 5044 et
942 4989 1255 5044 addicere?
1313 4991 1470 5063 Rogo
1526 4991 1893 5050 considerent

244 5078 353 5134 hoc
375 5077 704 5134 Christiana
737 5077 952 5149 pietate
987 5076 1278 5149 principes
1306 5078 1618 5134 Christiani
1649 5085 1706 5136 et
1733 5079 1888 5149 laici,

245 5172 301 5224 et
344 5168 582 5223 tandem
629 5170 979 5239 cognoscant
1032 5170 1250 5237 quanto
1301 5165 1616 5238 ﬂagitiores
1665 5169 1805 5239 sint,
1839 5171 1888 5226 si

245 5254 610 5326 spiritualem
642 5259 888 5311 matrem
932 5270 1102 5310 suam
1137 5252 1220 5309 sic
1271 5254 1605 5325 defendant,
1639 5274 1710 5313 ne
1739 5260 1888 5330 patri

244 5360 351 5400 suo
381 5344 713 5410 restituant,
738 5344 838 5400 sed
879 5343 991 5399 sibi
1040 5342 1186 5414 ipsis
1232 5346 1464 5398 tantum
1513 5345 1886 5415 prostituant.

243 5433 315 5488 Et
342 5433 437 5489 cui
458 5433 650 5506 patri?
670 5432 758 5489 llli
783 5432 1064 5488 nimirum
1095 5431 1186 5487 cui
1209 5430 1411 5487 nullus
1433 5433 1682 5489 carnalis
1702 5440 1886 5507 pater,

239 5537 318 5595 ne
346 5521 538 5579 dicam
568 5523 983 5596 praeferendus,
998 5522 1098 5580 sed
1121 5537 1226 5580 nec
1247 5519 1487 5596 quidem
1512 5525 1603 5579 est
1631 5525 1886 5602 aequipa-

245 5611 672 5688 randus,juxta
699 5613 856 5691 quod
885 5613 1100 5676 dicitur
1126 5629 1176 5672 :«
1206 5610 1314 5684 Qui
1345 5614 1503 5672 amat
1529 5614 1759 5708 patrem
1787 5618 1889 5676 aut

2006 4635 2190 4690 multo
2217 4635 2412 4692 minus
2435 4636 2566 4691 licet
2586 4637 2869 4692 annulum
2891 4640 3145 4711 episcopi
3169 4658 3284 4712 quo
3309 4643 3649 4715 insignitur,

2003 4724 2144 4776 dum
2162 4721 2386 4777 assistit
2404 4721 2656 4791 altari,et
2678 4723 3001 4780 sanctificat
3024 4726 3403 4799 immolatque
3419 4730 3649 4800 Agnum

2001 4811 2122 4878 Dei,
2145 4811 2231 4885 vel
2255 4811 2396 4866 dum
2421 4816 2721 4866 consecrat
2747 4812 3004 4869 chrisma
3026 4815 3281 4885 Spiritus
3312 4817 3521 4883 sancti,
3545 4835 3647 4874 seu

2000 4878 2453 4956 dumhenedieit
2474 4899 2752 4970 populum
2779 4901 3018 4957 Dei.Nec
3040 4878 3254 4956 mirum
3274 4903 3323 4958 si
3346 4878 3648 4976 tantopere

1997 4990 2299 5046 veritatem
2329 4987 2540 5042 Christi
2571 4987 2629 5041 in
2661 4988 2815 5044 Novo
2849 4990 3220 5045 Testamento
3255 5009 3644 5062 revereamur,

1999 5096 2132 5135 cum
2164 5078 2291 5149 ejus
2321 5075 2589 5130 umbram
2623 5075 2681 5130 in
2705 5078 2896 5132 Veteri
2919 5079 3236 5134 decreverit
3255 5080 3537 5137 Dominus
3561 5083 3646 5138 sic

1998 5169 2374 5225 reverendam
2393 5174 2448 5221 et
2463 5165 2887 5235 honorandam,
2903 5173 3005 5222 aut
3021 5168 3079 5222 in
3095 5167 3491 5226 libroNumeri
3510 5172 3645 5229 inde

1998 5275 2101 5331 per
2130 5257 2365 5329 Moysen
2397 5254 2551 5309 dicat
2576 5270 2588 5308 :
2614 5277 2641 5303 «
2667 5255 2847 5310 Erunt
2877 5257 2986 5311 sub
3015 5258 3282 5313 custodia
3312 5259 3642 5317 Levitarum

1998 5344 2208 5402 tabula
2242 5340 2622 5409 tabernaculi,
2646 5347 2704 5397 et
2732 5347 2938 5410 vectes,
2973 5349 3030 5399 et
3058 5344 3362 5414 columna,
3388 5353 3444 5403 et
3473 5348 3643 5407 bases

1997 5436 2284 5498 earum,et
2303 5431 2501 5488 omnia
2531 5448 2658 5503 qua
2689 5433 2760 5487 ad
2792 5432 3014 5488 cultum
3045 5434 3338 5506 pertinent
3367 5436 3641 5509 hujusce-

1997 5523 2188 5590 modi;
2221 5523 2622 5594 columnaque
2653 5521 2786 5578 atrii
2807 5538 2940 5578 cum
2970 5523 3213 5581 basibus
3239 5527 3366 5583 suis
3396 5544 3500 5602 per
3529 5527 3639 5585 cir-

1995 5615 2218 5678 cuitum
2250 5616 2309 5672 et
2337 5609 2534 5688 paxilli
2583 5627 2718 5672 cum
2765 5612 3025 5674 funibus.
3059 5613 3641 5684 Castrametabuntur
