4004 6210
387 288 542 350 1159

1439 282 1850 343 HUMBERTI
1897 282 1960 343 S.
2012 284 2081 343 Β.
2130 283 2198 343 Ε.
2248 282 2734 348 CARDINALIS.

3627 284 3805 355 1160

386 424 519 477 ante
548 414 986 474 tabernaculum
1042 412 1292 477 fmderis,
1328 411 1384 465 id
1433 417 1519 465 est
1568 413 1635 465 ad
1688 412 2027 468 orientalem
2060 417 2113 480 Α
2144 414 2481 485 temporalis
2515 418 2716 494 mortis
2766 418 3150 476 adhibebatur
3186 437 3311 493 quae
3358 421 3560 494 procul
3608 422 3802 479 dubio

383 509 614 581 plagam
650 504 874 574 Moyses
906 504 962 555 et
988 506 1180 555 Aaron
1212 516 1345 554 cum
1398 498 1533 553 ﬁliis
1584 500 1730 565 suis,
1755 500 2033 556 habentes

382 592 709 650 custodiam
736 587 1054 644 sanctuarii
1080 587 1135 640 in
1160 587 1351 641 medio
1378 586 1626 641 ﬁliorum
1654 586 2033 652 Israel,Quis-

381 682 515 754 quis
538 680 763 736 alienus
792 675 1103 733 accesserit
1140 674 1426 729 morietur
1446 675 1628 745 (Nam.
1657 694 1740 742 ιιι,
1765 677 1975 747 36-38).
2002 698 2029 727 ››

377 770 596 827 Deinde
628 783 765 823 vasa
798 765 999 821 altaris
1026 765 1086 818 in
1112 768 1333 835 quanta
1352 764 1599 818 voluerit
1629 764 1913 820 Dominus
1945 782 2030 820 re-

374 858 632 916 verentia
654 855 876 921 haberi,
894 858 1025 925 post
1047 852 1246 924 aliqua
1273 852 1488 907 ibidem
1514 853 1769 907 ostendit
1790 854 1992 909 dicens
2018 871 2029 907 :

381 970 409 998 ‹‹
435 946 663 1019 Ignium
687 941 1075 1015 receptacula,
1102 940 1429 996 fuscinulas
1456 958 1520 995 ac
1550 941 1853 1008 tridentes,
1878 942 2035 997 unci-

376 1038 481 1092 dos
513 1039 570 1091 et
591 1032 814 1100 batilla,
839 1034 1167 1101 cunctaque
1190 1046 1329 1084 vasa
1350 1028 1550 1085 altaris
1572 1030 1833 1101 operient
1854 1030 2031 1085 simul

374 1124 663 1180 velamine
685 1120 1097 1193 janthinarum
1126 1118 1389 1190 pellium,
1423 1122 1480 1173 et
1509 1118 1789 1173 inducent
1821 1127 2027 1174 vectes.

374 1213 637 1284 Cumque
664 1208 1010 1265 involverint
1034 1210 1223 1262 Aaron
1252 1211 1308 1261 et
1338 1206 1439 1261 ﬁlii
1473 1208 1601 1278 ejus
1629 1207 2028 1263 sanctuarium

375 1306 432 1357 et
462 1300 660 1357 omnia
688 1316 826 1355 vasa
858 1299 987 1369 ejus
1016 1297 1072 1350 in
1098 1294 1489 1351 commotione
1516 1301 1862 1362 castrorum,
1890 1300 2029 1350 tunc

374 1391 683 1447 intrabunt
732 1388 837 1442 ﬁlii
871 1384 1047 1440 Caath
1102 1388 1167 1440 ut
1217 1388 1449 1456 portent
1502 1383 1777 1451 involuta,
1811 1389 1867 1440 et
1912 1400 2025 1439 non

373 1483 619 1552 tangant
665 1493 804 1533 vasa
853 1472 1193 1540 sanctuarii,
1237 1490 1309 1528 ne
1359 1472 1685 1529 moriantur
1731 1474 1911 1544 (Nam.
1948 1490 2026 1541 1v,

377 1570 586 1637 ιιι-15).
616 1590 643 1615 η

446 1659 707 1723 Quorum
736 1651 1058 1727 perieulum
1089 1652 1277 1708 denuo
1302 1651 1624 1706 cavendum
1650 1650 2025 1717 denuntians,

2145 503 2353 558 umbra
2382 491 2672 576 perpetuae
2716 506 3057 563 habebatur.
3092 491 3312 581 Itaque,
3337 491 3401 565 ut
3430 508 3511 565 ait
3538 515 3795 583 Aposto-

2144 589 2258 659 lus,
2292 591 2350 646 in
2379 591 2708 650 libertatem
2739 595 2922 651 vocati
2966 596 3106 667 (Gal.
3140 614 3194 665 v,
3228 597 3342 669 13),
3370 614 3443 653 ne
3474 598 3808 654 abutamur

2144 677 2429 748 libertate,
2454 698 2558 737 nec
2588 684 2891 740 tardemus
2913 685 3118 741 reverti
3141 685 3213 741 ad
3239 686 3466 741 Patrem
3496 688 3799 757 nostrum,

2145 784 2248 823 nec
2278 769 2661 841 desperando,
2697 777 2796 827 aut
2835 772 3085 829 nimium
3125 774 3413 847 sperando
3447 775 3801 831 differamus

2141 856 2212 910 de
2243 857 2335 912 die
2364 857 2422 913 in
2455 859 2631 928 diem,
2657 860 2811 932 quia,
2842 861 2995 917 sicut
3023 863 3125 935 qui
3155 863 3451 939 desperat,
3475 864 3559 921 sic
3589 868 3646 920 et
3669 880 3798 920 ma-

2141 944 2389 1002 ledictus
2421 952 2508 1003 est
2537 949 2636 1020 qui
2668 949 2727 1004 in
2756 966 2860 1021 spe
2889 956 3109 1022 peccat.

2740 1056 2974 1111 CAPUT
3026 1057 3173 1113 XIII.

2138 1140 2211 1194 De
2239 1140 2506 1208 dignitate
2532 1142 2822 1199 sacerdotii
2849 1146 3044 1219 veteris
3073 1145 3240 1219 _legz's,
3272 1150 3323 1200 et
3355 1148 3800 1219 prwsumptione

2490 1221 2540 1266 et
2565 1230 2726 1284 pama
2758 1230 2950 1284 regum
2976 1216 3128 1270 Iuda:
3156 1220 3209 1270 et
3238 1216 3422 1272 Israel.

2208 1298 2602 1355 Nihilominus
2633 1306 2690 1357 et
2719 1303 3081 1373 perpendant
3101 1302 3257 1375 quia,
3279 1305 3549 1375 quamvis
3571 1305 3799 1362 duode-

2138 1387 2252 1441 cim
2284 1388 2474 1443 tribus
2506 1387 2681 1445 Israel
2713 1389 2953 1445 totidem
2983 1396 3123 1445 tunc
3154 1390 3436 1447 haberent
3463 1393 3795 1466 principes,

2135 1473 2195 1529 in
2230 1475 2445 1545 quibus
2467 1481 2522 1532 et
2546 1476 2867 1545 Nabasson,
2892 1479 2965 1533 de
2993 1479 3145 1534 tribu
3178 1479 3349 1546 Juda,
3385 1480 3478 1535 cui
3510 1497 3627 1537 non
3659 1485 3801 1538 erat

2136 1564 2515 1619 auferendum
2547 1568 2841 1636 sceptrum
2866 1570 2923 1622 et
2952 1567 3068 1622 dux
3088 1567 3161 1622 de
3190 1567 3404 1623 femore
3433 1568 3560 1638 ejus
3591 1584 3794 1639 usque

2139 1651 2211 1706 ad
2246 1651 2460 1723 Regem
2493 1669 2716 1724 regum,
2758 1653 3052 1709 Christum
3092 1654 3424 1725 (Gen.xux,
3448 1656 3556 1725 10),
3580 1654 3794 1711 nullus

374 1746 453 1803 sit
507 1744 690 1847 ltdo‘ysi
749 1748 838 1847 et“
860 1744 1056 1847 Aa'ron
1085 1759 1097 1796 :
1124 1764 1151 1791 «
1200 1739 1388 1795 Nolite
1411 1740 1685 1847 perdere
1724 1738 2029 1847 populum
2060 1782 2107 1847 B
2140 1743 2343 1847 tamen.
2369 1739 2626 1847 illorum,
2669 1741 2781 1840 nisi
2813 1741 2975 1847 s‘olus
3005 1743 3264 1847 Moyses,
3294 1742 3670 1847 praesumpsit
3699 1758 3794 1847 ἐκ

374 1833 553 1890 Caath
586 1834 657 1888 de
687 1831 880 1886 medio
929 1830 1291 1897 Levitarum;
1327 1829 1428 1884 sed
1471 1828 1579 1884 hoc
1630 1828 1799 1883 facite
1829 1828 1934 1895 eis,
1969 1831 2032 1883 ut
2060 1828 2107 1847 ”
2138 1829 2566 1884 contribulibus
2597 1830 2720 1885 suis
2750 1830 3019 1885 ordinare
3062 1830 3417 1903 pontiﬁcem,
3451 1831 3789 1887 sacerdotes

375 1924 567 1978 vivant
587 1926 641 1977 et
665 1937 779 1976 non
804 1919 1148 1983 moriantur,
1175 1921 1222 1974 si
1248 1916 1545 1990 tetigerint
1569 1922 1775 1973 sancta
1799 1921 2028 1972 sancto-

374 2029 525 2066 rum.
551 2012 737 2065 Aaron
761 2014 817 2064 et
839 2008 938 2062 ﬁlii
962 2010 1090 2079 ejus
1114 2007 1439 2076 intrabunt,
1463 2005 1692 2078 ipsique
1716 2006 2030 2077 disponent

373 2118 547 2172 opera
592 2097 983 2169 singulorum,
1016 2100 1071 2151 et
1120 2096 1383 2149 divident
1430 2095 1571 2165 quid
1618 2099 1848 2167 portare
1895 2093 2028 2166 quis

373 2190 597 2244 debeat.
623 2187 734 2242 Alii
787 2185 949 2241 nulla
997 2184 1331 2239 curiositate
1362 2183 1593 2238 videant
1627 2200 1751 2252 quae
1801 2183 1918 2236 sint
1967 2182 2025 2237 in

373 2277 728 2340 sanctuario,
760 2274 1107 2346 priusquam
1163 2273 1551 2339 involvantur,
1587 2270 1847 2342 alioquin
1899 2287 2026 2325 mo—

373 2366 597 2422 rientur
616 2366 797 2437 (Nam.
824 2381 901 2428 1v,
927 2364 1011 2428 t8,
1040 2362 1147 2432 19).
1179 2383 1207 2408 ››
1230 2360 1389 2422 Quod
1416 2359 1586 2428 longo
1610 2363 1741 2429 post
1767 2364 2025 2429 tempore

373 2455 485 2510 Oza
516 2455 741 2510 Levites
771 2449 1037 2519 incurrit,
1062 2449 1159 2503 ubi
1191 2465 1386 2503 aream
1421 2446 1650 2502 Domini
1682 2445 2022 2501 inclinatam

372 2548 700 2600 sustentare
740 2540 1003 2605 tentavit,
1037 2554 1214 2608 quam
1267 2536 1407 2592 solis
1455 2534 1854 2591 sacerdotibus
1886 2551 2021 2590 con-

370 2632 594 2705 tingere
627 2630 807 2685 licuit.
842 2629 921 2683 Ex
959 2626 1174 2697 quibus
1207 2624 1567 2696 perpendant
1596 2624 1736 2695 quid
1767 2639 2023 2678 merean-

370 2725 467 2776 tur
506 2721 604 2792 qui
646 2718 769 2782 sola
798 2716 1124 2771 temeritate
1154 2718 1407 2769 tractant
1436 2718 1492 2768 et
1520 2713 1716 2768 ferunt
1746 2718 1933 2768 vestes
1966 2717 2022 2767 et

368 2826 509 2865 vasa
539 2804 914 2863 ecclesiastici
964 2802 1293 2870 ministerii,
1317 2802 1365 2856 si
1414 2802 1761 2858 occiduntur
1793 2800 2019 2857 caelitus

372 2898 472 2970 qui
498 2896 620 2951 sola
651 2893 986 2949 curiositate
1016 2891 1197 2957 ducti,
1222 2891 1342 2947 baac
1365 2895 1593 2946 tantum
1624 2890 1894 2955 viderint,
1918 2895 2019 2945 aut

372 2985 566 3041 subita
596 2980 939 3038 necessitate
987 2979 1233 3052 permoti
1264 2984 1593 3035 sustentare
1646 2980 2013 3035 tentaverint.

370 3075 440 3130 Et
468 3076 620 3127 certe
651 3070 853 3126 Levites
884 3073 941 3123 et
974 3067 1299 3123 consecrati
1321 3073 1487 3123 erant
1518 3085 1665 3139 quos
1699 3072 1861 3123 tanta
1892 3068 2013 3122 ani-

2139 1923 2197 1973 et
2230 1918 2476 1985 Levitas,
2504 1922 2857 1991 cunctasque
2892 1918 3053 1975 illius
3081 1919 3360 1992 temporis
3390 1917 3697 1975 instituere
3728 1923 3791 1975 et

2137 2007 2445 2077 disponere
2476 2007 2871 2063 caeremonias.
2905 2007 3208 2080 Siquidem
3238 2009 3383 2081 ipse,
3410 2008 3533 2063 vice
3564 2008 3785 2064 summi

2140 2095 2431 2165 pontiﬁcis
2452 2100 2501 2150 et
2535 2094 2771 2150 maximi
2794 2096 3082 2167 primatis,
3101 2098 3290 2152 Aaron
3318 2097 3555 2152 fratrem
3581 2111 3784 2162 suum,

2137 2187 2192 2236 et
2226 2180 2375 2237 ﬁlios
2416 2184 2562 2253 ejus,
2598 2183 2887 2239 inferioris
2930 2185 3147 2256 gradus
3194 2185 3548 2255 sacerdotes,
3580 2182 3787 2239 infulis

2138 2271 2601 2326 sacerdotalibus
2640 2271 2851 2339 induit,
2887 2272 3242 2328 consecravit
3270 2277 3327 2327 et
3369 2271 3618 2328 inunxit.
3654 2271 3787 2344 Ipse

2136 2374 2367 2429 quoque
2420 2359 2864 2414 tabernaculum
2922 2364 3239 2432 utrumque
3296 2360 3497 2428 erexit,
3534 2365 3590 2417 et
3645 2376 3784 2416 cum

2133 2447 2409 2502 omnibus
2431 2447 2779 2503 utensilibus
2798 2448 3351 2521 suis,altaribusque
3373 2448 3593 2505 etvasis
3612 2449 3784 2504 inun-

2132 2535 2340 2606 gendo,
2366 2539 2422 2590 et
2453 2552 2605 2608 aqua
2635 2553 2768 2591 cum
2799 2537 3050 2609 hyssopo
3081 2537 3439 2611 aspergendo
3469 2535 3780 2608 dedicavit,

2131 2640 2247 2694 qua
2267 2623 2442 2679 etiam
2475 2624 2756 2697 populum
2789 2643 3093 2698 aspersum
3125 2625 3505 2682 sanctiﬁcavit
3529 2645 3581 2682 :«
3605 2626 3780 2683 Lecto

2130 2712 2310 2781 enim,
2342 2718 2405 2768 ut
2443 2713 2523 2769 ait
2573 2714 2884 2786 Apostolus
2941 2716 3012 2770 ad
3071 2715 3358 2784 Hebraeos,
3393 2713 3555 2771 omni
3609 2730 3777 2771 man-

2129 2801 2263 2857 dato
2290 2802 2434 2875 legis
2465 2820 2499 2858 a
2528 2804 2723 2875 Moyse
2755 2804 3022 2859 universo
3053 2803 3286 2876 pepulo,
3316 2803 3608 2877 accipiens
3635 2820 3771 2859 san-

2127 2890 2363 2963 guinem
2394 2891 2710 2947 vitulorum
2752 2896 2809 2948 et
2836 2892 3135 2948 hircorum
3166 2909 3299 2948 cum
3331 2910 3483 2964 aqua.
3533 2896 3590 2948 et
3636 2891 3775 2948 lana

2127 2980 2393 3035 coccinea
2423 2984 2479 3036 et
2509 2979 2782 3053 hyssopo,
2816 2981 3011 3052 ipsum
3042 2997 3273 3053 quoque
3310 2980 3527 3036 librum
3558 2984 3615 3036 et
3644 2997 3771 3036 om-

2128 3084 2260 3123 nem
2302 3068 2583 3141 populum
2616 3069 2884 3141 aspersit,
2916 3069 3159 3124 dicens:
3193 3069 3295 3125 Hic
3327 3068 3571 3142 sanguis
3598 3072 3773 3125 testa-

372 3160 698 3217 madversio
748 3158 1084 3226 cohibebat;
1119 3161 1338 3230 quanta
1389 3160 1665 3229 putamus
1715 3158 2018 3214 severitate
2050 3143 2094 3210 C
2133 3157 2313 3211 menti
2345 3158 2499 3228 quod
2532 3158 2829 3213 mandavit
2857 3157 2928 3212 ad
2955 3175 3055 3213 vos
3086 3159 3259 3214 Deus.
3284 3158 3471 3213 Etiam
3502 3158 3772 3214 taberna-

370 3249 550 3304 laicos
580 3249 650 3303 ab
682 3247 775 3303 his
809 3244 1179 3302 deterrebat?
1222 3246 1333 3301 Sed
1386 3263 1456 3300 ne
1508 3246 1705 3300 forsan
1756 3249 2023 3302 autumet

370 3338 505 3410 quis
535 3336 657 3393 haec
687 3340 918 3392 tantum
952 3335 1168 3408 pepulo
1212 3336 1322 3389 sub
1356 3333 1479 3405 lege
1527 3335 1932 3403 custodienda,
1967 3340 2023 3391 et

370 3443 487 3483 non
517 3426 685 3482 nobis
715 3425 825 3482 sub
852 3424 1058 3498 gratia,
1081 3423 1425 3496 Apostolum
1462 3424 1749 3479 dicentem
1781 3425 2018 3480 audiat:

372 3537 401 3564 «
433 3516 800 3587 Quaecunque
848 3512 1066 3585 scripta
1096 3516 1235 3567 sunt
1283 3513 1352 3566 ad
1404 3515 1664 3566 nostram
1695 3511 2019 3566 doctrinam

368 3605 587 3677 scripta
636 3607 775 3659 sunt
797 3603 974 3676 (Rom.
998 3619 1088 3668 xv,
1123 3601 1209 3668 2);
1236 3617 1339 3655 nec
1372 3618 1484 3654 non
1518 3600 1754 3655 beatum
1807 3617 2019 3671 papam

368 3693 753 3766 Stephanum,
786 3690 1115 3748 consimilia
1144 3690 1236 3746 his
1269 3689 1538 3762 superius
1572 3690 2016 3757 decernentem;

368 3781 683 3837 Dominum
717 3785 986 3837 nostrum
1028 3796 1260 3851 quoque
1309 3779 1367 3833 in
1419 3778 1747 3850 Evangelio,
1781 3777 2022 3849 majoris

359 3870 611 3943 justitiae
639 3870 1048 3943 perfectionem
1095 3867 1219 3924 suis
1250 3866 1665 3936 inculcantem,
1692 3867 1906 3939 quibus
1936 3867 2019 3923 sic

367 3959 648 4032 praemisit
681 3978 692 4015 :
721 3982 749 4010 ‹‹
781 3959 905 4015 Nisi
936 3957 1318 4014 abundaverit
1351 3956 1585 4026 justitia
1616 3963 1808 4011 vestra
1852 3957 2045 4028 plus-~

367 4066 546 4123 quam
594 4049 933 4105 Scribarum
979 4052 1037 4102 et
1080 4046 1526 4111 Pharisaeorum,
1560 4062 1672 4101 non
1726 4045 2020 4101 intrabitis

368 4140 427 4193 in
487 4154 731 4209 regnum
791 4137 1069 4192 ccelorum
1119 4134 1340 4204 (Matth.
1377 4153 1463 4201 ιιι,
1493 4135 1603 4205 20).
1640 4156 1667 4184 ››
1702 4134 1767 4188 Et
1824 4150 2022 4189 revera

369 4226 462 4281 lex
493 4242 597 4281 nec
626 4227 774 4280 iram
807 4242 912 4280 nec
943 4224 1486 4290 subsannationem,
1513 4240 1616 4278 nec
1643 4223 1798 4278 verbi
1833 4224 2022 4279 eonvi-

369 4314 525 4370 cium
557 4313 615 4367 in
650 4313 884 4369 fratrem
936 4316 1116 4368 morte
1165 4313 1355 4383 punit,
1390 4311 1503 4367 nisi
1555 4310 1746 4367 solum
1795 4311 2022 4367 actuale

370 4401 787 4470 homicidium;
821 4401 919 4456 sed
962 4399 1384 4473 [Evangelium]
1419 4402 1546 4472 ejus
1591 4416 1821 4471 quoque
1855 4400 2020 4455 fomi-

366 4495 486 4547 tem
518 4494 575 4546 et
604 4489 1005 4557 seminarium,
1055 4490 1204 4544 iram
1256 4488 1479 4545 scilicet
1529 4487 2022 4561 manifestumque
2052 4509 2098 4575 Β

370 4579 722 4644 convicium,
758 4584 814 4635 et
860 4582 1021 4633 tanto
1052 4577 1304 4650 graviori
1336 4581 1521 4633 morte
1560 4581 1777 4649 quanto
1818 4578 2023 4633 melior

369 4672 560 4726 exstat
606 4669 805 4724 anima
851 4685 1121 4741 corpore;
1153 4667 1323 4738 cujus
1371 4669 1576 4733 morte,
1611 4682 1787 4738 quam
1838 4666 2022 4723 solam

369 4757 702 4815 sentiebant
731 4756 837 4825 illi,
869 4756 1028 4813 velut
1059 4756 1228 4822 servi,
1261 4754 1553 4827 perterriti
1586 4756 1657 4810 ab
1689 4756 2024 4812 excessibus

372 4847 860 4920 reprimebantur,
885 4864 1021 4902 cum
1053 4862 1159 4901 nos
1191 4844 1346 4901 velut
1379 4842 1565 4911 liberi,
1590 4843 1714 4899 sola
1744 4844 2024 4901 charitate

372 4936 569 4992 aeterni
604 4936 793 4993 Patris
816 4935 1113 5008 justitiam
1155 4933 1380 5005 operari
1424 4933 1762 4989 debeamus.
1796 4935 1939 5001 Qua,
1974 4934 2026 4989 si

373 5029 438 5081 ut
455 5029 596 5098 puta
613 5025 983 5098 disciplinam
1001 5025 1128 5095 ejus
1142 5022 1454 5093 abjicimus
1471 5020 2025 5094 indisciplinatoque

371 5113 532 5170 illius
565 5114 850 5171 voluntati
882 5113 1237 5182 resistimus,
1260 5128 1376 5167 non
1410 5110 1602 5166 solum
1634 5110 2022 5166 exhaeredabi-

374 5218 528 5269 mur,
544 5202 645 5258 sed
671 5202 912 5274 insuper
932 5203 1117 5257 morte
1135 5197 1344 5254 animae
1368 5200 1646 5269 perpetuo
1670 5195 2021 5269 plectemur;

375 5306 554 5362 quam
587 5290 756 5347 nobis
788 5289 1096 5346 imminere
1126 5287 1426 5343 credentes
1455 5285 1637 5341 vitare
1669 5284 2024 5357 contempsi-

377 5394 530 5434 mus.
556 5380 625 5435 Et
642 5384 839 5435 tamen
863 5380 924 5434 in
949 5379 1059 5434 hoc
1082 5392 1311 5449 quoque
1333 5376 1406 5431 ab
1426 5374 1542 5429 illis
1562 5374 1872 5443 distamus,
1889 5373 2028 5447 quia

378 5466 569 5535 nobis,
592 5471 874 5541 tanquam
891 5466 1121 5541 (liberis,
1144 5464 1311 5537 copia
1331 5462 1752 5519 satisfactionis
1768 5479 2026 5520 reserva-

379 5556 505 5627 tur;
537 5553 656 5616 illis
686 5559 903 5629 autem,
927 5556 1207 5635 tauquam
1229 5552 1433 5629 servis,
1454 5567 1559 5613 nec
1576 5551 2030 5628 mora,viudiota

2131 3245 2329 3301 culum
2362 3251 2417 3301 et
2447 3245 2644 3301 omnia
2672 3262 2811 3301 vasa
2841 3245 3151 3303 ministerii
3182 3246 3467 3319 sanguine
3507 3246 3777 3302 similiter

2132 3334 2383 3406 aspersit
2416 3352 2428 3389 :
2464 3335 2531 3389 Et
2561 3334 2758 3390 omnia
2788 3351 2934 3406 pene
2978 3333 3038 3390 in
3080 3335 3363 3408 sanguine
3392 3336 3774 3405 mundantur,
3806 3406 3811 3411 0

2130 3423 2452 3478 secundum
2488 3421 2695 3495 legem,
2728 3426 2785 3479 et
2812 3423 2938 3479 sine
2970 3423 3275 3497 sanguinis
3306 3424 3535 3480 fusione
3565 3440 3689 3481 non
3713 3423 3779 3480 ﬁt

2133 3511 2401 3568 remissio
2460 3511 2659 3581 (Hebr.
2720 3529 2796 3583 ιχ,
2858 3512 3069 3585 49-22).
3121 3512 3225 3569 Hie
3281 3512 3488 3569 deinde
3547 3517 3773 3570 mortuo

2130 3602 2316 3656 Aaron
2350 3600 2523 3656 fratre
2570 3617 2698 3669 suo,
2733 3600 2920 3656 ﬁlium
2969 3602 3098 3673 ejus
3146 3601 3482 3658 Eleazarum
3512 3601 3773 3658 vestibus

2130 3689 2313 3761 patris
2345 3688 2536 3743 induit
2579 3690 2636 3743 in
2686 3694 2900 3757 monte,
2935 3694 2999 3746 ut
3040 3691 3382 3762 pontiﬁcatu
3436 3689 3774 3764 fungeretur

2130 3775 2287 3831 illius
2319 3776 2441 3830 vice
2464 3778 2648 3845 (Num.
2681 3794 2773 3845 xx,
2808 3780 3075 3850 27-29).»
3110 3779 3387 3851 Nunquid
3420 3779 3633 3835 alicubi
3682 3796 3769 3835 re-

2130 3864 2351 3936 peritur
2396 3864 2688 3938 principes
2745 3870 2845 3921 aut
2902 3866 3148 3941 populos
3203 3868 3453 3924 aliarum
3509 3868 3768 3924 tribuum

2131 3953 2492 4025 designasse,
2527 3959 2626 4009 aut
2668 3955 2993 4012 instituisse
3042 3955 3367 4028 pontiﬁces,
3400 3974 3466 4012 ac
3518 3957 3768 4030 reliquos

2131 4041 2433 4098 ministros
2451 4043 2812 4100 tabernaculi
2835 4044 2921 4100 vel
2939 4044 3223 4116 templum
3241 4043 3492 4114 Domini,
3508 4061 3610 4101 seu
3632 4061 3773 4118 pra:-

2133 4130 2458 4202 sumpsisse
2489 4132 2815 4204 quidquam
2863 4131 3034 4189 sortis
3065 4131 3305 4200 acjuris
3353 4132 3604 4184 eorum?
3652 4131 3771 4201 Ipsi

2130 4219 2307 4287 enim,
2342 4237 2444 4292 per
2474 4238 2535 4277 se
2564 4226 2621 4276 et
2650 4223 2803 4277 inter
2830 4237 2912 4284 se,
2945 4234 3082 4274 suas
3119 4216 3512 4271 ordinationes
3544 4220 3601 4270 et
3630 4233 3770 4273 cau-

2134 4324 2250 4374 sas,
2285 4314 2457 4380 prout
2486 4310 2568 4365 eis
2613 4310 2934 4371 videbatur,
2980 4305 3254 4376 agebant;
3306 4306 3361 4357 et
3409 4306 3533 4358 tota
3578 4305 3770 4364 tribus

2134 4396 2385 4453 Levitica
2406 4398 2531 4453 suis
2553 4401 2778 4452 tantum
2801 4391 3169 4467 pontificibus
3192 4390 3560 4463 disponenda
3580 4395 3770 4466 subja-

2132 4486 2317 4553 cebat,
2351 4485 2578 4541 nemine
2606 4483 2935 4554 principum
2966 4484 3069 4535 aut
3097 4478 3285 4551 plebis
3316 4480 3766 4554 contradicente,

2132 4575 2232 4630 sed
2265 4574 2461 4646 potius
2490 4572 2714 4628 cunctis
2756 4570 2827 4626 ad
2856 4573 3207 4641 praeceptum
3239 4573 3298 4625 et
3328 4574 3540 4626 nutum
3570 4588 3769 4628 eorum

2136 4663 2673 4735 pendentibus,tam
2694 4675 2763 4715 ex
2802 4658 3195 4715 oblationibus
3217 4675 3395 4731 quam
3416 4676 3484 4716 ex
3505 4660 3770 4717 observa-

2132 4752 2389 4807 tionibus
2419 4747 2679 4820 reliquis.
2705 4751 2861 4815 Quos
2900 4747 3238 4821 quicunque
3277 4765 3393 4804 non
3423 4748 3670 4817 audiret,
3703 4750 3771 4807 de

2134 4840 2322 4896 medio
2355 4837 2549 4911 populi
2584 4836 2676 4892 sui
2703 4837 2988 4894 interiret.
3018 4838 3088 4893 Et
3111 4838 3221 4894 hoc
3249 4836 3579 4910 legitimum
3612 4838 3767 4894 Levi-

2134 4929 2260 4985 ticae
2290 4926 2466 4982 tribui
2492 4944 2526 4981 a
2546 4927 2768 4982 caeteris
2794 4925 3206 4983 inviolabiliter
3221 4930 3452 4983 constat
3481 4925 3768 4983 redditum

2136 5032 2321 5089 usque
2348 5016 2416 5070 ad
2447 5015 2772 5088 pessimum
2798 5032 3002 5089 regum
3022 5015 3463 5088 Jeroboam,qui
3486 5032 3593 5072 suo
3624 5015 3771 5072 schi-

2134 5109 2321 5162 smate
2352 5120 2598 5177 regnum
2628 5108 2685 5160 et
2713 5105 3106 5162 sacerdotium
3138 5104 3446 5177 bipertitus
3475 5109 3583 5176 est,
3607 5104 3772 5160 insti-

2133 5200 2307 5251 tuens
2329 5192 2442 5248 alia
2463 5192 2670 5250 altaria
2690 5194 2953 5267 aliosque
2975 5194 3303 5250 sacerdotes
3326 5191 3773 5264 idolis,quorum

2136 5283 2337 5354 utique
2367 5283 2696 5340 sacerdotes
2727 5284 2963 5352 ﬁebant,
2999 5300 3114 5339 non
3159 5282 3429 5348 Mosaice,
3462 5282 3564 5338 sed
3595 5281 3777 5339 Simo-

2136 5372 2320 5428 niace.
2344 5372 2492 5428 Nam
2524 5373 2956 5445 quicunque,ut
2976 5371 3222 5428 historia
3250 5374 3517 5443 testatur,
3536 5369 3776 5437 volebat,

2136 5461 2421 5536 implebat
2442 5478 2685 5520 manum
2706 5466 2961 5532 suam,et
2980 5461 3157 5518 ﬁebat
3176 5459 3449 5518 sacerdos
3463 5475 3666 5516 eorum
3688 5460 3782 5535 qui

2138 5569 2255 5615 non
2277 5554 2416 5613 sunt
2448 5551 2548 5612 dii.
2575 5551 2751 5613 Porro
2779 5551 2964 5614 Judas
2993 5555 3050 5615 et
3076 5549 3405 5628 Benjamin,
3429 5564 3564 5609 cum
3594 5548 3784 5631 aliqua
