4004 6210
200 371 349 431 1161

777 366 1187 430 ADVERSUS
1234 366 1706 431 SIMONIACOS
1750 364 1958 429 LIBRI
2002 367 2224 428 TRES.
2263 399 2338 413 -
2372 367 2601 429 LIBER
2646 366 3005 433 TERTIUS.

3434 373 3592 436 “62

196 506 363 575 parte
380 500 643 558 Leviticze
664 501 872 569 tribus,
895 502 1261 557 retinuerunt
1281 518 1401 557 suae
1418 499 1559 555 sorti
1576 499 1839 572 aliquan-
1872 499 1925 565 Α
1954 500 2314 569 protegebat.
2353 499 2437 554 Ob
2467 517 2594 554 eam
2641 516 2761 554 rem
2812 506 2976 556 terra:
3024 506 3249 557 motum
3288 503 3345 558 in
3378 506 3593 579 templo

196 593 300 648 diu
334 590 747 658 sacerdotium,
778 590 1046 663 quamvis
1086 588 1466 645 exorbitando
1498 589 1791 644 interdum
1820 605 1834 655 ;

195 681 352 736 unde
375 684 431 735 et
458 678 744 753 templum
766 683 823 735 et
848 679 1026 735 altare
1058 694 1481 750 nonnunquam
1505 677 1836 749 aliquorum

192 769 563 825 sacerdotum
596 771 653 824 et
684 784 887 841 regum
919 765 1146 823 malitia
1178 766 1543 839 profanabat,
1568 782 1838 821 nonnun-

191 874 373 929 quam
406 873 811 913 successorum
843 872 1045 912 eorum
1069 856 1295 911 devotio
1325 855 1611 927 expiabat.
1640 856 1699 909 In
1734 870 1841 909 cu-

183 947 290 1017 jus
338 947 497 1019 regni
531 945 824 1018 primitiva
866 945 1082 1001 unione
1111 948 1168 999 et
1199 948 1491 1016 postremo
1523 942 1841 998 schismate

195 1036 507 1091 concordia
536 1034 955 1091 catholicorum
998 1032 1403 1104 discordiaque
1436 1031 1835 1086 haereticorum

197 1124 683 1196 praefigurabatur
712 1140 889 1195 quam
922 1122 1196 1187 maxime,
1229 1124 1285 1176 et
1306 1120 1568 1192 paucitas
1599 1117 1841 1175 catholi-

197 1229 401 1269 corum
434 1211 491 1266 in
523 1211 739 1268 Judmis
767 1210 1299 1283 Jerosolymitanis,
1354 1208 1662 1282 pluralitas
1708 1223 1841 1262 vero

197 1300 602 1356 haereticorum
634 1299 692 1355 in
734 1300 1012 1356 Israelitis
1043 1297 1455 1355 Bethavenitis.

271 1393 334 1444 In
368 1389 585 1461 quibus
606 1388 824 1462 pariter
852 1389 1028 1445 etiam
1060 1387 1552 1444 considerandum
1584 1388 1673 1441 est
1701 1384 1842 1455 quia

192 1477 296 1549 qui
330 1494 445 1534 non
486 1476 599 1534 nisi
631 1477 843 1534 falsum
898 1475 1287 1533 sacerdotium
1328 1475 1441 1531 sibi
1475 1473 1842 1529 retinuerunt

191 1582 329 1621 cum
361 1566 491 1638 ipsa
520 1564 645 1637 lege
676 1565 932 1621 Mosaica
960 1580 1137 1636 quam
1171 1564 1388 1618 frustra
1426 1562 1714 1634 legebant,
1746 1564 1837 1615 at-

191 1670 307 1724 que
324 1670 456 1709 cum
479 1652 723 1726 psalmis
740 1652 1029 1708 Davidicis
1047 1669 1193 1723 quos
1205 1652 1509 1707 daemoniis
1526 1654 1581 1706 et
1595 1666 1706 1705 non
1723 1649 1839 1704 Deo

192 1742 603 1807 decantabant,
637 1741 801 1813 prius
826 1740 1258 1796 irrevocabilem
1281 1744 1337 1795 et
1367 1744 1706 1812 perpetuam
1738 1755 1838 1793 ca-

1947 585 2049 640 Dci
2068 591 2332 642 exortum
2350 592 2598 654 constat,
2619 604 2687 642 cu
2699 586 2789 654 ius
2802 588 2978 643 etiam
2994 588 3300 644 Zacharias
3312 593 3594 664 propheta

1946 678 2003 728 et
2032 673 2238 730 titulus
2265 679 2442 730 Amos
2474 675 2762 730 meminit.
2806 676 2940 731 Fuit
2960 692 3096 749 ergo
3118 676 3385 748 leprosus
3409 696 3596 751 usque

1947 763 2019 817 ad
2052 762 2203 818 diem
2235 763 2443 819 mortis
2473 781 2613 830 sum,
2645 768 2700 819 et
2728 764 3008 819 habitavit
3032 766 3090 820 in
3121 766 3296 821 domo
3326 771 3595 838 separata

1952 867 2241 919 seorsum,
2280 851 2398 907 tilio
2429 869 2534 908 suo
2575 868 2818 923 regnum
2853 853 3170 908 obtinente.
3222 854 3345 917 Quo
3389 854 3589 926 utique

1949 939 2176 1010 leproso
2208 940 2451 1008 vivente,
2486 945 2542 995 et
2572 945 2853 1012 quantum
2888 941 2945 995 in
2980 957 3039 995 re
3069 945 3157 997 est
3198 942 3590 998 sacerdotium

1951 1028 2297 1100 dissipaute,
2333 1029 2513 1085 Isaias
2544 1029 2823 1101 visionem
2877 1030 2971 1084 Dei
3012 1030 3206 1085 videre
3236 1046 3349 1085 non
3383 1031 3590 1102 potuit.

1952 1118 2221 1183 Quandiu
2271 1116 2366 1172 ille
2417 1134 2660 1189 regnum
2701 1118 2888 1173 tenuit
2939 1118 2998 1172 in
3046 1119 3268 1186 Judzea,
3312 1119 3597 1191 propheta

1954 1204 2156 1260 oculos
2187 1223 2300 1261 non
2332 1205 2541 1261 levavit
2570 1207 2638 1261 ad
2673 1205 2903 1274 coelum,
2934 1224 3048 1263 non
3089 1207 3138 1262 ei
3171 1213 3310 1263 sunt
3338 1212 3592 1264 reserata

1956 1293 2232 1360 cmtestia,
2267 1311 2380 1350 non
2418 1295 2689 1366 apparuit
2716 1295 2767 1350 ei
2803 1295 3085 1351 Dominus
3116 1295 3511 1364 Sabaoth,nec
3537 1297 3594 1352 in

1952 1378 2278 1437 ministerio
2310 1383 2443 1438 ﬁdei
2475 1388 2563 1439 ter
2603 1388 2869 1439 sanctum
2907 1401 3118 1440 nomen
3168 1386 3434 1440 auditum
3484 1390 3591 1441 est.

1949 1473 2188 1538 Quando
2233 1489 2366 1528 vero
2397 1471 2495 1527 ille
2530 1477 2800 1529 mortuus
2822 1478 2928 1542 est,
2954 1474 3229 1531 universa
3248 1476 3368 1532 haec
3395 1479 3594 1548 aperto

1949 1577 2077 1616 sese
2104 1560 2323 1617 lumine
2345 1562 2746 1633 prodiderunt.
2774 1586 2800 1611 »
2828 1568 2892 1618 Et
2921 1569 3053 1636 post
3075 1582 3261 1636 pauca
3289 1582 3304 1621 :
3340 1589 3367 1615 «
3400 1566 3591 1622 Donec

1948 1650 2114 1706 Ozias
2161 1650 2321 1715 vivit,
2370 1668 2486 1706 non
2517 1651 2816 1724 intelligis,
2851 1654 3019 1721 Isaia,
3054 1660 3107 1710 te
3140 1656 3423 1711 miserum
3472 1674 3587 1713 non

1947 1739 2379 1811 compungeris,
2415 1758 2528 1795 non
2579 1742 2865 1809 moveris;
2909 1744 3009 1797 sed
3041 1745 3275 1815 quando
3306 1744 3400 1801 ille
3430 1762 3586 1802 mor-

193 1830 522 1902 ptivitatem
552 1829 957 1895 incurrerunt;
991 1828 1077 1883 illi
1098 1833 1292 1884 autem
1315 1828 1413 1899 qui
1436 1827 1715 1883 divinitus
1746 1826 1835 1881 in-
1869 1863 1916 1928 B
1946 1831 2085 1883 tuus
2132 1832 2241 1893 est,
2286 1831 2427 1883 tunc
2477 1829 2890 1886 animadvertis
2937 1832 3243 1888 immunda
3289 1837 3345 1889 te
3376 1833 3587 1891 habere

195 1919 470 1975 stitutum
489 1918 876 1975 sacerdotium
894 1917 1317 1985 sibiretinueru
1328 1921 1411 1982 nt,
1433 1916 1567 1972 licet
1583 1916 1839 1972 cadendo

196 2013 256 2064 et
272 2007 647 2079 resurgendo,
666 2022 777 2061 non
798 2006 909 2061 nisi
925 2006 1454 2077 septuagenariam,
1474 2010 1531 2061 et
1551 2006 1702 2060 hanc
1723 2004 1842 2060 lon-

195 2112 269 2169 go
294 2100 425 2169 post
446 2094 579 2151 illos
599 2098 861 2164 tempore
886 2112 899 2160 ;
933 2110 1001 2149 ex
1030 2110 1145 2165 qua
1165 2098 1446 2165 tanquam
1470 2093 1754 2149 meliorati
1786 2098 1843 2148 et

197 2184 477 2251 renovati,
527 2199 662 2238 cum
703 2182 828 2255 lege
858 2186 914 2237 et
942 2181 1206 2254 psalmis,
1256 2199 1390 2245 cum
1440 2182 1840 2238 sacerdotibus

194 2274 321 2330 suis
364 2277 420 2329 et
464 2271 783 2345 prophetis,
815 2286 950 2327 cum
988 2271 1136 2343 ipsis
1165 2288 1398 2343 quoque
1429 2273 1611 2329 sacris
1659 2276 1839 2339 vasis,

198 2361 590 2435 plurimisque
623 2360 988 2417 ethnicorum
1021 2360 1353 2432 principum
1402 2362 1659 2417 donariis
1703 2367 1842 2419 sunt

195 2450 434 2521 reversi,
466 2448 754 2522 templum
786 2454 842 2505 et
862 2454 1129 2505 sanctam
1156 2448 1445 2505 civitatem
1471 2452 1835 2506 restructuri.

193 2541 264 2595 Et
294 2539 535 2612 quidem
568 2538 707 2605 illis,
733 2542 1014 2610 tanquam
1048 2538 1213 2593 uxori
1244 2538 1617 2609 pertinaciter
1655 2556 1839 2595 mere-

193 2628 454 2695 tricanti,
483 2628 645 2683 dedit
679 2626 965 2683 Dominus
990 2625 1169 2683 semel
1200 2626 1463 2683 libellum
1496 2628 1741 2700 repudii,
1776 2632 1841 2684 ut

189 2718 317 2789 jam
341 2715 615 2773 libidines
646 2732 785 2771 suas
806 2714 1031 2787 expleat
1051 2714 1176 2770 sine
1205 2714 1400 2786 aliquo
1421 2718 1684 2785 respectu
1716 2731 1839 2771 ma-

199 2804 388 2861 ritalis
419 2803 521 2861 zeli
549 2822 562 2872 ;
603 2803 735 2860 istis
768 2807 986 2874 autem,
1028 2807 1307 2874 tanquam
1342 2801 1477 2857 tiliis
1524 2802 1755 2859 lascivis
1785 2808 1841 2859 et

194 2892 519 2962 dissolutis,
554 2896 618 2948 ut
648 2892 1075 2963 resipiscerent,
1121 2895 1362 2963 paterna
1411 2890 1638 2963 ﬂagella
1673 2892 1839 2947 adhi-

196 2982 344 3051 buit,
384 2982 555 3052 juxta
605 2981 759 3054 quod
814 2997 914 3053 per
959 2979 1295 3036 Zachariam
1337 2980 1514 3036 dicit:
1549 3004 1576 3029 ‹‹
1610 2980 1840 3037 Zelatus

195 3087 329 3128 sum
347 3070 484 3127 Sion
506 3068 627 3126 zelo
644 3085 876 3142 magno,
893 3072 949 3123 et
968 3068 1370 3137 indignatione
1382 3084 1595 3141 magna
1615 3068 1839 3125 zelatus

193 3177 328 3216 sum
350 3176 498 3215 eam.
529 3158 659 3213 Hmc
688 3157 829 3212 dicit
849 3156 1527 3213 Dominusexercituum.
1555 3157 1838 3214 Reversus

1947 1915 2122 1983 labia,
2153 1920 2293 1971 tunc
2323 1916 2699 1988 indignumte
2729 1933 2856 1973 esse
2878 1920 3192 1991 cognoscis
3209 1921 3433 1977 visione
3464 1922 3585 1978 Dei.

1951 2005 2131 2061 Isaias
2145 2007 2345 2076 justus
2367 2009 2431 2060 ut
2451 2010 2678 2061 tantum
2702 2006 2764 2061 in
2786 2023 3050 2063 sermone
3069 2015 3434 2080 peccaverat‘;
3462 2011 3589 2066 ideo

1950 2094 2074 2150 sola
2104 2094 2257 2149 labia
2285 2094 2537 2150 habebat
2567 2096 2893 2162 immunda,
2938 2101 3248 2166 quantum,
3298 2113 3403 2169 ego
3437 2098 3596 2155 arbi-

1949 2188 2090 2252 tror,
2122 2183 2261 2254 quia
2284 2182 2479 2238 Oziam
2512 2184 2570 2238 in
2602 2183 2887 2256 templum
2912 2184 3233 2241 irruentem
3268 2202 3382 2242 non
3413 2186 3593 2243 corri-

1951 2276 2177 2343 puerat,
2210 2289 2310 2326 nec
2335 2273 2506 2341 juxta
2536 2272 2667 2326 Elia:
2698 2273 3028 2345 exemplum
3076 2272 3258 2330 libera
3304 2291 3441 2331 voce
3484 2276 3594 2331 im-

1950 2360 2113 2432 pium
2148 2360 2572 2432 designaverat.
2608 2383 2635 2411 ››

2566 2449 2797 2507 CAPUT
2840 2450 2984 2505 XIV.

2234 2539 2304 2594 De
2340 2541 2773 2610 praesumptione
2820 2539 3005 2594 Saulis
3034 2545 3085 2596 et
3120 2558 3301 2612 pana.

2018 2626 2153 2683 Saul
2186 2644 2339 2699 quoq
2351 2644 2441 2689 ue.
2466 2633 2527 2682 ut
2552 2627 2782 2699 legitur,
2806 2633 2930 2684 erat
2948 2629 3031 2684 vir
3049 2628 3268 2687 electus
3288 2647 3355 2687 ac
3379 2631 3589 2701 bonus,

1950 2720 2007 2771 et
2036 2733 2151 2771 non
2184 2720 2308 2771 erat
2335 2716 2407 2770 dc
2453 2715 2584 2770 filiis
2618 2715 2796 2771 Israel
2830 2716 3033 2773 melior
3062 2720 3112 2791 (I
3144 2720 3267 2789 Reg.
3302 2738 3379 2788 1x,
3409 2724 3486 2791 2),
3534 2726 3593 2779 et

1949 2804 2227 2877 parvulus
2256 2805 2315 2859 in
2347 2804 2534 2860 oculis
2563 2804 2687 2860 suis
2720 2822 2733 2860 :
2768 2822 2961 2862 nonne
2992 2824 3095 2879 pro
3146 2814 3429 2882 usurpato
3477 2810 3592 2867 sibi

1950 2893 2273 2949 sacerdotio
2323 2893 2685 2965 reprobatus,
2737 2910 2979 2966 regnum
3027 2897 3182 2967 quod
3227 2897 3277 2952 ei
3310 2898 3594 2956 Dominus

1949 2982 2334 3054 prazparabat,
2357 2981 2417 3036 in
2441 2981 2861 3054 sempiternum
2888 2984 3159 3056 perdidit,
3185 2989 3361 3059 atque
3389 2992 3597 3045 semet-

1950 3071 2143 3143 ipsum
2193 3070 2521 3126 interfecit?
2558 3071 2722 3136 Quod
2765 3075 2961 3128 tamen
2994 3077 3216 3145 quanta
3247 3077 3592 3134 necessitate

1950 3160 2335 3232 usurpaverit,
2368 3159 2524 3224 istic,
2542 3160 2711 3231 juxta
2742 3160 3080 3229 Historiam,
3114 3180 3221 3219 nos
3252 3166 3592 3222 meminisse

193 3266 325 3304 sum
376 3249 448 3304 ad
478 3248 617 3304 Sion
649 3251 705 3302 et
733 3246 1010 3302 habitabo
1060 3245 1116 3300 in
1152 3246 1343 3302 medio
1382 3246 1730 3313 Jerusalem,
1781 3251 1839 3303 et
1869 3226 1913 3292 (ἶ
1952 3266 2066 3304 non
2100 3226 2286 3322 piguit
2319 3226 2384 3302 έ‹‹
2410 3226 2727 3315 Philistini,
2762 3250 2975 3321 inquit,
3000 3226 3337 3325 congregati
3360 3259 3499 3310 sunt
3519 3256 3592 3311 ad

190 3336 495 3393 vocabitur
521 3334 848 3391 Jerusalem
870 3334 1083 3390 Civitas
1103 3334 1383 3402 veritatis,
1412 3335 1576 3391 Mons
1612 3336 1837 3392 Domini

193 3426 575 3492 exercituum,
608 3425 774 3480 Mons
804 3423 1203 3479 sanctiﬁcatus
1234 3424 1417 3495 (Zach.
1456 3442 1579 3490 vm,
1608 3429 1663 3493 2,
1695 3426 1771 3497 3).
1810 3447 1838 3474 ι)

195 3516 359 3581 Quod
390 3530 524 3571 cum
557 3530 626 3568 ex
656 3512 857 3568 multis
887 3511 1041 3577 aliis,
1074 3517 1215 3567 tunc
1246 3528 1313 3567 ex
1344 3512 1452 3568 hoc
1485 3531 1600 3569 uno
1632 3518 1839 3585 paten-

198 3609 290 3660 ter
319 3602 512 3674 colligi
543 3605 752 3672 potest,
777 3600 918 3671 quia
937 3600 1206 3671 quamvis
1236 3600 1545 3656 Jeroboam
1578 3603 1841 3658 sacerdo-

196 3693 348 3750 tium
387 3690 587 3745 decem
620 3687 905 3755 trihuum,
941 3688 1155 3758 quibus
1184 3693 1480 3759 praeesset,
1527 3690 1636 3745 sibi
1688 3707 1840 3762 pne-

196 3769 538 3853 snmpserit,
570 3791 749 3849 super
777 3774 961 3831 altare
994 3774 1192 3831 Bethel
1226 3776 1436 3832 stando
1465 3783 1523 3832 et
1550 3777 1727 3834 thura
1746 3780 1838 3850 ja-

199 3869 404 3927 ciendo
430 3867 527 3939 (III
552 3869 678 3937 Reg.
711 3881 836 3933 x111,
870 3864 949 3934 1),
986 3862 1149 3919 nulla
1186 3867 1379 3920 tamen
1423 3864 1639 3921 visibili
1670 3865 1842 3940 plaga

195 3973 515 4033 percussus
544 3953 745 4012 evasit.

267 4048 440 4104 Porro
489 4044 677 4112 Ozias,
704 4060 803 4100 rex
832 4042 1007 4113 Juda,
1038 4059 1174 4099 cum
1216 4041 1297 4111 id,
1349 4059 1684 4114 quanquam
1718 4044 1839 4101 zelo

195 4136 294 4194 Dei
318 4133 629 4192 indiscrete
646 4130 1392 4203 fervens,attentaret,lepra
1404 4148 1716 4204 percussus
1730 4137 1837 4202 est,

192 4225 370 4282 etiam
400 4223 745 4297 priusquam
778 4222 848 4278 ad
885 4220 1064 4278 altare
1093 4218 1315 4276 incensi
1348 4237 1482 4276 cum
1514 4221 1838 4289 thuribulo,

195 4313 348 4387 quod
382 4312 574 4369 solum
593 4313 714 4383 jam
737 4311 1083 4384 arripuerat,
1108 4309 1409 4365 accederet
1430 4309 1503 4379 (11
1522 4311 1650 4365 Par.
1684 4328 1836 4380 xxvr,

197 4403 308 4473 19),
341 4424 370 4452 ‹‹
403 4401 532 4471 Qui,
558 4405 624 4456 ut
645 4401 851 4456 beatus
877 4399 1287 4471 Hieronymus,
1306 4400 1473 4469 juxta
1502 4398 1839 4468 Historiam,

1947 3338 2329 3410 prmliandum
2346 3342 2548 3392 contra
2568 3337 2742 3393 Israel
2767 3338 3007 3410 triginta
3026 3340 3213 3395 millia
3233 3358 3512 3399 curruum
3536 3348 3595 3399 et

1948 3444 2047 3482 sex
2078 3425 2265 3481 millia
2294 3426 2580 3497 equitum,
2612 3430 2668 3480 et
2697 3426 2987 3497 reliquum
3019 3427 3228 3499 vulgus
3246 3430 3399 3485 sicut
3417 3447 3594 3487 arena

1950 3532 2076 3587 qua:
2124 3520 2212 3569 est
2244 3514 2301 3569 in
2333 3514 2524 3569 littore
2557 3514 2739 3568 maris
2788 3514 3058 3585 plurima.
3095 3517 3164 3571 Et
3206 3520 3591 3574 ascendentes

1949 3601 2341 3659 castrametati
2372 3607 2511 3656 sunt
2541 3602 2599 3655 in
2631 3602 2929 3657 Machmas
2960 3603 3030 3657 ad
3077 3603 3357 3660 orientem
3390 3606 3595 3663 Betha-

1947 3708 2075 3747 ven.
2101 3691 2262 3755 Quod
2285 3706 2418 3744 cum
2441 3689 2722 3745 vidissent
2743 3689 2849 3744 viri
2870 3691 3042 3746 Israel
3063 3708 3124 3747 se
3142 3692 3201 3746 in
3236 3697 3394 3749 arcto
3425 3693 3593 3764 sitos,

1949 3778 2223 3851 (afﬂictus
2244 3782 2334 3833 est
2354 3777 2510 3832 enim
2528 3776 2822 3848 populus),
2851 3778 3362 3840 absconderantse
3383 3783 3442 3839 in
3464 3800 3595 3858 spe-

1947 3867 2137 3924 luncis
2166 3871 2223 3923 et
2252 3866 2310 3921 in
2344 3865 2593 3932 abditis,
2614 3865 2673 3920 in
2704 3868 2884 3937 petris
2915 3884 3148 3940 quoque
3178 3891 3205 3919 »
3233 3871 3282 3942 (ι
3307 3876 3434 3945 Reg.
3465 3890 3592 3944 xm,

1946 3958 2003 4029 5)
2033 3960 2168 4026 etc.,
2198 3970 2364 4027 usque
2398 3976 2419 4004 ι
2456 3958 2513 4009 et
2540 3971 2654 4009 non
2686 3954 2830 4009 vidit
2858 3956 3095 4013 Samuel
3139 3958 3293 4015 ultra
3322 3960 3459 4017 Saul
3494 3979 3594 4019 us-

1948 4062 2062 4119 que
2092 4045 2162 4101 ad
2194 4044 2348 4099 diem
2394 4042 2598 4099 mortis
2646 4060 2764 4099 sua:
2799 4044 2847 4116 (I
2874 4045 2999 4114 Reg.
3031 4063 3125 4114 xv,
3157 4048 3269 4119 35).
3305 4071 3333 4099 »
3365 4049 3429 4106 In
3478 4066 3597 4123 qua

1948 4139 2066 4191 tam
2088 4132 2352 4189 districta
2373 4131 2701 4188 Divinitatis
2726 4132 2785 4188 in
2808 4137 3122 4208 utrumque
3146 4153 3338 4210 regem
3357 4144 3590 4197 senten-

1947 4224 2031 4279 tia
2060 4222 2525 4289 animadvertant
2544 4220 2856 4277 Christiani
2883 4222 3178 4297 principes
3207 4243 3313 4283 nec
3334 4228 3591 4287 devotio-

1948 4329 2104 4380 nem,
2138 4327 2242 4367 nec
2260 4310 2666 4366 necessitatem
2687 4311 2866 4368 fuisse
2885 4321 3243 4385 excusatam,
3270 4318 3412 4391 quin
3434 4325 3590 4378 uter-

1950 4418 2062 4474 que
2088 4399 2370 4455 divinitus
2386 4400 2458 4454 ob
2481 4400 2870 4457 sacerdotium
2893 4403 3005 4458 sibi
3027 4414 3450 4482 praesumptum
3482 4430 3591 4486 pu-
3644 4455 3649 4458 -

206 4491 436 4556 asserit,
467 4488 577 4545 fuit
604 4488 691 4543 vir
712 4489 933 4560 justus,
969 4492 1024 4543 et
1046 4486 1179 4543 lecit
1199 4491 1418 4542 rectum
1444 4487 1501 4542 in
1526 4494 1839 4559 conspectu
1951 4490 2267 4545 niretur.Et
2284 4488 2450 4544 Ozias
2463 4488 2699 4559 quidem
2715 4492 2973 4563 corporis
2986 4494 3338 4556 suisalutem
3352 4506 3594 4561 etmun-

210 4577 464 4646 Domini,
515 4576 814 4632 aadificans
855 4575 1166 4648 templum,
1213 4576 1622 4647 aquaeductum
1672 4577 1847 4633 fabri-
1878 4588 1925 4652 Ι)
1956 4577 2162 4633 ditiam
2190 4582 2366 4649 atque
2395 4593 2642 4648 regnum
2674 4578 2917 4647 amittit;
2944 4582 3080 4638 Saul
3102 4591 3479 4661 verospiritui
3500 4611 3599 4651 ne-

210 4684 373 4735 cans,
406 4664 654 4721 offerens
681 4680 839 4730 vasa,
872 4667 929 4719 et
958 4680 1060 4736 pro
1089 4664 1197 4719 hoc
1229 4665 1437 4719 merito
1485 4665 1846 4723 adversarios
1956 4683 2133 4739 quam
2164 4665 2437 4733 traditur,
2472 4665 2754 4736 Spiritum
2785 4674 3051 4726 sanctum
3092 4676 3361 4745 perdidit,
3410 4685 3467 4735 et
3509 4698 3598 4738 re.

209 4770 520 4829 superans,
570 4750 721 4824 quod
760 4752 1081 4807 maximum
1116 4752 1347 4824 pietatis
1388 4753 1670 4809 indicium
1722 4760 1848 4823 est;
1962 4771 2142 4827 gnum
2176 4757 2538 4823 mortemque
2563 4753 3134 4830 animaaetcorporis,
3160 4768 3600 4841 etasemetipso

212 4848 437 4906 habens
455 4841 671 4899 multos
695 4841 752 4896 in
768 4857 873 4897 suo
894 4839 1137 4912 imperio
1161 4842 1495 4914 prophetas.
1524 4841 1645 4907 Hic,
1668 4862 1853 4916 quan-
1962 4842 2319 4909 interfectus,
2338 4841 2633 4911 totiusque
2654 4844 2865 4899 domus
2887 4862 3004 4901 sua:
3030 4848 3250 4905 invenit
3270 4839 3594 4915 interitum.

214 4938 314 4994 diu
344 4934 486 4991 vixit
530 4930 837 4989 Zacharias
876 4929 1166 4997 sacerdos,
1207 4936 1592 5002 cognomento
1638 4932 1855 4988 Intelli-
1965 4932 2195 4987 Etrertc
2215 4932 3605 5001 neuterprmsumpsitsibiautrationaleautsto-

216 5041 384 5099 gens,
416 5022 635 5097 placuit
665 5021 799 5085 Deo,
831 5023 889 5074 et
926 5034 1059 5072 cum
1106 5019 1265 5073 omni
1299 5020 1663 5076 veneratione
1693 5020 1855 5077 delu-
1965 5020 2083 5075 lam
2098 5016 2482 5085 sanctam,vel
2504 5017 2779 5075 laminam
2794 5038 3161 5091 auream,seu
3181 5030 3505 5099 quamlibet
3520 5051 3612 5091 sa-

218 5117 392 5172 hrum
423 5114 551 5184 ejus
580 5111 881 5183 ingressus
912 5111 1021 5163 est.
1055 5106 1370 5178 Postquam
1392 5125 1525 5164 vero
1554 5109 1859 5165 Zacharias
1969 5106 2349 5164 cerdotalium
2381 5107 2650 5175 vestium,
2684 5109 2795 5164 nisi
2829 5112 2981 5182 quod
3019 5114 3176 5185 prior
3203 5118 3416 5175 obtulit
3446 5121 3609 5179 holo-

220 5202 385 5267 obiit,
417 5201 613 5258 volens
636 5216 737 5272 per
753 5186 1136 5268 semetipsum
1163 5195 1368 5250 oll‘erre
1390 5196 1651 5263 donaria,
1677 5215 1862 5255 sacer—
1972 5202 2265 5266 caustum,
2299 5194 2445 5249 alter
2473 5210 2608 5249 vero
2627 5197 2873 5269 arripuit
2902 5200 3272 5260 thuribulum
3295 5209 3364 5263 ad
3389 5210 3614 5267 thurill-

220 5290 472 5349 dotalem
507 5289 792 5357 ordinem,
825 5302 939 5341 non
973 5290 1091 5339 tam
1118 5283 1211 5355 pie
1241 5300 1419 5355 quam
1442 5287 1738 5353 audacter,
1773 5288 1860 5342 in-
1973 5286 2247 5341 candum.
2282 5284 2613 5339 Notandum
2639 5301 2870 5358 quoque
2895 5294 3113 5359 quanto
3144 5296 3536 5356 excusabilius
3557 5305 3617 5357 et

221 5378 392 5448 vasit,
425 5382 481 5434 et
515 5375 968 5433 reclamantibus
1013 5373 1227 5429 Levitis
1258 5379 1315 5428 et.
1344 5375 1565 5430 cmteris
1596 5377 1863 5432 sacerdo-
1973 5372 2334 5430 tolerabilius
2358 5373 2509 5444 quod
2535 5374 2850 5430 necessitas
2872 5377 3027 5448 cogit
3048 5395 3224 5451 quam
3248 5385 3402 5454 quod
3420 5386 3619 5445 volun-

222 5470 382 5525 tibus
412 5485 424 5525 :
459 5468 661 5524 Nonne
706 5470 766 5521 tu
800 5482 884 5533 es,
915 5462 1102 5530 Ozias,
1138 5480 1254 5535 rex,
1288 5467 1346 5518 et
1392 5481 1503 5519 non
1546 5465 1865 5521 sacerdos?
1978 5469 2067 5519 tas
2099 5462 2417 5534 prmsumit.
2447 5462 2588 5517 Nam
2612 5464 2877 5534 quamvis
2903 5465 3064 5535 Saul,
3092 5471 3438 5529 necessitate
3460 5491 3620 5533 com-

225 5557 428 5617 ειιιάίιιο
458 5555 665 5624 noluit,
700 5555 1015 5626 statimque
1045 5551 1206 5626 lepra
1237 5569 1552 5627 percussus
1580 5554 1639 5611 in
1677 5556 1867 5612 fronte
1976 5551 3093 5627 pellente,holocaustumobtulerit,non
3108 5561 3623 5625 tamenDominum

225 5652 333 5727 est.
367 5646 548 5716 Quam
590 5645 849 5721 corporis
896 5647 1119 5719 partem
1170 5643 1442 5703 sacerdos
1480 5644 1608 5703 auri
1647 5642 1870 5705 lamina
1977 5644 2078 5703 aut
2105 5640 2449 5723 prophetam
2472 5640 2561 5707 six
2577 5644 2939 5717 exacerbavit
2962 5647 3287 5710 utomnino
3311 5651 3626 5724 derelictus

549 5774 810 5842 Parant.
857 5770 1115 5842 CXLIII.
1480 5827 1492 5841 .
3229 5776 3309 5867 θ’(
