  <div class='ocr_page' id='page_1' title='image "/cluster/home/n/w/nwhite01/storage/ocr_20150623/143/uva.x000829790/605.png"; bbox 0 0 4004 6210; ppageno 0'>
   <div class='ocr_carea' id='block_1_1' title="bbox 316 441 475 503">
    <p class='ocr_par' dir='ltr' id='par_1_1' title="bbox 316 441 475 503">
     <span class='ocr_line' id='line_1_1' title="bbox 316 441 475 503; baseline 0 -1"><span class='ocrx_word' id='word_1_1' title='bbox 316 441 475 503; x_wconf 82' lang='lat' dir='ltr'>H63</span> 
     </span>
    </p>
   </div>
   <div class='ocr_carea' id='block_1_2' title="bbox 1360 436 2659 499">
    <p class='ocr_par' dir='ltr' id='par_1_2' title="bbox 1360 436 2659 499">
     <span class='ocr_line' id='line_1_2' title="bbox 1360 436 2659 499; baseline 0.002 -2"><span class='ocrx_word' id='word_1_2' title='bbox 1360 437 1764 498; x_wconf 67' lang='lat' dir='ltr'>llUMBlEll&#39;l‘l</span> <span class='ocrx_word' id='word_1_3' title='bbox 1815 439 1878 497; x_wconf 83' lang='lat' dir='ltr'>S.</span> <span class='ocrx_word' id='word_1_4' title='bbox 1931 439 1998 497; x_wconf 86' lang='lat' dir='ltr'>ll.</span> <span class='ocrx_word' id='word_1_5' title='bbox 2049 436 2116 497; x_wconf 83' lang='lat' dir='ltr'>E.</span> <span class='ocrx_word' id='word_1_6' title='bbox 2167 436 2659 499; x_wconf 73' lang='lat' dir='ltr'>CARDINALIS.</span> 
     </span>
    </p>
   </div>
   <div class='ocr_carea' id='block_1_3' title="bbox 3579 434 3742 497">
    <p class='ocr_par' dir='ltr' id='par_1_3' title="bbox 3579 434 3742 497">
     <span class='ocr_line' id='line_1_3' title="bbox 3579 434 3742 497; baseline -0.018 0"><span class='ocrx_word' id='word_1_7' title='bbox 3579 434 3742 497; x_wconf 71' lang='lat'>“64</span> 
     </span>
    </p>
   </div>
   <div class='ocr_carea' id='block_1_4' title="bbox 310 566 3737 641">
    <p class='ocr_par' dir='ltr' id='par_1_4' title="bbox 310 566 3737 641">
     <span class='ocr_line' id='line_1_4' title="bbox 310 566 3737 641; baseline -0.002 -12"><span class='ocrx_word' id='word_1_8' title='bbox 310 578 467 631; x_wconf 83' lang='lat' dir='ltr'>esset</span> <span class='ocrx_word' id='word_1_9' title='bbox 492 574 564 628; x_wconf 90' lang='lat' dir='ltr'>ab</span> <span class='ocrx_word' id='word_1_10' title='bbox 595 570 699 637; x_wconf 90' lang='lat' dir='ltr'>eis,</span> <span class='ocrx_word' id='word_1_11' title='bbox 730 568 865 641; x_wconf 89' lang='lat' dir='ltr'>quia</span> <span class='ocrx_word' id='word_1_12' title='bbox 896 573 1095 640; x_wconf 88' lang='lat' dir='ltr'>postea</span> <span class='ocrx_word' id='word_1_13' title='bbox 1132 568 1191 623; x_wconf 92' lang='lat' dir='ltr'>in</span> <span class='ocrx_word' id='word_1_14' title='bbox 1225 567 1427 623; x_wconf 90' lang='lat' dir='ltr'>multis</span> <span class='ocrx_word' id='word_1_15' title='bbox 1465 585 1599 623; x_wconf 89' lang='lat' dir='ltr'>eum</span> <span class='ocrx_word' id='word_1_16' title='bbox 1643 568 1959 639; x_wconf 81' lang='lat' dir='ltr'>triumphis</span> <span class='ocrx_word' id='word_1_17' title='bbox 1985 567 2042 635; x_wconf 80' lang='grc' dir='ltr'>Α</span> <span class='ocrx_word' id='word_1_18' title='bbox 2071 572 2135 622; x_wconf 91' lang='lat' dir='ltr'>ut</span> <span class='ocrx_word' id='word_1_19' title='bbox 2163 567 2438 625; x_wconf 84' lang='lat' dir='ltr'>ecclesias</span> <span class='ocrx_word' id='word_1_20' title='bbox 2463 570 2790 638; x_wconf 72' lang='lat' dir='ltr'>instituant,</span> <span class='ocrx_word' id='word_1_21' title='bbox 2814 577 2870 626; x_wconf 90' lang='lat' dir='ltr'>et</span> <span class='ocrx_word' id='word_1_22' title='bbox 2892 570 2973 625; x_wconf 88' lang='lat' dir='ltr'>vel</span> <span class='ocrx_word' id='word_1_23' title='bbox 3008 588 3127 639; x_wconf 91' lang='lat' dir='ltr'>eas,</span> <span class='ocrx_word' id='word_1_24' title='bbox 3158 566 3242 625; x_wconf 79' lang='lat' dir='ltr'>vel</span> <span class='ocrx_word' id='word_1_25' title='bbox 3274 568 3497 641; x_wconf 89' lang='lat' dir='ltr'>aliquid</span> <span class='ocrx_word' id='word_1_26' title='bbox 3520 583 3737 623; x_wconf 87' lang='lat' dir='ltr'>earum</span> 
     </span>
    </p>
   </div>
   <div class='ocr_carea' id='block_1_5' title="bbox 315 655 1960 729">
    <p class='ocr_par' dir='ltr' id='par_1_5' title="bbox 315 655 1960 729">
     <span class='ocr_line' id='line_1_5' title="bbox 315 655 1960 729; baseline -0.005 -11"><span class='ocrx_word' id='word_1_27' title='bbox 315 662 595 719; x_wconf 83' lang='lat' dir='ltr'>Dominus</span> <span class='ocrx_word' id='word_1_28' title='bbox 620 657 972 725; x_wconf 83' lang='lat' dir='ltr'>clarificavit,</span> <span class='ocrx_word' id='word_1_29' title='bbox 996 656 1352 729; x_wconf 89' lang='lat' dir='ltr'>etpropheta</span> <span class='ocrx_word' id='word_1_30' title='bbox 1375 655 1671 711; x_wconf 89' lang='lat' dir='ltr'>multoties</span> <span class='ocrx_word' id='word_1_31' title='bbox 1695 656 1859 711; x_wconf 90' lang='lat' dir='ltr'>illum</span> <span class='ocrx_word' id='word_1_32' title='bbox 1882 656 1960 711; x_wconf 82' lang='lat' dir='ltr'>vi-</span> 
     </span>
    </p>
   </div>
   <div class='ocr_carea' id='block_1_6' title="bbox 309 744 1963 816">
    <p class='ocr_par' dir='ltr' id='par_1_6' title="bbox 309 744 1963 816">
     <span class='ocr_line' id='line_1_6' title="bbox 309 744 1963 816; baseline -0.004 -9"><span class='ocrx_word' id='word_1_33' title='bbox 309 748 527 816; x_wconf 90' lang='lat' dir='ltr'>sitavit,</span> <span class='ocrx_word' id='word_1_34' title='bbox 561 746 857 813; x_wconf 80' lang='lat' dir='ltr'>salutavit,</span> <span class='ocrx_word' id='word_1_35' title='bbox 889 750 945 802; x_wconf 86' lang='lat' dir='ltr'>et</span> <span class='ocrx_word' id='word_1_36' title='bbox 977 745 1034 800; x_wconf 90' lang='lat' dir='ltr'>in</span> <span class='ocrx_word' id='word_1_37' title='bbox 1069 761 1336 801; x_wconf 80' lang='lat' dir='ltr'>sermone</span> <span class='ocrx_word' id='word_1_38' title='bbox 1377 744 1601 800; x_wconf 85' lang='lat' dir='ltr'>Domini</span> <span class='ocrx_word' id='word_1_39' title='bbox 1634 746 1703 799; x_wconf 89' lang='lat' dir='ltr'>ad</span> <span class='ocrx_word' id='word_1_40' title='bbox 1728 745 1963 801; x_wconf 83' lang='lat' dir='ltr'>Amalec</span> 
     </span>
    </p>
   </div>
   <div class='ocr_carea' id='block_1_7' title="bbox 312 833 1964 907">
    <p class='ocr_par' dir='ltr' id='par_1_7' title="bbox 312 833 1964 907">
     <span class='ocr_line' id='line_1_7' title="bbox 312 833 1964 907; baseline -0.004 -13"><span class='ocrx_word' id='word_1_41' title='bbox 312 836 569 895; x_wconf 87' lang='lat' dir='ltr'>deletum</span> <span class='ocrx_word' id='word_1_42' title='bbox 599 836 682 891; x_wconf 90' lang='lat' dir='ltr'>ire</span> <span class='ocrx_word' id='word_1_43' title='bbox 712 835 1003 907; x_wconf 65' lang='lat' dir='ltr'>praecepit.</span> <span class='ocrx_word' id='word_1_44' title='bbox 1035 834 1143 889; x_wconf 87' lang='lat' dir='ltr'>Ubi</span> <span class='ocrx_word' id='word_1_45' title='bbox 1176 839 1371 890; x_wconf 86' lang='lat' dir='ltr'>autem</span> <span class='ocrx_word' id='word_1_46' title='bbox 1401 833 1699 890; x_wconf 75' lang='lat' dir='ltr'>voluntate</span> <span class='ocrx_word' id='word_1_47' title='bbox 1730 833 1787 889; x_wconf 91' lang='lat' dir='ltr'><strong>id</strong></span> <span class='ocrx_word' id='word_1_48' title='bbox 1824 851 1964 904; x_wconf 73' lang='lat' dir='ltr'>prm-</span> 
     </span>
    </p>
   </div>
   <div class='ocr_carea' id='block_1_8' title="bbox 312 917 1963 1001">
    <p class='ocr_par' dir='ltr' id='par_1_8' title="bbox 312 917 1963 1001">
     <span class='ocr_line' id='line_1_8' title="bbox 312 917 1963 1001; baseline -0.004 -17"><span class='ocrx_word' id='word_1_49' title='bbox 312 917 586 1001; x_wconf 58' lang='lat' dir='ltr'>sun&#39;i’psit,</span> <span class='ocrx_word' id='word_1_50' title='bbox 610 926 812 982; x_wconf 80' lang='lat' dir='ltr'>statim</span> <span class='ocrx_word' id='word_1_51' title='bbox 836 926 906 980; x_wconf 91' lang='lat' dir='ltr'>ab</span> <span class='ocrx_word' id='word_1_52' title='bbox 939 941 1005 980; x_wconf 92' lang='lat' dir='ltr'>eo</span> <span class='ocrx_word' id='word_1_53' title='bbox 1027 923 1270 996; x_wconf 84' lang='lat' dir='ltr'>spiritus</span> <span class='ocrx_word' id='word_1_54' title='bbox 1302 923 1532 981; x_wconf 87' lang='lat' dir='ltr'>Domini</span> <span class='ocrx_word' id='word_1_55' title='bbox 1559 924 1746 978; x_wconf 91' lang='lat' dir='ltr'>bonus</span> <span class='ocrx_word' id='word_1_56' title='bbox 1778 940 1963 978; x_wconf 84' lang='lat' dir='ltr'>reces-</span> 
     </span>
    </p>
   </div>
   <div class='ocr_carea' id='block_1_9' title="bbox 314 1011 1963 1087">
    <p class='ocr_par' dir='ltr' id='par_1_9' title="bbox 314 1011 1963 1087">
     <span class='ocr_line' id='line_1_9' title="bbox 314 1011 1963 1087; baseline -0.005 -13"><span class='ocrx_word' id='word_1_57' title='bbox 314 1018 414 1086; x_wconf 88' lang='lat' dir='ltr'>sit,</span> <span class='ocrx_word' id='word_1_58' title='bbox 445 1015 805 1087; x_wconf 82' lang='lat' dir='ltr'>spiritusque</span> <span class='ocrx_word' id='word_1_59' title='bbox 828 1014 1053 1070; x_wconf 86' lang='lat' dir='ltr'>Domini</span> <span class='ocrx_word' id='word_1_60' title='bbox 1078 1011 1270 1068; x_wconf 91' lang='lat' dir='ltr'>malus</span> <span class='ocrx_word' id='word_1_61' title='bbox 1293 1029 1427 1067; x_wconf 90' lang='lat' dir='ltr'>eum</span> <span class='ocrx_word' id='word_1_62' title='bbox 1449 1012 1739 1083; x_wconf 82' lang='lat' dir='ltr'>exagitare</span> <span class='ocrx_word' id='word_1_63' title='bbox 1771 1012 1963 1083; x_wconf 79' lang='lat' dir='ltr'>ccepit,</span> 
     </span>
    </p>
   </div>
   <div class='ocr_carea' id='block_1_10' title="bbox 316 1099 1969 1178">
    <p class='ocr_par' dir='ltr' id='par_1_10' title="bbox 316 1099 1969 1178">
     <span class='ocr_line' id='line_1_10' title="bbox 316 1099 1969 1178; baseline -0.005 -17"><span class='ocrx_word' id='word_1_64' title='bbox 316 1121 420 1161; x_wconf 89' lang='lat' dir='ltr'>nec</span> <span class='ocrx_word' id='word_1_65' title='bbox 452 1108 652 1178; x_wconf 88' lang='lat' dir='ltr'>postea</span> <span class='ocrx_word' id='word_1_66' title='bbox 680 1102 982 1158; x_wconf 82' lang='lat' dir='ltr'>victoriam</span> <span class='ocrx_word' id='word_1_67' title='bbox 1034 1099 1261 1170; x_wconf 84' lang='lat' dir='ltr'>habuit,</span> <span class='ocrx_word' id='word_1_68' title='bbox 1294 1117 1482 1171; x_wconf 77' lang='lat' dir='ltr'>neque</span> <span class='ocrx_word' id='word_1_69' title='bbox 1520 1099 1851 1154; x_wconf 87' lang='lat' dir='ltr'>Samuelem</span> <span class='ocrx_word' id='word_1_70' title='bbox 1886 1099 1969 1153; x_wconf 83' lang='lat' dir='ltr'>vi-</span> 
     </span>
    </p>
   </div>
   <div class='ocr_carea' id='block_1_11' title="bbox 317 1193 423 1250">
    <p class='ocr_par' dir='ltr' id='par_1_11' title="bbox 317 1193 423 1250">
     <span class='ocr_line' id='line_1_11' title="bbox 317 1193 423 1250; baseline 0.009 -1"><span class='ocrx_word' id='word_1_71' title='bbox 317 1193 423 1250; x_wconf 85' lang='lat' dir='ltr'>dit.</span> 
     </span>
    </p>
   </div>
   <div class='ocr_carea' id='block_1_12' title="bbox 959 1278 1338 1335">
    <p class='ocr_par' dir='ltr' id='par_1_12' title="bbox 959 1278 1338 1335">
     <span class='ocr_line' id='line_1_12' title="bbox 959 1278 1338 1335; baseline -0.005 -1"><span class='ocrx_word' id='word_1_72' title='bbox 959 1278 1189 1335; x_wconf 87' lang='lat' dir='ltr'><strong>CAPUT</strong></span> <span class='ocrx_word' id='word_1_73' title='bbox 1226 1278 1338 1334; x_wconf 79' lang='lat' dir='ltr'>XV.</span> 
     </span>
    </p>
   </div>
   <div class='ocr_carea' id='block_1_13' title="bbox 320 1349 1970 1429">
    <p class='ocr_par' dir='ltr' id='par_1_13' title="bbox 320 1349 1970 1429">
     <span class='ocr_line' id='line_1_13' title="bbox 320 1349 1970 1429; baseline -0.007 -14"><span class='ocrx_word' id='word_1_74' title='bbox 320 1360 533 1429; x_wconf 77' lang='lat' dir='ltr'>Quanta</span> <span class='ocrx_word' id='word_1_75' title='bbox 574 1354 795 1423; x_wconf 80' lang='lat' dir='ltr'>ﬂagella</span> <span class='ocrx_word' id='word_1_76' title='bbox 832 1354 1083 1429; x_wconf 70' lang='lat' dir='ltr'>premant</span> <span class='ocrx_word' id='word_1_77' title='bbox 1120 1352 1394 1429; x_wconf 60' lang='lat' dir='ltr'>principes</span> <span class='ocrx_word' id='word_1_78' title='bbox 1441 1365 1575 1429; x_wconf 33' lang='lat' dir='ltr'>eam}.</span> <span class='ocrx_word' id='word_1_79' title='bbox 1608 1349 1828 1420; x_wconf 67' lang='lat' dir='ltr'>populi:</span> <span class='ocrx_word' id='word_1_80' title='bbox 1874 1364 1970 1413; x_wconf 79' lang='lat' dir='ltr'>pro</span> 
     </span>
    </p>
   </div>
   <div class='ocr_carea' id='block_1_14' title="bbox 696 1421 1593 1497">
    <p class='ocr_par' dir='ltr' id='par_1_14' title="bbox 696 1421 1593 1497">
     <span class='ocr_line' id='line_1_14' title="bbox 696 1421 1593 1497; baseline -0.009 -15"><span class='ocrx_word' id='word_1_81' title='bbox 696 1421 1001 1497; x_wconf 73' lang='lat' dir='ltr'>sumptionc</span> <span class='ocrx_word' id='word_1_82' title='bbox 1027 1421 1375 1477; x_wconf 77' lang='lat' dir='ltr'>sacerdotalis</span> <span class='ocrx_word' id='word_1_83' title='bbox 1405 1421 1593 1491; x_wconf 70' lang='lat' dir='ltr'>ofﬁcii.</span> 
     </span>
    </p>
   </div>
   <div class='ocr_carea' id='block_1_15' title="bbox 387 1527 1969 1603">
    <p class='ocr_par' dir='ltr' id='par_1_15' title="bbox 387 1527 1969 1603">
     <span class='ocr_line' id='line_1_15' title="bbox 387 1527 1969 1603; baseline -0.009 -9"><span class='ocrx_word' id='word_1_84' title='bbox 387 1538 548 1603; x_wconf 87' lang='lat' dir='ltr'>Quod</span> <span class='ocrx_word' id='word_1_85' title='bbox 616 1551 827 1593; x_wconf 72' lang='lat' dir='ltr'>.c.cesse</span> <span class='ocrx_word' id='word_1_86' title='bbox 855 1537 945 1589; x_wconf 92' lang='lat' dir='ltr'>est</span> <span class='ocrx_word' id='word_1_87' title='bbox 976 1532 1279 1588; x_wconf 89' lang='lat' dir='ltr'>attendant</span> <span class='ocrx_word' id='word_1_88' title='bbox 1307 1527 1617 1584; x_wconf 86' lang='lat' dir='ltr'>Christiani</span> <span class='ocrx_word' id='word_1_89' title='bbox 1658 1527 1969 1598; x_wconf 79' lang='lat' dir='ltr'>principes,</span> 
     </span>
    </p>
   </div>
   <div class='ocr_carea' id='block_1_16' title="bbox 317 1616 1971 1693">
    <p class='ocr_par' dir='ltr' id='par_1_16' title="bbox 317 1616 1971 1693">
     <span class='ocr_line' id='line_1_16' title="bbox 317 1616 1971 1693; baseline -0.01 -9"><span class='ocrx_word' id='word_1_90' title='bbox 317 1633 375 1684; x_wconf 88' lang='lat' dir='ltr'>et</span> <span class='ocrx_word' id='word_1_91' title='bbox 421 1625 804 1683; x_wconf 65' lang='lat' dir='ltr'>sacerdotalis</span> <span class='ocrx_word' id='word_1_92' title='bbox 858 1621 1033 1679; x_wconf 84' lang='lat' dir='ltr'>officii</span> <span class='ocrx_word' id='word_1_93' title='bbox 1091 1618 1391 1693; x_wconf 83' lang='lat' dir='ltr'>quidpiam</span> <span class='ocrx_word' id='word_1_94' title='bbox 1451 1616 1563 1672; x_wconf 89' lang='lat' dir='ltr'>sibi</span> <span class='ocrx_word' id='word_1_95' title='bbox 1624 1631 1971 1688; x_wconf 67' lang='lat' dir='ltr'>praesumere</span> 
     </span>
    </p>
   </div>
   <div class='ocr_carea' id='block_1_17' title="bbox 320 1703 1972 1780">
    <p class='ocr_par' dir='ltr' id='par_1_17' title="bbox 320 1703 1972 1780">
     <span class='ocr_line' id='line_1_17' title="bbox 320 1703 1972 1780; baseline -0.009 -8"><span class='ocrx_word' id='word_1_96' title='bbox 320 1720 819 1780; x_wconf 82' lang='lat' dir='ltr'>nunccessent,ne</span> <span class='ocrx_word' id='word_1_97' title='bbox 834 1728 945 1768; x_wconf 91' lang='lat' dir='ltr'>non</span> <span class='ocrx_word' id='word_1_98' title='bbox 964 1714 1185 1767; x_wconf 80' lang='lat' dir='ltr'>tantum</span> <span class='ocrx_word' id='word_1_99' title='bbox 1212 1705 1664 1779; x_wconf 87' lang='lat' dir='ltr'>simplicem,sed</span> <span class='ocrx_word' id='word_1_100' title='bbox 1681 1703 1972 1775; x_wconf 78' lang='lat' dir='ltr'>duplicem</span> 
     </span>
    </p>
   </div>
   <div class='ocr_carea' id='block_1_18' title="bbox 320 1795 1976 1879">
    <p class='ocr_par' dir='ltr' id='par_1_18' title="bbox 320 1795 1976 1879">
     <span class='ocr_line' id='line_1_18' title="bbox 320 1795 1976 1879; baseline -0.009 -18"><span class='ocrx_word' id='word_1_101' title='bbox 320 1823 555 1879; x_wconf 90' lang='lat' dir='ltr'>quoque</span> <span class='ocrx_word' id='word_1_102' title='bbox 572 1803 972 1862; x_wconf 79' lang='lat' dir='ltr'>confusionem</span> <span class='ocrx_word' id='word_1_103' title='bbox 995 1801 1148 1855; x_wconf 89' lang='lat' dir='ltr'>sicut</span> <span class='ocrx_word' id='word_1_104' title='bbox 1163 1797 1479 1870; x_wconf 90' lang='lat' dir='ltr'>diploidcm</span> <span class='ocrx_word' id='word_1_105' title='bbox 1499 1796 1763 1850; x_wconf 87' lang='lat' dir='ltr'>induant.</span> <span class='ocrx_word' id='word_1_106' title='bbox 1780 1795 1976 1864; x_wconf 86' lang='lat' dir='ltr'>Neque</span> 
     </span>
    </p>
   </div>
   <div class='ocr_carea' id='block_1_19' title="bbox 315 1884 1978 1964">
    <p class='ocr_par' dir='ltr' id='par_1_19' title="bbox 315 1884 1978 1964">
     <span class='ocr_line' id='line_1_19' title="bbox 315 1884 1978 1964; baseline -0.011 -10"><span class='ocrx_word' id='word_1_107' title='bbox 315 1897 473 1953; x_wconf 90' lang='lat' dir='ltr'>enim</span> <span class='ocrx_word' id='word_1_108' title='bbox 506 1892 966 1964; x_wconf 84' lang='lat' dir='ltr'>Deus,ultionum</span> <span class='ocrx_word' id='word_1_109' title='bbox 997 1886 1301 1955; x_wconf 86' lang='lat' dir='ltr'>Dominus,</span> <span class='ocrx_word' id='word_1_110' title='bbox 1327 1892 1475 1941; x_wconf 85' lang='lat' dir='ltr'>Deus</span> <span class='ocrx_word' id='word_1_111' title='bbox 1502 1884 1789 1940; x_wconf 88' lang='lat' dir='ltr'>ultionum</span> <span class='ocrx_word' id='word_1_112' title='bbox 1816 1884 1978 1938; x_wconf 82' lang='lat' dir='ltr'>fortis</span> 
     </span>
    </p>
   </div>
   <div class='ocr_carea' id='block_1_20' title="bbox 321 1974 1976 2051">
    <p class='ocr_par' dir='ltr' id='par_1_20' title="bbox 321 1974 1976 2051">
     <span class='ocr_line' id='line_1_20' title="bbox 321 1974 1976 2051; baseline -0.01 -8"><span class='ocrx_word' id='word_1_113' title='bbox 321 1992 379 2042; x_wconf 88' lang='lat' dir='ltr'>et</span> <span class='ocrx_word' id='word_1_114' title='bbox 404 1986 651 2051; x_wconf 79' lang='lat' dir='ltr'>zelotes,</span> <span class='ocrx_word' id='word_1_115' title='bbox 686 1985 915 2037; x_wconf 88' lang='lat' dir='ltr'>tantum</span> <span class='ocrx_word' id='word_1_116' title='bbox 950 1980 1114 2035; x_wconf 82' lang='lat' dir='ltr'>nefas</span> <span class='ocrx_word' id='word_1_117' title='bbox 1143 1976 1398 2032; x_wconf 89' lang='lat' dir='ltr'>inultum</span> <span class='ocrx_word' id='word_1_118' title='bbox 1427 1974 1863 2047; x_wconf 75' lang='lat' dir='ltr'>przetermitlere</span> <span class='ocrx_word' id='word_1_119' title='bbox 1885 1989 1976 2027; x_wconf 87' lang='lat' dir='ltr'>sc-</span> 
     </span>
    </p>
   </div>
   <div class='ocr_carea' id='block_1_21' title="bbox 322 2062 1980 2143">
    <p class='ocr_par' dir='ltr' id='par_1_21' title="bbox 322 2062 1980 2143">
     <span class='ocr_line' id='line_1_21' title="bbox 322 2062 1980 2143; baseline -0.01 -12"><span class='ocrx_word' id='word_1_120' title='bbox 322 2074 441 2143; x_wconf 88' lang='lat' dir='ltr'>let;</span> <span class='ocrx_word' id='word_1_121' title='bbox 474 2074 575 2130; x_wconf 90' lang='lat' dir='ltr'>sed</span> <span class='ocrx_word' id='word_1_122' title='bbox 609 2076 710 2128; x_wconf 86' lang='lat' dir='ltr'>aut</span> <span class='ocrx_word' id='word_1_123' title='bbox 738 2070 796 2125; x_wconf 90' lang='lat' dir='ltr'>in</span> <span class='ocrx_word' id='word_1_124' title='bbox 830 2067 1095 2143; x_wconf 65' lang='lat' dir='ltr'>praesenti</span> <span class='ocrx_word' id='word_1_125' title='bbox 1130 2065 1362 2131; x_wconf 72' lang='lat' dir='ltr'>saeculo,</span> <span class='ocrx_word' id='word_1_126' title='bbox 1400 2068 1499 2119; x_wconf 90' lang='lat' dir='ltr'>aut</span> <span class='ocrx_word' id='word_1_127' title='bbox 1530 2064 1588 2118; x_wconf 90' lang='lat' dir='ltr'>in</span> <span class='ocrx_word' id='word_1_128' title='bbox 1629 2062 1844 2127; x_wconf 88' lang='lat' dir='ltr'>futuro,</span> <span class='ocrx_word' id='word_1_129' title='bbox 1878 2065 1980 2115; x_wconf 88' lang='lat' dir='ltr'>aut</span> 
     </span>
    </p>
   </div>
   <div class='ocr_carea' id='block_1_22' title="bbox 322 2148 1979 2233">
    <p class='ocr_par' dir='ltr' id='par_1_22' title="bbox 322 2148 1979 2233">
     <span class='ocr_line' id='line_1_22' title="bbox 322 2148 1979 2233; baseline -0.011 -12"><span class='ocrx_word' id='word_1_130' title='bbox 322 2170 476 2222; x_wconf 89' lang='lat' dir='ltr'>certe</span> <span class='ocrx_word' id='word_1_131' title='bbox 507 2163 565 2218; x_wconf 89' lang='lat' dir='ltr'>in</span> <span class='ocrx_word' id='word_1_132' title='bbox 596 2166 845 2233; x_wconf 88' lang='lat' dir='ltr'>utroque</span> <span class='ocrx_word' id='word_1_133' title='bbox 875 2158 1185 2213; x_wconf 88' lang='lat' dir='ltr'>vindicare.</span> <span class='ocrx_word' id='word_1_134' title='bbox 1212 2154 1457 2210; x_wconf 85' lang='lat' dir='ltr'>Proinde</span> <span class='ocrx_word' id='word_1_135' title='bbox 1488 2153 1794 2208; x_wconf 89' lang='lat' dir='ltr'>attendant</span> <span class='ocrx_word' id='word_1_136' title='bbox 1826 2148 1979 2204; x_wconf 89' lang='lat' dir='ltr'>bella</span> 
     </span>
    </p>
   </div>
   <div class='ocr_carea' id='block_1_23' title="bbox 325 2244 1977 2320">
    <p class='ocr_par' dir='ltr' id='par_1_23' title="bbox 325 2244 1977 2320">
     <span class='ocr_line' id='line_1_23' title="bbox 325 2244 1977 2320; baseline -0.012 -10"><span class='ocrx_word' id='word_1_137' title='bbox 325 2259 583 2320; x_wconf 83' lang='lat' dir='ltr'>externa,</span> <span class='ocrx_word' id='word_1_138' title='bbox 610 2249 927 2306; x_wconf 83' lang='lat' dir='ltr'>seditiones</span> <span class='ocrx_word' id='word_1_139' title='bbox 954 2247 1237 2311; x_wconf 90' lang='lat' dir='ltr'>internas,</span> <span class='ocrx_word' id='word_1_140' title='bbox 1258 2248 1491 2315; x_wconf 83' lang='lat' dir='ltr'>gentem</span> <span class='ocrx_word' id='word_1_141' title='bbox 1519 2258 1695 2313; x_wconf 85' lang='lat' dir='ltr'>super</span> <span class='ocrx_word' id='word_1_142' title='bbox 1723 2244 1977 2311; x_wconf 84' lang='lat' dir='ltr'>gentem,</span> 
     </span>
    </p>
   </div>
   <div class='ocr_carea' id='block_1_24' title="bbox 323 2326 1975 2415">
    <p class='ocr_par' dir='ltr' id='par_1_24' title="bbox 323 2326 1975 2415">
     <span class='ocr_line' id='line_1_24' title="bbox 323 2326 1975 2415; baseline -0.012 -16"><span class='ocrx_word' id='word_1_143' title='bbox 323 2357 570 2415; x_wconf 79' lang='lat' dir='ltr'>regnum</span> <span class='ocrx_word' id='word_1_144' title='bbox 593 2344 794 2395; x_wconf 87' lang='lat' dir='ltr'>contra</span> <span class='ocrx_word' id='word_1_145' title='bbox 816 2337 1419 2409; x_wconf 73' lang='lat' dir='ltr'>regnum,tera3motus</span> <span class='ocrx_word' id='word_1_146' title='bbox 1443 2346 1689 2399; x_wconf 78' lang='lat' dir='ltr'>magnos</span> <span class='ocrx_word' id='word_1_147' title='bbox 1712 2345 1812 2400; x_wconf 91' lang='lat' dir='ltr'>per</span> <span class='ocrx_word' id='word_1_148' title='bbox 1832 2326 1975 2394; x_wconf 90' lang='lat' dir='ltr'>loca,</span> 
     </span>
    </p>
   </div>
   <div class='ocr_carea' id='block_1_25' title="bbox 322 2417 1978 2497">
    <p class='ocr_par' dir='ltr' id='par_1_25' title="bbox 322 2417 1978 2497">
     <span class='ocr_line' id='line_1_25' title="bbox 322 2417 1978 2497; baseline -0.012 -7"><span class='ocrx_word' id='word_1_149' title='bbox 322 2437 573 2490; x_wconf 81' lang='lat' dir='ltr'>terrores</span> <span class='ocrx_word' id='word_1_150' title='bbox 593 2429 663 2485; x_wconf 90' lang='lat' dir='ltr'>de</span> <span class='ocrx_word' id='word_1_151' title='bbox 680 2426 821 2484; x_wconf 77' lang='lat' dir='ltr'>cmlo</span> <span class='ocrx_word' id='word_1_152' title='bbox 838 2431 894 2482; x_wconf 89' lang='lat' dir='ltr'>et</span> <span class='ocrx_word' id='word_1_153' title='bbox 912 2432 1024 2480; x_wconf 91' lang='lat' dir='ltr'>tem</span> <span class='ocrx_word' id='word_1_154' title='bbox 1032 2419 1671 2497; x_wconf 87' lang='lat' dir='ltr'>pestates,pestilentias</span> <span class='ocrx_word' id='word_1_155' title='bbox 1692 2421 1749 2472; x_wconf 92' lang='lat' dir='ltr'>et</span> <span class='ocrx_word' id='word_1_156' title='bbox 1775 2417 1978 2483; x_wconf 90' lang='lat' dir='ltr'>fames,</span> 
     </span>
    </p>
   </div>
   <div class='ocr_carea' id='block_1_26' title="bbox 324 2507 1982 2595">
    <p class='ocr_par' dir='ltr' id='par_1_26' title="bbox 324 2507 1982 2595">
     <span class='ocr_line' id='line_1_26' title="bbox 324 2507 1982 2595; baseline -0.011 -17"><span class='ocrx_word' id='word_1_157' title='bbox 324 2540 450 2595; x_wconf 76' lang='lat' dir='ltr'>qua:</span> <span class='ocrx_word' id='word_1_158' title='bbox 482 2522 609 2576; x_wconf 77' lang='lat' dir='ltr'>sine</span> <span class='ocrx_word' id='word_1_159' title='bbox 641 2514 1074 2573; x_wconf 88' lang='lat' dir='ltr'>intermissione</span> <span class='ocrx_word' id='word_1_160' title='bbox 1122 2510 1481 2566; x_wconf 89' lang='lat' dir='ltr'>Christianos</span> <span class='ocrx_word' id='word_1_161' title='bbox 1528 2507 1891 2579; x_wconf 86' lang='lat' dir='ltr'>perturbant,</span> <span class='ocrx_word' id='word_1_162' title='bbox 1925 2510 1982 2561; x_wconf 91' lang='lat' dir='ltr'>et</span> 
     </span>
    </p>
   </div>
   <div class='ocr_carea' id='block_1_27' title="bbox 325 2595 1980 2675">
    <p class='ocr_par' dir='ltr' id='par_1_27' title="bbox 325 2595 1980 2675">
     <span class='ocr_line' id='line_1_27' title="bbox 325 2595 1980 2675; baseline -0.011 -8"><span class='ocrx_word' id='word_1_163' title='bbox 325 2616 460 2667; x_wconf 91' lang='lat' dir='ltr'>ante</span> <span class='ocrx_word' id='word_1_164' title='bbox 481 2610 602 2666; x_wconf 62' lang='lat' dir='ltr'>haec</span> <span class='ocrx_word' id='word_1_165' title='bbox 624 2605 822 2664; x_wconf 89' lang='lat' dir='ltr'>omnia</span> <span class='ocrx_word' id='word_1_166' title='bbox 842 2603 1114 2675; x_wconf 87' lang='lat' dir='ltr'>injecisse</span> <span class='ocrx_word' id='word_1_167' title='bbox 1138 2616 1347 2655; x_wconf 88' lang='lat' dir='ltr'>manus</span> <span class='ocrx_word' id='word_1_168' title='bbox 1370 2596 1649 2670; x_wconf 86' lang='lat' dir='ltr'>apostolis</span> <span class='ocrx_word' id='word_1_169' title='bbox 1673 2595 1770 2651; x_wconf 93' lang='lat' dir='ltr'>Dei</span> <span class='ocrx_word' id='word_1_170' title='bbox 1793 2600 1849 2651; x_wconf 90' lang='lat' dir='ltr'>et</span> <span class='ocrx_word' id='word_1_171' title='bbox 1871 2595 1980 2649; x_wconf 92' lang='lat' dir='ltr'>mi-</span> 
     </span>
    </p>
   </div>
   <div class='ocr_carea' id='block_1_28' title="bbox 327 2687 1981 2766">
    <p class='ocr_par' dir='ltr' id='par_1_28' title="bbox 327 2687 1981 2766">
     <span class='ocr_line' id='line_1_28' title="bbox 327 2687 1981 2766; baseline -0.011 -9"><span class='ocrx_word' id='word_1_172' title='bbox 327 2700 552 2766; x_wconf 80' lang='lat' dir='ltr'>nistris,</span> <span class='ocrx_word' id='word_1_173' title='bbox 587 2701 644 2754; x_wconf 90' lang='lat' dir='ltr'>et</span> <span class='ocrx_word' id='word_1_174' title='bbox 671 2695 758 2752; x_wconf 89' lang='lat' dir='ltr'>vel</span> <span class='ocrx_word' id='word_1_175' title='bbox 792 2698 877 2750; x_wconf 89' lang='lat' dir='ltr'>tot</span> <span class='ocrx_word' id='word_1_176' title='bbox 906 2689 1152 2764; x_wconf 80' lang='lat' dir='ltr'>flagellis</span> <span class='ocrx_word' id='word_1_177' title='bbox 1188 2687 1433 2759; x_wconf 89' lang='lat' dir='ltr'>correpti</span> <span class='ocrx_word' id='word_1_178' title='bbox 1466 2687 1703 2742; x_wconf 85' lang='lat' dir='ltr'>tandem</span> <span class='ocrx_word' id='word_1_179' title='bbox 1737 2701 1981 2757; x_wconf 86' lang='lat' dir='ltr'>cognos-</span> 
     </span>
    </p>
   </div>
   <div class='ocr_carea' id='block_1_29' title="bbox 327 2776 1984 2858">
    <p class='ocr_par' dir='ltr' id='par_1_29' title="bbox 327 2776 1984 2858">
     <span class='ocr_line' id='line_1_29' title="bbox 327 2776 1984 2858; baseline -0.012 -10"><span class='ocrx_word' id='word_1_180' title='bbox 327 2795 483 2858; x_wconf 86' lang='lat' dir='ltr'>cant,</span> <span class='ocrx_word' id='word_1_181' title='bbox 535 2804 609 2844; x_wconf 92' lang='lat' dir='ltr'>ne</span> <span class='ocrx_word' id='word_1_182' title='bbox 657 2787 803 2841; x_wconf 88' lang='lat' dir='ltr'>forte</span> <span class='ocrx_word' id='word_1_183' title='bbox 855 2782 1032 2838; x_wconf 89' lang='lat' dir='ltr'>etiam</span> <span class='ocrx_word' id='word_1_184' title='bbox 1064 2783 1196 2851; x_wconf 88' lang='lat' dir='ltr'>post</span> <span class='ocrx_word' id='word_1_185' title='bbox 1234 2776 1464 2849; x_wconf 87' lang='lat' dir='ltr'>ﬂagella</span> <span class='ocrx_word' id='word_1_186' title='bbox 1495 2779 1743 2832; x_wconf 90' lang='lat' dir='ltr'>mortem</span> <span class='ocrx_word' id='word_1_187' title='bbox 1785 2790 1984 2846; x_wconf 88' lang='lat' dir='ltr'>perpe-</span> 
     </span>
    </p>
   </div>
   <div class='ocr_carea' id='block_1_30' title="bbox 328 2863 1980 2943">
    <p class='ocr_par' dir='ltr' id='par_1_30' title="bbox 328 2863 1980 2943">
     <span class='ocr_line' id='line_1_30' title="bbox 328 2863 1980 2943; baseline -0.01 -7"><span class='ocrx_word' id='word_1_188' title='bbox 328 2885 493 2937; x_wconf 89' lang='lat' dir='ltr'>tuam</span> <span class='ocrx_word' id='word_1_189' title='bbox 526 2877 848 2933; x_wconf 89' lang='lat' dir='ltr'>incurrant.</span> <span class='ocrx_word' id='word_1_190' title='bbox 883 2872 1070 2943; x_wconf 47' lang='lat' dir='ltr'>Super</span> <span class='ocrx_word' id='word_1_191' title='bbox 1090 2869 1210 2923; x_wconf 65' lang='lat' dir='ltr'>haec</span> <span class='ocrx_word' id='word_1_192' title='bbox 1240 2866 1565 2931; x_wconf 87' lang='lat' dir='ltr'>attendant,</span> <span class='ocrx_word' id='word_1_193' title='bbox 1598 2863 1738 2936; x_wconf 90' lang='lat' dir='ltr'>quia</span> <span class='ocrx_word' id='word_1_194' title='bbox 1767 2881 1900 2919; x_wconf 89' lang='lat' dir='ltr'>cum</span> <span class='ocrx_word' id='word_1_195' title='bbox 1922 2865 1980 2920; x_wconf 88' lang='lat' dir='ltr'>in</span> 
     </span>
    </p>
   </div>
   <div class='ocr_carea' id='block_1_31' title="bbox 332 2954 1985 3030">
    <p class='ocr_par' dir='ltr' id='par_1_31' title="bbox 332 2954 1985 3030">
     <span class='ocr_line' id='line_1_31' title="bbox 332 2954 1985 3030; baseline -0.011 -4"><span class='ocrx_word' id='word_1_196' title='bbox 332 2970 691 3026; x_wconf 85' lang='lat' dir='ltr'>Francorum</span> <span class='ocrx_word' id='word_1_197' title='bbox 725 2968 874 3017; x_wconf 82' lang='lat' dir='ltr'>terra</span> <span class='ocrx_word' id='word_1_198' title='bbox 904 2975 1067 3030; x_wconf 88' lang='lat' dir='ltr'>reges</span> <span class='ocrx_word' id='word_1_199' title='bbox 1088 2974 1155 3012; x_wconf 88' lang='lat' dir='ltr'>ex</span> <span class='ocrx_word' id='word_1_200' title='bbox 1184 2971 1393 3027; x_wconf 79' lang='lat' dir='ltr'>genere</span> <span class='ocrx_word' id='word_1_201' title='bbox 1414 2954 1715 3026; x_wconf 90' lang='lat' dir='ltr'>prodeant,</span> <span class='ocrx_word' id='word_1_202' title='bbox 1745 2955 1877 3026; x_wconf 88' lang='lat' dir='ltr'>quis</span> <span class='ocrx_word' id='word_1_203' title='bbox 1904 2969 1985 3009; x_wconf 80' lang='lat' dir='ltr'>re-</span> 
     </span>
    </p>
   </div>
   <div class='ocr_carea' id='block_1_32' title="bbox 333 3042 1985 3132">
    <p class='ocr_par' dir='ltr' id='par_1_32' title="bbox 333 3042 1985 3132">
     <span class='ocr_line' id='line_1_32' title="bbox 333 3042 1985 3132; baseline -0.01 -17"><span class='ocrx_word' id='word_1_204' title='bbox 333 3069 473 3132; x_wconf 85' lang='lat' dir='ltr'>gum</span> <span class='ocrx_word' id='word_1_205' title='bbox 503 3074 537 3112; x_wconf 92' lang='lat' dir='ltr'>a</span> <span class='ocrx_word' id='word_1_206' title='bbox 568 3058 800 3111; x_wconf 83' lang='lat' dir='ltr'>centum</span> <span class='ocrx_word' id='word_1_207' title='bbox 819 3053 876 3103; x_wconf 90' lang='lat' dir='ltr'>et</span> <span class='ocrx_word' id='word_1_208' title='bbox 895 3046 1148 3118; x_wconf 85' lang='lat' dir='ltr'>amplius</span> <span class='ocrx_word' id='word_1_209' title='bbox 1171 3044 1340 3100; x_wconf 90' lang='lat' dir='ltr'>annis</span> <span class='ocrx_word' id='word_1_210' title='bbox 1358 3042 1632 3099; x_wconf 90' lang='lat' dir='ltr'>recolitur</span> <span class='ocrx_word' id='word_1_211' title='bbox 1649 3061 1682 3099; x_wconf 92' lang='lat' dir='ltr'>a</span> <span class='ocrx_word' id='word_1_212' title='bbox 1702 3043 1837 3098; x_wconf 85' lang='lat' dir='ltr'>filiis</span> <span class='ocrx_word' id='word_1_213' title='bbox 1860 3043 1985 3099; x_wconf 89' lang='lat' dir='ltr'>suis</span> 
     </span>
    </p>
   </div>
   <div class='ocr_carea' id='block_1_33' title="bbox 334 3133 1984 3217">
    <p class='ocr_par' dir='ltr' id='par_1_33' title="bbox 334 3133 1984 3217">
     <span class='ocr_line' id='line_1_33' title="bbox 334 3133 1984 3217; baseline -0.01 -12"><span class='ocrx_word' id='word_1_214' title='bbox 334 3147 421 3205; x_wconf 90' lang='lat' dir='ltr'>vel</span> <span class='ocrx_word' id='word_1_215' title='bbox 453 3160 639 3217; x_wconf 83' lang='lat' dir='ltr'>usque</span> <span class='ocrx_word' id='word_1_216' title='bbox 670 3142 726 3196; x_wconf 91' lang='lat' dir='ltr'>in</span> <span class='ocrx_word' id='word_1_217' title='bbox 759 3140 1028 3207; x_wconf 84' lang='lat' dir='ltr'>quartam</span> <span class='ocrx_word' id='word_1_218' title='bbox 1078 3134 1509 3207; x_wconf 86' lang='lat' dir='ltr'>generationem</span> <span class='ocrx_word' id='word_1_219' title='bbox 1541 3134 1863 3205; x_wconf 83' lang='lat' dir='ltr'>regnasse?</span> <span class='ocrx_word' id='word_1_220' title='bbox 1891 3133 1984 3189; x_wconf 89' lang='lat' dir='ltr'>Si-</span> 
     </span>
    </p>
   </div>
   <div class='ocr_carea' id='block_1_34' title="bbox 336 3223 1987 3310">
    <p class='ocr_par' dir='ltr' id='par_1_34' title="bbox 336 3223 1987 3310">
     <span class='ocr_line' id='line_1_34' title="bbox 336 3223 1987 3310; baseline -0.008 -18"><span class='ocrx_word' id='word_1_221' title='bbox 336 3234 574 3310; x_wconf 89' lang='lat' dir='ltr'>quidem</span> <span class='ocrx_word' id='word_1_222' title='bbox 619 3232 880 3292; x_wconf 88' lang='lat' dir='ltr'>Ottones,</span> <span class='ocrx_word' id='word_1_223' title='bbox 914 3242 1028 3297; x_wconf 71' lang='lat' dir='ltr'>pra:</span> <span class='ocrx_word' id='word_1_224' title='bbox 1059 3223 1334 3279; x_wconf 88' lang='lat' dir='ltr'>omnibus</span> <span class='ocrx_word' id='word_1_225' title='bbox 1364 3226 1496 3278; x_wconf 89' lang='lat' dir='ltr'>ante</span> <span class='ocrx_word' id='word_1_226' title='bbox 1527 3239 1590 3278; x_wconf 91' lang='lat' dir='ltr'>se</span> <span class='ocrx_word' id='word_1_227' title='bbox 1634 3224 1869 3295; x_wconf 84' lang='lat' dir='ltr'>regibus</span> <span class='ocrx_word' id='word_1_228' title='bbox 1901 3242 1987 3280; x_wconf 89' lang='lat' dir='ltr'>sa-</span> 
     </span>
    </p>
   </div>
   <div class='ocr_carea' id='block_1_35' title="bbox 2073 658 3257 730">
    <p class='ocr_par' dir='ltr' id='par_1_35' title="bbox 2073 658 3257 730">
     <span class='ocr_line' id='line_1_35' title="bbox 2073 658 3257 730; baseline 0.003 -18"><span class='ocrx_word' id='word_1_229' title='bbox 2073 658 2442 713; x_wconf 82' lang='lat' dir='ltr'>sanctiﬁeent</span> <span class='ocrx_word' id='word_1_230' title='bbox 2470 662 2573 713; x_wconf 86' lang='lat' dir='ltr'>aut</span> <span class='ocrx_word' id='word_1_231' title='bbox 2605 665 2988 730; x_wconf 69' lang='lat' dir='ltr'>prensumant.</span> <span class='ocrx_word' id='word_1_232' title='bbox 3243 718 3257 728; x_wconf 72' lang='grc'><em>,</em></span> 
     </span>
    </p>
   </div>
   <div class='ocr_carea' id='block_1_36' title="bbox 2143 745 3745 810">
    <p class='ocr_par' dir='ltr' id='par_1_36' title="bbox 2143 745 3745 810">
     <span class='ocr_line' id='line_1_36' title="bbox 2143 745 3745 810; baseline -0.001 -9"><span class='ocrx_word' id='word_1_233' title='bbox 2143 746 2304 810; x_wconf 88' lang='lat' dir='ltr'>Quod</span> <span class='ocrx_word' id='word_1_234' title='bbox 2338 747 2385 803; x_wconf 91' lang='lat' dir='ltr'>si</span> <span class='ocrx_word' id='word_1_235' title='bbox 2409 746 2622 803; x_wconf 89' lang='lat' dir='ltr'>alicubi</span> <span class='ocrx_word' id='word_1_236' title='bbox 2642 750 2980 804; x_wconf 68' lang='lat' dir='ltr'>aedificanda</span> <span class='ocrx_word' id='word_1_237' title='bbox 3007 753 3145 805; x_wconf 88' lang='lat' dir='ltr'>sunt</span> <span class='ocrx_word' id='word_1_238' title='bbox 3168 747 3339 804; x_wconf 88' lang='lat' dir='ltr'>ovilia</span> <span class='ocrx_word' id='word_1_239' title='bbox 3368 745 3745 803; x_wconf 87' lang='lat' dir='ltr'>intellectua-</span> 
     </span>
    </p>
   </div>
   <div class='ocr_carea' id='block_1_37' title="bbox 2073 833 3743 909">
    <p class='ocr_par' dir='ltr' id='par_1_37' title="bbox 2073 833 3743 909">
     <span class='ocr_line' id='line_1_37' title="bbox 2073 833 3743 909; baseline -0.001 -20"><span class='ocrx_word' id='word_1_240' title='bbox 2073 834 2228 890; x_wconf 90' lang='lat' dir='ltr'>libus</span> <span class='ocrx_word' id='word_1_241' title='bbox 2258 836 2481 906; x_wconf 87' lang='lat' dir='ltr'>ovibus,</span> <span class='ocrx_word' id='word_1_242' title='bbox 2512 838 2630 892; x_wconf 89' lang='lat' dir='ltr'>sint</span> <span class='ocrx_word' id='word_1_243' title='bbox 2650 837 2983 909; x_wconf 88' lang='lat' dir='ltr'>pastoribus</span> <span class='ocrx_word' id='word_1_244' title='bbox 3000 854 3198 893; x_wconf 89' lang='lat' dir='ltr'>earum</span> <span class='ocrx_word' id='word_1_245' title='bbox 3222 836 3411 892; x_wconf 91' lang='lat' dir='ltr'>devoti</span> <span class='ocrx_word' id='word_1_246' title='bbox 3431 840 3488 891; x_wconf 89' lang='lat' dir='ltr'>et</span> <span class='ocrx_word' id='word_1_247' title='bbox 3509 833 3743 890; x_wconf 85' lang='lat' dir='ltr'>strenui</span> 
     </span>
    </p>
   </div>
   <div class='ocr_carea' id='block_1_38' title="bbox 2075 924 3741 993">
    <p class='ocr_par' dir='ltr' id='par_1_38' title="bbox 2075 924 3741 993">
     <span class='ocr_line' id='line_1_38' title="bbox 2075 924 3741 993; baseline 0 -16"><span class='ocrx_word' id='word_1_248' title='bbox 2075 924 2389 993; x_wconf 83' lang='lat' dir='ltr'>adjutores,</span> <span class='ocrx_word' id='word_1_249' title='bbox 2420 941 2535 980; x_wconf 90' lang='lat' dir='ltr'>non</span> <span class='ocrx_word' id='word_1_250' title='bbox 2559 930 2622 980; x_wconf 90' lang='lat' dir='ltr'>ut</span> <span class='ocrx_word' id='word_1_251' title='bbox 2643 926 2888 981; x_wconf 88' lang='lat' dir='ltr'>aliarum</span> <span class='ocrx_word' id='word_1_252' title='bbox 2912 926 3060 982; x_wconf 90' lang='lat' dir='ltr'>lacte</span> <span class='ocrx_word' id='word_1_253' title='bbox 3088 931 3146 982; x_wconf 91' lang='lat' dir='ltr'>et</span> <span class='ocrx_word' id='word_1_254' title='bbox 3175 924 3350 992; x_wconf 86' lang='lat' dir='ltr'>lanis,</span> <span class='ocrx_word' id='word_1_255' title='bbox 3375 925 3476 980; x_wconf 87' lang='lat' dir='ltr'>sed</span> <span class='ocrx_word' id='word_1_256' title='bbox 3502 927 3741 979; x_wconf 87' lang='lat' dir='ltr'>tantum</span> 
     </span>
    </p>
   </div>
   <div class='ocr_carea' id='block_1_39' title="bbox 2074 1010 3734 1084">
    <p class='ocr_par' dir='ltr' id='par_1_39' title="bbox 2074 1010 3734 1084">
     <span class='ocr_line' id='line_1_39' title="bbox 2074 1010 3734 1084; baseline 0 -19"><span class='ocrx_word' id='word_1_257' title='bbox 2074 1010 2309 1066; x_wconf 91' lang='lat' dir='ltr'>illarum</span> <span class='ocrx_word' id='word_1_258' title='bbox 2345 1030 2595 1084; x_wconf 89' lang='lat' dir='ltr'>quarum</span> <span class='ocrx_word' id='word_1_259' title='bbox 2629 1015 2886 1084; x_wconf 89' lang='lat' dir='ltr'>interest,</span> <span class='ocrx_word' id='word_1_260' title='bbox 2912 1015 3272 1071; x_wconf 73' lang='lat' dir='ltr'>zedificentur</span> <span class='ocrx_word' id='word_1_261' title='bbox 3304 1030 3317 1068; x_wconf 87' lang='lat'><strong>:</strong></span> <span class='ocrx_word' id='word_1_262' title='bbox 3352 1036 3379 1062; x_wconf 90' lang='grc'><strong>‹‹</strong></span> <span class='ocrx_word' id='word_1_263' title='bbox 3411 1011 3518 1078; x_wconf 88' lang='lat' dir='ltr'>Qui</span> <span class='ocrx_word' id='word_1_264' title='bbox 3547 1012 3734 1077; x_wconf 87' lang='lat' dir='ltr'>enim,</span> 
     </span>
    </p>
   </div>
   <div class='ocr_carea' id='block_1_40' title="bbox 2079 1097 3745 1174">
    <p class='ocr_par' dir='ltr' id='par_1_40' title="bbox 2079 1097 3745 1174">
     <span class='ocr_line' id='line_1_40' title="bbox 2079 1097 3745 1174; baseline 0 -21"><span class='ocrx_word' id='word_1_265' title='bbox 2079 1104 2143 1153; x_wconf 90' lang='lat' dir='ltr'>ut</span> <span class='ocrx_word' id='word_1_266' title='bbox 2174 1100 2418 1172; x_wconf 88' lang='lat' dir='ltr'>Sapiens</span> <span class='ocrx_word' id='word_1_267' title='bbox 2441 1102 2539 1169; x_wconf 88' lang='lat' dir='ltr'>ait,</span> <span class='ocrx_word' id='word_1_268' title='bbox 2562 1103 2811 1158; x_wconf 73' lang='lat' dir='ltr'>zedil‘icat</span> <span class='ocrx_word' id='word_1_269' title='bbox 2830 1105 3070 1158; x_wconf 90' lang='lat' dir='ltr'>domum</span> <span class='ocrx_word' id='word_1_270' title='bbox 3102 1119 3271 1158; x_wconf 89' lang='lat' dir='ltr'>suam</span> <span class='ocrx_word' id='word_1_271' title='bbox 3293 1100 3578 1174; x_wconf 87' lang='lat' dir='ltr'>impensis</span> <span class='ocrx_word' id='word_1_272' title='bbox 3602 1097 3745 1155; x_wconf 87' lang='lat' dir='ltr'>alie-</span> 
     </span>
    </p>
   </div>
   <div class='ocr_carea' id='block_1_41' title="bbox 2077 1187 3737 1263">
    <p class='ocr_par' dir='ltr' id='par_1_41' title="bbox 2077 1187 3737 1263">
     <span class='ocr_line' id='line_1_41' title="bbox 2077 1187 3737 1263; baseline 0 -21"><span class='ocrx_word' id='word_1_273' title='bbox 2077 1188 2190 1256; x_wconf 92' lang='lat' dir='ltr'>nis,</span> <span class='ocrx_word' id='word_1_274' title='bbox 2224 1191 2389 1260; x_wconf 83' lang='lat' dir='ltr'>quasi</span> <span class='ocrx_word' id='word_1_275' title='bbox 2419 1190 2518 1261; x_wconf 90' lang='lat' dir='ltr'>qui</span> <span class='ocrx_word' id='word_1_276' title='bbox 2551 1190 2787 1263; x_wconf 82' lang='lat' dir='ltr'>colligat</span> <span class='ocrx_word' id='word_1_277' title='bbox 2817 1192 3040 1259; x_wconf 89' lang='lat' dir='ltr'>lapides</span> <span class='ocrx_word' id='word_1_278' title='bbox 3070 1209 3209 1247; x_wconf 89' lang='lat' dir='ltr'>suos</span> <span class='ocrx_word' id='word_1_279' title='bbox 3242 1191 3301 1247; x_wconf 90' lang='lat' dir='ltr'>in</span> <span class='ocrx_word' id='word_1_280' title='bbox 3333 1191 3525 1245; x_wconf 90' lang='lat' dir='ltr'>hieme</span> <span class='ocrx_word' id='word_1_281' title='bbox 3555 1187 3737 1262; x_wconf 81' lang='lat' dir='ltr'>(Eccl.</span> 
     </span>
    </p>
   </div>
   <div class='ocr_carea' id='block_1_42' title="bbox 2077 1277 3741 1351">
    <p class='ocr_par' dir='ltr' id='par_1_42' title="bbox 2077 1277 3741 1351">
     <span class='ocr_line' id='line_1_42' title="bbox 2077 1277 3741 1351; baseline 0.001 -20"><span class='ocrx_word' id='word_1_282' title='bbox 2077 1294 2191 1344; x_wconf 70' lang='lat' dir='ltr'>xxx,</span> <span class='ocrx_word' id='word_1_283' title='bbox 2215 1277 2291 1348; x_wconf 83' lang='lat'>9).</span> <span class='ocrx_word' id='word_1_284' title='bbox 2328 1279 2395 1332; x_wconf 85' lang='lat' dir='ltr'>Et</span> <span class='ocrx_word' id='word_1_285' title='bbox 2425 1283 2577 1333; x_wconf 89' lang='lat' dir='ltr'>certe</span> <span class='ocrx_word' id='word_1_286' title='bbox 2609 1280 2810 1349; x_wconf 84' lang='lat' dir='ltr'>quanti</span> <span class='ocrx_word' id='word_1_287' title='bbox 2835 1281 3109 1351; x_wconf 89' lang='lat' dir='ltr'>penditur</span> <span class='ocrx_word' id='word_1_288' title='bbox 3138 1280 3245 1335; x_wconf 92' lang='lat' dir='ltr'>hoc</span> <span class='ocrx_word' id='word_1_289' title='bbox 3268 1296 3302 1334; x_wconf 91' lang='lat' dir='ltr'>a</span> <span class='ocrx_word' id='word_1_290' title='bbox 3322 1279 3460 1346; x_wconf 91' lang='lat' dir='ltr'>Deo,</span> <span class='ocrx_word' id='word_1_291' title='bbox 3494 1280 3551 1331; x_wconf 88' lang='lat' dir='ltr'>et</span> <span class='ocrx_word' id='word_1_292' title='bbox 3579 1293 3741 1333; x_wconf 60' lang='lat' dir='ltr'>sanie</span> 
     </span>
    </p>
   </div>
   <div class='ocr_carea' id='block_1_43' title="bbox 2078 1365 3745 1440">
    <p class='ocr_par' dir='ltr' id='par_1_43' title="bbox 2078 1365 3745 1440">
     <span class='ocr_line' id='line_1_43' title="bbox 2078 1365 3745 1440; baseline 0 -19"><span class='ocrx_word' id='word_1_293' title='bbox 2078 1367 2289 1421; x_wconf 90' lang='lat' dir='ltr'>mentis</span> <span class='ocrx_word' id='word_1_294' title='bbox 2322 1366 2677 1435; x_wconf 88' lang='lat' dir='ltr'>hominibus,</span> <span class='ocrx_word' id='word_1_295' title='bbox 2703 1368 2751 1423; x_wconf 89' lang='lat' dir='ltr'>si</span> <span class='ocrx_word' id='word_1_296' title='bbox 2785 1367 2970 1423; x_wconf 91' lang='lat' dir='ltr'>solius</span> <span class='ocrx_word' id='word_1_297' title='bbox 3001 1368 3365 1423; x_wconf 72' lang='lat' dir='ltr'>eleemosina:</span> <span class='ocrx_word' id='word_1_298' title='bbox 3388 1368 3579 1440; x_wconf 88' lang='lat' dir='ltr'>gratia</span> <span class='ocrx_word' id='word_1_299' title='bbox 3605 1365 3745 1439; x_wconf 86' lang='lat' dir='ltr'>qui-</span> 
     </span>
    </p>
   </div>
   <div class='ocr_carea' id='block_1_44' title="bbox 2078 1455 3748 1528">
    <p class='ocr_par' dir='ltr' id='par_1_44' title="bbox 2078 1455 3748 1528">
     <span class='ocr_line' id='line_1_44' title="bbox 2078 1455 3748 1528; baseline 0 -20"><span class='ocrx_word' id='word_1_300' title='bbox 2078 1455 2218 1509; x_wconf 89' lang='lat' dir='ltr'>libet</span> <span class='ocrx_word' id='word_1_301' title='bbox 2254 1455 2489 1509; x_wconf 85' lang='lat' dir='ltr'>divitem</span> <span class='ocrx_word' id='word_1_302' title='bbox 2531 1455 2617 1510; x_wconf 90' lang='lat' dir='ltr'>vel</span> <span class='ocrx_word' id='word_1_303' title='bbox 2664 1457 3015 1511; x_wconf 87' lang='lat' dir='ltr'>mediocrem</span> <span class='ocrx_word' id='word_1_304' title='bbox 3067 1456 3297 1528; x_wconf 83' lang='lat' dir='ltr'>spoliet,</span> <span class='ocrx_word' id='word_1_305' title='bbox 3352 1460 3456 1510; x_wconf 86' lang='lat' dir='ltr'>aut</span> <span class='ocrx_word' id='word_1_306' title='bbox 3507 1455 3748 1511; x_wconf 79' lang='lat' dir='ltr'>occidat</span> 
     </span>
    </p>
   </div>
   <div class='ocr_carea' id='block_1_45' title="bbox 2078 1543 3743 1615">
    <p class='ocr_par' dir='ltr' id='par_1_45' title="bbox 2078 1543 3743 1615">
     <span class='ocr_line' id='line_1_45' title="bbox 2078 1543 3743 1615; baseline 0 -18"><span class='ocrx_word' id='word_1_307' title='bbox 2078 1543 2401 1615; x_wconf 88' lang='lat' dir='ltr'>quemlibet</span> <span class='ocrx_word' id='word_1_308' title='bbox 2446 1544 2767 1615; x_wconf 89' lang='lat' dir='ltr'>hominem,</span> <span class='ocrx_word' id='word_1_309' title='bbox 2800 1550 2864 1599; x_wconf 87' lang='lat' dir='ltr'>ut</span> <span class='ocrx_word' id='word_1_310' title='bbox 2894 1545 3121 1600; x_wconf 92' lang='lat' dir='ltr'>nudum</span> <span class='ocrx_word' id='word_1_311' title='bbox 3152 1545 3380 1614; x_wconf 87' lang='lat' dir='ltr'>vestiat,</span> <span class='ocrx_word' id='word_1_312' title='bbox 3413 1549 3516 1598; x_wconf 89' lang='lat' dir='ltr'>aut</span> <span class='ocrx_word' id='word_1_313' title='bbox 3555 1543 3743 1599; x_wconf 88' lang='lat' dir='ltr'>mori-</span> 
     </span>
    </p>
   </div>
   <div class='ocr_carea' id='block_1_46' title="bbox 2079 1631 3743 1704">
    <p class='ocr_par' dir='ltr' id='par_1_46' title="bbox 2079 1631 3743 1704">
     <span class='ocr_line' id='line_1_46' title="bbox 2079 1631 3743 1704; baseline 0 -17"><span class='ocrx_word' id='word_1_314' title='bbox 2079 1633 2344 1687; x_wconf 90' lang='lat' dir='ltr'>bundum</span> <span class='ocrx_word' id='word_1_315' title='bbox 2401 1632 2687 1688; x_wconf 81' lang='lat' dir='ltr'>viviﬁcet‘?</span> <span class='ocrx_word' id='word_1_316' title='bbox 2733 1639 2789 1688; x_wconf 90' lang='lat' dir='ltr'>et</span> <span class='ocrx_word' id='word_1_317' title='bbox 2819 1638 3037 1704; x_wconf 89' lang='lat' dir='ltr'>quanto</span> <span class='ocrx_word' id='word_1_318' title='bbox 3066 1632 3414 1689; x_wconf 90' lang='lat' dir='ltr'>laudabilior</span> <span class='ocrx_word' id='word_1_319' title='bbox 3466 1633 3632 1696; x_wconf 89' lang='lat' dir='ltr'>foret,</span> <span class='ocrx_word' id='word_1_320' title='bbox 3685 1631 3743 1687; x_wconf 85' lang='lat' dir='ltr'>si</span> 
     </span>
    </p>
   </div>
   <div class='ocr_carea' id='block_1_47' title="bbox 2082 1720 3741 1795">
    <p class='ocr_par' dir='ltr' id='par_1_47' title="bbox 2082 1720 3741 1795">
     <span class='ocr_line' id='line_1_47' title="bbox 2082 1720 3741 1795; baseline -0.002 -18"><span class='ocrx_word' id='word_1_321' title='bbox 2082 1722 2330 1777; x_wconf 88' lang='lat' dir='ltr'>miseros</span> <span class='ocrx_word' id='word_1_322' title='bbox 2362 1722 2697 1795; x_wconf 63' lang='lat' dir='ltr'>negligeret,</span> <span class='ocrx_word' id='word_1_323' title='bbox 2722 1739 2897 1794; x_wconf 90' lang='lat' dir='ltr'>quam</span> <span class='ocrx_word' id='word_1_324' title='bbox 2921 1726 2986 1777; x_wconf 88' lang='lat' dir='ltr'>ut</span> <span class='ocrx_word' id='word_1_325' title='bbox 3008 1722 3091 1777; x_wconf 92' lang='lat' dir='ltr'>eis</span> <span class='ocrx_word' id='word_1_326' title='bbox 3113 1723 3490 1777; x_wconf 88' lang='lat' dir='ltr'>misereretur</span> <span class='ocrx_word' id='word_1_327' title='bbox 3518 1720 3741 1775; x_wconf 86' lang='lat' dir='ltr'>taliter.</span> 
     </span>
    </p>
   </div>
   <div class='ocr_carea' id='block_1_48' title="bbox 2086 1811 3746 1883">
    <p class='ocr_par' dir='ltr' id='par_1_48' title="bbox 2086 1811 3746 1883">
     <span class='ocr_line' id='line_1_48' title="bbox 2086 1811 3746 1883; baseline -0.002 -16"><span class='ocrx_word' id='word_1_328' title='bbox 2086 1815 2445 1883; x_wconf 85' lang='lat' dir='ltr'>Quapropter</span> <span class='ocrx_word' id='word_1_329' title='bbox 2474 1811 2825 1867; x_wconf 70' lang='lat' dir='ltr'>smculariter</span> <span class='ocrx_word' id='word_1_330' title='bbox 2856 1816 3141 1882; x_wconf 88' lang='lat' dir='ltr'>potentes,</span> <span class='ocrx_word' id='word_1_331' title='bbox 3190 1827 3262 1865; x_wconf 91' lang='lat' dir='ltr'>ne</span> <span class='ocrx_word' id='word_1_332' title='bbox 3306 1814 3572 1882; x_wconf 89' lang='lat' dir='ltr'>potenter</span> <span class='ocrx_word' id='word_1_333' title='bbox 3620 1814 3746 1864; x_wconf 86' lang='lat' dir='ltr'>tor-</span> 
     </span>
    </p>
   </div>
   <div class='ocr_carea' id='block_1_49' title="bbox 2006 1895 3746 2006">
    <p class='ocr_par' dir='ltr' id='par_1_49' title="bbox 2006 1895 3746 2006">
     <span class='ocr_line' id='line_1_49' title="bbox 2006 1895 3746 2006; baseline -0.002 -51"><span class='ocrx_word' id='word_1_334' title='bbox 2006 1941 2054 2006; x_wconf 82' lang='lat' dir='ltr'><strong>B</strong></span> <span class='ocrx_word' id='word_1_335' title='bbox 2091 1905 2285 1956; x_wconf 88' lang='lat' dir='ltr'>menta</span> <span class='ocrx_word' id='word_1_336' title='bbox 2315 1900 2612 1971; x_wconf 89' lang='lat' dir='ltr'>patiantur</span> <span class='ocrx_word' id='word_1_337' title='bbox 2641 1899 2796 1970; x_wconf 83' lang='lat' dir='ltr'>(Sap.</span> <span class='ocrx_word' id='word_1_338' title='bbox 2830 1915 2906 1963; x_wconf 81' lang='lat' dir='ltr'>v1,</span> <span class='ocrx_word' id='word_1_339' title='bbox 2927 1898 3007 1969; x_wconf 91' lang='lat'>‘7),</span> <span class='ocrx_word' id='word_1_340' title='bbox 3041 1897 3193 1952; x_wconf 89' lang='lat' dir='ltr'>inter</span> <span class='ocrx_word' id='word_1_341' title='bbox 3213 1896 3329 1952; x_wconf 89' lang='lat' dir='ltr'>alia</span> <span class='ocrx_word' id='word_1_342' title='bbox 3344 1895 3746 1953; x_wconf 87' lang='lat' dir='ltr'>ecclesiastica</span> 
     </span>
    </p>
   </div>
   <div class='ocr_carea' id='block_1_50' title="bbox 2087 1983 3743 2058">
    <p class='ocr_par' dir='ltr' id='par_1_50' title="bbox 2087 1983 3743 2058">
     <span class='ocr_line' id='line_1_50' title="bbox 2087 1983 3743 2058; baseline -0.003 -13"><span class='ocrx_word' id='word_1_343' title='bbox 2087 1993 2472 2056; x_wconf 85' lang='lat' dir='ltr'>sacramenta,</span> <span class='ocrx_word' id='word_1_344' title='bbox 2506 1992 2743 2043; x_wconf 84' lang='lat' dir='ltr'>caveant</span> <span class='ocrx_word' id='word_1_345' title='bbox 2775 1986 3011 2042; x_wconf 86' lang='lat' dir='ltr'>annnlis</span> <span class='ocrx_word' id='word_1_346' title='bbox 3040 1989 3099 2043; x_wconf 91' lang='lat' dir='ltr'>et</span> <span class='ocrx_word' id='word_1_347' title='bbox 3119 1985 3297 2058; x_wconf 88' lang='lat' dir='ltr'>virgis</span> <span class='ocrx_word' id='word_1_348' title='bbox 3328 1983 3743 2041; x_wconf 87' lang='lat' dir='ltr'>ecclesiasticis</span> 
     </span>
    </p>
   </div>
   <div class='ocr_carea' id='block_1_51' title="bbox 2087 2073 3741 2151">
    <p class='ocr_par' dir='ltr' id='par_1_51' title="bbox 2087 2073 3741 2151">
     <span class='ocr_line' id='line_1_51' title="bbox 2087 2073 3741 2151; baseline -0.002 -18"><span class='ocrx_word' id='word_1_349' title='bbox 2087 2078 2404 2151; x_wconf 85' lang='lat' dir='ltr'>quemlibet</span> <span class='ocrx_word' id='word_1_350' title='bbox 2435 2077 2733 2150; x_wconf 86' lang='lat' dir='ltr'>insignire,</span> <span class='ocrx_word' id='word_1_351' title='bbox 2763 2076 3009 2132; x_wconf 90' lang='lat' dir='ltr'>scientes</span> <span class='ocrx_word' id='word_1_352' title='bbox 3027 2075 3135 2131; x_wconf 89' lang='lat' dir='ltr'>hoc</span> <span class='ocrx_word' id='word_1_353' title='bbox 3160 2092 3273 2130; x_wconf 90' lang='lat' dir='ltr'>non</span> <span class='ocrx_word' id='word_1_354' title='bbox 3302 2073 3607 2141; x_wconf 83' lang='lat' dir='ltr'>suiofﬁcii,</span> <span class='ocrx_word' id='word_1_355' title='bbox 3637 2075 3741 2130; x_wconf 87' lang='lat' dir='ltr'>sed</span> 
     </span>
    </p>
   </div>
   <div class='ocr_carea' id='block_1_52' title="bbox 2086 2162 3747 2238">
    <p class='ocr_par' dir='ltr' id='par_1_52' title="bbox 2086 2162 3747 2238">
     <span class='ocr_line' id='line_1_52' title="bbox 2086 2162 3747 2238; baseline -0.004 -14"><span class='ocrx_word' id='word_1_356' title='bbox 2086 2169 2455 2224; x_wconf 85' lang='lat' dir='ltr'>sacerdotum</span> <span class='ocrx_word' id='word_1_357' title='bbox 2486 2183 2632 2221; x_wconf 89' lang='lat' dir='ltr'>esse.</span> <span class='ocrx_word' id='word_1_358' title='bbox 2672 2165 2784 2238; x_wconf 92' lang='lat' dir='ltr'>lpsi</span> <span class='ocrx_word' id='word_1_359' title='bbox 2809 2164 2985 2230; x_wconf 90' lang='lat' dir='ltr'>enim,</span> <span class='ocrx_word' id='word_1_360' title='bbox 3020 2170 3085 2220; x_wconf 90' lang='lat' dir='ltr'>ut</span> <span class='ocrx_word' id='word_1_361' title='bbox 3114 2164 3263 2220; x_wconf 89' lang='lat' dir='ltr'>servi</span> <span class='ocrx_word' id='word_1_362' title='bbox 3295 2162 3619 2231; x_wconf 85' lang='lat' dir='ltr'>domestici,</span> <span class='ocrx_word' id='word_1_363' title='bbox 3643 2163 3747 2234; x_wconf 85' lang='lat' dir='ltr'>ju-</span> 
     </span>
    </p>
   </div>
   <div class='ocr_carea' id='block_1_53' title="bbox 2086 2251 3745 2327">
    <p class='ocr_par' dir='ltr' id='par_1_53' title="bbox 2086 2251 3745 2327">
     <span class='ocr_line' id='line_1_53' title="bbox 2086 2251 3745 2327; baseline -0.002 -15"><span class='ocrx_word' id='word_1_364' title='bbox 2086 2262 2184 2312; x_wconf 84' lang='lat' dir='ltr'>xta</span> <span class='ocrx_word' id='word_1_365' title='bbox 2235 2255 2625 2327; x_wconf 87' lang='lat' dir='ltr'>evangelicam</span> <span class='ocrx_word' id='word_1_366' title='bbox 2677 2254 3034 2326; x_wconf 85' lang='lat' dir='ltr'>parabolam,</span> <span class='ocrx_word' id='word_1_367' title='bbox 3061 2254 3239 2324; x_wconf 87' lang='lat' dir='ltr'>jussu</span> <span class='ocrx_word' id='word_1_368' title='bbox 3300 2251 3745 2324; x_wconf 81' lang='lat' dir='ltr'>patrisfamilias</span> 
     </span>
    </p>
   </div>
   <div class='ocr_carea' id='block_1_54' title="bbox 2090 2341 3746 2420">
    <p class='ocr_par' dir='ltr' id='par_1_54' title="bbox 2090 2341 3746 2420">
     <span class='ocr_line' id='line_1_54' title="bbox 2090 2341 3746 2420; baseline -0.004 -18"><span class='ocrx_word' id='word_1_369' title='bbox 2090 2347 2329 2420; x_wconf 88' lang='lat' dir='ltr'>prodigo</span> <span class='ocrx_word' id='word_1_370' title='bbox 2365 2344 2480 2399; x_wconf 89' lang='lat' dir='ltr'>lilio</span> <span class='ocrx_word' id='word_1_371' title='bbox 2504 2343 2808 2400; x_wconf 88' lang='lat' dir='ltr'>revertenti</span> <span class='ocrx_word' id='word_1_372' title='bbox 2834 2343 3135 2415; x_wconf 88' lang='lat' dir='ltr'>proferunt</span> <span class='ocrx_word' id='word_1_373' title='bbox 3157 2342 3365 2398; x_wconf 89' lang='lat' dir='ltr'>stolam</span> <span class='ocrx_word' id='word_1_374' title='bbox 3392 2342 3662 2414; x_wconf 88' lang='lat' dir='ltr'>primam,</span> <span class='ocrx_word' id='word_1_375' title='bbox 3683 2341 3746 2397; x_wconf 91' lang='lat' dir='ltr'>id</span> 
     </span>
    </p>
   </div>
   <div class='ocr_carea' id='block_1_55' title="bbox 2088 2430 3745 2504">
    <p class='ocr_par' dir='ltr' id='par_1_55' title="bbox 2088 2430 3745 2504">
     <span class='ocr_line' id='line_1_55' title="bbox 2088 2430 3745 2504; baseline -0.004 -12"><span class='ocrx_word' id='word_1_376' title='bbox 2088 2441 2176 2492; x_wconf 91' lang='lat' dir='ltr'>est</span> <span class='ocrx_word' id='word_1_377' title='bbox 2205 2433 2569 2489; x_wconf 82' lang='lat' dir='ltr'>catecliizant</span> <span class='ocrx_word' id='word_1_378' title='bbox 2592 2450 2604 2486; x_wconf 89' lang='lat'><strong>:</strong></span> <span class='ocrx_word' id='word_1_379' title='bbox 2624 2432 2732 2504; x_wconf 84' lang='lat' dir='ltr'>ipsi</span> <span class='ocrx_word' id='word_1_380' title='bbox 2758 2449 2891 2488; x_wconf 88' lang='lat' dir='ltr'>eum</span> <span class='ocrx_word' id='word_1_381' title='bbox 2917 2431 3189 2498; x_wconf 88' lang='lat' dir='ltr'>induunt,</span> <span class='ocrx_word' id='word_1_382' title='bbox 3216 2430 3273 2485; x_wconf 93' lang='lat' dir='ltr'>id</span> <span class='ocrx_word' id='word_1_383' title='bbox 3296 2435 3384 2487; x_wconf 85' lang='lat' dir='ltr'>est</span> <span class='ocrx_word' id='word_1_384' title='bbox 3412 2430 3745 2503; x_wconf 88' lang='lat' dir='ltr'>baptizant;</span> 
     </span>
    </p>
   </div>
   <div class='ocr_carea' id='block_1_56' title="bbox 2086 2518 3750 2597">
    <p class='ocr_par' dir='ltr' id='par_1_56' title="bbox 2086 2518 3750 2597">
     <span class='ocr_line' id='line_1_56' title="bbox 2086 2518 3750 2597; baseline -0.003 -17"><span class='ocrx_word' id='word_1_385' title='bbox 2086 2524 2198 2597; x_wconf 91' lang='lat' dir='ltr'>ipsi</span> <span class='ocrx_word' id='word_1_386' title='bbox 2232 2522 2625 2577; x_wconf 87' lang='lat' dir='ltr'>ealceamenta</span> <span class='ocrx_word' id='word_1_387' title='bbox 2654 2521 3002 2577; x_wconf 89' lang='lat' dir='ltr'>imitationis</span> <span class='ocrx_word' id='word_1_388' title='bbox 3031 2520 3292 2592; x_wconf 84' lang='lat' dir='ltr'>priorum</span> <span class='ocrx_word' id='word_1_389' title='bbox 3318 2523 3550 2592; x_wconf 89' lang='lat' dir='ltr'>patrum</span> <span class='ocrx_word' id='word_1_390' title='bbox 3570 2518 3629 2574; x_wconf 92' lang='lat' dir='ltr'>in</span> <span class='ocrx_word' id='word_1_391' title='bbox 3652 2535 3750 2592; x_wconf 85' lang='lat' dir='ltr'>pe-</span> 
     </span>
    </p>
   </div>
   <div class='ocr_carea' id='block_1_57' title="bbox 2089 2608 3749 2683">
    <p class='ocr_par' dir='ltr' id='par_1_57' title="bbox 2089 2608 3749 2683">
     <span class='ocr_line' id='line_1_57' title="bbox 2089 2608 3749 2683; baseline -0.002 -15"><span class='ocrx_word' id='word_1_392' title='bbox 2089 2613 2263 2668; x_wconf 89' lang='lat' dir='ltr'>dibus</span> <span class='ocrx_word' id='word_1_393' title='bbox 2285 2612 2433 2682; x_wconf 85' lang='lat' dir='ltr'>ejus,</span> <span class='ocrx_word' id='word_1_394' title='bbox 2455 2610 2566 2683; x_wconf 88' lang='lat' dir='ltr'>ipsi</span> <span class='ocrx_word' id='word_1_395' title='bbox 2590 2609 2773 2665; x_wconf 88' lang='lat' dir='ltr'>multo</span> <span class='ocrx_word' id='word_1_396' title='bbox 2797 2610 2984 2682; x_wconf 89' lang='lat' dir='ltr'>magis</span> <span class='ocrx_word' id='word_1_397' title='bbox 3007 2608 3293 2664; x_wconf 91' lang='lat' dir='ltr'>annulum</span> <span class='ocrx_word' id='word_1_398' title='bbox 3317 2608 3749 2680; x_wconf 72' lang='lat' dir='ltr'>praedicationis</span> 
     </span>
    </p>
   </div>
   <div class='ocr_carea' id='block_1_58' title="bbox 2090 2697 3746 2771">
    <p class='ocr_par' dir='ltr' id='par_1_58' title="bbox 2090 2697 3746 2771">
     <span class='ocr_line' id='line_1_58' title="bbox 2090 2697 3746 2771; baseline -0.004 -13"><span class='ocrx_word' id='word_1_399' title='bbox 2090 2719 2191 2758; x_wconf 91' lang='lat' dir='ltr'>seu</span> <span class='ocrx_word' id='word_1_400' title='bbox 2225 2699 2630 2756; x_wconf 64' lang='lat' dir='ltr'>ecclesiastica:</span> <span class='ocrx_word' id='word_1_401' title='bbox 2652 2697 3107 2771; x_wconf 88' lang='lat' dir='ltr'>dispensationis</span> <span class='ocrx_word' id='word_1_402' title='bbox 3138 2697 3281 2752; x_wconf 85' lang='lat' dir='ltr'>dant</span> <span class='ocrx_word' id='word_1_403' title='bbox 3310 2697 3369 2751; x_wconf 92' lang='lat' dir='ltr'>in</span> <span class='ocrx_word' id='word_1_404' title='bbox 3394 2715 3573 2753; x_wconf 90' lang='lat' dir='ltr'>manu</span> <span class='ocrx_word' id='word_1_405' title='bbox 3593 2698 3746 2771; x_wconf 84' lang='lat' dir='ltr'>ejus.</span> 
     </span>
    </p>
   </div>
   <div class='ocr_carea' id='block_1_59' title="bbox 2091 2786 3749 2860">
    <p class='ocr_par' dir='ltr' id='par_1_59' title="bbox 2091 2786 3749 2860">
     <span class='ocr_line' id='line_1_59' title="bbox 2091 2786 3749 2860; baseline -0.001 -15"><span class='ocrx_word' id='word_1_406' title='bbox 2091 2793 2344 2857; x_wconf 89' lang='lat' dir='ltr'>Quorum</span> <span class='ocrx_word' id='word_1_407' title='bbox 2378 2788 2535 2844; x_wconf 89' lang='lat' dir='ltr'>enim</span> <span class='ocrx_word' id='word_1_408' title='bbox 2567 2805 2679 2843; x_wconf 91' lang='lat' dir='ltr'>non</span> <span class='ocrx_word' id='word_1_409' title='bbox 2705 2792 2795 2842; x_wconf 91' lang='lat' dir='ltr'>est</span> <span class='ocrx_word' id='word_1_410' title='bbox 2811 2786 3104 2860; x_wconf 88' lang='lat' dir='ltr'>baptizare</span> <span class='ocrx_word' id='word_1_411' title='bbox 3125 2790 3181 2842; x_wconf 91' lang='lat' dir='ltr'>et</span> <span class='ocrx_word' id='word_1_412' title='bbox 3199 2786 3534 2858; x_wconf 62' lang='lat' dir='ltr'>praedicare,</span> <span class='ocrx_word' id='word_1_413' title='bbox 3557 2786 3749 2843; x_wconf 89' lang='lat' dir='ltr'>multo</span> 
     </span>
    </p>
   </div>
   <div class='ocr_carea' id='block_1_60' title="bbox 2093 2873 3750 2947">
    <p class='ocr_par' dir='ltr' id='par_1_60' title="bbox 2093 2873 3750 2947">
     <span class='ocr_line' id='line_1_60' title="bbox 2093 2873 3750 2947; baseline -0.003 -12"><span class='ocrx_word' id='word_1_414' title='bbox 2093 2880 2289 2935; x_wconf 91' lang='lat' dir='ltr'>minus</span> <span class='ocrx_word' id='word_1_415' title='bbox 2312 2882 2400 2934; x_wconf 88' lang='lat' dir='ltr'>est</span> <span class='ocrx_word' id='word_1_416' title='bbox 2430 2876 2713 2932; x_wconf 89' lang='lat' dir='ltr'>annulum</span> <span class='ocrx_word' id='word_1_417' title='bbox 2745 2876 2902 2943; x_wconf 89' lang='lat' dir='ltr'>dare,</span> <span class='ocrx_word' id='word_1_418' title='bbox 2931 2891 3049 2947; x_wconf 91' lang='lat' dir='ltr'>quo</span> <span class='ocrx_word' id='word_1_419' title='bbox 3084 2873 3398 2946; x_wconf 89' lang='lat' dir='ltr'>specialius</span> <span class='ocrx_word' id='word_1_420' title='bbox 3446 2891 3750 2931; x_wconf 86' lang='lat' dir='ltr'>commen-</span> 
     </span>
    </p>
   </div>
   <div class='ocr_carea' id='block_1_61' title="bbox 2092 2963 3748 3041">
    <p class='ocr_par' dir='ltr' id='par_1_61' title="bbox 2092 2963 3748 3041">
     <span class='ocr_line' id='line_1_61' title="bbox 2092 2963 3748 3041; baseline -0.002 -17"><span class='ocrx_word' id='word_1_421' title='bbox 2092 2970 2266 3025; x_wconf 87' lang='lat' dir='ltr'>datur</span> <span class='ocrx_word' id='word_1_422' title='bbox 2297 2966 2628 3041; x_wconf 80' lang='lat' dir='ltr'>praedicatio</span> <span class='ocrx_word' id='word_1_423' title='bbox 2642 2965 3112 3037; x_wconf 80' lang='lat' dir='ltr'>etmagisterium</span> <span class='ocrx_word' id='word_1_424' title='bbox 3141 2968 3431 3020; x_wconf 88' lang='lat' dir='ltr'>rectorum</span> <span class='ocrx_word' id='word_1_425' title='bbox 3460 2963 3748 3020; x_wconf 68' lang='lat' dir='ltr'>Ecclesiae.</span> 
     </span>
    </p>
   </div>
   <div class='ocr_carea' id='block_1_62' title="bbox 2092 3052 3752 3126">
    <p class='ocr_par' dir='ltr' id='par_1_62' title="bbox 2092 3052 3752 3126">
     <span class='ocr_line' id='line_1_62' title="bbox 2092 3052 3752 3126; baseline -0.002 -13"><span class='ocrx_word' id='word_1_426' title='bbox 2092 3060 2349 3123; x_wconf 90' lang='lat' dir='ltr'>Quorum</span> <span class='ocrx_word' id='word_1_427' title='bbox 2394 3060 2482 3111; x_wconf 90' lang='lat' dir='ltr'>est</span> <span class='ocrx_word' id='word_1_428' title='bbox 2512 3056 2690 3111; x_wconf 87' lang='lat' dir='ltr'>etiam</span> <span class='ocrx_word' id='word_1_429' title='bbox 2725 3052 2967 3108; x_wconf 80' lang='lat' dir='ltr'>vitulum</span> <span class='ocrx_word' id='word_1_430' title='bbox 3001 3052 3335 3126; x_wconf 86' lang='lat' dir='ltr'>saginatum</span> <span class='ocrx_word' id='word_1_431' title='bbox 3376 3053 3663 3109; x_wconf 89' lang='lat' dir='ltr'>adducere</span> <span class='ocrx_word' id='word_1_432' title='bbox 3691 3057 3752 3110; x_wconf 84' lang='lat' dir='ltr'>et</span> 
     </span>
    </p>
   </div>
   <div class='ocr_carea' id='block_1_63' title="bbox 2095 3142 3751 3215">
    <p class='ocr_par' dir='ltr' id='par_1_63' title="bbox 2095 3142 3751 3215">
     <span class='ocr_line' id='line_1_63' title="bbox 2095 3142 3751 3215; baseline -0.002 -13"><span class='ocrx_word' id='word_1_433' title='bbox 2095 3146 2373 3211; x_wconf 90' lang='lat' dir='ltr'>occidere,</span> <span class='ocrx_word' id='word_1_434' title='bbox 2407 3148 2770 3200; x_wconf 89' lang='lat' dir='ltr'>sacramenta</span> <span class='ocrx_word' id='word_1_435' title='bbox 2808 3142 3027 3198; x_wconf 87' lang='lat' dir='ltr'>scilicet</span> <span class='ocrx_word' id='word_1_436' title='bbox 3056 3143 3315 3214; x_wconf 90' lang='lat' dir='ltr'>corporis</span> <span class='ocrx_word' id='word_1_437' title='bbox 3345 3148 3402 3197; x_wconf 85' lang='lat' dir='ltr'>et</span> <span class='ocrx_word' id='word_1_438' title='bbox 3441 3142 3751 3215; x_wconf 87' lang='lat' dir='ltr'>sanguinis</span> 
     </span>
    </p>
   </div>
   <div class='ocr_carea' id='block_1_64' title="bbox 2094 3230 3747 3304">
    <p class='ocr_par' dir='ltr' id='par_1_64' title="bbox 2094 3230 3747 3304">
     <span class='ocr_line' id='line_1_64' title="bbox 2094 3230 3747 3304; baseline -0.002 -13"><span class='ocrx_word' id='word_1_439' title='bbox 2094 3235 2311 3291; x_wconf 86' lang='lat' dir='ltr'>Christi</span> <span class='ocrx_word' id='word_1_440' title='bbox 2343 3233 2572 3290; x_wconf 77' lang='lat' dir='ltr'>familiae</span> <span class='ocrx_word' id='word_1_441' title='bbox 2603 3234 2730 3303; x_wconf 85' lang='lat' dir='ltr'>ejus</span> <span class='ocrx_word' id='word_1_442' title='bbox 2761 3230 3077 3304; x_wconf 69' lang='lat' dir='ltr'>epulatura:</span> <span class='ocrx_word' id='word_1_443' title='bbox 3109 3248 3452 3304; x_wconf 62' lang='lat' dir='ltr'>praeparare.</span> <span class='ocrx_word' id='word_1_444' title='bbox 3497 3231 3656 3295; x_wconf 91' lang='lat' dir='ltr'>Quod</span> <span class='ocrx_word' id='word_1_445' title='bbox 3696 3232 3747 3288; x_wconf 88' lang='lat' dir='ltr'>si</span> 
     </span>
    </p>
   </div>
   <div class='ocr_carea' id='block_1_65' title="bbox 334 3309 3745 3397">
    <p class='ocr_par' dir='ltr' id='par_1_65' title="bbox 334 3309 3745 3397">
     <span class='ocr_line' id='line_1_65' title="bbox 334 3309 3745 3397; baseline -0.005 -17"><span class='ocrx_word' id='word_1_446' title='bbox 334 3309 644 3381; x_wconf 87' lang='lat' dir='ltr'>cerdotalis</span> <span class='ocrx_word' id='word_1_447' title='bbox 674 3314 847 3372; x_wconf 84' lang='lat' dir='ltr'>officii</span> <span class='ocrx_word' id='word_1_448' title='bbox 881 3315 1352 3386; x_wconf 67' lang='lat' dir='ltr'>praesumptores,</span> <span class='ocrx_word' id='word_1_449' title='bbox 1377 3311 1468 3366; x_wconf 82' lang='lat' dir='ltr'>vix</span> <span class='ocrx_word' id='word_1_450' title='bbox 1489 3310 1727 3384; x_wconf 79' lang='lat' dir='ltr'>attigere</span> <span class='ocrx_word' id='word_1_451' title='bbox 1747 3312 1979 3368; x_wconf 90' lang='lat' dir='ltr'>tertiam</span> <span class='ocrx_word' id='word_1_452' title='bbox 2012 3309 2055 3377; x_wconf 85' lang='lat' dir='ltr'>C</span> <span class='ocrx_word' id='word_1_453' title='bbox 2092 3323 2384 3397; x_wconf 64' lang='lat' dir='ltr'>principes</span> <span class='ocrx_word' id='word_1_454' title='bbox 2414 3320 2609 3377; x_wconf 63' lang='lat' dir='ltr'>amuli</span> <span class='ocrx_word' id='word_1_455' title='bbox 2644 3321 2893 3376; x_wconf 73' lang='lat' dir='ltr'>mercedi</span> <span class='ocrx_word' id='word_1_456' title='bbox 2925 3319 3255 3375; x_wconf 67' lang='lat' dir='ltr'>animarum</span> <span class='ocrx_word' id='word_1_457' title='bbox 3279 3336 3521 3376; x_wconf 65' lang='lat' dir='ltr'>suarum</span> <span class='ocrx_word' id='word_1_458' title='bbox 3548 3319 3607 3375; x_wconf 73' lang='lat' dir='ltr'>in</span> <span class='ocrx_word' id='word_1_459' title='bbox 3639 3321 3745 3377; x_wconf 70' lang='lat' dir='ltr'>de-</span> 
     </span>
    </p>
   </div>
   <div class='ocr_carea' id='block_1_66' title="bbox 335 3399 1984 3481">
    <p class='ocr_par' dir='ltr' id='par_1_66' title="bbox 335 3399 1984 3481">
     <span class='ocr_line' id='line_1_66' title="bbox 335 3399 1984 3481; baseline -0.006 -14"><span class='ocrx_word' id='word_1_460' title='bbox 335 3413 471 3468; x_wconf 88' lang='lat' dir='ltr'>Post</span> <span class='ocrx_word' id='word_1_461' title='bbox 499 3424 647 3481; x_wconf 89' lang='lat' dir='ltr'>quos</span> <span class='ocrx_word' id='word_1_462' title='bbox 670 3406 897 3480; x_wconf 84' lang='lat' dir='ltr'>primus</span> <span class='ocrx_word' id='word_1_463' title='bbox 925 3401 1205 3457; x_wconf 84' lang='lat' dir='ltr'>Henricus</span> <span class='ocrx_word' id='word_1_464' title='bbox 1227 3399 1469 3456; x_wconf 91' lang='lat' dir='ltr'>nullam.</span> <span class='ocrx_word' id='word_1_465' title='bbox 1500 3400 1660 3466; x_wconf 88' lang='lat' dir='ltr'>Quod</span> <span class='ocrx_word' id='word_1_466' title='bbox 1684 3404 1741 3455; x_wconf 93' lang='lat' dir='ltr'>et</span> <span class='ocrx_word' id='word_1_467' title='bbox 1770 3401 1824 3455; x_wconf 93' lang='lat' dir='ltr'>in</span> <span class='ocrx_word' id='word_1_468' title='bbox 1854 3401 1984 3458; x_wconf 90' lang='lat' dir='ltr'>aliis</span> 
     </span>
    </p>
   </div>
   <div class='ocr_carea' id='block_1_67' title="bbox 335 3488 1981 3572">
    <p class='ocr_par' dir='ltr' id='par_1_67' title="bbox 335 3488 1981 3572">
     <span class='ocr_line' id='line_1_67' title="bbox 335 3488 1981 3572; baseline -0.007 -15"><span class='ocrx_word' id='word_1_469' title='bbox 335 3499 532 3572; x_wconf 82' lang='lat' dir='ltr'>regnis</span> <span class='ocrx_word' id='word_1_470' title='bbox 563 3502 620 3554; x_wconf 91' lang='lat' dir='ltr'>et</span> <span class='ocrx_word' id='word_1_471' title='bbox 648 3492 1070 3569; x_wconf 89' lang='lat' dir='ltr'>principatibus</span> <span class='ocrx_word' id='word_1_472' title='bbox 1098 3489 1414 3562; x_wconf 83' lang='lat' dir='ltr'>contigisse</span> <span class='ocrx_word' id='word_1_473' title='bbox 1460 3489 1560 3561; x_wconf 90' lang='lat' dir='ltr'>qui</span> <span class='ocrx_word' id='word_1_474' title='bbox 1599 3488 1981 3562; x_wconf 89' lang='lat' dir='ltr'>disquisierit,</span> 
     </span>
    </p>
   </div>
   <div class='ocr_carea' id='block_1_68' title="bbox 332 3576 1982 3658">
    <p class='ocr_par' dir='ltr' id='par_1_68' title="bbox 332 3576 1982 3658">
     <span class='ocr_line' id='line_1_68' title="bbox 332 3576 1982 3658; baseline -0.008 -12"><span class='ocrx_word' id='word_1_475' title='bbox 332 3587 592 3645; x_wconf 83' lang='lat' dir='ltr'>invenire</span> <span class='ocrx_word' id='word_1_476' title='bbox 640 3584 868 3658; x_wconf 85' lang='lat' dir='ltr'>poterit.</span> <span class='ocrx_word' id='word_1_477' title='bbox 888 3576 970 3636; x_wconf 73' lang='grc' dir='ltr'>Ὲι</span> <span class='ocrx_word' id='word_1_478' title='bbox 999 3586 1192 3636; x_wconf 90' lang='lat' dir='ltr'>tamen</span> <span class='ocrx_word' id='word_1_479' title='bbox 1237 3578 1490 3634; x_wconf 89' lang='lat' dir='ltr'>mirabili</span> <span class='ocrx_word' id='word_1_480' title='bbox 1521 3579 1779 3634; x_wconf 66' lang='lat' dir='ltr'>caecitate</span> <span class='ocrx_word' id='word_1_481' title='bbox 1827 3579 1982 3634; x_wconf 87' lang='lat' dir='ltr'>arbi-</span> 
     </span>
    </p>
   </div>
   <div class='ocr_carea' id='block_1_69' title="bbox 331 3667 1982 3747">
    <p class='ocr_par' dir='ltr' id='par_1_69' title="bbox 331 3667 1982 3747">
     <span class='ocr_line' id='line_1_69' title="bbox 331 3667 1982 3747; baseline -0.009 -11"><span class='ocrx_word' id='word_1_482' title='bbox 331 3680 563 3736; x_wconf 85' lang='lat' dir='ltr'>trantur</span> <span class='ocrx_word' id='word_1_483' title='bbox 607 3672 947 3747; x_wconf 85' lang='lat' dir='ltr'>hujusmodi</span> <span class='ocrx_word' id='word_1_484' title='bbox 981 3669 1275 3743; x_wconf 90' lang='lat' dir='ltr'>principes</span> <span class='ocrx_word' id='word_1_485' title='bbox 1323 3685 1385 3725; x_wconf 91' lang='lat' dir='ltr'>se</span> <span class='ocrx_word' id='word_1_486' title='bbox 1415 3667 1761 3740; x_wconf 87' lang='lat' dir='ltr'>obsequium</span> <span class='ocrx_word' id='word_1_487' title='bbox 1811 3685 1982 3740; x_wconf 70' lang='lat' dir='ltr'>praes-</span> 
     </span>
    </p>
   </div>
   <div class='ocr_carea' id='block_1_70' title="bbox 329 3756 1981 3834">
    <p class='ocr_par' dir='ltr' id='par_1_70' title="bbox 329 3756 1981 3834">
     <span class='ocr_line' id='line_1_70' title="bbox 329 3756 1981 3834; baseline -0.008 -10"><span class='ocrx_word' id='word_1_488' title='bbox 329 3773 451 3825; x_wconf 87' lang='lat' dir='ltr'>tare</span> <span class='ocrx_word' id='word_1_489' title='bbox 481 3767 630 3833; x_wconf 88' lang='lat' dir='ltr'>Deo;</span> <span class='ocrx_word' id='word_1_490' title='bbox 663 3764 715 3820; x_wconf 89' lang='lat' dir='ltr'>si</span> <span class='ocrx_word' id='word_1_491' title='bbox 742 3779 811 3818; x_wconf 81' lang='lat' dir='ltr'>ex</span> <span class='ocrx_word' id='word_1_492' title='bbox 843 3758 1127 3834; x_wconf 86' lang='lat' dir='ltr'>pecuniis,</span> <span class='ocrx_word' id='word_1_493' title='bbox 1160 3757 1246 3813; x_wconf 94' lang='lat' dir='ltr'>vel</span> <span class='ocrx_word' id='word_1_494' title='bbox 1280 3757 1513 3830; x_wconf 72' lang='lat' dir='ltr'>przediis</span> <span class='ocrx_word' id='word_1_495' title='bbox 1544 3756 1736 3812; x_wconf 87' lang='lat' dir='ltr'>taliter</span> <span class='ocrx_word' id='word_1_496' title='bbox 1783 3756 1981 3829; x_wconf 90' lang='lat' dir='ltr'>aequi-</span> 
     </span>
    </p>
   </div>
   <div class='ocr_carea' id='block_1_71' title="bbox 329 3844 1976 3918">
    <p class='ocr_par' dir='ltr' id='par_1_71' title="bbox 329 3844 1976 3918">
     <span class='ocr_line' id='line_1_71' title="bbox 329 3844 1976 3918; baseline -0.007 -5"><span class='ocrx_word' id='word_1_497' title='bbox 329 3854 460 3914; x_wconf 89' lang='lat' dir='ltr'>sitis</span> <span class='ocrx_word' id='word_1_498' title='bbox 493 3852 854 3911; x_wconf 89' lang='lat' dir='ltr'>constituant</span> <span class='ocrx_word' id='word_1_499' title='bbox 883 3866 1063 3906; x_wconf 90' lang='lat' dir='ltr'>novas</span> <span class='ocrx_word' id='word_1_500' title='bbox 1098 3846 1373 3913; x_wconf 84' lang='lat' dir='ltr'>ecclesias</span> <span class='ocrx_word' id='word_1_501' title='bbox 1421 3844 1508 3901; x_wconf 90' lang='lat' dir='ltr'>vel</span> <span class='ocrx_word' id='word_1_502' title='bbox 1554 3844 1669 3901; x_wconf 88' lang='lat' dir='ltr'>alia</span> <span class='ocrx_word' id='word_1_503' title='bbox 1710 3846 1805 3918; x_wconf 90' lang='lat' dir='ltr'>pia</span> <span class='ocrx_word' id='word_1_504' title='bbox 1834 3844 1976 3913; x_wconf 89' lang='lat' dir='ltr'>loca,</span> 
     </span>
    </p>
   </div>
   <div class='ocr_carea' id='block_1_72' title="bbox 328 3934 1982 4010">
    <p class='ocr_par' dir='ltr' id='par_1_72' title="bbox 328 3934 1982 4010">
     <span class='ocr_line' id='line_1_72' title="bbox 328 3934 1982 4010; baseline -0.009 -6"><span class='ocrx_word' id='word_1_505' title='bbox 328 3962 464 4004; x_wconf 89' lang='lat' dir='ltr'>eum</span> <span class='ocrx_word' id='word_1_506' title='bbox 496 3961 611 4001; x_wconf 87' lang='lat' dir='ltr'>non</span> <span class='ocrx_word' id='word_1_507' title='bbox 641 3941 835 3999; x_wconf 89' lang='lat' dir='ltr'>solum</span> <span class='ocrx_word' id='word_1_508' title='bbox 868 3938 1013 3996; x_wconf 89' lang='lat' dir='ltr'>nihil</span> <span class='ocrx_word' id='word_1_509' title='bbox 1034 3937 1125 3993; x_wconf 84' lang='lat' dir='ltr'>eis</span> <span class='ocrx_word' id='word_1_510' title='bbox 1150 3937 1351 4010; x_wconf 89' lang='lat' dir='ltr'>prosit,</span> <span class='ocrx_word' id='word_1_511' title='bbox 1377 3936 1476 3991; x_wconf 89' lang='lat' dir='ltr'>sed</span> <span class='ocrx_word' id='word_1_512' title='bbox 1501 3934 1818 4007; x_wconf 90' lang='lat' dir='ltr'>plurimum</span> <span class='ocrx_word' id='word_1_513' title='bbox 1842 3952 1982 4007; x_wconf 86' lang='lat' dir='ltr'>quo-</span> 
     </span>
    </p>
   </div>
   <div class='ocr_carea' id='block_1_73' title="bbox 327 4024 1981 4109">
    <p class='ocr_par' dir='ltr' id='par_1_73' title="bbox 327 4024 1981 4109">
     <span class='ocr_line' id='line_1_73' title="bbox 327 4024 1981 4109; baseline -0.007 -17"><span class='ocrx_word' id='word_1_514' title='bbox 327 4046 441 4109; x_wconf 87' lang='lat' dir='ltr'>que</span> <span class='ocrx_word' id='word_1_515' title='bbox 470 4030 644 4099; x_wconf 85' lang='lat' dir='ltr'>ebsit,</span> <span class='ocrx_word' id='word_1_516' title='bbox 693 4031 845 4086; x_wconf 89' lang='lat' dir='ltr'>sicut</span> <span class='ocrx_word' id='word_1_517' title='bbox 881 4046 951 4085; x_wconf 87' lang='lat' dir='ltr'>ex</span> <span class='ocrx_word' id='word_1_518' title='bbox 998 4026 1189 4083; x_wconf 87' lang='lat' dir='ltr'>verbis</span> <span class='ocrx_word' id='word_1_519' title='bbox 1228 4024 1379 4081; x_wconf 89' lang='lat' dir='ltr'>beati</span> <span class='ocrx_word' id='word_1_520' title='bbox 1410 4024 1667 4096; x_wconf 87' lang='lat' dir='ltr'>Gregorii</span> <span class='ocrx_word' id='word_1_521' title='bbox 1708 4025 1981 4096; x_wconf 90' lang='lat' dir='ltr'>superius</span> 
     </span>
    </p>
   </div>
   <div class='ocr_carea' id='block_1_74' title="bbox 329 4113 1978 4186">
    <p class='ocr_par' dir='ltr' id='par_1_74' title="bbox 329 4113 1978 4186">
     <span class='ocr_line' id='line_1_74' title="bbox 329 4113 1978 4186; baseline -0.007 -4"><span class='ocrx_word' id='word_1_522' title='bbox 329 4127 691 4181; x_wconf 83' lang='lat' dir='ltr'>monstratur</span> <span class='ocrx_word' id='word_1_523' title='bbox 710 4120 872 4176; x_wconf 88' lang='lat' dir='ltr'>satis.</span> <span class='ocrx_word' id='word_1_524' title='bbox 892 4118 958 4173; x_wconf 84' lang='lat' dir='ltr'>Et</span> <span class='ocrx_word' id='word_1_525' title='bbox 976 4132 1171 4172; x_wconf 90' lang='lat' dir='ltr'>revera</span> <span class='ocrx_word' id='word_1_526' title='bbox 1186 4115 1325 4186; x_wconf 91' lang='lat' dir='ltr'>quid</span> <span class='ocrx_word' id='word_1_527' title='bbox 1350 4114 1585 4185; x_wconf 88' lang='lat' dir='ltr'>prodest</span> <span class='ocrx_word' id='word_1_528' title='bbox 1616 4113 1978 4185; x_wconf 88' lang='lat' dir='ltr'>principibus</span> 
     </span>
    </p>
   </div>
   <div class='ocr_carea' id='block_1_75' title="bbox 327 4205 1980 4272">
    <p class='ocr_par' dir='ltr' id='par_1_75' title="bbox 327 4205 1980 4272">
     <span class='ocr_line' id='line_1_75' title="bbox 327 4205 1980 4272; baseline -0.007 -2"><span class='ocrx_word' id='word_1_529' title='bbox 327 4212 487 4270; x_wconf 89' lang='lat' dir='ltr'>mille</span> <span class='ocrx_word' id='word_1_530' title='bbox 516 4210 792 4267; x_wconf 88' lang='lat' dir='ltr'>ecclesias</span> <span class='ocrx_word' id='word_1_531' title='bbox 806 4207 1127 4272; x_wconf 90' lang='lat' dir='ltr'>destruere,</span> <span class='ocrx_word' id='word_1_532' title='bbox 1157 4209 1213 4259; x_wconf 90' lang='lat' dir='ltr'>et</span> <span class='ocrx_word' id='word_1_533' title='bbox 1236 4218 1413 4258; x_wconf 91' lang='lat' dir='ltr'>unam</span> <span class='ocrx_word' id='word_1_534' title='bbox 1435 4205 1770 4257; x_wconf 84' lang='lat' dir='ltr'>construere</span> <span class='ocrx_word' id='word_1_535' title='bbox 1790 4218 1980 4259; x_wconf 83' lang='lat' dir='ltr'>exem-</span> 
     </span>
    </p>
   </div>
   <div class='ocr_carea' id='block_1_76' title="bbox 328 4291 1977 4376">
    <p class='ocr_par' dir='ltr' id='par_1_76' title="bbox 328 4291 1977 4376">
     <span class='ocr_line' id='line_1_76' title="bbox 328 4291 1977 4376; baseline -0.008 -17"><span class='ocrx_word' id='word_1_536' title='bbox 328 4303 423 4376; x_wconf 92' lang='lat' dir='ltr'>plo</span> <span class='ocrx_word' id='word_1_537' title='bbox 455 4297 787 4374; x_wconf 88' lang='lat' dir='ltr'>principum</span> <span class='ocrx_word' id='word_1_538' title='bbox 820 4295 1055 4350; x_wconf 90' lang='lat' dir='ltr'>illorum</span> <span class='ocrx_word' id='word_1_539' title='bbox 1087 4308 1235 4364; x_wconf 91' lang='lat' dir='ltr'>quos</span> <span class='ocrx_word' id='word_1_540' title='bbox 1276 4291 1848 4363; x_wconf 75' lang='lat' dir='ltr'>przenominavimus,</span> <span class='ocrx_word' id='word_1_541' title='bbox 1877 4291 1977 4365; x_wconf 87' lang='lat' dir='ltr'>qui</span> 
     </span>
    </p>
   </div>
   <div class='ocr_carea' id='block_1_77' title="bbox 330 4379 1976 4462">
    <p class='ocr_par' dir='ltr' id='par_1_77' title="bbox 330 4379 1976 4462">
     <span class='ocr_line' id='line_1_77' title="bbox 330 4379 1976 4462; baseline -0.007 -15"><span class='ocrx_word' id='word_1_542' title='bbox 330 4392 401 4447; x_wconf 86' lang='lat' dir='ltr'>de</span> <span class='ocrx_word' id='word_1_543' title='bbox 428 4387 633 4462; x_wconf 83' lang='lat' dir='ltr'>spoliis</span> <span class='ocrx_word' id='word_1_544' title='bbox 651 4384 967 4440; x_wconf 86' lang='lat' dir='ltr'>multarum</span> <span class='ocrx_word' id='word_1_545' title='bbox 991 4379 1390 4443; x_wconf 89' lang='lat' dir='ltr'>ecclesiarum,</span> <span class='ocrx_word' id='word_1_546' title='bbox 1414 4383 1471 4435; x_wconf 91' lang='lat' dir='ltr'>et</span> <span class='ocrx_word' id='word_1_547' title='bbox 1501 4379 1819 4452; x_wconf 72' lang='lat' dir='ltr'>praesertim</span> <span class='ocrx_word' id='word_1_548' title='bbox 1846 4398 1976 4452; x_wconf 91' lang='lat' dir='ltr'>pro-</span> 
     </span>
    </p>
   </div>
   <div class='ocr_carea' id='block_1_78' title="bbox 326 4470 1976 4542">
    <p class='ocr_par' dir='ltr' id='par_1_78' title="bbox 326 4470 1976 4542">
     <span class='ocr_line' id='line_1_78' title="bbox 326 4470 1976 4542; baseline -0.006 -7"><span class='ocrx_word' id='word_1_549' title='bbox 326 4479 656 4536; x_wconf 88' lang='lat' dir='ltr'>vinciarum</span> <span class='ocrx_word' id='word_1_550' title='bbox 675 4473 902 4529; x_wconf 65' lang='lat' dir='ltr'>miserae</span> <span class='ocrx_word' id='word_1_551' title='bbox 921 4470 1116 4539; x_wconf 66' lang='lat' dir='ltr'>Italiae,</span> <span class='ocrx_word' id='word_1_552' title='bbox 1149 4470 1294 4526; x_wconf 92' lang='lat' dir='ltr'>duos</span> <span class='ocrx_word' id='word_1_553' title='bbox 1318 4470 1689 4542; x_wconf 84' lang='lat' dir='ltr'>episcopatus</span> <span class='ocrx_word' id='word_1_554' title='bbox 1711 4474 1976 4525; x_wconf 87' lang='lat' dir='ltr'>constru-</span> 
     </span>
    </p>
   </div>
   <div class='ocr_carea' id='block_1_79' title="bbox 328 4558 1974 4635">
    <p class='ocr_par' dir='ltr' id='par_1_79' title="bbox 328 4558 1974 4635">
     <span class='ocr_line' id='line_1_79' title="bbox 328 4558 1974 4635; baseline -0.006 -11"><span class='ocrx_word' id='word_1_555' title='bbox 328 4584 480 4635; x_wconf 87' lang='lat' dir='ltr'>xere,</span> <span class='ocrx_word' id='word_1_556' title='bbox 516 4569 583 4621; x_wconf 88' lang='lat' dir='ltr'>ut</span> <span class='ocrx_word' id='word_1_557' title='bbox 611 4563 699 4620; x_wconf 91' lang='lat' dir='ltr'>vel</span> <span class='ocrx_word' id='word_1_558' title='bbox 738 4562 822 4619; x_wconf 89' lang='lat' dir='ltr'>sic</span> <span class='ocrx_word' id='word_1_559' title='bbox 850 4560 1110 4616; x_wconf 91' lang='lat' dir='ltr'>humano</span> <span class='ocrx_word' id='word_1_560' title='bbox 1128 4558 1352 4631; x_wconf 90' lang='lat' dir='ltr'>judicio</span> <span class='ocrx_word' id='word_1_561' title='bbox 1385 4558 1845 4631; x_wconf 88' lang='lat' dir='ltr'>approbarentur</span> <span class='ocrx_word' id='word_1_562' title='bbox 1876 4558 1974 4632; x_wconf 90' lang='lat' dir='ltr'>qui</span> 
     </span>
    </p>
   </div>
   <div class='ocr_carea' id='block_1_80' title="bbox 326 4646 2054 4742">
    <p class='ocr_par' dir='ltr' id='par_1_80' title="bbox 326 4646 2054 4742">
     <span class='ocr_line' id='line_1_80' title="bbox 326 4646 2054 4742; baseline -0.007 -29"><span class='ocrx_word' id='word_1_563' title='bbox 326 4655 522 4714; x_wconf 81' lang='lat' dir='ltr'>divino</span> <span class='ocrx_word' id='word_1_564' title='bbox 554 4653 972 4726; x_wconf 87' lang='lat' dir='ltr'>reprobantur;</span> <span class='ocrx_word' id='word_1_565' title='bbox 1003 4655 1060 4705; x_wconf 91' lang='lat' dir='ltr'>et</span> <span class='ocrx_word' id='word_1_566' title='bbox 1088 4648 1256 4721; x_wconf 92' lang='lat' dir='ltr'>quasi</span> <span class='ocrx_word' id='word_1_567' title='bbox 1280 4664 1558 4742; x_wconf 79' lang='lat' dir='ltr'>magnum</span> <span class='ocrx_word' id='word_1_568' title='bbox 1581 4646 1802 4742; x_wconf 81' lang='lat' dir='ltr'>aliquid</span> <span class='ocrx_word' id='word_1_569' title='bbox 1824 4647 1973 4704; x_wconf 88' lang='lat' dir='ltr'>fece-</span> <span class='ocrx_word' id='word_1_570' title='bbox 2010 4678 2054 4742; x_wconf 68' lang='grc' dir='ltr'><strong>Β</strong></span> 
     </span>
    </p>
   </div>
   <div class='ocr_carea' id='block_1_81' title="bbox 327 4735 1975 4816">
    <p class='ocr_par' dir='ltr' id='par_1_81' title="bbox 327 4735 1975 4816">
     <span class='ocr_line' id='line_1_81' title="bbox 327 4735 1975 4816; baseline -0.005 -13"><span class='ocrx_word' id='word_1_571' title='bbox 327 4748 464 4816; x_wconf 84' lang='lat' dir='ltr'>rint,</span> <span class='ocrx_word' id='word_1_572' title='bbox 498 4745 732 4801; x_wconf 89' lang='lat' dir='ltr'>nomine</span> <span class='ocrx_word' id='word_1_573' title='bbox 756 4739 1062 4811; x_wconf 87' lang='lat' dir='ltr'>tenusjuri</span> <span class='ocrx_word' id='word_1_574' title='bbox 1086 4737 1432 4794; x_wconf 85' lang='lat' dir='ltr'>tradiderint</span> <span class='ocrx_word' id='word_1_575' title='bbox 1452 4735 1777 4809; x_wconf 86' lang='lat' dir='ltr'>apostolicae</span> <span class='ocrx_word' id='word_1_576' title='bbox 1796 4738 1975 4806; x_wconf 91' lang='lat' dir='ltr'>sedis,</span> 
     </span>
    </p>
   </div>
   <div class='ocr_carea' id='block_1_82' title="bbox 325 4828 1979 4894">
    <p class='ocr_par' dir='ltr' id='par_1_82' title="bbox 325 4828 1979 4894">
     <span class='ocr_line' id='line_1_82' title="bbox 325 4828 1979 4894; baseline -0.007 0"><span class='ocrx_word' id='word_1_577' title='bbox 325 4839 462 4894; x_wconf 86' lang='lat' dir='ltr'>cum</span> <span class='ocrx_word' id='word_1_578' title='bbox 506 4836 618 4893; x_wconf 89' lang='lat' dir='ltr'>sibi</span> <span class='ocrx_word' id='word_1_579' title='bbox 650 4836 843 4889; x_wconf 85' lang='lat' dir='ltr'>tamen</span> <span class='ocrx_word' id='word_1_580' title='bbox 875 4835 931 4886; x_wconf 88' lang='lat' dir='ltr'>et</span> <span class='ocrx_word' id='word_1_581' title='bbox 962 4828 1400 4887; x_wconf 84' lang='lat' dir='ltr'>successoribus</span> <span class='ocrx_word' id='word_1_582' title='bbox 1432 4828 1556 4882; x_wconf 90' lang='lat' dir='ltr'>suis</span> <span class='ocrx_word' id='word_1_583' title='bbox 1589 4844 1761 4883; x_wconf 90' lang='lat' dir='ltr'>omne</span> <span class='ocrx_word' id='word_1_584' title='bbox 1794 4828 1979 4884; x_wconf 88' lang='lat' dir='ltr'>domi-</span> 
     </span>
    </p>
   </div>
   <div class='ocr_carea' id='block_1_83' title="bbox 324 4916 1978 4989">
    <p class='ocr_par' dir='ltr' id='par_1_83' title="bbox 324 4916 1978 4989">
     <span class='ocr_line' id='line_1_83' title="bbox 324 4916 1978 4989; baseline -0.007 -5"><span class='ocrx_word' id='word_1_585' title='bbox 324 4928 493 4984; x_wconf 77' lang='lat' dir='ltr'>nium</span> <span class='ocrx_word' id='word_1_586' title='bbox 525 4925 662 4980; x_wconf 88' lang='lat' dir='ltr'>inde</span> <span class='ocrx_word' id='word_1_587' title='bbox 692 4920 1087 4978; x_wconf 85' lang='lat' dir='ltr'>retinuerint?</span> <span class='ocrx_word' id='word_1_588' title='bbox 1117 4917 1406 4973; x_wconf 90' lang='lat' dir='ltr'>Nimirum</span> <span class='ocrx_word' id='word_1_589' title='bbox 1432 4917 1549 4973; x_wconf 89' lang='lat' dir='ltr'>sive</span> <span class='ocrx_word' id='word_1_590' title='bbox 1582 4916 1824 4987; x_wconf 88' lang='lat' dir='ltr'>isti,sive</span> <span class='ocrx_word' id='word_1_591' title='bbox 1855 4918 1978 4989; x_wconf 85' lang='lat' dir='ltr'>qui-</span> 
     </span>
    </p>
   </div>
   <div class='ocr_carea' id='block_1_84' title="bbox 322 5004 1972 5090">
    <p class='ocr_par' dir='ltr' id='par_1_84' title="bbox 322 5004 1972 5090">
     <span class='ocr_line' id='line_1_84' title="bbox 322 5004 1972 5090; baseline -0.007 -15"><span class='ocrx_word' id='word_1_592' title='bbox 322 5004 555 5090; x_wconf 89' lang='lat' dir='ltr'>cunque</span> <span class='ocrx_word' id='word_1_593' title='bbox 576 5015 900 5069; x_wconf 89' lang='lat' dir='ltr'>imitatores</span> <span class='ocrx_word' id='word_1_594' title='bbox 919 5025 1141 5074; x_wconf 90' lang='lat' dir='ltr'>eorum,</span> <span class='ocrx_word' id='word_1_595' title='bbox 1168 5012 1267 5062; x_wconf 88' lang='lat' dir='ltr'>aut</span> <span class='ocrx_word' id='word_1_596' title='bbox 1298 5006 1525 5073; x_wconf 87' lang='lat' dir='ltr'>fallunt,</span> <span class='ocrx_word' id='word_1_597' title='bbox 1546 5011 1652 5062; x_wconf 80' lang='lat' dir='ltr'>aut</span> <span class='ocrx_word' id='word_1_598' title='bbox 1673 5005 1972 5078; x_wconf 90' lang='lat' dir='ltr'>falluntur,</span> 
     </span>
    </p>
   </div>
   <div class='ocr_carea' id='block_1_85' title="bbox 320 5096 1975 5173">
    <p class='ocr_par' dir='ltr' id='par_1_85' title="bbox 320 5096 1975 5173">
     <span class='ocr_line' id='line_1_85' title="bbox 320 5096 1975 5173; baseline -0.009 -7"><span class='ocrx_word' id='word_1_599' title='bbox 320 5110 375 5166; x_wconf 90' lang='lat' dir='ltr'>si&#39;</span> <span class='ocrx_word' id='word_1_600' title='bbox 402 5107 650 5165; x_wconf 90' lang='lat' dir='ltr'>credunt</span> <span class='ocrx_word' id='word_1_601' title='bbox 682 5099 928 5173; x_wconf 89' lang='lat' dir='ltr'>Principi</span> <span class='ocrx_word' id='word_1_602' title='bbox 948 5096 1344 5171; x_wconf 88' lang='lat' dir='ltr'>apostolorum</span> <span class='ocrx_word' id='word_1_603' title='bbox 1368 5102 1570 5153; x_wconf 86' lang='lat' dir='ltr'>contra</span> <span class='ocrx_word' id='word_1_604' title='bbox 1601 5114 1768 5153; x_wconf 87' lang='lat' dir='ltr'>suam</span> <span class='ocrx_word' id='word_1_605' title='bbox 1789 5097 1848 5151; x_wconf 90' lang='lat' dir='ltr'>in</span> <span class='ocrx_word' id='word_1_606' title='bbox 1881 5098 1975 5154; x_wconf 89' lang='lat' dir='ltr'>Si-</span> 
     </span>
    </p>
   </div>
   <div class='ocr_carea' id='block_1_86' title="bbox 323 5186 1980 5267">
    <p class='ocr_par' dir='ltr' id='par_1_86' title="bbox 323 5186 1980 5267">
     <span class='ocr_line' id='line_1_86' title="bbox 323 5186 1980 5267; baseline -0.009 -10"><span class='ocrx_word' id='word_1_607' title='bbox 323 5213 558 5257; x_wconf 89' lang='lat' dir='ltr'>monem</span> <span class='ocrx_word' id='word_1_608' title='bbox 592 5210 831 5267; x_wconf 88' lang='lat' dir='ltr'>magum</span> <span class='ocrx_word' id='word_1_609' title='bbox 863 5189 1214 5247; x_wconf 89' lang='lat' dir='ltr'>sententiam</span> <span class='ocrx_word' id='word_1_610' title='bbox 1238 5186 1383 5243; x_wconf 87' lang='lat' dir='ltr'>tales</span> <span class='ocrx_word' id='word_1_611' title='bbox 1415 5187 1737 5243; x_wconf 89' lang='lat' dir='ltr'>oblationes</span> <span class='ocrx_word' id='word_1_612' title='bbox 1767 5186 1854 5242; x_wconf 91' lang='lat' dir='ltr'>vel</span> <span class='ocrx_word' id='word_1_613' title='bbox 1889 5204 1980 5259; x_wconf 88' lang='lat' dir='ltr'>pe-</span> 
     </span>
    </p>
   </div>
   <div class='ocr_carea' id='block_1_87' title="bbox 323 5276 1976 5358">
    <p class='ocr_par' dir='ltr' id='par_1_87' title="bbox 323 5276 1976 5358">
     <span class='ocr_line' id='line_1_87' title="bbox 323 5276 1976 5358; baseline -0.01 -11"><span class='ocrx_word' id='word_1_614' title='bbox 323 5289 528 5347; x_wconf 87' lang='lat' dir='ltr'>cunias</span> <span class='ocrx_word' id='word_1_615' title='bbox 550 5287 677 5358; x_wconf 90' lang='lat' dir='ltr'>jam</span> <span class='ocrx_word' id='word_1_616' title='bbox 704 5299 871 5357; x_wconf 89' lang='lat' dir='ltr'>posse</span> <span class='ocrx_word' id='word_1_617' title='bbox 887 5281 1130 5354; x_wconf 88' lang='lat' dir='ltr'>placere,</span> <span class='ocrx_word' id='word_1_618' title='bbox 1151 5278 1318 5351; x_wconf 89' lang='lat' dir='ltr'>quasi</span> <span class='ocrx_word' id='word_1_619' title='bbox 1352 5295 1484 5333; x_wconf 91' lang='lat' dir='ltr'>eum</span> <span class='ocrx_word' id='word_1_620' title='bbox 1506 5276 1837 5349; x_wconf 81' lang='lat' dir='ltr'>pcenituerit</span> <span class='ocrx_word' id='word_1_621' title='bbox 1859 5293 1976 5332; x_wconf 71' lang='lat' dir='ltr'>suae</span> 
     </span>
    </p>
   </div>
   <div class='ocr_carea' id='block_1_88' title="bbox 325 5367 1977 5453">
    <p class='ocr_par' dir='ltr' id='par_1_88' title="bbox 325 5367 1977 5453">
     <span class='ocr_line' id='line_1_88' title="bbox 325 5367 1977 5453; baseline -0.009 -16"><span class='ocrx_word' id='word_1_622' title='bbox 325 5378 537 5453; x_wconf 83' lang='lat' dir='ltr'>prieris</span> <span class='ocrx_word' id='word_1_623' title='bbox 569 5374 888 5432; x_wconf 71' lang='lat' dir='ltr'>sententiae.</span> <span class='ocrx_word' id='word_1_624' title='bbox 924 5371 989 5426; x_wconf 88' lang='lat' dir='ltr'>Et</span> <span class='ocrx_word' id='word_1_625' title='bbox 1015 5387 1119 5426; x_wconf 91' lang='lat' dir='ltr'>cur</span> <span class='ocrx_word' id='word_1_626' title='bbox 1149 5386 1263 5425; x_wconf 89' lang='lat' dir='ltr'>non</span> <span class='ocrx_word' id='word_1_627' title='bbox 1302 5367 1667 5440; x_wconf 87' lang='lat' dir='ltr'>perpendunt</span> <span class='ocrx_word' id='word_1_628' title='bbox 1708 5383 1821 5421; x_wconf 92' lang='lat' dir='ltr'>non</span> <span class='ocrx_word' id='word_1_629' title='bbox 1850 5382 1977 5422; x_wconf 84' lang='lat' dir='ltr'>esse</span> 
     </span>
    </p>
   </div>
   <div class='ocr_carea' id='block_1_89' title="bbox 326 5456 1977 5528">
    <p class='ocr_par' dir='ltr' id='par_1_89' title="bbox 326 5456 1977 5528">
     <span class='ocr_line' id='line_1_89' title="bbox 326 5456 1977 5528; baseline -0.008 -2"><span class='ocrx_word' id='word_1_630' title='bbox 326 5485 502 5526; x_wconf 87' lang='lat' dir='ltr'>suum</span> <span class='ocrx_word' id='word_1_631' title='bbox 525 5465 799 5523; x_wconf 90' lang='lat' dir='ltr'>ecclesias</span> <span class='ocrx_word' id='word_1_632' title='bbox 819 5461 919 5516; x_wconf 92' lang='lat' dir='ltr'>Dei</span> <span class='ocrx_word' id='word_1_633' title='bbox 946 5462 1155 5528; x_wconf 87' lang='lat' dir='ltr'>facere,</span> <span class='ocrx_word' id='word_1_634' title='bbox 1178 5459 1278 5514; x_wconf 92' lang='lat' dir='ltr'>sed</span> <span class='ocrx_word' id='word_1_635' title='bbox 1307 5459 1489 5513; x_wconf 88' lang='lat' dir='ltr'>factas</span> <span class='ocrx_word' id='word_1_636' title='bbox 1505 5457 1859 5513; x_wconf 78' lang='lat' dir='ltr'>defendere?</span> <span class='ocrx_word' id='word_1_637' title='bbox 1890 5456 1977 5512; x_wconf 83' lang='lat' dir='ltr'>Ad</span> 
     </span>
    </p>
   </div>
   <div class='ocr_carea' id='block_1_90' title="bbox 328 5546 1974 5624">
    <p class='ocr_par' dir='ltr' id='par_1_90' title="bbox 328 5546 1974 5624">
     <span class='ocr_line' id='line_1_90' title="bbox 328 5546 1974 5624; baseline -0.008 -10"><span class='ocrx_word' id='word_1_638' title='bbox 328 5558 439 5614; x_wconf 88' lang='lat' dir='ltr'>hoc</span> <span class='ocrx_word' id='word_1_639' title='bbox 468 5556 627 5612; x_wconf 85' lang='lat' dir='ltr'>enim</span> <span class='ocrx_word' id='word_1_640' title='bbox 658 5551 919 5624; x_wconf 89' lang='lat' dir='ltr'>gladium</span> <span class='ocrx_word' id='word_1_641' title='bbox 941 5567 975 5605; x_wconf 89' lang='lat' dir='ltr'>a</span> <span class='ocrx_word' id='word_1_642' title='bbox 1004 5548 1216 5604; x_wconf 87' lang='lat' dir='ltr'>Christi</span> <span class='ocrx_word' id='word_1_643' title='bbox 1239 5546 1638 5602; x_wconf 86' lang='lat' dir='ltr'>sacerdotibus</span> <span class='ocrx_word' id='word_1_644' title='bbox 1660 5546 1974 5618; x_wconf 85' lang='lat' dir='ltr'>accipiunt,</span> 
     </span>
    </p>
   </div>
   <div class='ocr_carea' id='block_1_91' title="bbox 331 5634 1977 5712">
    <p class='ocr_par' dir='ltr' id='par_1_91' title="bbox 331 5634 1977 5712">
     <span class='ocr_line' id='line_1_91' title="bbox 331 5634 1977 5712; baseline -0.005 -11"><span class='ocrx_word' id='word_1_645' title='bbox 331 5646 403 5700; x_wconf 84' lang='lat' dir='ltr'>ad</span> <span class='ocrx_word' id='word_1_646' title='bbox 434 5644 545 5700; x_wconf 90' lang='lat' dir='ltr'>hoc</span> <span class='ocrx_word' id='word_1_647' title='bbox 568 5642 952 5712; x_wconf 84' lang='lat' dir='ltr'>inunguetur,</span> <span class='ocrx_word' id='word_1_648' title='bbox 981 5641 1047 5692; x_wconf 91' lang='lat' dir='ltr'>ut</span> <span class='ocrx_word' id='word_1_649' title='bbox 1086 5654 1189 5709; x_wconf 91' lang='lat' dir='ltr'>pro</span> <span class='ocrx_word' id='word_1_650' title='bbox 1220 5634 1612 5693; x_wconf 86' lang='lat' dir='ltr'>Ecclesiarum</span> <span class='ocrx_word' id='word_1_651' title='bbox 1648 5634 1748 5691; x_wconf 91' lang='lat' dir='ltr'>Dei</span> <span class='ocrx_word' id='word_1_652' title='bbox 1779 5635 1977 5695; x_wconf 87' lang='lat' dir='ltr'>defen-</span> 
     </span>
    </p>
   </div>
   <div class='ocr_carea' id='block_1_92' title="bbox 330 5724 1975 5797">
    <p class='ocr_par' dir='ltr' id='par_1_92' title="bbox 330 5724 1975 5797">
     <span class='ocr_line' id='line_1_92' title="bbox 330 5724 1975 5797; baseline -0.002 -12"><span class='ocrx_word' id='word_1_653' title='bbox 330 5729 494 5790; x_wconf 80' lang='lat' dir='ltr'>sione</span> <span class='ocrx_word' id='word_1_654' title='bbox 528 5725 797 5794; x_wconf 82' lang='lat' dir='ltr'>militent,</span> <span class='ocrx_word' id='word_1_655' title='bbox 818 5730 876 5781; x_wconf 83' lang='lat' dir='ltr'>et</span> <span class='ocrx_word' id='word_1_656' title='bbox 898 5724 1233 5797; x_wconf 85' lang='lat' dir='ltr'>ubicunque</span> <span class='ocrx_word' id='word_1_657' title='bbox 1255 5740 1403 5797; x_wconf 89' lang='lat' dir='ltr'>opus</span> <span class='ocrx_word' id='word_1_658' title='bbox 1432 5728 1523 5780; x_wconf 86' lang='lat' dir='ltr'>est</span> <span class='ocrx_word' id='word_1_659' title='bbox 1547 5728 1829 5796; x_wconf 86' lang='lat' dir='ltr'>pugnent,</span> <span class='ocrx_word' id='word_1_660' title='bbox 1860 5742 1975 5785; x_wconf 86' lang='lat' dir='ltr'>non</span> 
     </span>
    </p>
   </div>
   <div class='ocr_carea' id='block_1_93' title="bbox 2094 3408 3746 3483">
    <p class='ocr_par' dir='ltr' id='par_1_93' title="bbox 2094 3408 3746 3483">
     <span class='ocr_line' id='line_1_93' title="bbox 2094 3408 3746 3483; baseline -0.002 -14"><span class='ocrx_word' id='word_1_661' title='bbox 2094 3413 2353 3469; x_wconf 77' lang='lat' dir='ltr'>fensione</span> <span class='ocrx_word' id='word_1_662' title='bbox 2382 3416 2440 3467; x_wconf 90' lang='lat' dir='ltr'>et</span> <span class='ocrx_word' id='word_1_663' title='bbox 2462 3409 2868 3483; x_wconf 86' lang='lat' dir='ltr'>procuratione</span> <span class='ocrx_word' id='word_1_664' title='bbox 2906 3408 3436 3465; x_wconf 88' lang='lat' dir='ltr'>ecclesiasticarum</span> <span class='ocrx_word' id='word_1_665' title='bbox 3469 3425 3746 3481; x_wconf 88' lang='lat' dir='ltr'>persona-</span> 
     </span>
    </p>
   </div>
   <div class='ocr_carea' id='block_1_94' title="bbox 2092 3497 3746 3571">
    <p class='ocr_par' dir='ltr' id='par_1_94' title="bbox 2092 3497 3746 3571">
     <span class='ocr_line' id='line_1_94' title="bbox 2092 3497 3746 3571; baseline -0.002 -13"><span class='ocrx_word' id='word_1_666' title='bbox 2092 3520 2221 3558; x_wconf 91' lang='lat' dir='ltr'>rum</span> <span class='ocrx_word' id='word_1_667' title='bbox 2246 3506 2302 3557; x_wconf 94' lang='lat' dir='ltr'>et</span> <span class='ocrx_word' id='word_1_668' title='bbox 2319 3500 2661 3556; x_wconf 88' lang='lat' dir='ltr'>facultatum</span> <span class='ocrx_word' id='word_1_669' title='bbox 2687 3497 3746 3571; x_wconf 88' lang='lat' dir='ltr'>cupiuntprospicere,persacerdotes</span> 
     </span>
    </p>
   </div>
   <div class='ocr_carea' id='block_1_95' title="bbox 2091 3587 3747 3659">
    <p class='ocr_par' dir='ltr' id='par_1_95' title="bbox 2091 3587 3747 3659">
     <span class='ocr_line' id='line_1_95' title="bbox 2091 3587 3747 3659; baseline -0.002 -12"><span class='ocrx_word' id='word_1_670' title='bbox 2091 3588 2477 3647; x_wconf 86' lang='lat' dir='ltr'>sacerdotales</span> <span class='ocrx_word' id='word_1_671' title='bbox 2498 3588 2671 3648; x_wconf 89' lang='lat' dir='ltr'>vices.</span> <span class='ocrx_word' id='word_1_672' title='bbox 2692 3587 3027 3642; x_wconf 88' lang='lat' dir='ltr'>habitacula</span> <span class='ocrx_word' id='word_1_673' title='bbox 3048 3591 3104 3641; x_wconf 91' lang='lat' dir='ltr'>et</span> <span class='ocrx_word' id='word_1_674' title='bbox 3119 3592 3396 3659; x_wconf 91' lang='lat' dir='ltr'>sumptus</span> <span class='ocrx_word' id='word_1_675' title='bbox 3418 3587 3747 3643; x_wconf 88' lang='lat' dir='ltr'>conservari</span> 
     </span>
    </p>
   </div>
   <div class='ocr_carea' id='block_1_96' title="bbox 2090 3674 3747 3751">
    <p class='ocr_par' dir='ltr' id='par_1_96' title="bbox 2090 3674 3747 3751">
     <span class='ocr_line' id='line_1_96' title="bbox 2090 3674 3747 3751; baseline -0.001 -17"><span class='ocrx_word' id='word_1_676' title='bbox 2090 3680 2503 3751; x_wconf 74' lang='lat' dir='ltr'>sulfragentnr,</span> <span class='ocrx_word' id='word_1_677' title='bbox 2523 3676 2859 3748; x_wconf 90' lang='lat' dir='ltr'>ubicunque</span> <span class='ocrx_word' id='word_1_678' title='bbox 2880 3674 3312 3731; x_wconf 89' lang='lat' dir='ltr'>ecclesiasticus</span> <span class='ocrx_word' id='word_1_679' title='bbox 3325 3674 3747 3732; x_wconf 89' lang='lat' dir='ltr'>statusincolu-</span> 
     </span>
    </p>
   </div>
   <div class='ocr_carea' id='block_1_97' title="bbox 2092 3764 3746 3837">
    <p class='ocr_par' dir='ltr' id='par_1_97' title="bbox 2092 3764 3746 3837">
     <span class='ocr_line' id='line_1_97' title="bbox 2092 3764 3746 3837; baseline -0.002 -13"><span class='ocrx_word' id='word_1_680' title='bbox 2092 3768 2204 3824; x_wconf 89' lang='lat' dir='ltr'>mis</span> <span class='ocrx_word' id='word_1_681' title='bbox 2219 3764 2802 3837; x_wconf 82' lang='lat' dir='ltr'>invenitur,exemplo</span> <span class='ocrx_word' id='word_1_682' title='bbox 2818 3764 3176 3820; x_wconf 87' lang='lat' dir='ltr'>sanctissimi</span> <span class='ocrx_word' id='word_1_683' title='bbox 3191 3764 3343 3835; x_wconf 89' lang='lat' dir='ltr'>regis</span> <span class='ocrx_word' id='word_1_684' title='bbox 3357 3764 3746 3836; x_wconf 69' lang='lat' dir='ltr'>David,quiut</span> 
     </span>
    </p>
   </div>
   <div class='ocr_carea' id='block_1_98' title="bbox 2091 3852 3742 3914">
    <p class='ocr_par' dir='ltr' id='par_1_98' title="bbox 2091 3852 3742 3914">
     <span class='ocr_line' id='line_1_98' title="bbox 2091 3852 3742 3914; baseline -0.003 0"><span class='ocrx_word' id='word_1_685' title='bbox 2091 3855 2549 3914; x_wconf 87' lang='lat' dir='ltr'>sacerdotalibus</span> <span class='ocrx_word' id='word_1_686' title='bbox 2579 3855 2837 3910; x_wconf 90' lang='lat' dir='ltr'>sortibus</span> <span class='ocrx_word' id='word_1_687' title='bbox 2868 3853 3257 3910; x_wconf 88' lang='lat' dir='ltr'>sacerdotium</span> <span class='ocrx_word' id='word_1_688' title='bbox 3279 3858 3417 3908; x_wconf 91' lang='lat' dir='ltr'>tunc</span> <span class='ocrx_word' id='word_1_689' title='bbox 3448 3852 3742 3910; x_wconf 89' lang='lat' dir='ltr'>incolume</span> 
     </span>
    </p>
   </div>
   <div class='ocr_carea' id='block_1_99' title="bbox 2091 3942 3743 4019">
    <p class='ocr_par' dir='ltr' id='par_1_99' title="bbox 2091 3942 3743 4019">
     <span class='ocr_line' id='line_1_99' title="bbox 2091 3942 3743 4019; baseline -0.002 -18"><span class='ocrx_word' id='word_1_690' title='bbox 2091 3964 2193 4019; x_wconf 87' lang='lat' dir='ltr'>per</span> <span class='ocrx_word' id='word_1_691' title='bbox 2223 3962 2481 4019; x_wconf 85' lang='lat' dir='ltr'>congrua</span> <span class='ocrx_word' id='word_1_692' title='bbox 2520 3949 2578 4000; x_wconf 88' lang='lat' dir='ltr'>et</span> <span class='ocrx_word' id='word_1_693' title='bbox 2608 3943 2807 3999; x_wconf 88' lang='lat' dir='ltr'>debita</span> <span class='ocrx_word' id='word_1_694' title='bbox 2835 3943 3030 3999; x_wconf 86' lang='lat' dir='ltr'>ofﬁcia</span> <span class='ocrx_word' id='word_1_695' title='bbox 3060 3942 3303 3998; x_wconf 88' lang='lat' dir='ltr'>Domino</span> <span class='ocrx_word' id='word_1_696' title='bbox 3334 3942 3743 4014; x_wconf 84' lang='lat' dir='ltr'>disponeretur</span> 
     </span>
    </p>
   </div>
   <div class='ocr_carea' id='block_1_100' title="bbox 2088 4030 3740 4104">
    <p class='ocr_par' dir='ltr' id='par_1_100' title="bbox 2088 4030 3740 4104">
     <span class='ocr_line' id='line_1_100' title="bbox 2088 4030 3740 4104; baseline -0.002 -14"><span class='ocrx_word' id='word_1_697' title='bbox 2088 4034 2320 4101; x_wconf 89' lang='lat' dir='ltr'>institit,</span> <span class='ocrx_word' id='word_1_698' title='bbox 2352 4039 2408 4090; x_wconf 92' lang='lat' dir='ltr'>et</span> <span class='ocrx_word' id='word_1_699' title='bbox 2435 4035 2506 4089; x_wconf 89' lang='lat' dir='ltr'>de</span> <span class='ocrx_word' id='word_1_700' title='bbox 2536 4032 2795 4089; x_wconf 87' lang='lat' dir='ltr'>hostium</span> <span class='ocrx_word' id='word_1_701' title='bbox 2818 4032 3049 4089; x_wconf 90' lang='lat' dir='ltr'>Domini</span> <span class='ocrx_word' id='word_1_702' title='bbox 3082 4030 3393 4098; x_wconf 90' lang='lat' dir='ltr'>manubiis,</span> <span class='ocrx_word' id='word_1_703' title='bbox 3426 4031 3740 4104; x_wconf 86' lang='lat' dir='ltr'>suiqueju-</span> 
     </span>
    </p>
   </div>
   <div class='ocr_carea' id='block_1_101' title="bbox 2088 4118 3742 4194">
    <p class='ocr_par' dir='ltr' id='par_1_101' title="bbox 2088 4118 3742 4194">
     <span class='ocr_line' id='line_1_101' title="bbox 2088 4118 3742 4194; baseline -0.002 -15"><span class='ocrx_word' id='word_1_704' title='bbox 2088 4124 2167 4179; x_wconf 90' lang='lat' dir='ltr'>ris</span> <span class='ocrx_word' id='word_1_705' title='bbox 2199 4122 2577 4179; x_wconf 89' lang='lat' dir='ltr'>facultatibus</span> <span class='ocrx_word' id='word_1_706' title='bbox 2608 4123 2680 4178; x_wconf 91' lang='lat' dir='ltr'>ad</span> <span class='ocrx_word' id='word_1_707' title='bbox 2710 4121 2997 4194; x_wconf 88' lang='lat' dir='ltr'>templum</span> <span class='ocrx_word' id='word_1_708' title='bbox 3048 4119 3286 4174; x_wconf 90' lang='lat' dir='ltr'>Domino</span> <span class='ocrx_word' id='word_1_709' title='bbox 3328 4118 3742 4176; x_wconf 83' lang='lat' dir='ltr'>aedificandum</span> 
     </span>
    </p>
   </div>
   <div class='ocr_carea' id='block_1_102' title="bbox 2086 4206 3745 4285">
    <p class='ocr_par' dir='ltr' id='par_1_102' title="bbox 2086 4206 3745 4285">
     <span class='ocr_line' id='line_1_102' title="bbox 2086 4206 3745 4285; baseline -0.003 -17"><span class='ocrx_word' id='word_1_710' title='bbox 2086 4228 2370 4285; x_wconf 85' lang='lat' dir='ltr'>expensas</span> <span class='ocrx_word' id='word_1_711' title='bbox 2413 4211 2707 4268; x_wconf 90' lang='lat' dir='ltr'>Salomoni</span> <span class='ocrx_word' id='word_1_712' title='bbox 2755 4208 2873 4265; x_wconf 83' lang='lat' dir='ltr'>ﬁlio</span> <span class='ocrx_word' id='word_1_713' title='bbox 2904 4206 3152 4281; x_wconf 90' lang='lat' dir='ltr'>providit</span> <span class='ocrx_word' id='word_1_714' title='bbox 3181 4210 3236 4260; x_wconf 90' lang='lat' dir='ltr'>et</span> <span class='ocrx_word' id='word_1_715' title='bbox 3266 4206 3627 4276; x_wconf 70' lang='lat' dir='ltr'>praeparavit,</span> <span class='ocrx_word' id='word_1_716' title='bbox 3665 4208 3745 4263; x_wconf 88' lang='lat' dir='ltr'>si-</span> 
     </span>
    </p>
   </div>
   <div class='ocr_carea' id='block_1_103' title="bbox 2087 4289 3739 4373">
    <p class='ocr_par' dir='ltr' id='par_1_103' title="bbox 2087 4289 3739 4373">
     <span class='ocr_line' id='line_1_103' title="bbox 2087 4289 3739 4373; baseline -0.006 -15"><span class='ocrx_word' id='word_1_717' title='bbox 2087 4307 2184 4358; x_wconf 92' lang='lat' dir='ltr'>cut</span> <span class='ocrx_word' id='word_1_718' title='bbox 2216 4302 2349 4358; x_wconf 81' lang='lat' dir='ltr'>linis</span> <span class='ocrx_word' id='word_1_719' title='bbox 2379 4300 2513 4358; x_wconf 88' lang='lat' dir='ltr'>libri</span> <span class='ocrx_word' id='word_1_720' title='bbox 2546 4299 2717 4373; x_wconf 88' lang='lat' dir='ltr'>primi</span> <span class='ocrx_word' id='word_1_721' title='bbox 2741 4297 3216 4369; x_wconf 89' lang='lat' dir='ltr'>Paralipomenon</span> <span class='ocrx_word' id='word_1_722' title='bbox 3248 4289 3609 4348; x_wconf 89' lang='lat' dir='ltr'>enucleatius</span> <span class='ocrx_word' id='word_1_723' title='bbox 3641 4309 3739 4349; x_wconf 86' lang='lat' dir='ltr'>os-</span> 
     </span>
    </p>
   </div>
   <div class='ocr_carea' id='block_1_104' title="bbox 2084 4392 2291 4448">
    <p class='ocr_par' dir='ltr' id='par_1_104' title="bbox 2084 4392 2291 4448">
     <span class='ocr_line' id='line_1_104' title="bbox 2084 4392 2291 4448; baseline -0.005 -1"><span class='ocrx_word' id='word_1_724' title='bbox 2084 4392 2291 4448; x_wconf 89' lang='lat' dir='ltr'>tendit.</span> 
     </span>
    </p>
   </div>
   <div class='ocr_carea' id='block_1_105' title="bbox 2696 4468 3109 4529">
    <p class='ocr_par' dir='ltr' id='par_1_105' title="bbox 2696 4468 3109 4529">
     <span class='ocr_line' id='line_1_105' title="bbox 2696 4468 3109 4529; baseline -0.017 0"><span class='ocrx_word' id='word_1_725' title='bbox 2696 4472 2924 4529; x_wconf 79' lang='lat' dir='ltr'>CAPUT</span> <span class='ocrx_word' id='word_1_726' title='bbox 2968 4468 3109 4524; x_wconf 86' lang='lat' dir='ltr'>XVI.</span> 
     </span>
    </p>
   </div>
   <div class='ocr_carea' id='block_1_106' title="bbox 2086 4558 3742 4631">
    <p class='ocr_par' dir='ltr' id='par_1_106' title="bbox 2086 4558 3742 4631">
     <span class='ocr_line' id='line_1_106' title="bbox 2086 4558 3742 4631; baseline -0.007 -2"><span class='ocrx_word' id='word_1_727' title='bbox 2086 4577 2163 4629; x_wconf 77' lang='lat' dir='ltr'>De</span> <span class='ocrx_word' id='word_1_728' title='bbox 2187 4570 2365 4627; x_wconf 79' lang='lat' dir='ltr'>studio</span> <span class='ocrx_word' id='word_1_729' title='bbox 2393 4575 2703 4624; x_wconf 74' lang='lat' dir='ltr'>sanctorum</span> <span class='ocrx_word' id='word_1_730' title='bbox 2731 4577 2916 4631; x_wconf 86' lang='lat' dir='ltr'>regum</span> <span class='ocrx_word' id='word_1_731' title='bbox 2961 4575 3091 4631; x_wconf 70' lang='lat' dir='ltr'>ergo</span> <span class='ocrx_word' id='word_1_732' title='bbox 3136 4558 3388 4631; x_wconf 73' lang='lat' dir='ltr'>divinum</span> <span class='ocrx_word' id='word_1_733' title='bbox 3433 4558 3645 4616; x_wconf 83' lang='lat' dir='ltr'>cultum</span> <span class='ocrx_word' id='word_1_734' title='bbox 3688 4567 3742 4618; x_wconf 87' lang='lat' dir='ltr'>et</span> 
     </span>
    </p>
   </div>
   <div class='ocr_carea' id='block_1_107' title="bbox 2367 4629 3448 4703">
    <p class='ocr_par' dir='ltr' id='par_1_107' title="bbox 2367 4629 3448 4703">
     <span class='ocr_line' id='line_1_107' title="bbox 2367 4629 3448 4703; baseline -0.009 -8"><span class='ocrx_word' id='word_1_735' title='bbox 2367 4629 2827 4700; x_wconf 72' lang='lat' dir='ltr'>remuneratione,</span> <span class='ocrx_word' id='word_1_736' title='bbox 2844 4636 2895 4687; x_wconf 87' lang='lat' dir='ltr'>et</span> <span class='ocrx_word' id='word_1_737' title='bbox 2927 4629 3166 4688; x_wconf 76' lang='lat' dir='ltr'>vindicta</span> <span class='ocrx_word' id='word_1_738' title='bbox 3181 4630 3448 4703; x_wconf 81' lang='lat' dir='ltr'>plebium.</span> 
     </span>
    </p>
   </div>
   <div class='ocr_carea' id='block_1_108' title="bbox 2156 4737 3740 4813">
    <p class='ocr_par' dir='ltr' id='par_1_108' title="bbox 2156 4737 3740 4813">
     <span class='ocr_line' id='line_1_108' title="bbox 2156 4737 3740 4813; baseline -0.006 -7"><span class='ocrx_word' id='word_1_739' title='bbox 2156 4746 2546 4806; x_wconf 90' lang='lat' dir='ltr'>Nihilominus</span> <span class='ocrx_word' id='word_1_740' title='bbox 2595 4740 2928 4813; x_wconf 87' lang='lat' dir='ltr'>ubicunque</span> <span class='ocrx_word' id='word_1_741' title='bbox 2974 4737 3405 4795; x_wconf 89' lang='lat' dir='ltr'>ecclesiasticus</span> <span class='ocrx_word' id='word_1_742' title='bbox 3450 4742 3638 4795; x_wconf 90' lang='lat' dir='ltr'>status</span> <span class='ocrx_word' id='word_1_743' title='bbox 3680 4751 3740 4802; x_wconf 75' lang='lat' dir='ltr'>et</span> 
     </span>
    </p>
   </div>
   <div class='ocr_carea' id='block_1_109' title="bbox 2087 4826 3737 4897">
    <p class='ocr_par' dir='ltr' id='par_1_109' title="bbox 2087 4826 3737 4897">
     <span class='ocr_line' id='line_1_109' title="bbox 2087 4826 3737 4897; baseline -0.008 0"><span class='ocrx_word' id='word_1_744' title='bbox 2087 4841 2317 4897; x_wconf 91' lang='lat' dir='ltr'>divinus</span> <span class='ocrx_word' id='word_1_745' title='bbox 2348 4835 2539 4891; x_wconf 90' lang='lat' dir='ltr'>cultus</span> <span class='ocrx_word' id='word_1_746' title='bbox 2570 4830 2921 4885; x_wconf 88' lang='lat' dir='ltr'>imminutus</span> <span class='ocrx_word' id='word_1_747' title='bbox 2951 4833 3061 4897; x_wconf 89' lang='lat' dir='ltr'>est,</span> <span class='ocrx_word' id='word_1_748' title='bbox 3092 4836 3189 4883; x_wconf 86' lang='lat' dir='ltr'>aut</span> <span class='ocrx_word' id='word_1_749' title='bbox 3220 4826 3591 4895; x_wconf 78' lang='lat' dir='ltr'>annullatus,</span> <span class='ocrx_word' id='word_1_750' title='bbox 3617 4827 3737 4884; x_wconf 88' lang='lat' dir='ltr'>zelo</span> 
     </span>
    </p>
   </div>
   <div class='ocr_carea' id='block_1_110' title="bbox 2084 4916 3727 4993">
    <p class='ocr_par' dir='ltr' id='par_1_110' title="bbox 2084 4916 3727 4993">
     <span class='ocr_line' id='line_1_110' title="bbox 2084 4916 3727 4993; baseline -0.01 -7"><span class='ocrx_word' id='word_1_751' title='bbox 2084 4934 2141 4987; x_wconf 88' lang='lat' dir='ltr'>et</span> <span class='ocrx_word' id='word_1_752' title='bbox 2172 4927 2340 4984; x_wconf 81' lang='lat' dir='ltr'>modo</span> <span class='ocrx_word' id='word_1_753' title='bbox 2372 4923 2521 4993; x_wconf 86' lang='lat' dir='ltr'>regis</span> <span class='ocrx_word' id='word_1_754' title='bbox 2554 4920 2723 4976; x_wconf 71' lang='lat' dir='ltr'>Josim</span> <span class='ocrx_word' id='word_1_755' title='bbox 2755 4920 2826 4975; x_wconf 89' lang='lat' dir='ltr'>ad</span> <span class='ocrx_word' id='word_1_756' title='bbox 2859 4918 3320 4992; x_wconf 89' lang='lat' dir='ltr'>recuperandum</span> <span class='ocrx_word' id='word_1_757' title='bbox 3353 4922 3411 4973; x_wconf 88' lang='lat' dir='ltr'>et</span> <span class='ocrx_word' id='word_1_758' title='bbox 3439 4916 3727 4972; x_wconf 87' lang='lat' dir='ltr'>vindican-</span> 
     </span>
    </p>
   </div>
   <div class='ocr_carea' id='block_1_111' title="bbox 2087 5006 3732 5084">
    <p class='ocr_par' dir='ltr' id='par_1_111' title="bbox 2087 5006 3732 5084">
     <span class='ocr_line' id='line_1_111' title="bbox 2087 5006 3732 5084; baseline -0.01 -9"><span class='ocrx_word' id='word_1_759' title='bbox 2087 5021 2226 5074; x_wconf 84' lang='lat' dir='ltr'>dum</span> <span class='ocrx_word' id='word_1_760' title='bbox 2258 5013 2654 5084; x_wconf 87' lang='lat' dir='ltr'>accingantur,</span> <span class='ocrx_word' id='word_1_761' title='bbox 2674 5008 2884 5081; x_wconf 76' lang='lat' dir='ltr'>pieque</span> <span class='ocrx_word' id='word_1_762' title='bbox 2918 5007 3222 5064; x_wconf 85' lang='lat' dir='ltr'>devotione</span> <span class='ocrx_word' id='word_1_763' title='bbox 3251 5006 3581 5062; x_wconf 89' lang='lat' dir='ltr'>sacerdotes</span> <span class='ocrx_word' id='word_1_764' title='bbox 3602 5006 3732 5076; x_wconf 89' lang='lat' dir='ltr'>ejus</span> 
     </span>
    </p>
   </div>
   <div class='ocr_carea' id='block_1_112' title="bbox 2085 5085 3734 5162">
    <p class='ocr_par' dir='ltr' id='par_1_112' title="bbox 2085 5085 3734 5162">
     <span class='ocr_line' id='line_1_112' title="bbox 2085 5085 3734 5162; baseline -0.008 -8"><span class='ocrx_word' id='word_1_765' title='bbox 2085 5094 2309 5155; x_wconf 90' lang='lat' dir='ltr'>etiamsi</span> <span class='ocrx_word' id='word_1_766' title='bbox 2331 5108 2502 5147; x_wconf 91' lang='lat' dir='ltr'>suum</span> <span class='ocrx_word' id='word_1_767' title='bbox 2519 5088 2808 5162; x_wconf 82' lang='lat' dir='ltr'>negligere</span> <span class='ocrx_word' id='word_1_768' title='bbox 2829 5088 3087 5144; x_wconf 84' lang='lat' dir='ltr'>officium</span> <span class='ocrx_word' id='word_1_769' title='bbox 3107 5104 3221 5143; x_wconf 89' lang='lat' dir='ltr'>non</span> <span class='ocrx_word' id='word_1_770' title='bbox 3251 5085 3518 5154; x_wconf 87' lang='lat' dir='ltr'>timeant,</span> <span class='ocrx_word' id='word_1_771' title='bbox 3541 5100 3734 5141; x_wconf 78' lang='lat' dir='ltr'>exem-</span> 
     </span>
    </p>
   </div>
   <div class='ocr_carea' id='block_1_113' title="bbox 2088 5173 3737 5259">
    <p class='ocr_par' dir='ltr' id='par_1_113' title="bbox 2088 5173 3737 5259">
     <span class='ocr_line' id='line_1_113' title="bbox 2088 5173 3737 5259; baseline -0.006 -18"><span class='ocrx_word' id='word_1_772' title='bbox 2088 5187 2181 5259; x_wconf 91' lang='lat' dir='ltr'>plo</span> <span class='ocrx_word' id='word_1_773' title='bbox 2213 5180 2461 5239; x_wconf 68' lang='lat' dir='ltr'>Ezechize</span> <span class='ocrx_word' id='word_1_774' title='bbox 2486 5199 2499 5250; x_wconf 86' lang='lat'><strong>;</strong></span> <span class='ocrx_word' id='word_1_775' title='bbox 2534 5179 2789 5234; x_wconf 89' lang='lat' dir='ltr'>humiles</span> <span class='ocrx_word' id='word_1_776' title='bbox 2811 5178 2924 5251; x_wconf 80' lang='lat' dir='ltr'>piis</span> <span class='ocrx_word' id='word_1_777' title='bbox 2946 5175 3200 5249; x_wconf 90' lang='lat' dir='ltr'>querelis</span> <span class='ocrx_word' id='word_1_778' title='bbox 3222 5179 3276 5231; x_wconf 92' lang='lat' dir='ltr'>et</span> <span class='ocrx_word' id='word_1_779' title='bbox 3301 5173 3737 5231; x_wconf 88' lang='lat' dir='ltr'>admotionibus</span> 
     </span>
    </p>
   </div>
   <div class='ocr_carea' id='block_1_114' title="bbox 2087 5261 3735 5346">
    <p class='ocr_par' dir='ltr' id='par_1_114' title="bbox 2087 5261 3735 5346">
     <span class='ocr_line' id='line_1_114' title="bbox 2087 5261 3735 5346; baseline -0.007 -17"><span class='ocrx_word' id='word_1_780' title='bbox 2087 5268 2518 5346; x_wconf 88' lang='lat' dir='ltr'>aggrediantur.</span> <span class='ocrx_word' id='word_1_781' title='bbox 2552 5268 2646 5323; x_wconf 92' lang='lat' dir='ltr'>Sic</span> <span class='ocrx_word' id='word_1_782' title='bbox 2676 5264 2832 5320; x_wconf 89' lang='lat' dir='ltr'>enim</span> <span class='ocrx_word' id='word_1_783' title='bbox 2847 5265 2918 5321; x_wconf 90' lang='lat' dir='ltr'>de</span> <span class='ocrx_word' id='word_1_784' title='bbox 2947 5263 3047 5320; x_wconf 92' lang='lat' dir='ltr'>illo</span> <span class='ocrx_word' id='word_1_785' title='bbox 3062 5263 3121 5319; x_wconf 90' lang='lat' dir='ltr'>in</span> <span class='ocrx_word' id='word_1_786' title='bbox 3137 5262 3316 5319; x_wconf 91' lang='lat' dir='ltr'>altero</span> <span class='ocrx_word' id='word_1_787' title='bbox 3346 5261 3735 5334; x_wconf 87' lang='lat' dir='ltr'>Paralipome-</span> 
     </span>
    </p>
   </div>
   <div class='ocr_carea' id='block_1_115' title="bbox 2088 5349 3736 5422">
    <p class='ocr_par' dir='ltr' id='par_1_115' title="bbox 2088 5349 3736 5422">
     <span class='ocr_line' id='line_1_115' title="bbox 2088 5349 3736 5422; baseline -0.006 -5"><span class='ocrx_word' id='word_1_788' title='bbox 2088 5378 2201 5417; x_wconf 91' lang='lat' dir='ltr'>non</span> <span class='ocrx_word' id='word_1_789' title='bbox 2233 5359 2382 5413; x_wconf 91' lang='lat' dir='ltr'>libro</span> <span class='ocrx_word' id='word_1_790' title='bbox 2413 5357 2735 5414; x_wconf 67' lang='lat' dir='ltr'>referturzu</span> <span class='ocrx_word' id='word_1_791' title='bbox 2770 5353 3043 5411; x_wconf 85' lang='lat' dir='ltr'>Ezechias</span> <span class='ocrx_word' id='word_1_792' title='bbox 3066 5369 3218 5409; x_wconf 89' lang='lat' dir='ltr'>anno</span> <span class='ocrx_word' id='word_1_793' title='bbox 3244 5355 3301 5407; x_wconf 90' lang='lat' dir='ltr'>et</span> <span class='ocrx_word' id='word_1_794' title='bbox 3323 5366 3520 5406; x_wconf 90' lang='lat' dir='ltr'>mense</span> <span class='ocrx_word' id='word_1_795' title='bbox 3552 5349 3736 5422; x_wconf 87' lang='lat' dir='ltr'>primo</span> 
     </span>
    </p>
   </div>
   <div class='ocr_carea' id='block_1_116' title="bbox 2086 5438 3735 5523">
    <p class='ocr_par' dir='ltr' id='par_1_116' title="bbox 2086 5438 3735 5523">
     <span class='ocr_line' id='line_1_116' title="bbox 2086 5438 3735 5523; baseline -0.008 -16"><span class='ocrx_word' id='word_1_796' title='bbox 2086 5448 2249 5523; x_wconf 86' lang='lat' dir='ltr'>regni</span> <span class='ocrx_word' id='word_1_797' title='bbox 2279 5447 2394 5516; x_wconf 91' lang='lat' dir='ltr'>sui,</span> <span class='ocrx_word' id='word_1_798' title='bbox 2429 5446 2656 5519; x_wconf 88' lang='lat' dir='ltr'>aperuit</span> <span class='ocrx_word' id='word_1_799' title='bbox 2685 5443 2875 5500; x_wconf 87' lang='lat' dir='ltr'>valvas</span> <span class='ocrx_word' id='word_1_800' title='bbox 2902 5444 3113 5498; x_wconf 90' lang='lat' dir='ltr'>domus</span> <span class='ocrx_word' id='word_1_801' title='bbox 3143 5438 3397 5508; x_wconf 89' lang='lat' dir='ltr'>Domini,</span> <span class='ocrx_word' id='word_1_802' title='bbox 3430 5442 3487 5494; x_wconf 90' lang='lat' dir='ltr'>et</span> <span class='ocrx_word' id='word_1_803' title='bbox 3514 5438 3735 5494; x_wconf 86' lang='lat' dir='ltr'>instau-</span> 
     </span>
    </p>
   </div>
   <div class='ocr_carea' id='block_1_117' title="bbox 2088 5527 3738 5607">
    <p class='ocr_par' dir='ltr' id='par_1_117' title="bbox 2088 5527 3738 5607">
     <span class='ocr_line' id='line_1_117' title="bbox 2088 5527 3738 5607; baseline -0.007 -10"><span class='ocrx_word' id='word_1_804' title='bbox 2088 5540 2233 5597; x_wconf 87' lang='lat' dir='ltr'>ravit</span> <span class='ocrx_word' id='word_1_805' title='bbox 2261 5555 2389 5607; x_wconf 90' lang='lat' dir='ltr'>eas;</span> <span class='ocrx_word' id='word_1_806' title='bbox 2437 5534 2794 5606; x_wconf 82' lang='lat' dir='ltr'>adduxitque</span> <span class='ocrx_word' id='word_1_807' title='bbox 2824 5533 3155 5589; x_wconf 89' lang='lat' dir='ltr'>sacerdotes</span> <span class='ocrx_word' id='word_1_808' title='bbox 3195 5534 3371 5602; x_wconf 88' lang='lat' dir='ltr'>atque</span> <span class='ocrx_word' id='word_1_809' title='bbox 3402 5527 3648 5597; x_wconf 79' lang='lat' dir='ltr'>Levites,</span> <span class='ocrx_word' id='word_1_810' title='bbox 3679 5531 3738 5585; x_wconf 83' lang='lat' dir='ltr'>et</span> 
     </span>
    </p>
   </div>
   <div class='ocr_carea' id='block_1_118' title="bbox 2086 5616 3736 5705">
    <p class='ocr_par' dir='ltr' id='par_1_118' title="bbox 2086 5616 3736 5705">
     <span class='ocr_line' id='line_1_118' title="bbox 2086 5616 3736 5705; baseline -0.008 -16"><span class='ocrx_word' id='word_1_811' title='bbox 2086 5627 2457 5705; x_wconf 84' lang='lat' dir='ltr'>congregavit</span> <span class='ocrx_word' id='word_1_812' title='bbox 2486 5642 2584 5683; x_wconf 88' lang='lat' dir='ltr'>eos</span> <span class='ocrx_word' id='word_1_813' title='bbox 2614 5623 2671 5680; x_wconf 90' lang='lat' dir='ltr'><strong>in</strong></span> <span class='ocrx_word' id='word_1_814' title='bbox 2698 5621 2951 5698; x_wconf 87' lang='lat' dir='ltr'>plateam</span> <span class='ocrx_word' id='word_1_815' title='bbox 2981 5618 3343 5687; x_wconf 86' lang='lat' dir='ltr'>orientalem,</span> <span class='ocrx_word' id='word_1_816' title='bbox 3371 5617 3634 5692; x_wconf 82' lang='lat' dir='ltr'>dixitque</span> <span class='ocrx_word' id='word_1_817' title='bbox 3663 5616 3736 5675; x_wconf 85' lang='lat' dir='ltr'>ad</span> 
     </span>
    </p>
   </div>
   <div class='ocr_carea' id='block_1_119' title="bbox 2085 5706 3736 5795">
    <p class='ocr_par' dir='ltr' id='par_1_119' title="bbox 2085 5706 3736 5795">
     <span class='ocr_line' id='line_1_119' title="bbox 2085 5706 3736 5795; baseline -0.007 -13"><span class='ocrx_word' id='word_1_818' title='bbox 2085 5739 2184 5783; x_wconf 86' lang='lat' dir='ltr'>eos</span> <span class='ocrx_word' id='word_1_819' title='bbox 2214 5737 2227 5781; x_wconf 90' lang='lat'><strong>:</strong></span> <span class='ocrx_word' id='word_1_820' title='bbox 2258 5717 2466 5779; x_wconf 84' lang='lat' dir='ltr'>Audite</span> <span class='ocrx_word' id='word_1_821' title='bbox 2495 5731 2607 5795; x_wconf 84' lang='lat' dir='ltr'>me,</span> <span class='ocrx_word' id='word_1_822' title='bbox 2632 5713 2859 5784; x_wconf 71' lang='lat' dir='ltr'>Levitis,</span> <span class='ocrx_word' id='word_1_823' title='bbox 2878 5717 2937 5772; x_wconf 85' lang='lat' dir='ltr'>et</span> <span class='ocrx_word' id='word_1_824' title='bbox 2957 5706 3736 5772; x_wconf 79' lang='lat' dir='ltr'>sanetiﬂcamini.Mundate.</span> 
     </span>
    </p>
   </div>
  </div>
