4004 6210
343 350 497 416 1169

926 347 1335 414 ADVERSUS
1381 338 1854 408 SIMONIACOS
1897 335 2103 402 LIBRI
2148 334 2370 402 TRES.
2410 332 2746 399 --LIBER
2786 332 3147 399 TERTIUS.

3584 310 3742 394 u‘lo

339 490 442 545 aut
468 484 612 543 velle
653 489 861 560 potest,
918 484 1030 541 nisi
1081 488 1148 541 ut
1193 481 1550 541 contribules
1595 497 1735 537 suos
1778 478 1983 550 utique
2011 468 2069 539 Α
2097 474 2288 532 solum
2320 472 2460 546 quia
2489 470 2738 547 pecunia
2768 470 3159 560 sacerdotium
3190 470 3463 541 obtinuit,
3482 469 3585 527 sed
3600 469 3741 545 quia

340 576 701 634 Christianos
749 578 816 632 ad
869 574 1144 649 gentilem
1194 574 1373 629 ritum
1423 572 1736 628 transferat
1778 571 1979 643 :quod

340 669 493 721 certe
523 664 808 721 nefarium
848 670 906 720 et
940 664 1271 720 inauditum
1331 663 1523 719 scelus
1561 679 1689 718 esse
1732 665 1979 715 constat.

340 754 503 810 Unde
520 755 674 810 idem
695 755 873 810 Jason
897 770 1013 809 non
1036 754 1327 817 sacerdos,
1344 753 1441 809 sed
1458 751 1673 824 impius
1696 751 1980 823 arguitur,

339 843 704 915 quonomine
747 859 1011 915 paganus
1059 842 1287 914 proprie
1308 842 1653 897 ostenditur.
1678 840 1985 912 Simulque

342 932 646 989 considera
659 931 814 1004 quod
837 932 946 987 hac
962 932 1153 1003 prima
1174 930 1983 1003 conspirationeSimoniaco-

343 1038 496 1089 rum,
529 1020 797 1077 Antiochi
829 1020 1350 1086 scilicet,Jasonis,
1383 1025 1557 1091 atque
1588 1019 1851 1084 Menelai,
1886 1018 1983 1089 qui

344 1109 415 1165 de
446 1109 597 1164 tribu
647 1110 952 1180 Benjamin
985 1114 1179 1175 natus,
1215 1109 1477 1180 pzecunia
1517 1109 1753 1180 praefato
1785 1107 1983 1163 Jasoni

345 1215 648 1253 summum
683 1198 1075 1253 sacerdotium
1109 1202 1447 1263 extorserat,
1482 1197 1774 1269 octoginta
1804 1196 1989 1250 millia

343 1286 677 1343 Judaaorum
700 1288 756 1342 in
772 1286 1133 1342 Hierusalem
1151 1288 1476 1353 czesa,quad
1489 1286 1711 1355 raginta
1728 1286 1842 1340 duo
1866 1284 1988 1339 mil-

347 1374 425 1429 lia
454 1376 649 1431 vincta
680 1393 793 1431 non
810 1376 1006 1431 minus
1030 1376 1265 1430 fuerunt
1295 1376 1625 1430 venundata
1649 1375 1718 1445 (ll
1739 1374 1906 1428 Much.
1932 1391 1987 1437 v,

348 1462 457 1534 14).
488 1464 651 1519 Tunc
681 1480 913 1535 quoque
943 1463 1264 1518 Antiochus
1297 1463 1556 1519 Menelao
1592 1464 1830 1517 ductore
1860 1465 1990 1517 tan-

345 1567 525 1623 quam
556 1551 949 1607 Antichristus
996 1551 1245 1606 ducibus
1291 1550 1662 1614 Simoniacis,
1705 1549 1990 1622 templum

344 1641 502 1711 quod
529 1656 664 1695 cum
696 1639 1214 1695 sacramentissuis
1247 1639 1627 1710 portendebat
1648 1637 1992 1693 catholicam

347 1727 685 1794 Eeclesiam,
727 1733 783 1783 et
825 1732 1193 1783 sacramenta
1222 1728 1349 1797 ejus
1394 1728 1719 1797 ingressus,
1771 1726 1994 1797 accepit

2088 564 2330 636 insuper
2355 579 2522 619 sacra
2551 566 2771 625 vasa,et
2792 559 3213 633 supellectilem
3236 561 3557 618 sanctuarii
3578 561 3734 617 furto

2090 651 2449 725 exportavit;
2486 652 2641 723 quod
2675 650 2868 706 scelus
2909 649 3376 705 Limoniacorum
3420 650 3739 722 specialius

2092 759 2220 799 esse
2249 757 2419 796 nemo
2453 740 2716 811 ambigit.
2751 740 2874 794 Non
2909 738 3100 794 solum
3135 738 3292 794 enim
3343 738 3738 795 sacerdotium

2094 834 2355 903 emptum
2402 830 2484 884 ire
2533 829 2973 899 aggrediuntur,
3006 828 3105 883 sed
3138 826 3424 899 quidquid
3474 826 3741 883 ecclesiis

2095 920 2195 976 Dei
2218 935 2524 990 superesse
2547 916 3055 989 potuitdiripiunt,
3077 920 3133 972 et
3155 917 3445 971 furantur.
3477 916 3592 972 Nec
3612 931 3744 971 ven-

2096 1009 2254 1063 ditur
2301 1024 2533 1079 quoque
2583 1006 2912 1077 impunitus
2957 1006 3160 1072 evasit,
3204 1004 3302 1077 qui
3336 1003 3650 1060 insanabili
3683 1009 3742 1060 et

2096 1096 2370 1152 invisibili
2428 1095 2599 1169 plaga
2639 1112 2972 1165 percussus,
3004 1094 3301 1149 vermibus
3330 1096 3743 1164 consumptus,

2096 1190 2270 1257 atque
2286 1185 2463 1240 fetore
2484 1184 2756 1239 exercitui
2781 1184 2909 1254 eius
2932 1183 3161 1255 sibique
3182 1181 3531 1238 intolerabili
3552 1180 3741 1253 reple-

2096 1280 2213 1340 tus,
2248 1289 2483 1345 peregre
2505 1272 2823 1328 miserabili
2851 1272 3009 1328 obitu
3042 1276 3131 1328 est
3151 1272 3464 1326 defunctus
3494 1269 3553 1326 in
3580 1286 3745 1325 mon-

2097 1363 2278 1429 tibus,
2331 1367 2391 1416 ut
2440 1366 2580 1433 puta
2618 1366 2791 1432 typus
2833 1363 2963 1432 ejus
3002 1377 3176 1433 quem
3222 1360 3281 1415 in
3314 1362 3510 1415 monte
3542 1361 3743 1415 sancto

2092 1452 2261 1520 juxta
2296 1450 2548 1507 Danielis
2579 1450 2964 1522 prophetiam,
2997 1449 3206 1523 spiritu
3252 1449 3370 1506 oris
3400 1448 3493 1506 sui
3522 1448 3742 1505 interﬁ-

2100 1540 2213 1597 ciet
2242 1540 2526 1595 Dominus
2554 1540 2747 1596 Jesus.

2713 1647 2946 1704 CAPUT
2997 1646 3138 1701 XIX.

2107 1734 2361 1805 Qualiter
2381 1737 2487 1805 ipsi
2513 1735 2811 1790 sacerdotes
2835 1736 2932 1791 sub
2965 1735 3078 1806 lege
3094 1737 3531 1791 communionem
3548 1734 3745 1805 impio-

347 1815 550 1879 altare,
583 1831 827 1871 aureum
875 1815 1291 1871 candelabrum
1332 1814 1596 1883 luminis,
1637 1820 1694 1871 et
1724 1814 1995 1870 universa
2028 1837 2076 1902 Β
2175 1823 2303 1902 runt
2347 1809 2714 1874 vitaverint,et
2760 1808 2827 1862 ab
2872 1809 2952 1862 eis
3005 1809 3376 1863 contaminata
3417 1808 3745 1879 puri/icore-

345 1919 485 1959 vasa
514 1904 659 1971 ejus,
700 1919 967 1958 mensam
999 1903 1437 1975 propositionis,
1475 1904 1763 1971 libatoria,
1799 1903 1985 1971 fialas,

349 1990 685 2046 mortariola
715 2007 912 2056 aurea,
946 1989 1159 2057 velum,
1195 2008 1460 2059 coronas,
1494 1996 1552 2047 et
1581 1996 1991 2047 ornamentum

348 2095 592 2135 aureum
626 2080 779 2150 quod
813 2080 871 2133 in
905 2080 1048 2134 facie
1079 2079 1280 2151 templi
1313 2082 1622 2152 pendebat,
1665 2085 1721 2137 et
1749 2079 1993 2136 commi-

349 2168 479 2223 nuit
496 2167 715 2235 omnia,
732 2167 949 2237 jubens
971 2168 1182 2223 deinde
1202 2168 1487 2240 templum
1513 2170 1920 2235 contaminari,
1938 2171 1992 2223 et

348 2256 748 2328 cognominari
779 2256 940 2311 Jovis
970 2256 1216 2328 Olympii
1241 2260 1315 2326 (Il
1340 2258 1509 2313 Maeli.
1530 2276 1606 2320 v1,
1630 2261 1706 2329 2).
1736 2260 1805 2314 Et
1827 2275 1991 2313 acce-

350 2346 438 2418 pit
466 2349 774 2416 argentum
806 2349 864 2399 et
894 2361 1125 2411 aurum,
1159 2351 1216 2400 et
1245 2363 1381 2401 vasa
1412 2348 1906 2419 concupiscihilia,
1939 2352 1996 2401 et

349 2434 657 2490 thesauros
683 2432 943 2489 occultos
974 2450 1121 2505 quos
1150 2434 1389 2502 invenit,
1423 2440 1479 2490 et
1517 2435 1765 2491 sublatis
1806 2436 1991 2491 omni-

350 2523 463 2577 bus
492 2522 637 2577 abiit
664 2521 723 2576 in
754 2526 969 2577 terram
988 2540 1177 2578 suam.
1208 2527 1343 2587 Quae
1366 2525 1569 2592 utique
1591 2524 1994 2597 singulaillius

350 2609 553 2682 templi
602 2616 948 2666 ornamenta
994 2613 1447 2683 praefigurabant
1490 2613 1755 2669 Ecclesire
1806 2632 1996 2670 sacra-

352 2704 569 2766 menta,
603 2700 755 2754 sicut
782 2699 1235 2756 orthodoxorum
1267 2706 1499 2773 patrum
1531 2702 1879 2775 multiplicia
1909 2709 1994 2759 te-

353 2791 585 2845 stantur
630 2788 867 2859 scripta.
904 2789 982 2844 Ex
1014 2790 1227 2859 quibus
1259 2796 1666 2847 ornamentum
1711 2792 1851 2847 illud
1887 2810 1993 2847 au-

353 2892 520 2932 reum
550 2877 705 2948 quod
735 2875 794 2931 in
828 2877 970 2933 facie
996 2878 1197 2950 templi
1236 2884 1379 2945 erat,
1413 2880 1648 2935 titulum
1697 2882 1852 2947 fidei,
1880 2899 1998 2953 qua

354 2969 537 3021 Deum
569 2981 698 3021 esse
726 2965 1158 3037 cognoscimus,
1185 2973 1241 3023 et
1263 2984 1379 3039 qua
1402 2970 1474 3024 ad
1506 2970 1686 3025 Deum
1720 2970 1993 3037 intratur,

356 3050 554 3117 aperte
584 3045 968 3117 significabat.

429 3134 565 3197 Quae
595 3132 850 3205 profecto
881 3151 982 3205 per
1010 3135 1309 3192 haereticos
1340 3139 1411 3193 ab
1458 3139 1810 3194 Antichristo
1841 3155 1996 3194 com-

2178 1881 2312 1934 rint.

2172 1990 2312 2041 Ecce
2334 1989 2391 2040 et
2403 1984 2485 2040 sic
2498 1985 2943 2057 perierunttunc
2960 1984 3365 2056 pseudoproph
3376 1988 3499 2051 etas,
3513 1987 3572 2038 et
3583 1998 3751 2055 pseu-

2102 2074 2380 2130 dochristi
2429 2073 2895 2129 Simoniacorum
2957 2072 3133 2127 etiam
3187 2073 3297 2127 sub
3348 2072 3558 2126 umbra
3600 2070 3746 2141 legis

2103 2164 2307 2235 Moysi,
2342 2167 2696 2235 putamusnc
2717 2161 2967 2233 qualiter
2995 2164 3241 2232 pereunt
3271 2176 3427 2215 nunc
3459 2160 3569 2215 sub
3598 2158 3747 2215 veri-

2103 2257 2220 2307 tate
2245 2251 2532 2323 Evangelii
2556 2252 2691 2306 Jesu
2717 2250 2980 2305 Christi?
2999 2250 3254 2313 Quorum
3275 2248 3746 2305 communionem

2103 2346 2321 2412 quanto
2353 2357 2594 2395 suorum
2628 2356 2937 2411 corporum
2971 2337 3248 2409 periculo,
3284 2337 3749 2407 facultatumque

2101 2428 2800 2502 dispendio.Mathathias
2828 2431 2885 2482 et
2916 2426 3017 2482 filii
3039 2428 3166 2498 ejns
3190 2425 3451 2483 nonnulli
3475 2425 3573 2481 alii
3594 2425 3750 2481 devi-

2103 2523 2252 2581 tant,
2270 2519 2325 2573 in
2346 2518 2513 2573 libris
2534 2518 2996 2573 Machabzeorum
3020 2532 3368 2589 cognoscere
3389 2514 3751 2588 possuntqui

2104 2607 2718 2679 voluerint.Siquidem
2735 2606 2916 2661 multa
2930 2606 3234 2661 hominum
3249 2604 3756 2676 milliautriusque

2104 2712 2278 2752 sexus
2310 2713 2423 2749 non
2454 2699 2684 2750 tantum
2716 2695 2775 2749 in
2808 2695 3159 2763 civitatibus,
3190 2711 3392 2749 verum
3423 2698 3482 2750 et
3502 2693 3561 2748 in
3584 2709 3751 2748 mon-

2105 2785 2259 2839 tanis
2273 2783 2759 2839 etsolitudinibus
2771 2783 3024 2855 glorioso
3042 2787 3182 2839 tunc
3200 2782 3478 2855 martyrio
3500 2798 3602 2855 pro
3624 2780 3750 2854 lege

2106 2874 2203 2928 Dei
2238 2890 2416 2945 quam
2449 2872 2714 2928 zelabant
2741 2876 3017 2928 coronata
3040 2877 3200 2928 sunt.
3233 2875 3355 2939 Quo
3377 2870 3499 2928 zelo
3521 2871 3752 2927 Matha-

2104 2962 2259 3017 thias
2291 2978 2523 3034 quoque
2559 2962 2831 3017 sacerdos
2860 2965 2917 3016 et
2956 2960 3058 3017 filii
3099 2962 3228 3033 ejus
3262 2961 3543 3033 quinque.
3575 2959 3752 3015 relin-

2107 3055 2349 3122 quentes
2383 3066 2746 3122 quaacunque
2779 3049 3072 3105 habebant
3094 3049 3152 3104 in
3187 3049 3441 3116 civitate,
3472 3048 3753 3121 fugerunt

2108 3140 2166 3194 in
2197 3144 2424 3194 montes
2448 3143 2505 3193 et
2525 3143 2893 3194 secesserunt
2913 3138 2969 3193 in
2995 3139 3289 3194 desertum
3316 3138 3531 3204 locum;
3554 3135 3753 3208 ibique

360 3200 614 3277 minuta:
632 3226 689 3276 et
738 3200 1043 3294 capti-vate,
1076 3223 1134 3278 in
1166 3226 1627 3282 comminatione
1657 3232 1713 3283 ct
1749 3227 1998 3299 eaptiva-
2029 3200 2072 3266 C
2113 3228 2265 3283 inter
2295 3228 2446 3283 feras
2474 3227 2650 3282 vitam
2685 3226 2744 3282 in
2770 3227 3069 3283 montibus
3091 3228 3356 3300 agebant,
3389 3230 3447 3282 et
3477 3200 3591 3280 feni
3621 3200 3752 3280 cibo

358 3311 516 3365 tione
556 3308 716 3365 illius
761 3313 1089 3367 ornamenti
1122 3313 1281 3369 aurei
1314 3320 1833 3386 prmmonstratur;
1884 3332 2002 3387 qua

359 3397 650 3470 captivata
682 3399 909 3470 repellit
930 3401 1211 3457 Dominus
1231 3403 1673 3459 tabernaculum
1700 3422 1874 3459 suum
1903 3404 2001 3458 ubi

361 3485 643 3542 habitavit
669 3485 729 3540 in
761 3486 1120 3554 hominibus,
1142 3490 1499 3562 tradiditque
1523 3492 1580 3546 in
1608 3493 2002 3563 captivitatem

362 3575 635 3628 virtutem
657 3590 882 3637 eorum,
903 3579 960 3630 et
974 3576 1471 3647 pulchritudinem
1491 3597 1693 3634 eorum
1719 3582 1775 3634 in
1791 3597 2005 3635 manus

362 3660 608 3727 inimici,
660 3666 718 3716 et
746 3662 1044 3718 concludit
1071 3665 1131 3718 in
1170 3665 1360 3737 gladio
1394 3667 1671 3738 populum
1720 3685 1915 3733 suum,
1950 3673 2007 3723 et

362 3750 759 3806 hereditatem
792 3768 960 3807 suam
992 3753 1237 3824 spernit.
1260 3754 1511 3810 Juvenes
1532 3771 1735 3810 eorum
1758 3757 2010 3812 comedit

364 3840 540 3912 ignis,
574 3844 632 3893 et
663 3838 915 3911 virgines
936 3856 1139 3895 eorum
1161 3858 1275 3896 non
1294 3841 1710 3899 lamentantur.
1735 3846 2010 3900 Sacerdo-

364 3933 453 3984 tes
482 3943 683 3983 eorum
716 3927 777 3982 in
829 3926 1023 3999 gladio
1054 3929 1290 3997 cadunt,
1330 3935 1388 3985 et
1414 3931 1601 3986 viduae
1644 3950 1844 3987 eorum
1894 3951 2009 3989 non

368 4015 674 4089 plorantur
720 4017 889 4084 (l’sal.
931 4017 1163 4088 Lxxvu),
1211 4019 1302 4087 60,
1332 4020 1445 4090 64).
1492 4021 1607 4074 Cur
1652 4020 1799 4076 hoc?
1844 4023 2008 4090 Quia,

370 4105 695 4161 secundum
714 4104 1482 4174 lamentantemJeremiam,
1501 4109 1714 4180 repulit
1729 4111 2014 4167 Dominus

370 4194 815 4250 tabernaculum
847 4212 1045 4264 suum,
1070 4194 1372 4251 maledixit
1401 4198 1846 4254 sanctiﬁcationi
1896 4218 2013 4255 suae

371 4284 592 4355 (Thren.
625 4301 687 4351 ιι,
718 4285 794 4356 7).
820 4284 982 4340 Unde
1004 4301 1107 4341 nec
1127 4283 1322 4357 ipsum
1345 4286 1628 4357 templum
1650 4288 1776 4357 jam
1800 4305 2015 4361 cogno-

371 4372 632 4428 minatur
678 4372 935 4440 Domini,
986 4374 1087 4429 sed
1131 4374 1290 4430 Jovis
1320 4373 1595 4446 Olympii,
1629 4381 1689 4430 ut
1730 4377 2020 4433 indicetur

370 4460 622 4533 principi
664 4462 815 4517 aeris
862 4462 1043 4533 hujus
1071 4463 1318 4519 cessisse
1366 4462 1652 4535 quidquid
1700 4465 2017 4523 visibilium

2110 3320 2407 3373 vescentes
2437 3317 2911 3375 demorabantur.
2944 3332 3016 3371 ne
3046 3315 3356 3387 participes
3387 3318 3585 3371 essent
3605 3313 3759 3369 coin-

2114 3405 2491 3476 quinationis.
2527 3409 2595 3458 Et
2626 3405 2680 3459 in
2705 3421 2819 3475 quo
2852 3406 2975 3474 jam
3012 3404 3105 3458 isti
3135 3404 3324 3458 adhuc
3356 3404 3413 3457 in
3443 3400 3755 3457 Judaismo

2116 3495 2314 3550 minus
2332 3492 2550 3547 sanctis
2564 3492 2833 3547 Patribus
2856 3492 3072 3547 nostris
3084 3489 3593 3546 inChristianismo
3607 3504 3760 3543 com-

2117 3583 2455 3637 munionem
2508 3580 2913 3634 hmroticorum
2962 3579 3266 3633 vitarunt?
3312 3576 3497 3632 Simul
3530 3592 3763 3648 qucque

2116 3669 2558 3726 consideremus
2589 3668 2746 3738 quia,
2780 3668 2964 3722 donec
2995 3665 3383 3722 sacerdotium
3424 3665 3763 3720 Judaaorum

2117 3758 2321 3828 viguit.
2356 3754 2824 3810 nulla.utcnsilia
2842 3755 2929 3811 vel
2965 3753 3207 3827 pecunia
3236 3752 3442 3825 templi
3483 3751 3766 3825 angelicis

2119 3844 2380 3901 excubiis
2410 3842 2631 3897 defensi
2661 3848 2899 3914 potuere
2928 3842 3100 3913 diripi
3124 3846 3225 3897 aut
3248 3842 3520 3912 captivari
3552 3857 3766 3914 quam-

2120 3933 2209 3987 vis
2234 3932 2290 3987 id
2323 3931 2616 3987 obslinato
2647 3932 2845 3987 animo
2877 3930 3221 3987 Heliodorus
3252 3931 3362 3986 sub
3393 3930 3541 3985 Onia
3571 3929 3761 4001 ponti-

2124 4024 2230 4077 fice
2265 4036 2579 4093 aggressus
2625 4020 2817 4075 fuerit.
2869 4019 3029 4085 Quod
3089 4018 3214 4075 sine
3259 4018 3459 4090 aliqua
3510 4017 3767 4072 vindicta

2124 4114 2352 4166 constat
2395 4114 2535 4164 tunc
2564 4110 2831 4164 effectum
2877 4109 2948 4164 ob
2998 4106 3388 4164 sacerdotium
3439 4105 3767 4174 venditum,

2124 4199 2213 4255 vel
2248 4216 2281 4253 a
2307 4214 2420 4253 non
2451 4214 2560 4253 sua
2590 4198 2864 4252 tribu.....
2903 4197 3011 4253 fuit
3038 4199 3483 4269 praesumptum.

2198 4288 2313 4343 Nec
2359 4285 2559 4341 minus
2597 4285 3088 4341 considerandum
3120 4289 3209 4340 est
3234 4284 3291 4339 in
3337 4284 3483 4340 facto
3514 4281 3773 4356 legitimo

2129 4376 2500 4432 sacerdotum
2520 4374 2679 4430 illius
2700 4374 2977 4447 temporis
2998 4378 3219 4446 quanto
3236 4372 3430 4429 studio
3447 4375 3505 4427 et
3523 4371 3778 4444 qualiter

2129 4484 2163 4521 a
2193 4463 2494 4520 catholicis
2525 4464 2813 4536 expianda
2842 4468 2998 4531 sunt,
3032 4480 3159 4535 qua:
3191 4462 3591 4518 contaminata
3618 4461 3775 4516 inve-

369 4552 945 4605 sacramentorumin
969 4550 1069 4607 illo
1093 4551 1317 4608 solebat
1332 4568 1461 4608 esse
1483 4553 1736 4622 Domini,
1761 4554 1860 4610 sed
1876 4556 2019 4611 tanti
2055 4567 2097 4630 ι)
2131 4554 2326 4610 nerint
2356 4554 2428 4607 ab
2459 4552 2766 4608 haereticis.
2800 4552 2897 4607 Sic
2927 4552 3082 4607 enim
3114 4552 3258 4607 inibi
3289 4552 3573 4607 docemur
3601 4565 3779 4622 super

372 4639 573 4690 auctor
602 4635 839 4692 sceleris
864 4638 1067 4706 Jason,
1096 4656 1130 4695 a
1159 4639 1417 4696 Menelao
1447 4640 1727 4712 expulsus
1758 4643 2021 4699 sacerdo-

369 4722 474 4791 tio,
506 4722 737 4795 fugiens
759 4725 830 4779 de
858 4726 1091 4782 civitate
1122 4727 1182 4783 in
1213 4726 1530 4792 civitatem,
1555 4730 1830 4785 omnibus
1860 4731 2021 4787 odio-

373 4828 498 4880 sus,
530 4816 596 4867 ut
636 4813 839 4885 refuga
867 4813 1060 4886 legum
1094 4816 1492 4879 exsecrabilis,
1527 4821 1591 4872 ut
1632 4818 1827 4889 patriae
1857 4822 1915 4873 et
1943 4819 2021 4873 ci-

370 4901 531 4971 vium
562 4900 737 4968 hosti,
765 4907 824 4958 et
852 4902 952 4974 qui
976 4903 1193 4959 multos
1224 4905 1295 4960 de
1317 4904 1508 4976 patria
1524 4905 1830 4977 expulerat
1860 4923 2021 4978 pere-

371 5004 475 5062 gre
526 4989 736 5062 periit;
784 4995 842 5046 et
880 4991 979 5062 qui
1024 4991 1355 5063 insepultos
1398 4994 1690 5063 abjecerat
1721 4994 1938 5051 multos
1968 5000 2025 5052 et

377 5079 503 5149 ipse
531 5077 950 5144 illamentatus,
973 5083 1030 5135 et
1055 5079 1388 5152 insepultus
1402 5080 1695 5151 abjicitur,
1719 5082 2024 5153 sepultura

379 5183 567 5238 neque
588 5168 891 5241 peregrina
912 5184 1273 5238 usus,neque
1293 5169 1482 5240 patrio
1506 5169 1773 5240 sepulcro
1788 5173 2023 5243 partici-

376 5271 544 5325 pans.
564 5256 746 5326 Cujus
768 5274 835 5312 su
841 5256 1173 5329 pplantator
1185 5255 1642 5328 Menelaus,post
1661 5260 1875 5314 easdem
1895 5279 2026 5317 san-

376 5342 591 5398 tissimi
623 5345 940 5400 sacerdotis
961 5345 1121 5400 Onizn
1142 5344 1509 5418 aliorumque
1535 5346 1856 5404 multorum
1888 5368 2024 5406 san-

377 5435 627 5502 ctorum,
659 5451 694 5488 a
724 5435 901 5490 fratre
931 5451 1038 5489 suo
1069 5433 1416 5507 Lysimacho
1450 5434 1884 5507 supplantatur,
1908 5455 2023 5493 non

380 5519 567 5575 multo
597 5526 729 5593 post
747 5523 917 5593 juxta
936 5523 1204 5579 aerarium
1226 5521 1429 5594 templi
1454 5524 1737 5579 seditione
1760 5525 2024 5581 saeculari

380 5607 748 5682 interempto.
763 5613 945 5678 Quem
957 5611 1306 5685 sacrilegum
1331 5612 1633 5684 Scriptura
1653 5614 1890 5685 astruit,
1907 5632 2021 5671 non

2131 4644 2222 4699 his
2259 4662 2271 4699 :
2306 4666 2333 4692 ‹‹
2366 4642 2751 4715 ElegitJudas
2773 4643 3101 4698 sacerdotes
3124 4642 3250 4697 sine
3272 4639 3777 4696 maculavolunta-

2130 4736 2245 4786 tem
2271 4730 2553 4786 habentes
2579 4730 2636 4785 in
2661 4730 2783 4803 lege
2796 4730 3009 4802 DeirEt
3030 4730 3461 4785 mundaverunt
3478 4731 3700 4797 saneta,
3722 4731 3781 4783 et

2131 4819 2396 4875 tulerunt
2421 4817 2645 4890 lapides
2675 4817 3190 4875 contaminationis
3218 4816 3277 4871 in
3304 4816 3493 4871 locum
3522 4814 3778 4871 immun-

2133 4908 2297 4962 dum.
2322 4911 2387 4960 Et
2404 4906 2761 4979 cogitavitde
2779 4904 3618 4975 altariholocaustorum,quod
3641 4921 3781 4977 pro-

2133 4996 2456 5068 phanatum
2490 5000 2632 5063 erat,
2658 4996 2796 5067 quid
2830 4997 2902 5051 de
2930 5013 2996 5051 eo
3028 4996 3258 5050 faceret.
3300 4994 3370 5048 Et
3406 4990 3616 5047 incidit
3662 4991 3781 5048 illis

2133 5084 2446 5140 consilium
2505 5085 2837 5149 bonum,ut
2891 5084 3262 5140 destruerent
3308 5080 3476 5146 illud,
3517 5096 3591 5136 ne
3638 5080 3782 5136 forte

2134 5177 2290 5229 esset
2320 5171 2436 5226 illis
2488 5172 2546 5225 in
2597 5172 2999 5244 opprobrium,
3051 5170 3193 5242 quia
3249 5168 3787 5225 contaminaverant

2132 5262 2278 5316 illud
2304 5266 2549 5331 gentos;
2584 5265 2642 5315 et
2674 5260 2936 5315 demoliti
2960 5265 3100 5314 sunt
3125 5258 3371 5326 illud,et
3396 5261 3787 5331 reposuerunt

2133 5349 2358 5421 lapides
2410 5349 2467 5403 in
2503 5356 2696 5404 monte
2727 5350 2939 5404 domus
2971 5348 3029 5402 in
3059 5346 3183 5403 loco
3216 5350 3349 5419 apto
3399 5345 3785 5418 quoadusque

2132 5437 2354 5492 veniret
2383 5436 2665 5509 propheta
2695 5442 2753 5492 et
2784 5437 3161 5509 responderet
3190 5436 3262 5492 de
3294 5435 3399 5491 eis.
3432 5435 3503 5489 Et
3534 5438 3782 5506 purgato

2132 5526 2372 5598 templo,
2388 5525 2972 5598 acccpcruntlapides
2989 5526 3243 5597 integros
3256 5523 3580 5581 secundum
3593 5520 3783 5595 legem

2133 5619 2189 5672 et
2216 5614 2646 5671 acditicaverunt
2674 5614 2855 5672 altare
2876 5632 3090 5672 novum
3112 5613 3437 5672 secundum
3454 5610 3603 5668 illud
3626 5613 3782 5683 quod
