4004 6210
1392 309 1805 375 HUMBERTI
1851 312 1914 375 s.
1966 314 2038 376 Β.
2085 315 2155 378 s.
2203 270 2692 388 caecimus.

335 435 527 495 fuerat
557 439 738 513 prius,
773 435 831 499 et
859 439 1289 497 aedificaverunt
1330 446 1551 512 sancta,
1583 448 1641 499 et
1671 461 1797 516 qua:
1829 444 1982 502 intra
2009 451 2065 516 Α
2093 458 2459 510 sacramenta
2475 457 2808 527 denudavit,
2826 477 3028 520 eorum
3049 466 3440 526 sacerdotium
3462 482 3752 530 cumom-

333 524 547 581 domus
569 528 942 595 intrinsecus,
976 534 1031 584 et
1068 530 1271 595 (edem,
1304 534 1362 585 et
1391 530 1541 587 atria
1579 533 1979 590 sanctificave-

2092 540 2268 596 nibus
2298 543 2421 601 suis
2461 550 2842 620 caeremoniis,
2879 556 2935 609 et
2966 553 3090 627 lege
3134 556 3518 628 spiritualiter
3546 563 3618 618 ad
3654 579 3749 632 se,

334 618 490 667 runt.
537 616 603 670 Et
649 618 909 672 fecerunt
956 636 1091 673 vasa
1130 636 1294 673 sacra
1340 638 1507 688 nova,
1557 626 1612 676 et
1660 621 1983 678 intulerunt
2090 633 2148 705 et
2168 632 2238 685 ad
2263 648 2399 688 suos
2422 616 2921 696 cohazredesvelut
2940 616 3251 701 adtribum
3274 648 3487 705 Judam
3529 616 3751 709 uomet;

331 701 747 759 candelabrum
780 710 836 760 et
878 705 1056 762 altare
1088 708 1483 774 inccnsorum,
1517 714 1573 765 et
1608 727 1873 767 mensam
1917 712 1976 767 in

327 791 569 862 templo,
602 796 660 848 et
689 794 993 851 incensum
1028 802 1349 867 posuerunt
1378 815 1554 870 super
1574 800 1776 865 altare,
1802 806 1858 854 et
1883 818 1976 855 ac-

330 880 654 938 cenderunt
684 882 951 940 lucernas
981 902 1112 956 quae
1130 905 1307 959 super
1337 888 1755 944 candelabrum
1787 895 1971 957 erant,

330 976 383 1024 et
411 968 686 1027 lucebant
716 973 774 1028 in
807 974 1044 1045 templo.
1067 977 1134 1030 Et
1156 980 1480 1047 posuerunt
1500 995 1676 1049 super
1707 996 1968 1034 mensam

328 1074 508 1130 panes
540 1062 973 1133 propositionis,
1005 1068 1060 1118 et
1091 1066 1497 1136 appenderunt
1526 1066 1670 1133 vela,
1705 1084 1974 1122 consum-

328 1149 620 1221 matisque
649 1151 925 1207 omnibus
955 1156 1087 1208 ante
1112 1154 1463 1208 matutinum
1488 1159 1886 1221 surrexerunt,
1918 1161 1975 1211 et

325 1237 395 1292 de
416 1236 616 1308 ignitis
643 1239 935 1312 lapidibus
959 1242 1090 1313 igne
1113 1248 1407 1314 concepto,
1433 1243 1770 1299 obtulerunt
1791 1245 1972 1299 sacri-

326 1325 522 1382 ficium
548 1330 1072 1402 secundumlegcm
1096 1348 1272 1402 super
1289 1331 1469 1386 altare
1494 1332 1969 1387 holocaustorum

323 1433 539 1472 novum
594 1420 747 1490 quod
782 1419 1041 1474 fecerunt
1072 1421 1119 1491 (I
1144 1421 1311 1475 Mar/1.
1362 1439 1437 1487 iv,
1490 1422 1691 1491 42-56).
1744 1422 1968 1485 Quibus

322 1505 489 1573 actis,
514 1508 797 1579 rogabant
819 1509 1128 1565 Dominum
1149 1509 1419 1580 prostrati
1437 1509 1493 1564 in
1512 1512 1825 1573 terram,ne
1844 1528 1969 1566 am-

320 1594 477 1666 plius
495 1596 664 1652 malis
686 1596 902 1653 talibus
924 1598 1263 1661 inciderent,
1287 1599 1409 1663 sed,
1429 1604 1484 1652 et
1513 1599 1559 1653 si
1583 1600 1816 1671 quando
1839 1617 1970 1671 pec-

321 1690 572 1753 cassent,
621 1691 684 1741 ut
731 1687 801 1741 ab
847 1687 973 1759 ipso
1026 1689 1224 1743 mitius
1270 1688 1723 1759 corriperentur,
1767 1693 1824 1744 et
1853 1706 1968 1745 non

321 1772 684 1846 blasphemis
707 1777 1081 1832 autbarbaris
1096 1777 1431 1832 nationibus
1448 1778 1970 1843 traderentur.Qua

321 1862 415 1917 die
445 1868 641 1919 autem
676 1865 958 1936 templum
985 1866 1055 1921 ab
1073 1866 1416 1938 alienigenis
1442 1866 1729 1937 pollutum
1756 1867 1961 1935 fuerat,

319 1950 560 2023 contigit
577 1953 780 2009 eadem
793 1953 884 2009 die
902 1956 1309 2027 purgationem
1329 1955 1450 2010 fieri
1470 1956 1745 2011 vicesima
1758 1955 1964 2027 quinta

318 2040 451 2095 novi
486 2042 703 2097 mensis
736 2042 961 2109 Casleu,
984 2048 1194 2099 etcum
1221 2044 1420 2099 laetitia
1448 2045 1656 2099 diebus
1677 2050 1806 2100 octo
1830 2062 1959 2117 ege-

317 2133 456 2184 runt
485 2129 544 2185 in
594 2131 835 2187 modum
883 2133 1414 2189 tabernaculorum.
1466 2135 1537 2188 Et
1583 2135 1961 2189 decreverunt

316 2218 611 2274 communi
628 2226 907 2292 prazcepto
930 2226 987 2276 et
1006 2222 1233 2277 decreto
1246 2223 1526 2277 universa:
1552 2222 1709 2293 genti
1728 2223 1957 2278 Judteo-

315 2323 446 2364 rum
460 2308 733 2365 omnibus
750 2310 919 2366 annis
942 2313 1231 2383 agendum
1256 2329 1358 2383 per
1378 2311 1639 2367 diesocto
1659 2314 1732 2383 (II
1749 2313 1881 2367 Μαο.
1898 2330 1951 2381 x,

313 2396 365 2463 4,
388 2397 467 2465 8),
499 2398 567 2452 Et
594 2404 947 2455 ornaverunt
968 2400 1172 2455 faciem
1206 2399 1407 2472 templi
1440 2400 1667 2455 coronis
1690 2401 1881 2457 aureis
1899 2406 1955 2457 et

310 2485 579 2554 scutulis,
614 2491 671 2543 et
692 2488 1107 2544 dedicaverunt
1132 2492 1329 2559 portas
1346 2492 1401 2543 et
1420 2489 1737 2559 pastoforia
1753 2493 1809 2543 et
1837 2489 1952 2544 im-

310 2580 633 2646 posuerunt
662 2578 746 2633 eis
771 2579 1007 2649 januas,
1040 2581 1096 2632 et
1124 2578 1274 2632 facta
1303 2581 1391 2632 est
1422 2576 1617 2631 laetitia
1647 2576 1705 2631 in
1738 2577 1950 2648 populo

309 2678 523 2735 magna
551 2665 736 2721 valde.
774 2670 841 2721 Et
870 2682 1135 2721 aversum
1169 2670 1258 2721 est
1285 2665 1661 2737 opprobrium
1685 2667 1949 2738 gentium

308 2754 359 2821 (Ι
384 2754 514 2810 illac.
539 2770 617 2821 IV,
637 2755 728 2817 57,
750 2756 862 2821 58),
890 2776 917 2803 »
935 2771 1082 2825 quas
1099 2752 1304 2825 legalis
1324 2754 1544 2808 umbree
1568 2753 1751 2810 lineas
1773 2771 1950 2811 evan-

307 2842 494 2915 gelica
522 2847 677 2898 recto
700 2843 844 2913 pede
867 2842 1053 2897 rescul
1064 2842 1143 2914 pit
1163 2842 1392 2907 veritas,
1415 2843 1556 2897 dum
1580 2860 1725 2914 pene
1745 2846 1948 2901 eodem

308 2932 481 2986 modo
512 2930 778 2987 catholici
814 2933 1008 3001 patres
1051 2947 1150 3002 pro
1182 2948 1241 2986 re
1271 2936 1327 2986 et
1356 2932 1639 3003 temporis
1678 2933 1770 2987 sui
1802 2951 1947 3005 qua—

307 3017 468 3075 litate
499 3019 733 3091 expiant
762 3019 1186 3074 contaminatas
1217 3021 1287 3075 ab
1320 3020 1606 3075 hmreticis
1635 3021 1945 3091 ecclesias;

308 3109 463 3181 quod
496 3108 675 3163 studii
706 3107 887 3161 nostri
915 3107 1025 3163 erit
1054 3107 1166 3165 alio
1198 3107 1323 3165 loco
1354 3113 1410 3163 et
1437 3108 1801 3167 evidentibus
1848 3112 1945 3167 de-

309 3199 640 3252 monstrare
665 3194 966 3267 exemplis.

380 3320 649 3373 Attamen
680 3322 737 3374 et
767 3318 908 3374 illud
939 3320 1172 3377 interim
1205 3323 1607 3378 consideretur
1636 3324 1787 3395 quod
1818 3327 1952 3380 ante

308 3407 561 3481 primam
615 3407 1007 3480 captivitatem
1053 3411 1163 3466 sub
1214 3410 1636 3481 sacerdotibus,
1681 3413 1950 3484 quamvis

305 3496 459 3552 male
508 3496 856 3566 viventibus,
890 3516 995 3555 nec
1026 3500 1207 3557 altare
1252 3501 1502 3569 Domini,
1538 3518 1641 3557 nec
1674 3501 1948 3558 utensilia

301 3586 451 3657 ejus,
487 3586 752 3659 necignis
772 3586 892 3644 sint
915 3588 1144 3660 penitus
1162 3590 1453 3658 innovata,
1489 3592 1591 3646 sed
1613 3592 1683 3646 ab
1708 3590 1944 3646 idolola-

299 3674 423 3731 trize
472 3675 764 3743 sordibus,
815 3676 1175 3750 reliquisque
1217 3679 1814 3736 contaminationibus
1844 3696 1946 3751 per

300 3779 511 3818 manus
540 3763 935 3836 legitimorum
959 3768 1327 3823 sacerdotum
1354 3768 1643 3840 solaaqua
1664 3767 1939 3841 expiatio-

2087 718 2214 788 ejus
2234 722 2605 780 confitentem
2622 728 2944 798 transtulit,
2964 734 3287 803 reprobatis
3304 735 3421 792 illis
3445 756 3458 805 ;
3481 739 3580 811 qui
3605 756 3748 797 eum

2087 814 2375 879 negarunt
2406 812 2784 872 exclamando
2813 836 2825 873 :
2860 841 2889 868 «
2924 820 3049 875 Non
3080 821 3369 881 habemus
3392 843 3585 900 regem
3617 829 3737 887 nisi

2087 895 2371 954 Caesarem
2403 903 2592 969 (Joan.
2627 921 2743 968 x1x,
2784 906 2890 977 15).
2928 930 2956 957 ››

2155 986 2416 1076 Denique
2438 992 2724 1064 quidquid
2751 997 3127 1055 sacerdotalis
3147 1001 3322 1058 officii
3355 1009 3573 1076 postea,
3606 1011 3732 1065 tam

2083 1075 2155 1129 ab
2174 1075 2290 1132 illis
2308 1094 2485 1149 quam
2505 1081 2577 1135 ab
2593 1097 2793 1137 eorum
2812 1083 3105 1143 similibus
3130 1093 3188 1145 et
3204 1075 3575 1164 sequacibus,
3593 1115 3707 1170 prae

2081 1170 2382 1236 sumptum
2416 1166 2530 1222 illic
2560 1173 2616 1222 et
2636 1174 2830 1225 actum
2853 1172 2980 1242 fuit,
3012 1175 3229 1232 diaboli
3251 1185 3308 1235 et
3327 1198 3438 1236 non
3462 1184 3563 1240 Dei
3593 1166 3728 1242 cul-

2081 1257 2177 1307 tus
2193 1254 2429 1321 exstitit,
2445 1256 2616 1345 juxta
2637 1260 2790 1328 quod
2815 1260 2876 1313 B.
2892 1277 3046 1333 papa
3066 1268 3121 1319 et
3140 1266 3344 1323 doctor
3366 1272 3478 1327 Leo
3492 1277 3728 1345 asserit,

2081 1363 2108 1390 α
2144 1341 2594 1398 reclamantibus
2645 1362 2877 1418 quoque
2908 1353 3298 1420 potestatibus
3331 1360 3635 1430 angelicis,
3668 1341 3730 1420 et

2080 1428 2438 1487 dicentibus:
2464 1433 2861 1492 Transeamus
2890 1438 2963 1493 ab
2998 1439 3092 1495 his
3121 1443 3382 1500 sedibus.
3414 1428 3446 1497 ξ»
3476 1449 3571 1503 Sic
3593 1452 3728 1525 jugi

2079 1519 2362 1574 sacrificio
2381 1521 2594 1587 ablato,
2618 1540 2805 1594 usque
2831 1525 2888 1580 in
2915 1527 3089 1584 finem
3114 1540 3439 1601 perseverat
3456 1519 3726 1595 inibiab-o

2079 1606 2356 1664 ominatio
2389 1615 2445 1665 et
2475 1610 2787 1679 desolatio;
2811 1616 3135 1672 secundum
3155 1621 3313 1691 quod
3345 1623 3409 1678 B.
3441 1624 3722 1700 Hierony-

2081 1713 2214 1751 mus
2240 1698 2311 1752 de
2341 1698 2529 1754 tribus
2560 1704 2810 1770 quatuor
2833 1703 3150 1761 sceleribus
3177 1713 3571 1779 quarumdam
3602 1698 3730 1770 dis-

2079 1801 2281 1840 serens
2314 1787 2643 1857 nationum,
2666 1788 2782 1845 ait:
2808 1813 2837 1839 «
2875 1797 3055 1849 Amos
3087 1796 3369 1867 propheta
3396 1800 3455 1854 in
3478 1817 3577 1857 eas
3593 1818 3733 1875 gen-

2074 1877 2160 1929 tes
2207 1892 2335 1946 quaa
2384 1876 2629 1933 lectione
2676 1879 2806 1949 ejus
2837 1883 3274 1953 comprehensa:
3323 1893 3481 1954 sunt,
3515 1891 3588 1945 oh
3620 1909 3723 1949 eas

2073 1980 2284 2020 causas
2302 1983 2450 2036 quas
2466 1973 2771 2032 memorat,
2786 1970 3095 2027 affuturam
3117 1972 3264 2030 iram
3280 1975 3379 2032 Dei
3396 1978 3723 2037 denuntiat.

2072 2052 2139 2108 Et
2171 2053 2310 2125 quia
2330 2054 2387 2110 in
2413 2056 2795 2127 sequentibus
2815 2058 2896 2113 ait
2918 2076 2930 2113 :
2952 2061 3016 2114 In
3042 2061 3232 2118 tribus
3252 2063 3651 2138 impietatihus
3669 2075 3730 2126 et

2071 2159 2250 2213 super
2278 2147 2531 2214 quatuor
2561 2161 2675 2200 non
2709 2152 3043 2205 convertam
3070 2167 3227 2222 eum,
3254 2154 3426 2211 tertio
3461 2164 3726 2228 peccato-

2068 2246 2197 2285 rum
2214 2232 2308 2285 ind
2322 2230 2637 2304 ulgentiam
2652 2235 2837 2291 Deum
2857 2237 2996 2293 dare
3020 2254 3193 2310 posse
3210 2241 3522 2315 signiﬁcat;
3548 2263 3723 2319 quem

2065 2323 2273 2390 quarto
2323 2321 2527 2376 eadem
2560 2326 2795 2393 peccata
2823 2328 3356 2403 committentibus,
3402 2350 3507 2390 nec
3538 2336 3724 2408 pceni-

2060 2408 2327 2476 tentiam,
2350 2425 2455 2466 nec
2475 2410 2901 2484 indulgentiam
2923 2416 3198 2474 daturum
3222 2420 3546 2478 denuntiat.
3570 2424 3719 2481 Nam

2062 2511 2167 2567 per
2194 2497 2345 2569 ignis
2376 2498 2848 2572 similitudinem,
2881 2521 3056 2575 quem
3090 2507 3148 2562 in
3181 2510 3491 2581 praedictas
3512 2517 3719 2584 gentes

2063 2584 2417 2643 mittendum
2467 2589 2754 2661 przedixit,
2787 2608 3024 2664 gravem
3055 2599 3111 2651 et
3140 2595 3581 2657 irrevocabilem
3613 2602 3717 2658 Dei

2060 2672 2233 2741 iram,
2252 2676 3003 2754 animadversationemque
3024 2683 3206 2741 voluit
3225 2686 3650 2747 demonstrare.
3686 2714 3716 2741 ››

2060 2763 2182 2827 Quo
2216 2765 2361 2821 tanti
2379 2767 2483 2821 viri
2509 2768 2844 2825 testimonio
2866 2772 3349 2845 expergiscantur
3370 2777 3712 2848 Simoniaei,

2060 2856 2118 2908 et
2145 2854 2376 2910 discant
2406 2861 2623 2927 quanto
2656 2859 2854 2915 minus
2884 2861 3005 2917 sint
3034 2862 3148 2934 ipsi
3176 2868 3576 2937 convertendi,
3609 2870 3713 2942 qui

2060 2959 2173 2997 non
2221 2943 2411 2999 solum
2462 2948 2550 3001 ter
2595 2951 2696 3002 aut
2743 2953 2969 3020 quater,
3004 2952 3105 3008 sed
3150 2952 3324 3009 etiam
3357 2956 3577 3014 centies
3606 2963 3711 3014 aut

2060 3030 2272 3088 millies
2305 3035 2682 3091 committunt
2711 3038 2914 3093 eadem
2945 3039 3184 3109 scelera,
3232 3041 3711 3115 imprmtermisse

2059 3121 2407 3192 negotiando
2438 3123 2509 3178 de
2538 3124 2790 3196 Spiritus
2811 3127 2997 3182 sancti
3019 3129 3227 3200 gratia.
3261 3133 3397 3198 Quae
3429 3136 3703 3205 quamvis

1986 3184 2029 3250 (ἶ
2064 3184 2319 3280 graviter
2346 3184 2639 3283 punienda
2661 3213 2779 3269 sint
2808 3214 2865 3270 in
2884 3184 3708 3289 emptoribus,~multli—t;men

2060 3297 2296 3369 gravius
2326 3298 2384 3355 in
2407 3300 2830 3368 venditoribus,
2860 3303 3002 3375 quia
3031 3307 3222 3363 evenit
3250 3325 3706 3385 nonnunquam,

2062 3390 2127 3440 ut
2154 3390 2382 3459 emptor
2409 3390 2654 3445 emendo
2688 3392 2922 3448 nonnisi
2952 3395 3135 3451 semel
3185 3396 3509 3471 delinquat,
3562 3402 3705 3459 dum

2058 3475 2249 3531 denuo
2280 3475 2518 3533 cuilibet
2545 3480 2795 3535 vendere
2825 3482 2982 3552 quod
3014 3485 3309 3558 accepisse
3339 3493 3582 3560 putatur
3611 3508 3704 3547 re-

2056 3568 2240 3620 cusat.
2255 3565 2551 3622 Venditori
2574 3571 2769 3624 autem
2787 3586 2912 3642 qum
2934 3573 3123 3645 gratia
3145 3581 3430 3645 remanet,
3452 3583 3555 3635 aut
3575 3595 3705 3652 qum

2052 3651 2140 3708 ira
2161 3670 2272 3709 non
2298 3653 2585 3723 imminet,
2610 3657 2710 3728 qui
2733 3660 3013 3717 nonnuisi
3034 3663 3280 3721 vendere
3297 3651 3606 3725 solet‘ISed
3631 3686 3704 3728 ne

2051 3742 2124 3797 de
2136 3741 2265 3798 aliis
2286 3746 2514 3800 tantum
2540 3745 2883 3815 sceleribus,
2906 3754 2963 3806 et
2984 3767 3096 3807 non
3126 3753 3197 3809 de
3218 3754 3550 3813 Simoniaca
3581 3757 3698 3815 hie-

296 3851 392 3908 nis
420 3830 746 3924 purificata.
782 3855 942 3920 Quod
977 3873 1147 3912 secus
1181 3857 1396 3912 factum
1427 3830 1561 3913 esse
1596 3830 1941 3929 posticapti-

2072 3830 2163 3885 esi
2193 3831 2414 3887 dictum
2428 3837 2684 3905 putetur,
2710 3840 3241 3914 attendamusquid
3273 3844 3345 3898 de
3362 3845 3561 3915 Israel,
3594 3861 3697 3903 cu-

293 3920 533 3995 vitatem
564 3941 864 3998 occasione
881 3945 1189 3999 sacerdotii
1210 3944 1431 4000 venalis
1453 3943 1723 4016 superius
1740 3948 1936 4000 ostcn-
2040 3920 2621 4036 ξίὲῗῗξξώὶῗῗξξίξξο
2653 3923 3322 4036 δθτξίιξονξξωιτθὲευιω
3347 3933 3694 4036 Ῑξψδτξίίξιπι

294 4028 474 4097 ditur,
510 4029 565 4084 in
601 4033 828 4086 tantum
850 4035 914 4087 ut
934 4030 1155 4104 lapides
1176 4050 1411 4105 quoque
1432 4008 1615 4089 san-eti
1640 4034 1935 4105 quondam

2072 4008 2252 4077 iﬂ‘ecit,
2283 4008 2355 4065 ab
2376 4012 2582 4067 eodem
2611 4014 2895 4087 propheta
2923 4018 3185 4088 dicatur;
3220 4024 3276 4074 et
3307 4021 3429 4076 sole
3476 4018 3693 4081 clarius

294 4116 644 4173 altarisindc
658 4119 864 4174 remoti
881 4121 1114 4188 fuerint;
1132 4122 1404 4193 ignisque
1419 4139 1602 4177 novus
1620 4125 1936 4192 conceptus

2072 4101 2317 4152 :ernetur
2344 4098 2579 4156 illorum
2613 4103 2776 4174 prius
2820 4105 3137 4180 negotium,
3171 4123 3284 4177 quo
3319 4108 3519 4179 inique
3548 4126 3688 4166 ven-

2072 4186 2189 4210 1.-..1.
2215 4190 2263 4210 ΑΔ.
2290 4186 2527 4210 -ιι---μ,-
2572 4208 2664 4210 _,,,
2729 4193 2761 4210 οι
2792 4194 2863 4210 ον·
3210 4209 3217 4210 ,
3250 4197 3315 4210 ,1,
3668 4199 3680 4210 ι

292 4222 361 4263 ex
392 4206 589 4279 ignitis
621 4186 1123 4281 lapidibusfuit(ll
1142 4186 1342 4266 Iliaca.
1365 4212 1441 4282 3),
1460 4227 1590 4266 cum
1616 4186 1934 4265 asacerdo-

2072 4186 2192 4241 lunt
2211 4190 2267 4242 et
2286 4186 2530 4245 alterum
2557 4208 2672 4263 quo
2694 4193 2805 4248 sibi
2827 4194 3055 4266 linguas
3067 4197 3484 4282 correptorum,
3510 4199 3680 4266 quasi

289 4293 370 4350 tio
389 4274 580 4350 Aaron
594 4274 782 4366 usque
802 4298 873 4351 ad
898 4274 1466 4369 perfidumJasonem
1484 4300 1637 4371 ignis
1659 4299 1731 4354 ab
1750 4298 1932 4355 altare
2042 4274 2482 4381 ξ’ξοξδθιξίνυῐη,
2498 4279 3097 4381 iniquiusredimunt,
3112 4279 3214 4381 fit
3231 4280 3387 4381 enim
3405 4281 3574 4381 :.Ha2‘c
3589 4283 3679 4338 di-

287 4363 764 4439 holocaustow'm
812 4363 928 4441 ηοξ]
988 4387 1281 4455 defecerit,
1331 4406 1433 4445 nec
1474 4363 1931 4444 agominandum
2038 4363 2116 4418 cit
2146 4363 2468 4422 Dominus:
2498 4368 2684 4440 Super
2712 4369 2899 4424 tribus
2928 4366 3242 4423 sceleribus
3272 4367 3472 4440 Israel,
3494 4374 3555 4426 et
3584 4388 3679 4429 su-

284 4469 509 4527 idolum
532 4470 907 4530 desolationis
927 4491 1103 4548 super
1126 4475 1266 4532 illud
1300 4494 1502 4550 regum
1522 4477 1835 4549 quisquam
1856 4494 1928 4531 ω·
2171 4457 2422 4557 ίῖξξθίυον
2452 4473 2564 4557 ξὀξι
2599 4461 2924 4557 φονθνξθω
2948 4470 3103 4520 eum’
3138 4471 3241 4527 ΡῙὈ
3270 4471 3338 4512 eo
3361 4460 3518 4557 q_“°d
3540 4477 3680 4518 ven“

284 4560 621 4618 dificaverit.
657 4563 790 4627 Quae
840 4540 1021 4620 tertia.
1032 4567 1159 4637 jam
1204 4540 1593 4623 reconciliatio
1642 4540 1843 4622 altaris
1873 4573 1931 4623 et
1965 4564 2007 4629 D
2039 4540 2247 4637 ἐξίάθνίε
2274 4545 2752 4637 menmium")
2772 4548 2841 4637 fit
2861 4558 3175 4637 Pa_“Pe"°“?
3202 4560 3305 4616 pro
3322 4546 3681 4637 calceamen'

279 4650 483 4724 templi
510 4668 608 4725 per
624 4650 846 4724 aliquot
866 4629 1161 4727 legitimos
1177 4658 1529 4724 sacerdotes,
1554 4656 1746 4728 qualis
1764 4655 1927 4711 Chri-
2036 4629 2256 4741 ξξξξι-θξ
2268 4631 3211 4741 ing“:‘Yfffiﬁfffiigigrf‘fﬁi?
3242 4635 3675 4741 A°°°“.bﬁer‘untf

278 4741 353 4797 sti
370 4719 746 4814 praeursoris
763 4719 1516 4816 genitorZacharias,etiam
1532 4750 1808 4817 regnante
1823 4744 1926 4801 He-
2028 4723 2201 4825 {‘3an
2230 4719 2932 4825 οτηξθβ¹¹ξῗθιξίῘ¹ἾιΞἮ
2956 4720 3378 4825 dfF‘E‘T‘O’“?
3395 4724 3677 4825 b'PePaEt

277 4806 435 4895 rode,
468 4830 707 4900 exstitit,
742 4838 1080 4889 consecrata
1129 4835 1256 4903 fuit,
1290 4835 1494 4902 donec,
1533 4836 1659 4905 jam
1716 4833 1921 4906 praedi-

2072 4823 2094 4860 1
2126 4807 2300 4863 domo
2320 4807 2418 4862 Dei
2438 4806 2527 4861 sui
2558 4806 2770 4906 (/l‘mos,
2804 4809 2873 4875 II,
2907 4810 2960 4875 4,
2992 4809 3069 4878 8).
3106 4813 3173 4866 Et
3200 4811 3479 4869 suscitavi
3502 4816 3583 4871 de
3612 4817 3674 4871 tl-

273 4891 439 4974 cante
463 4891 709 4975 Domino
733 4924 928 4977 nostro
949 4924 1082 4979 Jcsu
1107 4891 1357 4987 Christo,
1378 4891 1575 4979 Anna's
1597 4928 1653 4979 et
1672 4891 1921 4995 Caiphae
2028 4891 2128 4999 {iis
2156 4896 2362 4950 “suis
2386 4894 2445 4999 ίξί
2474 4892 2820 4999 P'ﬁ°P,heE“;,
2842 4897 3002 4999 ei,“
3023 4898 3342 4999 juvf’nllm
3370 4903 3580 4999 vestris
3608 4904 3665 4963 in

272 5024 390 5063 non
421 5006 610 5064 solum
643 5009 862 5077 venale,
896 5012 996 5067 sed
1027 5016 1085 5068 ct
1106 4981 1358 5068 annuale
1388 4981 1791 5069 sacerdotium.
1810 5028 1918 5067 sua
2028 4981 2345 5082 Nf‘zf’fmév
2377 4986 2435 5082 cf
2452 4981 2857 5082 Populum?“
2879 4986 3167 5082 Νίξξθτωίδ
3196 4988 3422 5082 vinum!
3452 4997 3509 5049 et
3535 5010 3665 5065 pm'

270 5053 1234 5173 ambition;etvpec‘u’niauprbrsus
1265 5101 1599 5157 effecerunt.
1654 5101 1913 5165 Quorum
2027 5069 2569 5173 {JPeEiiminabms’
2614 5070 2875 5131 dicentes
2907 5092 2921 5130 ³
2955 5076 3037 5131 Ne
3074 5077 3434 5150 prophetetis
3480 5082 3665 5155 (Ῐδίίιυ

266 5184 479 5292 suique
508 5160 795 5292 sim/ilium
826 5160 1607 5292 negotiq‘domusorationis
1637 5160 1915 5292 spelunca
2028 5160 2112 5228 Μ’
2148 5162 2256 5227 ¹2)’
2296 5181 2324 5207 ”
2649 5232 2876 5290 CAPUT
2925 5235 3021 5292 xx

262 5275 276 5328 l
355 5287 563 5328 renum
607 5276 791 5347 (ΜαιΙι.
843 5296 959 5344 xxx,
996 5280 1085 5349 13)
1128 5280 1314 5336 fuerat
1356 5280 1524 5346 facta,
1560 5283 1913 5351 protestante

2072 5317 2096 5356 ε
2131 5301 2379 5373 periculo
2421 5294 2761 5381 sacerdotum
2804 5310 2855 5381 et
2892 5309 3310 5381 indisciplz'nata
3368 5314 3669 5372 ambitione

263 5362 539 5427 Domino,
556 5380 702 5434 quos
717 5365 889 5437 paulo
906 5373 1035 5440 post
1056 5369 1111 5424 in
1134 5386 1304 5425 cruce
1322 5370 1676 5441 tanquamin
1701 5368 1910 5424 throno
2131 5362 2147 5373 ⁸
2585 5378 2759 5430 nostri
2811 5380 3093 5451 temporis.

261 5448 585 5524 pontiﬁcali
617 5453 901 5511 exaltatus
933 5458 987 5512 da
1009 5458 1252 5527 m-iavit,
1284 5463 1341 5514 et
1380 5458 1910 5530 irrecupcrabilitcr
2087 5462 2195 5517 Sed
2246 5479 2348 5531 va»,
2380 5480 2462 5519 vae
2494 5462 2663 5519 nobis
2713 5469 3115 5525 sacerdotibus
3146 5475 3203 5526 et
3233 5470 3478 5543 clericis,
3524 5475 3666 5546 quia

261 5538 558 5605 deposuit,
582 5540 744 5609 dum,
767 5542 889 5597 velo
913 5547 1111 5618 templi
1137 5564 1415 5602 asumma
1435 5548 1906 5618 usqucdcorsum
2018 5568 2123 5608 nos
2154 5551 2267 5625 ipsi
2297 5550 2608 5609 audacium
2633 5556 2687 5608 et
2703 5553 2965 5625 gladium
2990 5557 3063 5614 ad
3093 5561 3567 5631 pressumendum
3607 5568 3665 5619 et

260 5639 365 5693 per
394 5628 653 5702 medium
677 5630 858 5685 scisso
883 5632 1065 5701 (.llath.
1103 5652 1273 5703 mn,
1305 5636 1416 5705 5t),
1450 5636 1645 5692 omnia
1672 5635 1902 5694 illorum
2015 5628 3661 5724 invadendumecclesiasticasubministramuslaicisqum
