4004 6210
268 321 434 388 1173

862 322 1279 389 ADVERSUS
1326 320 1796 388 SIMONIACOS
1840 320 2049 387 LIBRI
2093 324 2316 389 TRES.
2352 358 2429 373 --
2458 325 2691 391 LIBER
2733 326 3102 391 TERTIUS.

3542 322 3699 433 ιω

272 473 379 517 nec
409 462 830 532 praeumerent
866 475 971 516 nec
1002 458 1380 530 invaderent,.
1404 456 1518 514 nisi
1568 461 1670 514 aut
1716 457 2001 526 nostraA
2031 460 2207 531 atque
2236 475 2479 517 suorum
2500 457 2736 517 licentia
2755 459 2842 515 vel
2866 462 3153 532 praecepto
3186 460 3478 517 rectorum
3502 457 3563 525 in
3582 462 3697 518 ter-

271 548 630 622 negligentia
682 554 783 605 aut
833 549 990 605 favor
1019 565 1117 605 eos
1150 549 1220 605 ad
1252 549 1309 603 id
1344 546 1667 604 animaret?
1712 547 1934 620 Nempe

267 654 403 693 eum
435 638 622 695 simus
643 654 817 694 canes
840 638 1093 694 ccelestis
1115 637 1719 709 patrisfamilias,non
1740 635 1935 691 solum

267 725 429 783 nullo
459 726 644 783 libero
670 732 726 783 et
772 728 1056 783 continuo
1090 727 1329 796 latratu,
1365 725 1526 781 nullo
1564 726 1682 781 acri
1714 742 1933 795 morsu,

268 814 588 887 importuni
620 832 653 871 a
674 815 898 888 peculio
916 821 973 871 et
995 815 1178 872 caulis
1196 818 1328 885 ejus
1364 820 1625 887 raptores
1647 831 1931 879 arcemus,

269 904 411 975 quin
442 904 637 975 potius
666 904 838 970 muti,
871 904 1112 977 perditis
1151 904 1620 959 obsecrationum
1695 901 1933 974 linguis,

267 998 371 1047 aut
399 994 681 1065 repressis
714 992 1193 1065 redargutionum
1254 992 1548 1062 dentibus,
1598 992 1838 1047 vocibus
1881 987 1939 1048 et

265 1081 488 1148 caudis,
521 1081 678 1137 velut
730 1081 948 1137 inertes
997 1099 1191 1151 canes,
1242 1082 1475 1152 penitus
1522 1080 1780 1145 demissi,
1826 1077 1933 1133 im-

263 1171 447 1242 proba
475 1175 532 1225 et
561 1187 710 1226 caeca
735 1171 1074 1227 adulatione
1104 1171 1174 1226 ad
1229 1171 1574 1242 rapiendum
1597 1169 1932 1223 invitemus.

266 1258 384 1314 Nec
403 1257 599 1330 aliquo
623 1260 832 1315 timore
849 1260 934 1314 vel
959 1276 1155 1315 amore
1192 1258 1420 1314 Domini
1454 1257 1632 1313 nostri
1655 1258 1935 1313 offensam

268 1347 562 1403 incurrere
602 1365 894 1417 cavemus,
934 1365 1039 1403 nec
1077 1348 1264 1403 instar
1294 1346 1568 1401 damnOsi
1601 1346 1763 1400 canis
1792 1363 1933 1416 pras-

265 1435 595 1508 cipitandos
627 1454 732 1492 nos
782 1437 839 1491 in
893 1453 1165 1508 rapacem
1217 1436 1557 1507 Carybrlim,
1592 1434 1937 1505 ultimisque

267 1523 578 1596 suppliciis
594 1525 926 1581 obruendos
940 1524 1354 1580 recolimus.Se
1371 1524 1404 1578 d
1423 1525 1576 1595 quod
1597 1522 1787 1578 adhuc
1805 1522 1935 1594 plus

266 1612 584 1671 dolendum
611 1612 959 1676 est,familiac
995 1611 1303 1666 Dominicae
1342 1610 1936 1665 efficimurterribiles

268 1704 325 1754 et
352 1700 683 1771 raptoribus
714 1700 1159 1771 mites.lnsuper
1196 1704 1398 1754 tantus
1428 1704 1632 1770 stupor
1655 1716 1760 1754 nos
1782 1699 1935 1779 obsi-

2046 563 2184 603 reno
2219 546 2431 620 palatio
2463 553 2882 605 conversantur
2902 553 2957 603 et
2988 548 3521 622 deserviunt,atque
3550 564 3696 607 non-

2044 653 2348 709 nunquam
2382 638 2453 693 ab
2487 634 2756 692 Ecclesiis
2789 641 3005 693 rectore
3037 635 3279 708 privatis
3306 653 3411 691 nec
3440 636 3695 709 aliquem

2045 742 2291 780 suorum
2316 725 2416 797 qui
2450 725 2707 798 proficue
2738 726 3013 781 succedat
3044 724 3397 780 habentibus
3439 726 3696 798 expetiti,

2044 813 2301 886 regimen
2318 814 2780 887 suscipiunt,nec
2797 814 3028 870 dicendi
3050 818 3189 868 sunt
3205 812 3432 869 labores
3447 812 3697 888 aliorum

2046 901 2356 970 invasisse;
2392 903 2491 957 sed
2527 902 2802 958 fratribus
2845 902 2904 957 in
2935 902 3131 958 labore
3163 900 3568 957 deficientibus
3604 918 3696 959 oo-

2045 991 2318 1047 currisse.
2352 992 2419 1047 Et
2450 992 2605 1063 quod
2632 991 2989 1047 laudabilius
3018 994 3127 1058 est,
3164 991 3487 1062 profectum
3519 1007 3695 1049 suum

2044 1096 2163 1134 suae
2191 1079 2454 1135 debitum
2474 1079 2938 1151 Ecclesiae,cujus
2957 1079 3264 1151 stipendiis
3288 1079 3424 1134 etin
3449 1096 3566 1152 qua
3586 1080 3695 1136 mi-

2045 1167 2375 1234 litaverunt,
2408 1168 2875 1240 periclitantibus
2897 1168 3027 1223 aliis
3050 1158 3698 1235 Ecclesiis,-charitative

2044 1256 2423 1328 impendunt;
2460 1274 2563 1312 nec
2593 1257 3095 1329 dignitatem,quze
3126 1257 3231 1325 eis,
3253 1261 3316 1311 ut
3346 1257 3694 1325 emeritis,in

2044 1345 2300 1401 Ecclesia
2325 1363 2431 1401 sua
2460 1345 2545 1401 vel
2580 1347 2765 1418 patria
2796 1347 3136 1411 debebatur,
3159 1346 3491 1402 attendunt.
3524 1345 3697 1404 Tales

2046 1435 2298 1506 profecto
2321 1439 2482 1490 tanto
2513 1436 2702 1506 magis
2733 1440 2871 1490 sunt
2892 1435 3187 1490 reverendi
3208 1439 3428 1505 quanto
3451 1453 3564 1490 non
3588 1451 3698 1492 sua

2045 1525 2441 1594 quaeruntscd
2474 1523 2686 1581 Christi
2705 1524 2943 1596 ;quibus
2970 1540 3110 1579 sane
3132 1523 3301 1578 bonis
3323 1540 3486 1596 teque
3507 1525 3700 1580 omni-

2045 1610 2153 1666 bus
2186 1612 2462 1683 injuriam
2494 1611 2737 1678 faciunt,
2769 1613 2886 1667 imo
2919 1610 3351 1684 Omnipotentis
3388 1610 3693 1682 voluntati,

2046 1699 2105 1753 in
2137 1700 2306 1769 cujus
2336 1700 2554 1756 ditione
2585 1706 2794 1757 cuncta
2824 1706 2963 1756 sunt
2992 1700 3202 1773 posita,
3231 1700 3531 1768 resistunt,
3556 1700 3693 1774 qui-

269 1788 387 1853 det,
421 1792 485 1842 ut
513 1789 822 1844 credamus
851 1787 1131 1843 laicorum
1164 1805 1293 1843 esse
1328 1788 1481 1859 quod
1516 1791 1777 1842 nostrum
1811 1794 1918 1842 est.
1951 1824 2000 1889 B
2045 1804 2276 1859 cunque
2306 1789 2379 1843 ob
2410 1788 2519 1844 hoc
2551 1789 2919 1860 importunos
2941 1806 3002 1844 se
3025 1788 3511 1861 impudentesque
3538 1788 3697 1862 inge-

269 1877 410 1932 Inde
440 1880 530 1932 est
555 1877 709 1948 quod
742 1875 1006 1932 nonnulli
1039 1881 1397 1934 nostrorum.
1433 1892 1582 1931 caeca
1606 1875 1925 1932 ambitione

269 1965 453 2025 ducti,
477 1981 592 2036 quo
626 1966 877 2019 maxime
911 1963 1064 2020 malo
1096 1966 1252 2019 intra
1292 1963 1519 2020 Italiam
1565 1964 1922 2032 laboramus,

269 2052 614 2125 postpositis
657 2052 1070 2108 ecclesiasticis
1119 2052 1463 2123 rectoribus,
1496 2070 1748 2125 quorum
1794 2058 1922 2108 tan-

268 2142 574 2198 tummodo
624 2141 884 2207 interest,
918 2141 1182 2197 certatim
1231 2141 1446 2213 palatia
1477 2159 1581 2197 nec
1633 2141 1920 2213 requisiti,

272 2247 379 2286 nec
394 2230 581 2286 vocati
601 2230 1269 2301 irrumpunt,szeculares
1281 2233 1602 2302 potestates
1620 2230 1697 2285 im
1710 2231 1924 2300 puden-

270 2323 359 2374 ter
375 2319 859 2385 adeunt,censum
885 2319 1370 2390 patrimoniorum
1395 2336 1636 2374 suorum
1661 2325 1718 2374 et
1740 2319 1921 2374 facul-

271 2409 423 2461 tates
445 2405 810 2478 principibus
832 2423 1150 2479 eorumque
1169 2406 1555 2463 familiaribus
1574 2408 1922 2463 adhaerendo

270 2498 328 2550 et
356 2494 729 2565 obsequendo
757 2496 1112 2568 expendunt,
1146 2502 1208 2550 ut
1238 2495 1325 2551 vel
1357 2512 1487 2551 sero
1527 2494 1785 2568 aliquam
1827 2512 1922 2551 ec-

270 2581 658 2639 clesiasticam
690 2584 1033 2656 dignitatem
1075 2590 1358 2640 venentur
1405 2589 1539 2657 post
1586 2585 1921 2653 diuturnas,

271 2670 558 2727 maximas
575 2677 632 2727 et
652 2672 963 2728 continuas
993 2673 1322 2746 angustias,
1358 2690 1506 2745 quas
1539 2673 1922 2729 insanissima

269 2759 556 2832 patientia
607 2761 814 2817 diebus
863 2766 920 2816 et
966 2764 1236 2817 noctibus
1286 2764 1604 2834 perferunt,
1638 2763 1923 2833 patientes

268 2847 478 2916 exsilii,
511 2848 963 2921 inediae,algoris
994 2854 1051 2905 et
1080 2851 1414 2923 vigiliarum
1447 2868 1627 2922 supra
1655 2852 1918 2905 modum.

271 2938 336 2992 In
367 2953 482 3010 quo
510 2937 792 2993 nimirum
824 2937 1287 2994 detestabiliores
1318 2938 1626 2994 ambitioso
1673 2939 1923 2995 Catilina

270 3032 409 3080 sunt
437 3024 710 3093 habendi,
744 3026 845 3098 qui
876 3028 1074 3098 patriae
1118 3027 1408 3099 parricida
1457 3028 1529 3083 ob
1579 3028 1919 3083 consulatus

269 3112 650 3169 ambitionem
682 3131 798 3169 non
830 3115 1024 3170 renuit
1054 3114 1197 3170 ﬁeri.
1234 3117 1393 3181 Quod
1442 3115 1491 3171 si
1538 3115 1632 3171 ille
1677 3122 1918 3172 terrenae

2035 1882 2204 1943 runt;
2239 1894 2492 1948 quorum
2543 1876 3116 1949 indisciplinatorum
3174 1882 3231 1933 et
3282 1878 3695 1951 girovagorum

2030 1969 2195 2020 tanta
2223 1969 2313 2021 est
2343 1965 2793 2033 multitudo,nec
2815 1968 3046 2020 tantum
3073 1965 3363 2021 nobilium
3396 1970 3454 2021 et
3477 1965 3700 2023 littera-

2032 2058 2226 2108 torum
2259 2058 2544 2126 quantum
2568 2058 2623 2108 et
2646 2052 2992 2126 ignobilium
3024 2058 3201 2124 atque
3232 2052 3697 2125 illitteratorum,

2031 2148 2096 2198 ut
2125 2142 2384 2198 ecclesiis
2414 2141 2798 2212 claustrisque
2827 2140 3180 2197 vacuefactis
3226 2144 3283 2196 et
3326 2140 3693 2212 vacantibus,

2030 2229 2248 2304 palatia
2277 2232 2603 2302 domusque
2630 2229 3001 2285 saecularium
3033 2228 3123 2284 vix
3146 2230 3273 2300 jam
3298 2245 3505 2302 capere
3527 2231 3693 2286 suffi-

2030 2320 2188 2375 ciant
2218 2320 2489 2374 examina
2520 2318 2959 2375 clericorum.ln
2993 2318 3208 2389 quibus
3233 2317 3501 2374 nonnulli
3524 2317 3682 2375 inve-

2031 2409 2275 2464 niuntur
2299 2408 2399 2480 qui
2430 2407 2854 2463 ecclesiasticos
2881 2407 3132 2462 honores
3164 2423 3278 2461 non
3304 2410 3538 2463 tantum
3563 2404 3678 2464 cle-

2032 2496 2196 2553 ricali
2231 2496 2422 2553 ofﬁcio
2454 2502 2741 2568 quantum
2773 2494 3127 2563 medicinali,
3157 2498 3260 2550 aut
3286 2493 3689 2567 ,scurriliseu

2028 2585 2339 2658 gnatonico
2371 2583 3033 2656 aucupantur.Mentior,
3070 2581 3118 2639 si
3151 2600 3265 2639 non
3301 2582 3495 2655 plures
3516 2582 3679 2654 ejus-

2031 2675 2185 2730 modi
2221 2673 2540 2746 promeruit
2572 2672 2923 2744 Italia,quos
2952 2671 3111 2727 nulla
3142 2672 3431 2748 promovit
3449 2666 3681 2728 morum

2029 2767 2132 2819 aut
2162 2762 2548 2818 litteratorum
2579 2760 2897 2832 gratia,sed
2919 2763 3021 2815 aut
3050 2758 3376 2816 scurrilitas
3396 2760 3483 2831 vel
3507 2759 3681 2817 fallax

2029 2851 2307 2918 adulatio,
2339 2868 2463 2919 seu,
2496 2851 2649 2921 quod
2683 2849 3076 2905 excusabilius
3109 2853 3372 2922 putatur,
3402 2840 3682 2905 solame-

2029 2940 2241 2996 dicina.
2278 2938 2500 3004 Quibus
2530 2954 2663 2995 cum
2695 2937 2895 2994 nullus
2926 2937 3393 2994 Christianorum
3415 2954 3680 3008 commu-

2030 3028 2224 3083 nicare
2264 3029 2490 3097 debeat,
2540 3033 2605 3083 ut
2648 3043 2780 3082 vere
2825 3025 3119 3099 acephalis
3166 3032 3223 3083 et
3265 3023 3392 3082 sine
3440 3042 3684 3083 suorum

2029 3121 2317 3172 rectorum
2350 3116 2558 3171 litteris
2602 3121 2659 3170 et
2708 3115 3000 3186 permissu
3033 3114 3406 3186 vagantibus,
3436 3114 3680 3188 insuper

269 3200 570 3273 dignitatis
600 3202 884 3275 appetitu,
916 3208 1215 3259 terrenum
1247 3211 1304 3259 et
1337 3221 1630 3277 paganum
1671 3222 1914 3277 regnum
1946 3189 1991 3260 C
2030 3206 2287 3277 regimen
2320 3204 2782 3261 ecclesiasticum
2814 3202 3401 3276 committitur;quod
3428 3200 3678 3260 tandem

268 3289 651 3361 inquietando
681 3295 737 3347 et
766 3292 1175 3348 confundenda
1199 3293 1489 3364 parricida
1519 3294 1708 3348 dictus
1730 3301 1785 3349 et
1814 3295 1916 3349 ha-

264 3378 425 3434 bitus
457 3384 566 3445 est,
598 3379 738 3452 quia
766 3379 941 3436 etiam
974 3397 1107 3435 cum
1142 3381 1376 3436 interitu
1400 3381 1709 3453 urbis,qua
1730 3384 1919 3439 editus

267 3467 476 3535 fuerat,
510 3467 826 3540 principari
858 3469 1119 3536 tentavit,
1168 3470 1266 3524 ubi
1317 3475 1510 3541 patres
1559 3474 1918 3543 conscriptos

268 3572 386 3611 suae
417 3555 725 3611 ambitioni
757 3556 1034 3629 refragari
1055 3557 1363 3628 sensitzqui
1385 3563 1665 3629 putamus
1690 3559 1918 3614 dicendi

267 3646 326 3698 et
354 3641 604 3697 habendi
627 3644 894 3714 sunt,qui
918 3661 1025 3700 sua
1047 3645 1366 3700 ambitione
1388 3646 1617 3701 cceleste
1639 3646 1918 3702 Christia-

269 3747 413 3788 num
446 3730 1033 3802 regnum,Ecclesiam
1057 3730 1278 3788 scilicet
1309 3738 1555 3788 matrem
1575 3751 1916 3802 suam,con-

269 3819 522 3875 fundunt
552 3823 610 3875 et
646 3818 1009 3888 interimunt,
1043 3820 1474 3877 contradicente
1507 3821 1621 3877 illis
1661 3823 1787 3894 ipso
1833 3842 1916 3879 re-

268 3925 411 3983 gum
444 3909 617 3981 Rege,
651 3907 901 3975 Christo,
934 3908 1316 3981 omniumque
1360 3911 1779 3967 venerabilium
1813 3918 1918 3968 Pa-

269 4002 426 4053 trum
459 3997 880 4069 przeteritorum
926 4002 983 4053 et
1027 3997 1403 4069 praesentium
1452 3999 1735 4056 concilio?
1764 4002 1918 4065 Quos

268 4085 402 4158 quis
432 4086 726 4142 dubitabit
744 4086 935 4142 dicere
964 4103 1143 4159 supra
1165 4086 1403 4141 modum
1423 4087 1916 4162 Simoniacos,qui

268 4190 385 4230 non
404 4174 570 4231 «solas
603 4174 1009 4248 pecunias,sed
1044 4174 1391 4247 semetipsos
1424 4176 1665 4247 insuper
1689 4176 1748 4232 in
1788 4179 1915 4235 tali-

265 4263 380 4318 bus
409 4262 658 4336 negotiis
688 4264 1063 4337 expendunt?
1094 4264 1394 4335 Siquidem
1428 4265 1791 4322 tolerabilius
1830 4275 1918 4323 est

265 4351 384 4408 illis
414 4353 515 4423 qui
545 4352 721 4409 simul
740 4358 796 4408 et
815 4352 995 4410 semel
1019 4357 1076 4409 et
1097 4352 1155 4407 in
1173 4369 1289 4407 uno
1316 4370 1540 4426 suoque
1561 4352 1687 4410 loco
1714 4362 1918 4412 emunt

269 4441 425 4514 quod
456 4446 727 4512 quierunt
758 4458 935 4513 quam
967 4441 1067 4513 qui
1099 4440 1494 4513 particulatim
1517 4448 1573 4497 et
1594 4442 1912 4510 multoties,

2028 3295 2244 3367 adepti,
2278 3312 2391 3349 non
2426 3292 2614 3350 solum
2653 3297 2933 3366 tanquam
2966 3291 3385 3363 indisciplinati
3415 3297 3472 3348 et
3515 3292 3682 3349 stulti

2028 3383 2396 3439 confundunt
2424 3387 2478 3437 et
2509 3381 2929 3453 dissipant,sed
2963 3380 3139 3436 etiam
3172 3386 3452 3451 tanquam
3484 3376 3682 3437 libidi-

2030 3472 2157 3527 nosi
2191 3470 2537 3526 multimoda
2566 3469 2945 3524 fornicatione
2973 3472 3030 3523 et
3070 3467 3325 3524 fmditate
3364 3468 3678 3525 incestant.

2644 3574 2877 3630 CAPUT
2918 3573 3060 3629 XXI.

2028 3667 2101 3720 De
2127 3665 2407 3737 ρνιτεείριιο
2437 3664 2582 3717 malo
2614 3662 2867 3737 Italiamct
2895 3661 2960 3737 de
2990 3661 3223 3737 quodam
3251 3677 3390 3737 veno
3411 3663 3680 3737 episcopo,

2178 3745 2226 3789 et
2253 3736 2432 3805 o/[icz'o
2461 3734 2820 3799 sacerdotum,
2850 3734 3165 3803 principum
3192 3741 3244 3787 et
3271 3733 3534 3804 plebium.

2099 3821 2339 3876 Talibus
2362 3820 2562 3891 utique
2583 3819 3051 3875 ordinationibus
3073 3836 3207 3875 cum
3240 3820 3532 3877 nonnulla:
3556 3818 3682 3895 piro-

2025 3910 2223 3965 vincite
2255 3908 2546 3977 sordeant,
2580 3912 2706 3963 tum
2739 3907 3024 3980 praecipue
3047 3907 3233 3976 Italia,
3270 3909 3327 3965 in
3361 3926 3541 3981 quam
3572 3908 3677 3966 hu-

2017 3998 2281 4071 jusmodi
2314 3997 2766 4054 soletconfluere
2790 3996 3173 4070 sentina,quze
3205 4015 3319 4053 non
3348 3996 3542 4054 solum
3565 4015 3674 4055 suo

2027 4089 2237 4144 fectore
2262 4087 2531 4158 navigare
2546 4085 2617 4140 ad
2635 4102 2810 4159 regnu
2822 4101 2880 4139 m
2897 4084 3168 4141 omlorum
3185 4084 3482 4158 cupientes
3502 4102 3683 4160 segro-

2024 4181 2146 4233 tarc
2172 4175 2507 4249 compellat,
2529 4177 2628 4231 sed
2664 4175 2905 4246 insuper
2938 4174 3192 4246 pondere
3222 4175 3544 4248 demerget;
3578 4175 3673 4231 ni-

2026 4267 2239 4322 mirum
2274 4266 2418 4321 tales
2449 4265 2772 4321 tardissimi
2796 4266 2867 4320 ad
2902 4266 3048 4321 bene
3070 4263 3678 4333 audiendum,tardio-

2026 4371 2232 4427 resque
2255 4356 2325 4410 ad
2352 4355 2496 4409 bene
2516 4353 2988 4421 vivendum,cum
3012 4354 3132 4409 sint
3153 4348 3678 4426 promptissimi'ad

2024 4444 2381 4516 loquendum
2412 4447 2469 4498 et
2496 4442 2965 4498 exercitatissimi
2997 4442 3069 4498 ad
3101 4441 3489 4512 adulandum,
3509 4459 3682 4499 aures

265 4529 594 4599 diebusque
624 4529 751 4583 vitae
783 4547 902 4585 suae
933 4530 1355 4603 peregrinando
1379 4536 1549 4601 atque
1583 4531 1910 4588 discurren-
1944 4551 1992 4620 Ι)
2026 4533 2354 4605 principum
2379 4530 2674 4603 simplices
2694 4536 2752 4586 et
2774 4549 2841 4586 ex
2860 4549 2969 4587 sua
2989 4535 3199 4586 natura
3216 4531 3363 4587 alios
3385 4530 3679 4588 zestiman-

267 4617 341 4672 do
370 4616 445 4671 de
474 4615 599 4670 loco
630 4617 700 4671 ad
733 4616 946 4674 locum.

339 4702 446 4767 Qui
478 4704 713 4759 tandem
749 4704 907 4760 nullo
938 4723 1045 4762 suo
1076 4707 1303 4774 merito,
1338 4707 1438 4763 sed
1470 4707 1593 4764 solo
1637 4710 1916 4781 obsequio

266 4795 368 4848 aut
396 4790 654 4847 humana
673 4792 863 4864 gratia
887 4793 1231 4866 dignitatem
1259 4813 1294 4850 a
1323 4795 1702 4853 saecularibus
1724 4799 1917 4870 adepti

264 4896 446 4953 quam
477 4880 820 4948 debuerant,
852 4881 902 4937 si
933 4881 1079 4936 bene
1105 4881 1165 4937 in
1196 4883 1466 4940 Ecclesiis
1499 4886 1624 4941 suis
1674 4886 1917 4943 militas-

267 4973 417 5038 sent,
451 4987 552 5042 per
593 4969 1021 5026 ecclesiasticos
1065 4970 1332 5043 adipisci,
1365 4973 1424 5028 in
1455 4973 1685 5031 labores
1714 4992 1915 5031 eorum

268 5059 568 5132 tyrannico
598 5059 791 5114 furore
810 5058 1212 5114 introeunt.De
1240 5060 1461 5117 talibus
1496 5061 1767 5132 Ecclesia,
1803 5064 1911 5119 sci-

267 5145 403 5203 licet
419 5146 609 5203 clerus
625 5152 682 5203 et
698 5147 949 5220 populus
968 5148 1373 5219 cujuscunque
1391 5149 1643 5205 civitatis
1661 5168 1914 5224 cunque-

268 5235 447 5291 rendo
475 5240 530 5290 et
560 5234 832 5307 ejulando
859 5236 1051 5291 dicere
1081 5252 1215 5291 cum
1243 5237 1489 5292 Domino
1520 5244 1712 5309 potest
1731 5257 1778 5293 :«
1798 5242 1914 5314 Ipsi

268 5324 657 5395 regnaverunt
685 5330 743 5381 et
768 5342 883 5382 non
913 5343 980 5380 ex
1009 5342 1131 5393 me;
1166 5324 1460 5397 principes
1483 5328 1829 5385 exstiterunt
1858 5337 1915 5386 et

267 5428 385 5470 non
417 5415 655 5485 cognovi
688 5413 899 5486 (Ose.n,
932 5415 1049 5487 4).»
1079 5414 1276 5487 Neque
1305 5419 1500 5470 tamen
1529 5416 1648 5471 haec
1669 5417 1912 5476 dicendo

267 5499 402 5557 illos
432 5502 775 5559 incusamus
793 5505 891 5576 qui
915 5521 1031 5559 suae
1054 5504 1297 5577 egregias
1313 5503 1528 5559 indolis
1551 5507 1913 5580 publicaeque

2022 4620 2346 4687 tes,callida
2370 4620 2573 4675 fraude
2598 4620 2916 4692 decipiunt,
2950 4635 3269 4691 eorumque
3298 4623 3456 4674 recta
3487 4619 3683 4675 studia

2026 4711 2360 4781 depravant.
2393 4707 2452 4761 Si
2503 4708 2739 4779 quidem
2795 4707 3106 4780 prudentia
3156 4707 3374 4778 carnis,
3405 4723 3533 4779 qua:
3560 4706 3681 4782 legi

2025 4798 2148 4865 Dei,
2184 4802 2248 4852 ut
2294 4798 2422 4867 ejus
2452 4795 2713 4863 inimica,
2734 4795 2947 4865 subjici
2981 4812 3093 4850 non
3122 4799 3331 4866 potest,
3362 4793 3555 4849 inﬂari
3588 4798 3679 4850 at-

2027 4902 2140 4958 que
2170 4902 2327 4940 nunc
2358 4884 2655 4951 simulare,
2692 4901 2944 4955 moxque
2975 4881 3350 4939 dissimulare
3372 4880 3680 4954 quodlibet

2027 4973 2216 5046 periti,
2238 4971 2658 5028 verisimilibus
2680 4970 3285 5042 argumentationibus
3307 4973 3365 5025 et
3383 4968 3683 5027 intercisis

2026 5062 2212 5120 sancti
2245 5059 2459 5117 Christi
2494 5066 2947 5132 sanctorumque
2972 5062 3209 5114 Patrum
3243 5057 3549 5114 sententiis
3580 5060 3679 5113 ab-

2026 5158 2274 5207 utuntur
2289 5150 2359 5204 ad
2382 5149 2855 5221 persuadendum
2875 5148 3104 5220 ;sicque
3121 5162 3273 5201 nunc
3292 5145 3532 5201 mimica
3547 5145 3681 5201 levi-

2026 5246 2140 5297 tate
2174 5238 2544 5300 festivi,nunc
2577 5236 2957 5307 philosophia:
2990 5234 3272 5308 gravitate
3295 5232 3500 5300 severi,
3523 5251 3681 5290 nunc

2024 5327 2285 5385 saeculari
2312 5325 2638 5380 urbanitate
2662 5322 3027 5395 lepidi,nunc
3050 5320 3389 5395 pecuniaria
3411 5320 3682 5393 largitate

2020 5412 2526 5489 importuni,velut
2556 5411 2700 5467 alter
2731 5410 3049 5467 sceleratus
3069 5414 3126 5467 et
3142 5408 3524 5466 multiformis
3545 5409 3681 5467 Pro-

2018 5511 2168 5571 teus,
2206 5504 2321 5575 ipsi
2373 5518 2603 5574 quoque
2662 5500 2996 5572 versipelles
3043 5500 3115 5557 ad
3164 5513 3341 5555 suum
3371 5497 3681 5557 arbitrium

270 5588 542 5647 utilitatis
572 5608 750 5649 causa
780 5593 1140 5661 invitatione,
1165 5597 1221 5649 et
1267 5592 1545 5665 petitione
1576 5596 1909 5668 principum
2016 5592 2358 5663 violenti,et,
2392 5591 2547 5664 quod
2571 5590 2807 5664 gravius
2838 5595 2946 5663 est,
2980 5588 3332 5663 blasphemi,
3363 5586 3685 5646 reﬂectunt
