4004 6210
246 362 405 439 ιίττ

834 367 1247 434 ADVERSUS
1292 363 1761 433 SIMUNIACOS
1801 363 2011 429 LIBIII
2053 364 2278 429 TRES.
2315 399 2394 414 —
2424 364 2657 430 LIBER
2699 365 3060 430 TERTIUS.

3497 369 3654 430 H78

248 504 496 578 angelus
526 501 1123 560 Dominiexercituum
1144 508 1234 559 est
1250 500 1402 573 (Mal.
1425 518 1487 567 ιι,
1512 499 1590 572 7).
1614 521 1641 548 ››
1669 498 1740 554 Et
1760 513 1892 571 spe-
1928 502 1974 568 Α
2009 497 2252 566 rientur,
2269 499 2317 555 si
2341 496 2729 557 velintrantes
2744 499 3186 556 tabernaculum
3201 500 3322 570 Dei,
3338 500 3424 559 vel
3439 518 3655 561 exeun-

248 594 479 652 culator
510 594 683 650 datus
717 611 751 649 a
779 592 1026 649 Domino
1056 591 1256 647 domui
1288 588 1484 647 Israel.
1531 591 1569 644 Α
1602 588 1772 659 cujus
1802 602 1899 642 ore
2009 592 2097 643 tes
2127 587 2196 643 de
2226 605 2288 644 se
2318 589 2574 645 sonitum
2599 607 2712 645 non
2737 589 3521 647 reddiderint.Nihilominus
3546 594 3653 649 mi-

248 680 856 754 requireturdoctrina
876 686 932 736 et
952 680 1293 752 increpatio,
1321 678 1433 735 nisi
1467 674 1902 733 annuntiaverit

242 773 409 845 jucto
432 788 503 826 ne
526 774 742 843 peccet,
775 774 951 840 atque
979 767 1202 838 injusto
1234 773 1299 823 ut
1320 770 1731 833 convertatur;
1765 780 1901 818 san-

252 860 387 935 guis
417 858 723 915 amborum
756 858 826 913 de
857 874 1034 912 manu
1066 855 1280 929 linguae
1312 854 1473 909 illius
1512 852 1862 925 requiratur.

327 948 452 1011 Qua
480 946 985 1002 animadversione
1018 945 1067 1000 si
1102 945 1394 1000 feriuntur
1412 944 1570 999 labia
1591 959 1658 997 ex
1677 940 1801 996 solo
1824 938 1901 995 si-

252 1035 433 1092 lentio
466 1035 689 1107 iniqua,
721 1052 837 1107 qua
868 1038 1041 1106 putas
1071 1032 1575 1089 ferienturdolosa
1604 1048 1753 1103 quae,
1786 1048 1902 1086 non

255 1125 450 1182 solum
481 1124 724 1180 reticent
753 1140 930 1195 quam
964 1124 1252 1194 corripere
1288 1122 1576 1193 jubentur
1624 1120 1902 1191 iniquita-

257 1218 398 1279 tem,
432 1213 540 1268 sed'
565 1211 805 1285 insuper
828 1211 1160 1268 mentiendo
1190 1210 1459 1266 laborant
1497 1210 1801 1266 ostendere
1830 1225 1902 1262 ze-

259 1301 545 1373 quitatem
568 1299 596 1354 ‘I
627 1301 809 1369 Unde,
835 1323 861 1351 ‹‹
889 1299 984 1355 Vae
1007 1300 1171 1356 vobis
1190 1300 1289 1372 qui
1311 1298 1506 1354 dicitis
1536 1298 1754 1353 bonum
1784 1313 1905 1352 ma-

259 1389 406 1456 lum,
437 1393 493 1445 et
522 1388 743 1445 malum
767 1392 1008 1455 bonum,
1033 1394 1314 1462 ponentes
1338 1385 1833 1453 tenebraslucem,
1852 1389 1909 1440 et

256 1477 448 1534 lucem
480 1479 773 1545 tenebras,
806 1480 1089 1551 ponentes
1124 1493 1391 1533 amarum
1427 1475 1595 1530 dulce
1641 1478 1698 1530 et
1740 1473 1909 1529 dulce

258 1583 550 1622 amarum.
573 1567 668 1621 Vs:
690 1567 789 1638 qui
822 1566 1115 1638 sapientes
1138 1565 1279 1620 estis
1300 1564 1359 1618 in
1391 1562 1578 1619 oculis
1599 1561 1826 1629 vestris,
1851 1566 1909 1617 et

257 1670 455 1710 coram
485 1654 918 1725 vobismetipsis
941 1654 1258 1725 prudentes
1283 1669 1295 1707 :
1318 1652 1415 1724 qui
1432 1651 1772 1724 justilicatis
1797 1649 1906 1705 im-

257 1741 423 1815 pium
456 1758 559 1814 pro
591 1742 935 1797 muneribus
964 1746 1021 1797 et
1043 1742 1339 1813 justitiam
1361 1740 1511 1811 justi
1565 1739 1805 1796 aufertis
1836 1740 1907 1794 ab

260 1846 328 1885 eo
359 1832 483 1902 (Isa.
517 1846 572 1900 v,
604 1832 697 1898 20,
727 1830 841 1901 23).
877 1852 905 1879 »
937 1829 1045 1894 Qui
1071 1829 1248 1895 enim,
1282 1834 1346 1883 ut
1376 1827 1458 1883 ait
1486 1828 1785 1895 Salomon,
1821 1827 1907 1882 di-

270 1918 349 1973 cit
372 1917 553 1990 impio
587 1935 600 1973 :
660 1917 869 1973 Justus
901 1934 983 1985 es,
1018 1916 1369 1973 maledicent
1391 1917 1441 1972 ei
1476 1915 1696 1989 populi,
1728 1919 1787 1971 et
1817 1916 1913 1971 de-

255 2006 630 2062 testabuntur
674 2022 808 2061 eum
861 2006 1073 2061 tribus.
1107 2006 1260 2069 Quos
1292 2006 1576 2078 prepheta
1621 2005 1911 2060 cavendos

260 2093 639 2160 denuntians,
672 2092 753 2149 ait
788 2111 801 2149 :
830 2115 856 2145 ‹‹
887 2093 1102 2165 Popule
1132 2110 1319 2159 meus,
1353 2095 1455 2165 qui
1478 2095 1713 2149 beatum
1747 2098 1799 2149 te
1829 2092 1913 2148 di-

261 2186 423 2248 cunt,
455 2181 566 2254 ipsi
592 2186 650 2237 te
684 2180 1004 2255 decipiunt,
1038 2186 1095 2237 et
1125 2183 1277 2237 viam
1319 2199 1630 2254 gressuum
1674 2187 1910 2238 tuorum

263 2269 568 2342 dissipant.
604 2269 732 2325 Stat
760 2270 832 2325 ad
855 2269 1246 2341 judicandum
1280 2271 1586 2337 Dominus,
1609 2275 1665 2326 et
1694 2274 1810 2326 stat
1838 2271 1910 2325 ad

256 2357 646 2430 judicandum
679 2357 947 2431 populos.
982 2358 1265 2415 Dominus
1297 2360 1368 2415 ad
1402 2360 1693 2431 judicium
1722 2359 1914 2415 veniet

263 2462 399 2502 cum
446 2446 685 2503 senibus
726 2445 926 2519 populi
977 2447 1068 2502 sui
1112 2452 1168 2502 et
1208 2447 1571 2521 principibus
1616 2449 1764 2519 ejus.
1796 2447 1913 2503 Vos

262 2535 419 2590 enim
442 2535 665 2606 depasti
698 2534 840 2590 estis
870 2534 1101 2591 vineam
1133 2552 1348 2605 meam,
1373 2540 1431 2591 et
1465 2536 1673 2608 rapina
1693 2551 1912 2607 paupe-

262 2621 346 2679 ris
376 2623 436 2678 in
456 2624 628 2679 domo
646 2628 838 2679 vestra
858 2626 987 2696 (Isa.
1016 2642 1100 2696 III,
1130 2626 1340 2696 12-14).
1367 2646 1395 2674 ››
1426 2625 1588 2690 Quod
1621 2624 1914 2696 nequissi-

266 2728 428 2769 mum
469 2711 821 2768 adulationis
852 2712 1060 2768 vitium
1092 2729 1327 2770 necesse
1358 2718 1448 2770 est
1478 2718 1640 2770 tanto
1684 2713 1915 2769 animo-

264 2801 390 2858 sius
410 2804 786 2870 insectemur,
817 2806 1034 2875 quanto
1053 2803 1440 2875 perniciosius
1471 2803 1747 2859 omnibus
1770 2818 1916 2875 pene

264 2890 423 2946 vitiis
446 2889 850 2964 intelligimus.
875 2891 1074 2963 Ipsum
1096 2891 1252 2947 enim
1285 2891 1705 2948 sacerdotalem
1726 2894 1919 2947 aucto-

264 2979 519 3047 ritatem,
552 2980 749 3052 ipsum
781 2980 1036 3051 regalem
1070 2984 1416 3053 potestatem
1464 2984 1520 3036 et
1569 2981 1915 3037 modestiam

261 3067 531 3137 destruit,
578 3069 796 3141 ipsum,
830 3085 901 3124 ne
932 3069 1047 3125 Deo
1080 3074 1136 3125 et
1172 3068 1513 3125 hominibus
1556 3070 1753 3125 debita
1782 3070 1915 3125 red-

1940 1874 1988 1939 Β

2012 676 2179 745 ιιὶειτὶ
2215 678 2431 734 diaboli
2450 678 2685 751 parasiti
2710 684 2765 734 et
2786 679 3156 750 ventriloqui,
3182 681 3550 751 maximeque
3567 700 3655 737 er-

2011 766 2168 821 ronei
2203 766 2392 822 clerici
2425 768 2693 823 desinant
2725 768 3045 838 majoribus
3065 768 3149 822 vel
3184 768 3509 823 minoribus
3534 770 3659 825 suis

2012 854 2259 927 placere,
2280 858 2419 911 dum
2444 857 2634 913 favent
2651 857 3218 913 malisetdetrahunt
3236 858 3426 915 bonis.
3450 857 3536 912 Illi
3566 858 3655 914 lo-

2013 944 2113 1016 qui
2152 954 2526 1018 przesumant,
2558 947 2655 1001 isti
2687 952 2874 1002 tacere
2906 946 3152 1002 discant.
3196 946 3468 1019 Alioquin
3506 970 3532 998 ι(
3564 949 3660 1003 de-

2014 1032 2225 1089 solabit
2246 1034 2530 1090 Dominus
2561 1036 2823 1107 linguam
2847 1036 3027 1091 maris
3048 1036 3272 1108 ngypti
3297 1039 3429 1105 (Isui
3450 1055 3510 1097 η.
3546 1037 3657 1105 15),

2013 1127 2071 1178 et
2098 1128 2270 1178 erunt
2301 1124 2397 1195 qui
2433 1124 2767 1179 beatiﬁcant
2797 1125 3163 1189 seducentes,
3195 1131 3251 1181 et
3280 1127 3377 1197 qui
3430 1126 3659 1181 beatiﬁ-

2014 1217 2223 1268 cantur
2244 1214 2585 1285 prieripitati
2611 1217 2741 1277 (lsai
2770 1232 2847 1280 1x,
2869 1215 2974 1286 l6).
3002 1237 3028 1262 ιι
3048 1217 3306 1282 Quorum
3338 1215 3657 1286 nequitiam

2015 1306 2072 1356 et
2087 1302 2449 1373 pwuamPsal
2461 1304 2701 1359 mistain
2714 1308 3146 1376 transgressorc
3160 1304 3385 1376 psalmo
3402 1304 3457 1359 in
3469 1304 3657 1372 timat,

2017 1391 2218 1446 dicens
2253 1409 2265 1447 :
2301 1416 2327 1441 «ι
2361 1392 2523 1447 Vana
2553 1392 2728 1447 locuti
2761 1399 2899 1449 sunt
2928 1394 3338 1465 unusquisque
3368 1393 3439 1449 ad
3473 1394 3662 1466 proxi-

2017 1498 2181 1537 mum
2212 1481 2581 1548 suum,labia
2606 1482 2880 1538 dolosnin
2905 1484 3076 1538 corde
3097 1487 3154 1538 et
3176 1500 3273 1540 ore
3294 1482 3468 1539 locuti
3500 1488 3659 1539 sunt.

2019 1569 2324 1641 Disperdat
2354 1570 2638 1627 Dominus
2654 1572 2923 1628 universa
2937 1572 3092 1628 labia
3111 1572 3314 1629 dolosa
3329 1573 3661 1646 etlinguam

2018 1657 2476 1730 magniloquam.
2498 1661 2927 1730 Quiﬁdixerunt:
2956 1662 3234 1734 Linguam
3253 1666 3514 1718 nostram
3537 1679 3662 1719 ma-

2017 1747 2448 1818 gniﬁcabimus,
2480 1748 2635 1804 labia
2656 1754 2856 1805 nostra
2885 1767 2919 1805 ιι
2949 1750 3117 1806 nobis
3147 1756 3312 1816 sunt,
3362 1751 3495 1823 quis
3525 1769 3661 1807 nos-

2017 1841 2105 1890 ter
2134 1836 2418 1892 Dominus
2448 1838 2769 1909 est?(Psal.
2802 1856 2878 1905 x1,
2902 1842 2957 1905 3,
2987 1840 3068 1911 5.)
3093 1862 3120 1889 »
3144 1840 3457 1912 Sicutcrgo
3479 1840 3665 1896 male-

2018 1924 2209 1979 dictus
2223 1925 2322 1997 qui
2348 1926 2613 1997 prohibet
2634 1927 2893 1997 gladium
2918 1945 3093 1983 suum
3117 1946 3151 1983 a
3171 1929 3478 2000 sanguine,
3505 1931 3588 1985 sic
3609 1932 3667 1985 et

2022 2014 2164 2069 νιεθί
2183 2016 2281 2086 qui
2305 2014 2481 2071 lactat
2504 2016 2759 2071 amicum
2779 2034 2976 2083 suum,
3000 2018 3234 2073 etducit
3251 2019 3340 2072 via
3355 2035 3469 2073 non
3490 2018 3660 2074 bona!

2019 2105 2400 2175 Quapropter,
2436 2106 2782 2161 admonente
2802 2106 3101 2177 propheta,
3133 2106 3333 2179 lingua
3356 2107 3662 2163 balborum

2018 2192 2291 2248 velociter
2317 2192 2593 2265 loquatur
2621 2196 2758 2261 (Isai
2783 2213 2958 2261 xxxn,
2993 2197 3044 2266 4)
3070 2200 3157 2261 ;et
3176 2193 3345 2267 plane
3364 2200 3539 2269 atque
3569 2213 3667 2251 cor

2023 2282 2270 2338 stultum
2303 2281 2593 2355 intelligat
2610 2283 2939 2351 scientiam,
2962 2289 3019 2339 et
3042 2284 3406 2340 mutilatores
3435 2284 3668 2340 discant

2020 2371 2232 2442 legem,
2267 2388 2337 2425 ne
2364 2370 2509 2426 forte
2539 2371 2647 2437 illi,
2696 2374 2852 2444 quod
2888 2373 3074 2428 absit!
3111 2373 3381 2429 divisioni
3432 2390 3558 2445 qua:
3606 2373 3666 2428 in

2021 2460 2203 2516 Deum
2238 2476 2351 2515 non
2373 2460 2546 2529 cadit,
2573 2462 2814 2517 tacendo
2831 2462 3282 2530 consentientes,
3314 2467 3372 2517 et
3402 2462 3498 2517 isti
3531 2463 3670 2517 adu-

2020 2548 2194 2604 lando
2226 2549 2563 2605 insistentes
2593 2554 2650 2604 et
2680 2550 2955 2619 faventes,
2989 2568 3022 2606 a
3055 2556 3165 2607 Deo
3199 2555 3260 2606 ut
3308 2549 3668 2606 schismatici

2022 2646 2079 2696 et
2106 2639 2359 2695 bzeretici
2392 2640 2727 2695 dividantur
2773 2641 3006 2712 pariter.
3059 2641 3462 2697 Indubitantcr
3511 2641 3669 2697 enim

2024 2729 2283 2786 schisma
2309 2728 2397 2784 vel
2428 2728 2667 2785 hzercsis
2701 2732 2789 2785 est
2823 2734 2998 2784 Deum
3043 2733 3100 2785 et
3129 2747 3267 2785 suos
3305 2731 3378 2785 ab
3422 2730 3668 2785 invicem

2024 2818 2220 2874 conari
2241 2817 2519 2881 dividere,
2538 2818 2705 2873 beato
2727 2817 2904 2873 Paulo
2918 2818 3232 2873 Corinthiis
3254 2818 3339 2873 sic
3358 2822 3675 2890 protestan-

2027 2911 2083 2961 te
2116 2924 2129 2961 :
2167 2907 2418 2962 Obsecro
2449 2924 2570 2971 vos,
2600 2907 2807 2963 fratres
2838 2923 2939 2978 per
2968 2923 3180 2962 nomen
3214 2906 3444 2963 Domini
3489 2907 3670 2963 nostri

2023 2996 2163 3051 Jesu
2196 2994 2432 3061 Christi,
2470 2994 2812 3067 utidipsum
2854 2996 3060 3050 dicatis
3092 3013 3286 3065 omne,
3321 3000 3378 3051 et
3409 3012 3522 3051 non
3557 2996 3676 3051 sint

2026 3084 2083 3138 in
2113 3083 2273 3139 vobis
2304 3083 2644 3140 schismata.
2679 3084 2819 3139 Sitis
2863 3089 3059 3139 autem
3094 3084 3326 3156 perfecti
3377 3084 3435 3139 in
3467 3085 3672 3140 eodem

261 3157 496 3246 dantur,
524 3157 727 3229 fasque
750 3158 1028 3231 nefasque
1047 3158 1371 3214 confundit.
1400 3158 1681 3214 Adulator
1700 3158 1908 3231 quippe

2026 3189 2199 3227 sensu
2233 3176 2291 3227 et
2321 3171 2383 3226 in
2411 3173 2612 3227 eadem
2646 3172 2907 3228 scientia.
2961 3173 3364 3246 Significatum
3398 3176 3487 3229 est
3516 3174 3671 3228 enim

261 3245 515 3301 blandus
536 3246 811 3303 immicus
834 3252 941 3315 est,
966 3247 1238 3319 perjurus
1262 3247 1648 3319 principibus,
1671 3247 1908 3319 quibus,

2025 3262 2166 3317 mihi
2191 3261 2262 3315 de
2293 3261 2476 3331 vobis,
2510 3262 2717 3316 fratres
2749 3262 2885 3327 mei,
2909 3262 2981 3316 ab
3008 3243 3101 3317 bis
3132 3262 3231 3335 qui
3273 3267 3414 3317 sunt
3442 3261 3671 3326 Chloes,

262 3335 901 3407 contrajusjurandum
924 3353 1119 3405 suum,
1144 3335 1397 3392 inﬁdelis
1414 3340 1522 3404 est,
1547 3353 1682 3392 cum
1703 3336 1788 3392 eis
1809 3341 1912 3391 aut

263 3422 423 3479 mala
450 3440 621 3497 agere
651 3426 879 3490 suadet,
911 3429 1014 3480 aut
1034 3430 1161 3481 acta
1189 3424 1456 3497 improbo
1489 3427 1681 3481 favore
1723 3425 1908 3495 etl‘ert,

263 3515 330 3568 ut
362 3511 793 3584 impaenitentes
828 3513 981 3569 viam
1030 3513 1143 3569 sibi
1174 3513 1233 3567 in
1272 3514 1465 3569 futuro
1498 3513 1909 3583 thesaurizeat,

264 3599 803 3673 perniciosissimus
826 3601 1079 3673 populis,
1103 3618 1249 3673 quos
1273 3617 1377 3657 nec
1408 3618 1610 3673 sapere
1631 3619 1736 3656 nec
1768 3602 1911 3657 resi-

264 3688 486 3761 piscere
518 3687 822 3760 permittit,
856 3689 1077 3745 invisus
1108 3689 1243 3756 Deo,
1276 3693 1478 3745 contra
1503 3706 1677 3761 quem
1706 3689 1912 3744 efﬁcax

262 3775 499 3847 adjutor
522 3775 736 3832 diaboli
765 3797 797 3832 a
828 3777 997 3832 bonis
1018 3792 1304 3845 revocare,
1337 3780 1394 3832 et
1423 3777 1495 3832 ad
1519 3776 1676 3831 mala
1705 3792 1910 3847 provo-

261 3880 394 3921 care
442 3863 710 3921 homines
757 3864 998 3921 insistit.
1050 3863 1212 3921 Unde
1244 3864 1591 3921 venerabilis
1641 3869 1910 3937 Prosper,

260 3970 436 4027 prosa
467 3958 768 4027 metroque
784 3954 1056 4021 eximius,
1090 3953 1171 4009 ait
1190 3953 1260 4008 de
1292 3952 1505 4009 talibus
1539 3971 1552 4010 :
1590 3975 1618 4004 «
1647 3952 1912 4009 Adulan-

259 4041 411 4099 tium
440 4043 655 4117 lingua:
687 4043 933 4117 alligant
961 4043 1191 4099 animas
1213 4043 1273 4097 in
1303 4042 1576 4115 peccatis.
1616 4042 1910 4099 Delectan-

259 4135 359 4188 tur
386 4132 542 4189 enim
566 4150 634 4189 ea
664 4134 854 4190 facere
877 4133 937 4188 in
960 4132 1178 4205 quibus
1200 4148 1314 4187 non
1340 4130 1531 4187 solum
1554 4148 1669 4187 non
1702 4131 1911 4188 metui-

260 4224 359 4276 tur
387 4222 792 4295 reprehensor,
820 4223 922 4279 sed
955 4222 1132 4278 etiam
1162 4220 1430 4277 laudator
1462 4221 1719 4277 auditur.
1750 4242 1778 4271 »
1801 4221 1912 4277 Cu-

253 4309 358 4380 jus
389 4309 756 4383 epigramma
785 4311 900 4368 tale
922 4318 1009 4368 est
1044 4328 1056 4366 :

327 4424 530 4490 Lingua
552 4427 877 4490 assentatrix
908 4426 1112 4490 vitium
1129 4424 1397 4490 peccantis
1426 4428 1638 4474 acervat

390 4487 454 4551 Et
482 4487 799 4551 delectatum
829 4490 1070 4548 crimine,
1101 4487 1257 4539 Iiude
1287 4487 1415 4551 ligat

326 4548 482 4614 Nulla
510 4549 579 4614 sit
606 4554 666 4598 ut
693 4550 840 4612 lapso
869 4551 1185 4614 reparanda:
1214 4548 1351 4600 aura'
1369 4548 1570 4614 salutis,

395 4610 663 4660 Blanditur
693 4610 835 4662 sonti
864 4610 990 4663 du'm
1032 4614 1365 4663 malesuasus
1395 4612 1569 4661 honor

329 4671 519 4739 Libera
541 4671 610 4721 sit
634 4674 820 4739 potius
842 4687 947 4739 vox
974 4676 1295 4739 eorreptoris
1325 4674 1501 4739 amici,

390 4732 613 4797 Serpere
635 4732 743 4784 'nec
771 4735 915 4786 ﬁbris
944 4750 1086 4787 caeca
1122 4732 1331 4787 venena
1358 4737 1502 4785 sinat

326 4796 432 4863 Nec
460 4796 922 4863 credensmedici
940 4800 1118 4849 verbis
1144 4800 1420 4850 fallacibus
1448 4810 1606 4863 (eger,

234 4866 238 4870 '
387 4858 552 4909 Noxia
580 4859 808 4910 laudata
837 4860 1060 4911 vulnera
1086 4863 1251 4925 pestis
1281 4865 1440 4912 amet.

844 4966 1079 5023 CAPUT
1124 4968 1322 5024 XXIII.

261 5055 340 5111 De
375 5056 621 5127 periculo
662 5056 807 5113 male
852 5057 1148 5112 iacentium
1194 5055 1537 5112 sacerdotum
1571 5058 1625 5112 et
1653 5054 1796 5111 male
1827 5054 1905 5111 ιο-

332 5129 636 5199 quentium,
694 5132 747 5185 et
799 5127 864 5185 de
918 5127 1206 5183 individua
1243 5130 1451 5184 unitate
1496 5127 1811 5182 divinitatis
1857 5130 1909 5183 et

332 5214 554 5255 suorum
565 5241 578 5255 .

332 5305 534 5378 Itaque
562 5305 682 5363 haec
711 5309 769 5363 et
789 5306 1127 5378 hujusmodi
1150 5302 1590 5378 quamplurima
1620 5303 1911 5377 patienter

263 5393 598 5467 audiantur,
628 5400 800 5468 atque
828 5395 1085 5465 tandem,
1119 5394 1169 5451 si
1199 5410 1368 5450 suam
1390 5392 1758 5465 alienamque
1788 5410 1912 5466 per-

262 5481 541 5540 ditionem
561 5484 774 5541 evitare
795 5482 1270 5541 curantministri
1302 5481 1539 5552 Christi,
1572 5485 1629 5537 et
1658 5482 1909 5537 maxime

265 5572 618 5645 sacerdotes,
652 5591 758 5631 seu
793 5574 998 5630 timore
1028 5589 1130 5629 seu
1162 5588 1359 5629 amore
1389 5572 1647 5627 humano
1668 5574 1911 5626 caveant

267 5675 383 5716 non
417 5658 608 5717 solum
634 5662 829 5735 malis,
853 5664 954 5721 sed
978 5666 1036 5721 et
1066 5662 1232 5720 bonis
1262 5666 1473 5731 tacere,
1498 5659 1756 5732 alioquin
1786 5675 1908 5716 mo-

2019 3352 2160 3425 quia
2189 3350 2588 3406 contentiones
2620 3350 2771 3404 inter
2800 3368 2898 3406 vos
2942 3356 3098 3405 sunt.
3134 3351 3249 3405 Iloc
3293 3355 3489 3407 autem
3520 3349 3671 3417 dico,

2020 3443 2174 3515 quod
2209 3442 2617 3513 unusquisque
2648 3444 2904 3495 vestrum
2934 3440 3109 3494 dicit:
3136 3441 3251 3509 Ego
3270 3439 3507 3510 quidem
3538 3455 3671 3495 sum

2022 3530 2207 3593 Pauli,
2236 3546 2342 3601 ego
2380 3535 2575 3585 autem
2603 3528 2825 3601 Apollo,
2854 3545 2958 3599 ego
3003 3544 3134 3582 vero
3164 3527 3390 3598 Cephea,
3424 3543 3531 3598 ego
3562 3543 3671 3581 au-

2022 3623 2140 3673 tem
2171 3617 2409 3673 Christi.
2444 3616 2682 3673 Divisus
2712 3622 2802 3671 est
2832 3616 3150 3672 Christus?
3183 3637 3210 3664 »
3244 3616 3291 3686 (I
3320 3614 3441 3670 Cor.
3496 3615 3541 3680 Ι,
3576 3615 3671 3670 10-

2023 3705 2135 3777 13.)
2165 3705 2527 3760 Subaudilur
2562 3721 2574 3759 :
2612 3703 2874 3760 minime.

2092 3793 2273 3848 Aliter
2289 3793 2443 3848 enim
2466 3793 2563 3847 illa
2583 3794 2711 3863 ejus
2724 3792 2923 3860 oratio,
2943 3794 3097 3864 quod
3112 3792 3283 3848 absit!
3310 3793 3364 3847 in
3377 3793 3674 3849 fructuosa

2022 3881 2150 3949 erit,
2183 3897 2358 3953 quam
2392 3881 2506 3936 Deo
2542 3880 2690 3936 Patri
2724 3882 2795 3936 ad
2832 3882 3163 3953 passionem
3200 3880 3326 3937 iens
3358 3882 3529 3950 fudit,
3571 3882 3667 3937 ubi

2022 3970 2173 4026 inter
2201 3970 2315 4026 alia
2343 3970 2490 4038 suis,
2519 3970 2770 4027 maxime
2801 3975 2865 4025 ut
2895 3987 3079 4026 unum
3101 3974 3297 4026 essent
3327 3971 3385 4025 in
3422 3970 3539 4037 illo,
3572 3980 3670 4027 de-

2022 4060 2297 4133 poscebat
2327 4059 2559 4116 dicens:
2589 4082 2610 4109 ι
2638 4060 2752 4133 Ego
2781 4060 2911 4115 dedi
2932 4059 3017 4115 eis
3038 4075 3368 4115 sermonem
3395 4063 3585 4130 tuum,
3616 4064 3675 4116 et

2024 4149 2282 4206 mundus
2311 4165 2409 4205 eos
2439 4148 2573 4205 odio
2596 4147 2821 4217 habuit,
2855 4148 2995 4221 quia
3025 4165 3139 4204 non
3173 4152 3310 4205 sunt
3332 4148 3403 4205 de
3425 4149 3669 4215 mundo,

2022 4238 2176 4296 sicut
2206 4241 2264 4294 et
2290 4255 2396 4311 ego
2427 4255 2543 4294 non
2575 4255 2707 4295 sum
2740 4239 2810 4294 de
2834 4239 3073 4295 mundo.
3103 4238 3226 4294 Non
3251 4254 3389 4311 rogo
3412 4242 3477 4294 ut
3499 4237 3672 4295 tollas

2021 4345 2120 4384 eos
2142 4328 2212 4384 de
2244 4329 2486 4397 mundo,
2512 4329 2612 4385 sed
2637 4332 2701 4384 ut
2721 4344 2914 4385 serves
2933 4345 3032 4386 eos
3054 4346 3122 4385 ex
3143 4327 3317 4384 male.
3353 4332 3427 4384 De
3451 4329 3671 4385 mundo

2023 4434 2138 4472 non
2170 4422 2330 4484 sunt,
2353 4418 2505 4473 sicut
2524 4423 2582 4473 et
2601 4435 2706 4491 ego
2723 4436 2835 4474 non
2852 4436 2984 4475 sum
2999 4419 3070 4474 de
3091 4418 3332 4474 mundo.
3358 4416 3674 4474 Sanctiﬁca

2021 4523 2121 4562 eos
2146 4506 2206 4562 in
2234 4507 2510 4575 veritate;
2546 4524 2737 4565 sermo
2769 4514 2907 4564 tuus
2932 4510 3143 4565 veritas
3165 4513 3272 4565 est.
3298 4508 3461 4564 Sicut
3484 4512 3546 4563 tu
3581 4524 3673 4563 me

1940 4614 1987 4677 Β
2022 4594 2235 4651 misisti
2257 4595 2316 4650 in
2351 4597 2661 4666 mundum,
2695 4603 2752 4652 et
2769 4614 2875 4670 ego
2894 4597 3029 4654 misi
3058 4613 3157 4653 eos
3180 4597 3238 4652 in
3263 4598 3585 4666 mundum;
3616 4600 3673 4652 et

2019 4700 2121 4755 pro
2152 4682 2204 4738 ei
2233 4699 2339 4755 ego
2372 4684 2670 4739 sanctiﬁco
2702 4684 3016 4756 meipsum,
3052 4692 3114 4739 ut
3144 4684 3263 4740 sint
3293 4687 3350 4739 et
3380 4683 3492 4754 ipsi
3534 4700 3669 4739 san-

2019 4771 2255 4828 ctificati
2271 4772 2333 4826 in
2355 4772 2613 4827 veritate.
2640 4773 2764 4828 Non
2790 4790 2890 4845 pro
2913 4773 3006 4829 his
3035 4778 3231 4827 autem
3255 4787 3394 4843 rogo
3415 4774 3668 4839 tantum,

2016 4860 2118 4917 sed
2148 4864 2206 4915 et
2236 4876 2338 4933 pro
2361 4861 2445 4916 eis
2469 4862 2570 4933 qui
2592 4862 2869 4917 credituri
2900 4866 3040 4918 sunt
3063 4878 3165 4933 per
3192 4860 3436 4916 verbum
3466 4874 3670 4914 eorum

2016 4948 2078 5003 in
2110 4964 2224 5015 me,
2259 4953 2322 5003 ut
2342 4965 2546 5005 omnes
2568 4967 2752 5005 unum
2782 4950 2922 5017 sint,
2942 4950 3096 5005 sicut
3125 4954 3187 5004 tu
3212 4949 3380 5003 Pater
3410 4947 3469 5002 in
3497 4963 3591 5002 me
3614 4951 3671 5003 et

2018 5053 2123 5110 ego
2154 5037 2213 5092 in
2243 5041 2320 5105 te,
2346 5041 2495 5093 utet
2525 5037 2714 5109 ipsiin
2748 5038 2916 5094 nobis
2949 5054 3131 5093 unum
3165 5036 3305 5104 sint,
3330 5035 3670 5092 utmundus

2018 5126 2215 5182 credat
2244 5126 2383 5197 quia
2404 5130 2467 5181 tu
2500 5143 2594 5182 me
2616 5127 2851 5182 misisti.
2876 5128 2946 5182 Et
2975 5143 3079 5199 ego
3110 5124 3454 5192 claritatem,
3488 5140 3667 5197 quam

2018 5215 2231 5271 dedisti
2281 5213 2448 5281 mihi,
2483 5214 2616 5269 dedi
2648 5215 2732 5270 eis
2768 5221 2833 5271 ut
2863 5215 2983 5271 sint
3021 5231 3226 5281 unum,
3277 5214 3429 5269 sicut
3458 5218 3515 5269 et
3561 5229 3668 5269 nos

2021 5320 2205 5360 unum
2219 5304 2569 5376 sumus.Ego
2584 5304 2642 5358 in
2657 5304 2741 5359 eis
2754 5309 2810 5360 et
2822 5308 2882 5359 tu
2899 5304 2957 5358 in
2972 5303 3669 5371 me,utsintcousumma—

2018 5393 2059 5447 ti
2093 5392 2151 5447 in
2171 5409 2353 5447 unum
2371 5394 2549 5462 (Joan.
2586 5409 2726 5460 xvu,
2750 5393 2957 5465 15-23).
2973 5414 3000 5441 ››
3020 5391 3294 5458 Videsne,
3317 5391 3532 5447 divisor
3550 5390 3668 5447 bla-

2018 5481 2280 5554 spheme,
2316 5480 2526 5537 Christi
2563 5499 2676 5537 non
2703 5498 2871 5554 posse
2896 5480 3196 5537 individua
3221 5481 3422 5536 dividi.
3451 5479 3667 5535 lndivi-

2019 5572 2138 5626 dua
2186 5570 2400 5643 quippe
2432 5575 2571 5627 sunt
2599 5570 2813 5627 Christi
2844 5575 2900 5627 ct
2924 5572 3053 5642 ejus
3087 5569 3361 5627 ministri.
3413 5570 3482 5625 Et
3511 5570 3666 5641 quod

2021 5659 2212 5736 magis
2235 5664 2507 5746 stupeas,
2542 5660 2828 5717 individui
2858 5664 2997 5718 sunt
3027 5660 3158 5735 puri
3188 5659 3458 5718 homines
3487 5676 3522 5718 a
3556 5659 3667 5718 Deo
