4004 6210
445 333 595 396 H79

1529 331 1942 396 HUMBERTI
1987 335 2052 396 S.
2099 333 2171 396 R.
2221 333 2291 398 E.
2339 338 2838 403 CARDlNALlS.

3701 339 3879 408 1180

436 465 624 534 Patre,
649 463 747 538 qui
792 467 1019 521 tantum
1061 462 1214 521 Deus
1247 467 1354 531 est,
1390 461 1923 522 medianteChristo
1969 464 2072 539 qui
2109 468 2164 534 Α
2195 470 2349 541 quis,
2385 476 2486 527 aut
2515 472 2872 530 sensibiliter
2900 472 3107 531 abillis
3123 472 3446 547 separabile
3473 473 3723 534 inveniri
3737 492 3872 550 po-

436 555 588 611 Deus
618 560 671 609 et
702 553 1148 620 homoest,sicut
1178 553 1301 625 ipse
1325 552 1406 610 ait
1436 572 1446 608 :
1475 578 1500 604 ‹‹
1527 555 1642 626 Ego
1667 555 1723 611 in
1747 556 1830 610 eis
1851 559 1908 612 et
1928 556 2066 610 tuin

432 649 613 710 me,ut
634 643 751 697 sint
776 642 1166 698 consummati
1187 643 1241 697 in
1267 661 1448 699 unum
1473 646 1800 715 (laenam,
1829 646 2071 726 ιωξβλ»

425 732 559 796 Qua:
584 737 774 786 tamen
802 731 1087 786 mirabilis
1107 736 1163 786 et
1183 732 1584 787 desiderabilis
1620 733 1814 788 unitas
1839 717 2078 799 illi,tan-

423 837 602 892 quam
637 821 964 892 Unigcnito,
990 826 1199 876 natura
1222 822 1484 888 debetur,
1512 821 1760 890 homini,
1789 826 2073 894 tanquam

424 911 712 982 adoptivo,
748 909 870 964 sola
902 911 1089 982 gratia
1112 911 1420 982 prrebetur.
1449 911 1709 982 Denique
1728 917 1790 966 ut
1811 911 2075 966 Christus

421 997 596 1053 Jesus
628 998 739 1053 Deo
771 1004 826 1052 et
851 999 1068 1053 homini
1097 1000 1388 1065 uniendis,
1421 1000 1574 1054 sicut
1605 998 1982 1073 singulariter
2015 1000 2075 1053 fi-

425 1087 570 1142 delis
601 1088 902 1154 mediator,
939 1089 1224 1143 ambobus
1279 1093 1536 1160 apparet.
1585 1106 1701 1143 sure
1734 1092 1953 1143 naturae
1985 1088 2072 1143 di-

428 1178 570 1232 vinae
599 1183 656 1232 et
678 1178 1346 1250 sanctitati.quibusDco
1371 1178 2073 1250 congruebat,humanam

424 1271 687 1321 naturam
722 1272 776 1322 et
811 1267 1357 1330 sanctificationcm,
1409 1284 1524 1338 qua
1557 1271 1797 1321 sanctus
1846 1271 1900 1319 et
1943 1266 2069 1320 sine

422 1360 652 1427 peccato
689 1360 858 1410 natus
890 1362 996 1420 est,
1037 1356 1240 1420 univit,
1275 1361 1337 1410 ut
1369 1373 1435 1409 cx
1468 1373 1582 1410 una
1606 1355 1826 1409 homini
1856 1354 1911 1408 in
1937 1370 2066 1425 pec-

417 1446 558 1500 catis
590 1450 866 1516 eoncepio
900 1445 981 1499 sic
1014 1450 1358 1516 congrueret
1393 1450 1454 1499 ut
1487 1443 1836 1510 consuleret,
1893 1449 2068 1514 atque

417 1549 484 1588 ex
514 1533 694 1587 altera
725 1533 808 1587 sic
839 1533 1174 1588 subveniret
1205 1537 1266 1586 ut
1289 1532 1808 1588 sanctificationem
1834 1547 2066 1602 quoque

417 1622 702 1694 perditam
727 1623 1071 1676 restitueret.
1096 1623 1227 1686 Qum
1253 1622 1632 1676 sanctiﬁcatio
1653 1620 1930 1691 Virginis,
1957 1625 2066 1674 ter-

415 1729 488 1767 NB
515 1711 630 1765 filio
651 1711 932 1766 divinitus
955 1711 1162 1766 collata
1180 1716 1238 1766 et
1260 1710 1554 1765 diabolicae
1580 1709 1849 1782 potestati
1873 1709 2063 1763 adem-

413 1805 534 1873 pta,
567 1801 832 1855 redditur
860 1799 1104 1870 virginis
1137 1799 1328 1854 Maria:
1365 1799 1525 1864 Filio,
1563 1815 1678 1868 qua
1711 1798 1862 1852 idem
1890 1814 2062 1852 verus
2096 1833 2144 1897 B

412 1889 588 1946 homo
639 1888 1085 1961 praedestinatus
1115 1893 1204 1944 est
1238 1887 1417 1943 Filius
1463 1888 1560 1941 Dei
1594 1887 1652 1941 in
1685 1886 1918 1952 virtute,
1975 1903 2064 1941 se-

411 1979 670 2034 cundum
704 1978 978 2050 spiritum
1003 1977 1504 2039 sanctificationis,
1530 1993 1703 2048 quem
1733 1975 2065 2030 sanctifica-

413 2067 587 2123 tionis
609 2067 877 2138 spiritum
911 2066 1036 2122 suis
1060 2067 1182 2139 ipse
1212 2066 1302 2120 Dei
1337 2071 1390 2120 et
1417 2065 1672 2120 hominis
1702 2063 1856 2118 tilius
1888 2064 2063 2134 depo-

411 2174 600 2222 scens,
634 2155 715 2211 ait
749 2178 775 2204 «
805 2156 1112 2211 Sanctiﬁca
1142 2173 1239 2210 eos
1271 2155 1326 2209 in
1371 2155 1631 2216 veritate,
1669 2173 1694 2199 ››
1738 2150 1958 2205 scilicet
2003 2150 2060 2204 in

412 2262 502 2301 me
533 2245 634 2317 qui
664 2261 794 2299 sum
827 2245 1061 2306 veritas,
1095 2268 1120 2294 «
1155 2248 1217 2298 ut
1247 2243 1367 2298 sint
1389 2247 1445 2296 et
1488 2242 1597 2313 ipsi
1632 2239 1978 2296 sanctificati
2003 2239 2059 2292 in

410 2351 501 2390 me
526 2334 709 2404 (Ibid,
746 2335 850 2405 17).
883 2358 908 2382 ››
943 2336 1020 2388 Ex
1046 2350 1157 2406 quo
1190 2331 1470 2386 veraciter
1501 2328 1796 2400 colligitur
1840 2328 2058 2382 sancti-

409 2424 677 2478 ficatione
727 2422 847 2478 sola
884 2423 1031 2477 ef‘f’ici
1067 2427 1128 2476 ut
1160 2419 1436 2474 humanis
1474 2418 1671 2471 divina
1706 2417 2055 2487 jnngantur.

411 2514 632 2584 Itaque,
657 2511 704 2567 si
725 2529 906 2567 unum
932 2513 1077 2565 fiunt
1099 2526 1231 2564 cum
1257 2507 1485 2564 Christo
1511 2505 1567 2560 in
1595 2509 1704 2559 Deo
1728 2503 1979 2560 ministri
2005 2508 2060 2558 et

410 2601 612 2658 famuli
645 2601 878 2668 Christi,
913 2599 1047 2671 quia
1070 2595 1417 2653 sanctificati
1439 2599 1576 2650 sunt
1605 2593 1663 2648 in
1694 2593 1838 2664 ipso,
1870 2593 2056 2648 mani-

408 2691 622 2747 festum
656 2694 744 2746 est
774 2688 1059 2761 quidquid
1095 2685 1500 2740 ministrorum
1525 2682 1736 2737 Christi
1763 2685 1850 2736 est
1874 2698 2056 2736 unum

407 2797 538 2836 esse
570 2795 702 2834 cum
737 2777 852 2832 illis
881 2777 938 2831 in
971 2775 1220 2840 Christo,
1245 2773 1384 2844 quia
1414 2772 1842 2827 sanctificatum
1878 2775 1967 2825 est
1998 2769 2056 2824 in

409 2869 553 2940 ipsis
583 2866 831 2924 Christo.
865 2865 1024 2930 Quod
1059 2863 1108 2918 si
1140 2861 1434 2935 peculium
1465 2859 1718 2914 carnalis
1743 2856 1893 2914 servi
1928 2858 2057 2912 uni-

407 2963 504 3012 tur
533 2962 590 3012 et
620 2955 770 3011 servi
801 2955 1036 3008 domino
1069 2970 1171 3024 per
1201 2968 1432 3006 servum
1465 2949 1562 3021 qui
1604 2951 1732 3018 ejus
1764 2953 1872 3013 est,
1907 2964 2056 3019 quo-

411 3046 583 3102 modo
615 3062 727 3099 non
764 3042 951 3114 magis
989 3041 1191 3095 unitur
1221 3045 1276 3095 et
1309 3039 1463 3094 cedit
1493 3037 1722 3093 Christo
1769 3035 2054 3107 quidquid

408 3151 648 3190 suorum
682 3136 787 3196 est,
822 3129 1146 3203 prinscrtim
1179 3128 1393 3202 quibus
1427 3126 1722 3198 possessio
1758 3123 1918 3178 nulla
1944 3128 2053 3188 cst,

2191 559 2345 615 terit.
2399 562 2528 616 Sive
2576 562 2736 619 enim
2785 579 3143 634 mensuram,
3199 562 3317 620 sive
3349 580 3690 635 numerum,
3726 565 3870 631 sive

2188 649 2418 720 pondus
2453 651 2512 706 in
2543 651 2907 723 quibuslibet
2937 652 3194 725 corporis
3228 654 3453 709 naturis
3485 655 3861 723 consideres,

2188 739 2406 809 pariter
2455 745 2511 794 et
2559 740 3028 813 inseparabiliter
3057 742 3117 796 in
3162 741 3289 812 ipsa
3323 742 3434 798 tria
3477 742 3659 809 nasci,
3695 761 3864 812 esse,

2186 842 2464 891 crescere,
2487 829 2841 896 decrescere,
2875 835 2932 885 et
2949 830 3180 885 interire
3203 829 3379 884 etiam
3405 829 3680 886 sensibus
3714 849 3858 888 cor-

2184 915 2342 986 poris
2374 916 2610 972 senties.
2636 921 2771 984 Quae
2804 917 3186 975 nihilominus
3205 918 3260 972 in
3285 919 3580 990 corporeis
3604 925 3862 976 creatu-

2185 1004 2288 1069 ris,
2329 1005 2376 1060 si
2428 1005 2881 1073 animadvertas,
2932 1007 3241 1079 intelliges.
3281 1008 3505 1062 Habent
3544 1009 3858 1080 siquidem

2184 1109 2520 1150 mensuram
2539 1112 2654 1168 qua
2675 1097 2851 1151 etiam
2874 1096 3697 1168 circumscribuntur,pondus
3716 1115 3858 1153 me-

2183 1181 2446 1252 ritorum,
2484 1200 2796 1238 numerum
2839 1185 3152 1239 affectuum
3195 1185 3579 1241 diversorum.
3617 1187 3857 1258 Nempe

2181 1275 2244 1325 ut
2268 1272 2663 1327 membrorum
2699 1272 2781 1327 vel
2809 1273 3063 1344 partium
3097 1272 3404 1328 diversitas
3437 1275 3539 1329 dat
3570 1275 3853 1346 corpori-

2178 1359 2288 1414 bus
2336 1377 2670 1427 numerum,
2705 1361 2786 1416 sic
2817 1364 2872 1414 et
2902 1360 3112 1415 creatis
3161 1359 3474 1431 spiritibus
3519 1361 3855 1418 diversitas

2175 1449 2506 1504 affectuum.
2560 1452 2779 1521 Itaque,
2833 1454 2896 1505 ut
2925 1447 3273 1504 venerabilis
3313 1448 3560 1518 Prosper
3606 1453 3708 1516 ait,
3748 1449 3849 1505 sic

2175 1552 2418 1608 operum
2450 1540 2672 1610 species
2695 1537 2961 1610 praedicat
2976 1538 3280 1602 artiﬁcem,
3318 1538 3630 1608 fingentem
3651 1540 3858 1594 rebus

2176 1626 2416 1692 formas,
2447 1626 2594 1694 loca,
2636 1631 2920 1698 tempora,
2953 1628 3162 1680 motus
3204 1624 3519 1690 mensuris,
3563 1625 3858 1679 numeris

2176 1715 2650 1788 ponderibusque
2676 1715 2821 1771 suis.
2853 1717 2988 1780 Quae
3011 1712 3144 1768 licet
3168 1711 3278 1767 tria
3299 1713 3574 1768 omnibus
3606 1711 3851 1783 pariter

2175 1804 2381 1860 inserit
2410 1805 2716 1872 creaturis,
2752 1808 2947 1861 tamen
2980 1818 3166 1857 unum
3209 1800 3507 1872 quoddam
3538 1800 3838 1869 efficiunt,

2177 1893 2520 1965 unitateque
2545 1896 2904 1958 coercentur,
2947 1893 3258 1962 quatenus,
3280 1889 3454 1959 juxta
3487 1905 3663 1943 suum
3698 1906 3844 1944 mo-

2176 1983 2338 2046 dum,
2375 1982 2459 2037 sic
2491 2000 2598 2037 sua
2628 1981 2953 2036 dilatantur
2981 1979 3241 2034 trinitate
3269 1982 3456 2034 utsua
3473 1994 3705 2050 quoque
3734 1995 3844 2032 ar-

2175 2075 2406 2126 ctentur
2437 2071 2678 2140 unitate,
2712 2070 2913 2142 sicque
2940 2084 3252 2124 numerum
3303 2065 3557 2122 habeant
3589 2083 3693 2122 nec
3723 2065 3840 2121 ha-

2173 2161 2366 2226 beant,
2401 2159 2586 2215 instar
2601 2160 2691 2214 sui
2725 2158 2999 2225 auctoris,
3029 2157 3129 2229 qui
3153 2155 3336 2212 ettria
3357 2172 3592 2211 summa
3614 2155 3842 2211 dicitur

2171 2254 2228 2304 et
2263 2265 2465 2303 unum.
2501 2250 2678 2303 Porro
2698 2249 2868 2319 juxta
2889 2247 3044 2318 quod
3078 2247 3250 2300 beata
3276 2248 3330 2299 et
3363 2243 3839 2316 incorruptibilis

2169 2337 2290 2392 haec
2317 2337 2576 2392 Trinitas
2595 2353 2746 2391 unus
2773 2336 2928 2391 Deus
2959 2338 3115 2390 recte
3136 2333 3350 2388 dicitur
3370 2337 3428 2388 et
3451 2333 3720 2401 habetur,
3745 2332 3838 2389 sic

2168 2430 2223 2481 et
2255 2423 2718 2497 incorruptibilis
2750 2424 2850 2479 illa
2871 2423 3130 2480 Trinitas
3151 2423 3208 2477 in
3235 2421 3492 2494 singulis
3513 2422 3833 2489 creaturis,

2169 2519 2272 2569 aut
2302 2531 2455 2570 unus
2478 2513 2740 2586 spiritus,
2774 2517 2876 2569 aut
2906 2529 3090 2568 unum
3126 2527 3340 2583 corpus
3370 2510 3588 2566 dicitur
3631 2515 3689 2566 et
3719 2510 3834 2566 ha-

2168 2603 2359 2658 betur.

2240 2693 2320 2746 Ex
2349 2690 2562 2763 quibus
2588 2691 2863 2747 omnibus
2892 2689 3294 2761 multipliciter
3321 2690 3829 2758 docemurDeum,

2169 2785 2287 2836 tam
2331 2781 2388 2835 in
2421 2797 2483 2836 se
2504 2797 2678 2852 quam
2705 2784 2762 2836 et
2789 2780 2848 2834 in
2871 2779 3146 2834 omnibus
3167 2779 3440 2850 operibus
3472 2777 3617 2844 suis,
3654 2794 3830 2833 com-

2169 2871 2466 2938 mendare,
2491 2874 2666 2941 atque
2698 2884 2877 2941 super
2903 2868 3102 2924 omnia
3125 2867 3365 2940 diligere
3397 2868 3732 2934 monadem,
3769 2872 3832 2923 et

2166 2959 2430 3030 apprime
2464 2958 2737 3013 detestari
2763 2963 2819 3012 et
2839 2956 3034 3012 odisse
3050 2973 3156 3012 ase
3176 2955 3477 3026 quodlibet
3504 2956 3830 3011 ascenden-

2165 3050 2303 3102 tem.
2339 3047 2542 3102 Monas
2573 3045 2730 3101 enim
2764 3044 3078 3100 individuaa
3117 3062 3236 3100 suae
3270 3048 3489 3100 natura:
3534 3045 3822 3101 beneficio

2165 3134 2341 3190 etiam
2356 3133 2594 3190 dividua
2607 3134 2905 3190 individuo
2925 3133 3160 3188 unionis
3175 3132 3419 3200 reducit,
3435 3137 3492 3189 et
3505 3132 3823 3188 individua:

407 3223 520 3278 nisi
551 3239 677 3292 quae
711 3220 820 3292 ipsi
853 3221 923 3274 de
953 3219 1122 3273 donis
1153 3217 1242 3272 sui
1268 3217 1544 3271 redonata
1567 3214 1681 3268 illis
1718 3214 2052 3279 Ρθάοηίιιυν,
2086 3203 2128 3268 C
2167 3223 2475 3277 connectit.
2509 3222 2645 3277 Dias
2686 3225 2881 3276 autem
2914 3221 3181 3292 dividuas
3227 3222 3317 3276 sui
3351 3221 3472 3277 vitii
3524 3221 3815 3279 maleficio

405 3326 656 3382 quorum
689 3326 822 3380 pars
849 3307 1204 3362 hmreditatis
1227 3307 1466 3377 insuper
1490 3308 1577 3359 est
1597 3303 1721 3374 ipse
1744 3302 2048 3367 Dominus,

405 3399 495 3456 cui
527 3401 584 3454 et
613 3397 725 3470 ipsi
757 3401 896 3453 sunt
925 3394 1271 3452 hmreditas?

996 3511 1224 3566 CAPUT
1266 3508 1460 3564 XXIV.

406 3606 477 3660 De
495 3602 714 3675 exempl
721 3605 766 3658 is
784 3603 902 3658 indi
907 3602 1086 3657 vid-uie
1107 3602 1395 3656 Trinitatis
1415 3602 1472 3653 in
1487 3596 1733 3653 omnibus
1755 3597 2044 3649 creaturis.

473 3721 583 3776 Sed
626 3719 766 3790 proh
804 3718 998 3773 dolor!
1036 3716 1309 3772 unionem
1359 3716 1506 3770 hanc
1548 3710 1942 3777 detestabiles,
1993 3715 2052 3766 et

401 3807 767 3863 individuum
794 3806 1008 3861 individ
1021 3806 1072 3860 ui
1097 3808 1235 3860 etab
1251 3804 1375 3875 ipso
1390 3800 1828 3858 divisidividere
1841 3815 2048 3871 aggre-

403 3897 665 3962 diuntur,
690 3894 1360 3951 cumsanctificationem
1382 3893 1461 3947 ita
1484 3893 1541 3946 in
1573 3908 1634 3946 se
1666 3887 1960 3944 contineat
1984 3891 2050 3942 ut

402 3987 476 4041 ab
494 4001 560 4041 ea
576 3985 945 4040 contineantu
959 4002 1001 4038 r.
1024 3982 1306 4055 Equidem
1328 3981 1484 4037 velut
1506 3981 1661 4034 luteo
1682 3977 2049 4050 glaucomate

399 4073 565 4147 lippi,
599 4078 701 4130 aut
731 4073 1029 4145 superﬂuo
1053 4076 1190 4143 potu
1212 4070 1450 4136 madidi,
1476 4069 1655 4124 solem
1689 4069 1792 4121 aut
1820 4065 2044 4132 lunam,

402 4179 504 4218 seu
524 4162 844 4233 quamlibet
865 4163 1164 4216 lucernam
1188 4161 1430 4214 credunt
1450 4158 1564 4213 sibi
1587 4173 1701 4211 non
1726 4154 1916 4210 solum
1937 4154 2045 4208 du-

402 4250 624 4323 plicari,
658 4251 758 4305 sed
790 4256 845 4304 et
875 4249 1276 4321 multiplicari,
1301 4253 1365 4302 ut
1395 4247 1662 4319 egregius
1697 4242 2046 4300 Prudentius

400 4338 768 4394 Marcionitas
801 4339 946 4393 duos
978 4339 1138 4404 deos,
1172 4339 1392 4392 bonum
1437 4335 1659 4391 scilicet
1687 4349 1752 4388 ac
1799 4330 2044 4396 malum,

401 4427 512 4484 sibi
544 4428 940 4498 contingentes
972 4427 1300 4493 confutans,
1334 4427 1415 4482 ait
1449 4444 1460 4480 :

554 4533 720 4582 Nemo
745 4532 880 4581 duos
902 4533 1057 4590 soles,
1079 4533 1178 4581 nisi
1208 4533 1306 4581 sub
1328 4533 1680 4596 glaucomate,
1715 4527 1864 4576 vidit.

399 4644 783 4715 Quapropter,
815 4640 861 4696 si
892 4644 1158 4713 possunt,
1191 4639 1554 4712 perpendant
1588 4655 1765 4710 quam
1791 4641 1980 4696 aversi
2012 4659 2046 4696 a

397 4733 514 4788 Deo
541 4729 831 4796 incedant,
862 4728 960 4801 qui
995 4728 1249 4784 dividere
1282 4727 1583 4783 individua
1614 4726 1898 4784 laborant.
1941 4730 2050 4786 De-

396 4821 574 4893 nique
590 4819 716 4892 ipse
729 4818 882 4874 Deus
899 4835 1067 4874 suam
1087 4817 1447 4872 individuam
1467 4817 1811 4872 Trinitatem
1830 4817 2050 4875 unitate

397 4909 787 4975 commendat,
822 4912 996 4980 atque
1020 4908 1127 4963 hoc
1149 4924 1266 4961 sua:
1291 4906 1795 4961 incommutabilis
1824 4911 1880 4962 et
1903 4907 2049 4962 invi-

397 4999 586 5057 sibilis
617 5003 837 5054 naturze
863 4997 1161 5070 exemplar
1191 5013 1304 5050 non
1335 4994 1527 5051 solum
1563 4995 1960 5052 invisibilibus
1992 5001 2049 5052 et

397 5087 806 5158 mutabilibus,
851 5088 948 5142 sed
1003 5084 1332 5141 visibilibus
1372 5101 1604 5156 quoque
1651 5085 1891 5139 iacturis
1923 5085 2046 5140 suis

396 5177 730 5235 commodat
757 5183 805 5232 el
841 5180 1162 5231 conservat.
1186 5174 1394 5231 Omnia
1414 5174 1571 5229 enim
1587 5191 1712 5246 quae
1737 5173 1795 5228 in
1820 5191 1935 5229 una
1952 5191 2043 5230 sa-

398 5267 616 5341 pientia
647 5283 753 5320 sua
793 5270 942 5320 Deus
977 5265 1133 5332 fecit,
1175 5265 1521 5320 Trinitatem
1563 5280 1680 5335 qua
1713 5263 2046 5318 subsistunt

396 5354 718 5427 insignivit,
753 5353 851 5408 ubi
895 5355 1169 5410 omnibus
1201 5369 1563 5421 mensuram,
1611 5369 1944 5418 numerum,
1989 5356 2045 5408 et

397 5444 627 5517 pondus
649 5442 862 5498 habere
885 5443 1044 5498 dedit
1064 5444 1214 5514 (Sap.
1237 5460 1311 5509 ιι,
1348 5441 1458 5514 21).
1485 5443 1618 5506 Quae
1644 5440 1755 5495 tria
1782 5444 2040 5496 contem-

399 5531 760 5602 poraliter,et
773 5530 1240 5601 inseparabiliter
1254 5531 1528 5586 omnibus
1543 5529 1825 5585 creaturis
1838 5529 2043 5585 insunt

401 5632 507 5674 nec
528 5617 826 5687 quodlibet
853 5635 1053 5673 eorum
1072 5620 1233 5690 prius
1256 5636 1321 5674 ac
1344 5617 1633 5690 posterius
1657 5618 1886 5674 duobus
1910 5618 2042 5675 reli-

2158 3311 2334 3366 etiam
2363 3309 3002 3365 individuumdividere
3025 3310 3250 3382 quaerit.
3274 3309 3398 3379 Illa,
3423 3315 3705 3383 tanquam
3732 3312 3818 3366 in-

2159 3399 2452 3456 violabilis
2473 3403 2530 3454 et
2560 3399 2822 3471 pacifica,
2845 3398 2927 3454 nil
2957 3398 3071 3454 nisi
3111 3417 3146 3453 a
3173 3399 3452 3468 dividuis,
3483 3401 3730 3458 diversis
3761 3407 3820 3456 et

2160 3485 2402 3558 privatis
2433 3486 2749 3555 retrahere,
2779 3490 2952 3558 atque
2972 3503 3078 3542 suo
3097 3487 3376 3544 omnibus
3399 3489 3722 3557 communi,
3755 3494 3810 3544 et

2160 3574 2430 3646 prmeenti
2463 3574 2759 3630 individuo
2786 3575 2954 3631 unire
2985 3575 3161 3632 novit.
3179 3577 3220 3631 E
3241 3577 3531 3632 contrario
3552 3577 3666 3634 ista
3685 3581 3814 3633 tan-

2160 3681 2335 3735 quam
2365 3663 2576 3719 violata
2605 3663 2898 3730 violatrix,
2920 3668 2976 3719 et
2997 3663 3390 3731 schismatica,
3419 3665 3531 3720 nisi
3561 3664 3707 3720 nihil
3740 3666 3812 3721 ab

2159 3752 2457 3808 individuo
2480 3752 2774 3808 consimili
2795 3757 2853 3808 et
2872 3753 3174 3809 communi
3206 3753 3356 3809 bono
3387 3755 3735 3827 obrumpere
3757 3760 3814 3811 et

2159 3840 2499 3896 abscindere
2532 3845 2734 3897 tentat.
2769 3841 2897 3897 Haec
2919 3842 3120 3915 procul
3152 3842 3330 3898 dubio
3361 3844 3433 3898 ab
3467 3843 3567 3900 illo
3599 3844 3811 3900 incom-

2158 3927 2454 3984 mutabili:
2481 3932 2538 3984 et
2566 3930 2868 3986 individua
2898 3932 3148 3987 monade
3170 3931 3320 3987 ultro
3343 3932 3618 3988 recedens
3648 3933 3812 4005 prius

2157 4017 2391 4091 privatae
2431 4023 2488 4073 et
2525 4018 2799 4075 solitariae
2850 4021 3006 4076 sedis
3047 4019 3243 4076 locum
3276 4020 3386 4076 sibi
3429 4020 3488 4076 in
3523 4020 3808 4078 lateribus

2156 4108 2450 4180 aquilonis
2482 4107 2817 4180 exploravit,
2851 4110 3060 4166 deinde
3081 4107 3372 4164 hominem
3399 4125 3432 4162 a
3448 4107 3563 4164 Deo
3585 4111 3808 4166 divisit.

2153 4202 2286 4254 Haec
2317 4215 2550 4271 quoque
2573 4215 2734 4255 more
2763 4215 2868 4255 suo
2894 4215 2997 4270 per
3017 4196 3375 4250 meretricem
3398 4195 3544 4248 dixit
3575 4213 3588 4249 :
3615 4218 3644 4244 ‹‹
3686 4198 3806 4254 Nec

2156 4287 2324 4358 mihi,
2374 4304 2479 4342 nec
2525 4288 2652 4352 tibi,
2705 4287 2802 4343 sed
2864 4285 3157 4359 dividatur
3207 4281 3306 4352 (III
3347 4281 3470 4349 Reg.
3506 4297 3590 4346 III,
3623 4282 3738 4352 26).
3776 4307 3805 4334 »

2155 4377 2283 4432 Ηωε
2316 4376 2492 4431 etiam
2525 4375 2582 4430 in
2603 4373 2942 4445 Evangelico
2964 4368 3254 4443 peralium
3269 4368 3622 4440 persuadere
3645 4373 3810 4443 cupit

2154 4467 2380 4521 aeterna:
2412 4463 2641 4519 Monadi
2663 4462 2965 4524 visionem,
2991 4455 3192 4512 dicens
3219 4471 3232 4511 :
3267 4480 3294 4505 «
3331 4455 3434 4512 Dic
3456 4457 3622 4512 fratri
3649 4476 3800 4526 meo,

2081 4572 2123 4635 Β
2156 4558 2220 4609 ut
2249 4554 2470 4608 dividat
2502 4565 2729 4606 mecum
2757 4545 3151 4601 hereditatem
3183 4546 3336 4617 (Luc.
3367 4564 3469 4617 χιι,
3505 4547 3616 4618 13).
3641 4570 3668 4596 ››
3701 4550 3802 4605 Cui

2156 4644 2326 4698 beata
2356 4642 2555 4697 Menas
2576 4635 2921 4701 reclamans,
2953 4637 3174 4690 naturae
3208 4652 3325 4691 sure
3356 4635 3801 4708 impossibilita-

2159 4735 2277 4786 tem
2309 4730 2394 4786 sic
2423 4724 2752 4801 priedicavit
2775 4740 2835 4779 :«
2859 4721 3064 4790 Homo,
3097 4725 3232 4796 quis
3257 4741 3350 4782 me
3377 4724 3682 4783 constituit
3702 4728 3800 4798 ju-

2159 4820 2367 4886 dicem,
2401 4819 2502 4871 aut
2531 4813 2883 4868 diversorem
2916 4827 3094 4885 super
3121 4815 3262 4868 vos?
3295 4836 3323 4864 »
3355 4814 3513 4886 (Luc.
3547 4831 3646 4881 xu,
3687 4815 3798 4886 14.)

2159 4909 2226 4964 Et
2254 4907 2302 4962 si
2334 4904 2530 4961 omnia
2559 4918 2736 4974 opera
2784 4901 3106 4957 divinitatis
3147 4901 3504 4970 consideres,
3555 4902 3797 4959 monade

2156 5010 2393 5069 prorsus
2425 5009 2493 5047 ea
2522 4990 2864 5061 subsistere,
2898 4991 3068 5046 diade
3118 4995 3315 5047 autem
3357 4991 3594 5048 interire
3641 4990 3793 5045 inve-

2155 5084 2297 5140 nies.
2317 5081 2539 5145 Quibus
2553 5079 2706 5135 sicut
2720 5083 3023 5136 monasest
3045 5079 3406 5136 subsistendi
3421 5078 3794 5152 principium,

2154 5172 2237 5229 sic
2250 5170 2440 5227 etdias
2456 5167 3202 5225 desistendiinitium.Nam
3216 5167 3478 5242 quandiu
3497 5169 3796 5224 diversitas

2151 5266 2207 5318 et
2250 5257 2642 5316 numerositas
2679 5259 3101 5330 membrorum,
3132 5274 3234 5314 seu
3267 5257 3541 5330 partium,
3585 5257 3796 5313 unione

2151 5352 2440 5416 censetur,
2473 5347 2561 5404 vel
2592 5351 2714 5403 toto
2746 5364 2851 5402 suo
2883 5347 3306 5414 connnectitur,
3353 5346 3637 5403 substitit.
3689 5346 3792 5402 Ubi

2151 5443 2347 5496 autem
2379 5438 2450 5492 ad
2483 5436 2715 5492 diadem
2750 5436 2990 5502 accedit,
3015 5436 3295 5491 desistere
3317 5439 3372 5491 et
3393 5434 3632 5491 interire
3660 5433 3797 5490 inci-

2150 5528 2254 5604 pit.
2288 5527 2451 5594 Quod
2482 5526 2709 5597 Moyses
2742 5541 2976 5597 quoque
3005 5524 3216 5580 innuit.
3245 5524 3510 5589 Quicum
3542 5521 3796 5596 singulo-

2149 5635 2278 5676 rum
2312 5616 2539 5674 dierum
2571 5630 2747 5686 opera
2775 5613 2960 5671 Deum
2992 5614 3146 5686 quod
3177 5614 3331 5670 bona
3353 5615 3551 5670 essent
3581 5612 3796 5670 vidisse
