4004 6210
92 347 135 412 ἰ
151 347 266 415 181

699 349 1127 417 ΑῙΝΕΗΒΠΒ.
1158 346 1624 416 SIMONIACOS
1666 344 1779 412 LIE

1921 348 2144 413 TRES.
2178 385 2252 399 --
2282 349 2515 414 LIBER
2558 349 2922 415 TERTIUS.

3358 344 3514 412 1182

95 479 678 551 oommemoraverit,
702 483 774 540 de
795 484 889 541 die
910 489 1107 542 tamen
1133 484 1390 542 secunda
1409 483 1655 556 loquens
1676 499 1761 538 re-
1785 481 1842 548 Α
1869 481 2314 539 immaculatum
2347 484 2417 539 de
2448 482 2747 557 gregibus,
2772 480 2872 554 qui
2895 484 3123 554 poterat
3152 481 3263 537 emi
3288 481 3518 538 duobus

90 571 303 644 ticuit,
335 571 674 644 signiﬁcans
690 571 805 628 Deo
836 589 952 628 non
983 574 1163 630 videri
1194 574 1434 642 bonum,
1469 572 1591 644 ubi,
1614 572 1753 644 quid

95 661 182 717 ab
215 660 685 716 incommutabili
715 662 843 731 ejus
867 663 1087 718 unitate
1108 662 1437 729 discedens,
1470 660 1761 718 mutabili-

93 753 293 806 tatem
323 748 682 821 pluralitatis
713 750 937 823 incipit,
970 754 1026 807 et
1056 751 1282 807 incidit.

718 856 949 913 CAPUT
986 858 1149 913 XXV.

96 944 267 1015 Quod
296 943 585 1021 individua
612 946 687 1000 sit
712 947 1073 1021 sanctiﬁcatio
1095 948 1161 1021 ab
1183 947 1270 1002 his
1290 964 1409 1020 qua
1434 950 1761 1021 sanctiﬁcat,

531 1020 582 1072 et
626 1033 730 1088 qua
740 1016 870 1073 liter
906 1016 1339 1088 sanctiﬁcentur.

186 1107 327 1159 Cum
369 1118 506 1175 ergo
536 1104 629 1160 his
657 1109 715 1161 et
743 1105 1012 1177 pluribus
1043 1107 1174 1163 aliis
1204 1112 1422 1165 sanctae
1450 1110 1763 1182 Scriptura:

104 1191 477 1247 testimoniis
492 1191 711 1264 liqueat
731 1193 976 1251 Domino
988 1196 1103 1251 Deo
1125 1196 1183 1251 in
1207 1214 1324 1252 sua:
1340 1203 1616 1253 creaturae
1640 1199 1764 1253 uni-

104 1280 393 1337 versitate
422 1297 599 1352 quam
631 1284 881 1339 maxime
914 1283 1139 1356 placere
1168 1286 1492 1343 universale
1523 1291 1579 1343 et
1609 1304 1763 1342 com-

107 1383 298 1423 mune
314 1368 737 1443 bonum,atque
753 1374 1084 1430 econtrario
1096 1373 1404 1446 displicere
1417 1375 1766 1449 particulare

104 1459 172 1512 et
202 1456 520 1529 privatum,
551 1461 722 1531 cujus
753 1462 1031 1531 scientias,
1060 1463 1180 1519 imo
1199 1465 1368 1535 cujus
1398 1465 1606 1521 frontis
1631 1470 1770 1521 sunt

112 1545 225 1617 qui
258 1545 532 1617 quaelibet
561 1549 927 1605 sanctiﬁcata
954 1551 1073 1606 Deo
1104 1552 1422 1623 praedicant
1450 1553 1690 1626 impune
1712 1557 1770 1609 et

112 1632 249 1690 sine
279 1633 586 1705 sacrilegio
619 1652 789 1707 posse
831 1637 1008 1693 dividi
1039 1639 1113 1694 ab
1144 1640 1272 1711 ipsa
1309 1641 1771 1697 sanctiﬁcatione

110 1737 230 1777 sua
252 1738 380 1794 qua:
406 1721 863 1780 coherentDeo‘?
883 1726 1016 1789 Quae
1039 1727 1291 1799 qualiter
1311 1730 1771 1798 sanctiﬁcentur,

1870 569 2049 641 siclis,
2066 574 2233 645 juxta
2252 572 2480 645 pondus
2494 571 2837 638 sanctuarii,
2858 569 3171 642 ipsumque
3194 570 3348 642 quod
3374 571 3521 625 intu-

1870 660 2015 716 lerat
2028 662 2310 717 damnum
2326 661 2687 728 restituebat,
2703 665 2759 716 et
2773 660 3034 732 quintam
3053 664 3272 731 partem
3299 677 3520 731 ponens

1870 767 2050 822 supra
2081 752 2345 806 tradebat
2373 749 2680 816 sacerdoti,
2715 754 2772 805 et
2801 749 2884 805 sic
2916 749 2965 803 ei
2998 748 3421 803 dimittebatur.

1944 840 2103 905 Quod
2137 840 2185 894 si
2215 840 2349 912 quis
2379 840 2707 895 comederet
2728 839 2798 894 de
2821 837 3200 893 sanctiﬁcatis
3231 854 3333 910 per
3354 838 3522 909 igno-

1872 928 2151 995 rantiam,
2180 928 2432 983 addebat
2479 927 2746 1000 quintam
2791 931 3016 999 partem
3068 943 3201 981 cum
3254 942 3319 980 eo
3367 926 3522 998 quod

1873 1018 2223 1085 comederet,
2258 1022 2315 1072 et
2343 1017 2521 1073 dabat
2553 1017 2842 1072 sacerdoti
2878 1016 2936 1071 in
2987 1015 3411 1085 sanctuarium,
3454 1032 3526 1071 ne

1874 1107 2300 1162 contaminaret
2330 1106 2693 1162 sanctiﬁcata
2729 1104 2983 1160 ﬁliorum
3020 1104 3194 1161 Israel
3224 1121 3351 1176 qua;
3384 1104 3527 1158 cite-

1874 1200 2014 1250 runt
2037 1194 2306 1265 Domino,
2332 1213 2402 1251 ne
2424 1196 2567 1250 forte
2591 1194 2919 1250 sustineant
2942 1194 3309 1266 iniquitatem
3332 1192 3527 1247 delicti

1875 1284 1965 1339 sui
1990 1283 2088 1355 qui
2114 1284 2476 1339 sanctiﬁcata
2498 1284 2888 1339 comederint:
2915 1308 2941 1333 ‹‹
2966 1284 3104 1355 Ego,
3131 1283 3322 1354 inquit
3341 1281 3530 1337 Domi-

1877 1389 2010 1435 nus,
2053 1373 2153 1444 qui
2189 1374 2488 1429 sanctiﬁco
2518 1389 2636 1428 eos.
2667 1396 2694 1421 ››
2728 1374 2872 1444 (Lev.
2906 1390 3022 1438 xxi,
3054 1372 3169 1441 23.)
3201 1372 3280 1426 Ex
3312 1371 3528 1443 quibus

1876 1460 2173 1518 evidenter
2194 1463 2608 1534 comprobatur
2630 1461 2769 1534 quia
2784 1462 3069 1518 Dominus
3085 1459 3528 1518 tabernaculum

1879 1568 2052 1606 suum
2080 1556 2137 1607 et
2171 1552 2473 1608 ministros
2506 1552 2589 1607 sic
2614 1551 2962 1618 sanctiﬁcat,
2984 1554 3047 1605 ut
3068 1550 3355 1624 quidquid
3388 1549 3533 1621 ipsis

1881 1639 2131 1712 pertinet
2151 1640 2583 1696 sanctiﬁcatum
2608 1644 2967 1712 permaneat.
2983 1640 3065 1695 Ex
3084 1654 3201 1713 quo
3215 1639 3261 1693 si
3288 1637 3537 1710 quilibet

1881 1728 2469 1802 quantulumcunque
2491 1729 2602 1784 sibi
2629 1745 2731 1801 per
2754 1743 3008 1784 errorem
3030 1726 3116 1783 vel
3142 1727 3534 1799 ignorantiam

109 1808 555 1917 vetus.lex,qu1a
579 1828 736 1917 novae
757 1816 1473 1889 typusest,multipliciter
1492 1820 1769 1875 ostendit.
1802 1853 1850 1917 Β
1881 1823 2280 1888 praesumeret,
2337 1824 2439 1873 aut
2495 1822 2883 1889 augmentum
2932 1816 3283 1881 restitueret,
3344 1821 3412 1871 ut
3466 1816 3537 1871 de

111 1899 194 1954 At
219 1897 378 1954 enim
414 1915 483 1954 ex
512 1899 707 1956 debito
738 1902 1000 1973 quidem,
1032 1904 1181 1960 sicut
1209 1905 1616 1979 primogenita,
1650 1908 1769 1981 pri-

116 1986 301 2041 mitiae
323 1991 382 2041 et
405 1986 642 2042 decimas
659 2006 787 2060 quas
806 1992 1140 2063 exiguntur.
1166 1996 1230 2049 ut
1250 2011 1397 2067 pura
1418 1996 1776 2053 sanctiﬁcata

117 2075 393 2142 Domino,
426 2074 775 2148 priusquam
807 2085 1163 2150 nascantur;
1188 2098 1257 2137 ex
1277 2082 1589 2151 oblatione,
1625 2085 1777 2142 sicut

118 2162 552 2235 pectusculum,
576 2180 800 2235 armus,
823 2183 1022 2239 pecus,
1042 2169 1129 2224 vel
1152 2186 1517 2245 quaecunque
1529 2174 1776 2231 Domino

119 2250 590 2321 sanctiﬁcantur,
617 2254 715 2309 ubi
741 2260 895 2311 recte
917 2257 1273 2326 offeruntur;
1306 2276 1374 2316 cx
1403 2266 1534 2317 voto
1557 2268 1774 2331 autem,

120 2356 489 2412 quiscunque
519 2346 723 2414 sponte
747 2349 1045 2401 voventur.
1080 2348 1225 2403 Nam
1248 2349 1319 2404 ab
1337 2349 1465 2422 ipso
1492 2356 1628 2408 voto
1648 2369 1778 2408 san-

120 2428 381 2484 ctiﬁcata
408 2430 655 2487 Domino
677 2437 1020 2490 noscuntur.
1043 2436 1179 2500 Qua
1204 2437 1419 2509 pariter
1443 2439 1502 2495 in
1527 2441 1777 2497 Levitico

121 2517 380 2573 breviter
434 2520 1034 2592 comprehenduntur,
1095 2525 1192 2580 ubi
1262 2527 1347 2583 sic
1403 2528 1776 2602 praecipitur:

125 2627 156 2656 ‹‹
185 2605 593 2679 Primogenitaa
640 2626 767 2681 quae
798 2611 867 2666 ad
901 2612 1085 2668 Deum
1118 2615 1412 2686 pertinent
1442 2634 1611 2673 nemo
1645 2635 1778 2674 san-

126 2693 388 2751 ctiﬁcare
420 2696 633 2766 poterit
661 2702 719 2753 et
746 2716 972 2767 vovere,
998 2701 1119 2757 sive
1139 2702 1266 2768 bos,
1290 2704 1410 2760 sive
1440 2705 1562 2761 ovis
1586 2706 1778 2776 fuerit,

123 2782 366 2839 Domini
397 2791 554 2839 sunt.
588 2785 753 2850 Quod
779 2787 829 2843 si
851 2787 1229 2845 immundum
1260 2794 1350 2848 est
1366 2794 1604 2863 animal,
1630 2796 1783 2851 redi-

126 2875 254 2927 met
281 2871 383 2943 qui
413 2872 707 2944 obtulerit,
733 2877 904 2948 juxta
925 2878 1371 2936 azstimationem
1396 2899 1586 2952 suam,
1611 2888 1667 2939 et
1688 2886 1786 2941 ad-

126 2960 233 3017 det
262 2961 531 3033 quintam
563 2968 789 3034 partem
819 2966 1030 3037 pretii;
1086 2968 1134 3023 si
1182 2970 1468 3027 redimere
1510 2972 1781 3039 noluerit,

130 3049 422 3107 vendetur
449 3050 638 3121 alteri,
681 3058 1137 3129 quantocunque
1185 3058 1359 3114 fuerit
1405 3062 1782 3119 mstimatum.

130 3136 324 3193 Omne
353 3139 509 3210 quod
539 3140 786 3198 Domino
816 3149 1213 3212 consecratur,
1264 3148 1383 3205 sive
1434 3148 1609 3207 homo
1655 3152 1784 3217 erit,

129 3224 260 3283 sive
289 3226 530 3296 animal,
560 3229 681 3286 sive
710 3247 867 3303 ager,
909 3250 1025 3290 non
1071 3236 1375 3305 vendetur,
1430 3256 1534 3295 nec
1576 3241 1785 3297 redimi
1816 3220 1859 3287 C

129 3315 668 3390 poterit.Quidquid
692 3320 864 3376 fuerit
886 3324 1067 3379 semel
1086 3332 1787 3396 consecratum,sanctum

126 3410 474 3462 sanctorum
506 3408 616 3464 erit
643 3409 911 3468 Domino.
955 3413 1170 3470 Omnes
1202 3416 1441 3472 decima:
1471 3422 1637 3474 terra;
1670 3420 1791 3477 sive

125 3492 208 3547 de
239 3492 528 3566 frugibus,
548 3495 668 3553 sive
690 3498 761 3554 de
786 3499 977 3570 pomis
1002 3503 1540 3572 arborum,Domini
1564 3513 1704 3563 sunt
1733 3514 1790 3565 et

128 3578 224 3635 illi
257 3581 718 3639 sanctiﬁcantur.
749 3587 802 3640 Si
833 3587 966 3658 quis
996 3593 1195 3645 autem
1230 3590 1475 3648 voluerit
1504 3594 1789 3652 redimere

127 3667 395 3725 decimas
407 3672 749 3738 suas,addet
762 3673 1029 3745 quintam
1053 3681 1277 3748 partem
1292 3696 1494 3735 earum
1521 3683 1787 3740 omnium

129 3756 522 3829 decimarum,
554 3759 737 3828 bovis,
771 3764 828 3817 et
854 3763 979 3820 ovis
1002 3769 1059 3820 et
1075 3781 1282 3838 caprae,
1313 3784 1439 3839 quas
1461 3769 1573 3824 sub
1600 3775 1789 3842 pasto-

129 3847 219 3905 ris
247 3846 411 3920 virga
449 3850 773 3918 transeunt,
807 3850 1098 3924 quidquid
1147 3854 1443 3911 decimum
1491 3858 1791 3916 transierit

130 3936 603 3993 sanctiﬁcabitur
616 3937 884 3996 Domino.
901 3943 1026 3995 Non
1047 3940 1412 4015 eligeturnec
1433 3945 1788 4016 bonum,nec

133 4024 383 4092 malum,
410 4041 515 4082 nec
531 4025 713 4084 altero
728 4030 1208 4087 commutabitur.
1222 4032 1279 4088 Si
1304 4033 1437 4105 quis
1456 4037 1785 4105 mutaverit,

131 4117 195 4171 et
216 4114 372 4185 quod
396 4119 687 4172 mutatum
709 4121 799 4174 est
819 4119 1282 4176 sanctiﬁcabitur
1302 4122 1566 4192 Domino,
1588 4129 1647 4180 et
1670 4142 1786 4183 non

134 4202 462 4259 redimetur
489 4204 683 4276 (Lavit.
714 4224 889 4273 xxvn,
916 4208 1173 4278 26-33).»
1207 4210 1370 4275 Quod
1402 4211 1452 4267 si
1482 4211 1790 4287 diligenter

133 4290 473 4365 investiges,
497 4293 759 4353 invenies
788 4297 1252 4368 tabernaculum,
1304 4304 1630 4373 cunctaque
1657 4304 1788 4375 ejus

134 4380 436 4448 utensilia,
464 4382 590 4440 oleo
623 4386 1104 4444 sanctiﬁcationis
1120 4389 1379 4453 inuncta,
1402 4391 1637 4447 vocabis
1659 4409 1788 4449 san-

135 4473 298 4526 ctum
330 4476 665 4527 sanctorum
696 4491 709 4542 ;
741 4479 949 4532 caetera
966 4492 1100 4533 vero
1133 4478 1406 4545 exterius,
1440 4496 1567 4551 quae.
1597 4480 1787 4539 eidem

1883 1906 2073 1961 medio
2106 1907 2305 1979 populi
2336 1907 2427 1962 sui
2460 1907 2692 1979 periret.
2729 1906 2787 1962 Si
2817 1909 3011 1961 autem
3045 1920 3147 1977 per
3176 1905 3536 1977 superbiam,

1884 1994 2048 2050 nullo
2080 2001 2248 2068 pacto
2279 1996 2416 2051 diras
2448 1995 2653 2052 mortis
2702 1996 2972 2051 evaderet
3016 1993 3367 2049 sententiam
3418 1992 3535 2059 hic,

1885 2100 2021 2139 cum
2052 2085 2336 2141 Dominus
2360 2079 2778 2140 'sanctiﬁcator
2825 2081 3111 2149 omnium,
3143 2097 3301 2136 nunc
3328 2080 3541 2135 leniter

1885 2173 2279 2242 admonendo,
2303 2190 2458 2229 nunc
2484 2190 2687 2245 aspere
2713 2171 3081 2237 deterrendo,
3111 2173 3339 2226 astruat
3368 2184 3534 2224 suam

1885 2262 2406 2319 sanctiﬁcationem
2454 2263 2525 2318 ab
2573 2262 2657 2317 eis
2707 2278 2854 2333 quos
2882 2259 2971 2316 vel
3005 2258 3161 2331 quod
3214 2257 3541 2313 sanctiﬁcat

1886 2350 2360 2423 inseparabilem.
2391 2352 2500 2415 Qui
2533 2351 2789 2406 suntisti
2812 2349 2909 2422 qui
2945 2347 3317 2419 iniquitatem
3339 2350 3541 2402 contra

1887 2439 2190 2497 Excelsum
2230 2440 2574 2511 loquuntur,
2630 2442 2956 2494 asserentes
3006 2435 3369 2491 sanctiﬁcata
3415 2432 3543 2489 sine

1889 2527 2349 2586 sanctiﬁcatione
2379 2528 2612 2594 emisse,
2669 2531 2772 2583 aut
2819 2527 2972 2581 dono
3035 2521 3379 2594 accepisse?
3433 2521 3542 2586 Qui

1889 2618 2097 2690 utique
2124 2616 2212 2672 vel
2231 2617 2407 2672 rebus
2434 2614 2767 2671 visibilibus
2790 2614 3113 2668 debuerant
3144 2610 3359 2677 doceri,
3393 2627 3542 2683 quas

1890 2710 2138 2772 constat,
2172 2722 2278 2761 nec
2309 2705 2434 2760 sine
2467 2720 2765 2770 mensura,
2799 2719 2904 2757 nec
2949 2702 3076 2756 sine
3115 2716 3380 2765 numero,
3436 2716 3542 2754 nec

1890 2796 2019 2851 sine
2050 2795 2321 2866 pondere,
2351 2810 2478 2866 qua;
2509 2794 2692 2849 semel
2725 2797 2781 2847 et
2807 2790 2984 2847 simul
3018 2790 3169 2845 Deus
3194 2788 3547 2843 illisindidit

1892 2900 2064 2955 posse
2095 2883 2263 2939 vendi
2295 2887 2397 2938 aut
2426 2882 2651 2937 donari.
2678 2881 2836 2945 Quod
2874 2879 2922 2934 si
2954 2893 3297 2935 concessum
3321 2882 3411 2933 est
3431 2877 3546 2944 his,

1893 2990 2142 3046 quarum
2162 2974 2284 3046 ipse
2298 2988 2469 3041 usum
2490 2976 2545 3026 et
2562 2971 2861 3025 servitium
2885 2968 3031 3041 ipsis
3045 2985 3119 3040 qu
3130 2983 3278 3038 oque
3293 2965 3547 3022 inimicis

1894 3063 2019 3119 suis
2052 3061 2329 3130 relinquit
2359 3064 2414 3117 et
2454 3059 2758 3133 permittit,
2804 3056 3070 3113 videlicet
3120 3072 3191 3111 ne
3241 3053 3366 3111 sine
3422 3055 3547 3111 suis

1896 3150 2279 3224 qualitatibus
2310 3150 2659 3217 habeantur,
2709 3151 2928 3220 quanto
2976 3146 3167 3219 magis
3210 3144 3550 3200 conceditur

1898 3240 2039 3307 illis,
2074 3257 2220 3313 quas
2250 3240 2319 3295 ad
2348 3238 2504 3295 solos
2535 3242 2808 3310 sumptus
2842 3235 3106 3292 Ecclesiae
3137 3251 3256 3291 suae
3309 3237 3546 3300 sanctae,

1900 3347 1965 3385 ac
1996 3329 2281 3384 ministris
2331 3328 2456 3383 suis
2486 3327 2726 3393 sanctis,
2781 3343 2893 3381 non
2945 3323 3137 3380 solum
3169 3323 3241 3377 ab
3270 3322 3549 3394 inimicis,

1901 3419 1998 3474 sed
2036 3418 2105 3474 ab
2138 3415 2342 3473 amicis
2364 3431 2600 3488 quoque
2624 3414 2747 3470 suis
2769 3413 2932 3468 laicis
2958 3429 3067 3467 sua
3088 3411 3551 3467 sanctiﬁcatione

1899 3507 2180 3562 secrevit!
2216 3504 2422 3560 Procul
2464 3504 2644 3559 dubio
2678 3503 2733 3558 in
2766 3500 3109 3571 hujusmodi
3143 3498 3550 3555 schismaticos

1899 3611 2013 3650 non
2049 3593 2300 3649 absurde
2328 3592 2501 3663 dirigi
2534 3594 2727 3663 potest
2756 3589 2859 3644 illa
2883 3587 3252 3660 querimonia
3293 3585 3505 3643 Christi
3533 3603 3545 3640 :

1900 3705 1928 3733 «
1961 3682 2294 3737 Diviserunt
2324 3680 2432 3736 sibi
2462 3680 2811 3735 vestimenta
2842 3694 2992 3733 mea.
3022 3699 3050 3727 »
3078 3676 3250 3749 (Paul.
3284 3692 3402 3743 xxx,
3433 3675 3551 3747 29.)

1897 3770 2172 3841 Nunquid
2206 3768 2363 3824 enim
2397 3772 2453 3823 et
2483 3767 2580 3823 isti
2612 3772 2894 3838 tanquam
2931 3766 3153 3837 profani
3207 3762 3445 3827 milites,
3477 3766 3551 3820 ob

1900 3859 2227 3916 mercedem
2257 3855 2599 3912 illusionum
2632 3861 2689 3911 et
2738 3854 3089 3926 injuriarum
3121 3871 3270 3927 quas
3318 3854 3549 3909 Christo

1898 3947 2273 4021 pertinaciter
2328 3945 2625 4017 ingerunt,
2658 3950 2723 3999 ut
2779 3943 3035 3998 inimicis
3079 3944 3206 4015 ejus
3263 3942 3547 4015 placeant,

1898 4040 2071 4109 atque
2092 4034 2362 4091 inimicos
2395 4034 2467 4089 ab
2499 4049 2565 4089 eo
2593 4037 2875 4098 avertant,
2904 4049 3015 4087 non
3047 4030 3315 4087 dividunt
3328 4030 3553 4103 jugiter

1897 4125 2246 4182 vestimenta
2279 4122 2459 4190 illius,
2496 4123 2967 4194 quandocunque
2998 4137 3092 4177 res
3124 4120 3203 4175 illi
3237 4119 3344 4176 soli
3377 4120 3548 4175 devo-

1894 4214 2054 4271 tione
2084 4212 2345 4269 ﬁdelium
2381 4212 2641 4278 collatas,
2673 4216 2730 4267 et
2751 4210 3142 4267 sanctiﬁcatas
3162 4210 3232 4265 ad
3256 4210 3473 4265 victum
3496 4213 3554 4265 et

1898 4303 2176 4359 vestitum
2207 4318 2447 4359 suorum
2495 4301 2894 4356 membrorum
2937 4299 3128 4355 adhuc
3156 4297 3289 4354 istic
3336 4296 3551 4353 talibus

1897 4391 2265 4464 indigentum
2297 4395 2661 4463 praesumunt
2689 4395 2746 4446 et
2766 4389 2878 4445 sibi
2902 4388 3190 4453 dividunt,
3212 4404 3328 4444 non
3352 4387 3421 4443 ad
3443 4386 3551 4443 ali-

1897 4497 2074 4552 quam
2107 4480 2628 4537 sanctiﬁcationem
2662 4478 2796 4544 sibi,
2829 4480 2928 4534 sed
2955 4477 3026 4533 ad
3059 4478 3246 4533 solam
3278 4475 3553 4533 maledic-

133 4557 225 4615 vel
256 4558 545 4653 ministris
597 4562 727 4631 ejus
775 4569 1064 4635 pertnent,
1112 4569 1523 4625 tantummodo
1562 4573 1784 4628 sancta.
1821 4591 1867 4653 ο
1896 4570 2609 4642 tionemetsempiternam
2631 4564 3554 4638 damnatiOuem‘tQueminsuper

136 4648 300 4704 Unde
323 4646 1789 4730 intelligunturhascsanctiﬁcationem,qua~sancta
1821 4646 1859 4653 _
1898 4656 2031 4715 felle
2059 4658 2259 4713 cibant
2287 4663 2344 4712 et
2373 4662 2533 4714 aceto
2586 4662 2809 4729 potant,
2858 4657 2996 4727 quia
3036 4655 3392 4727 pauperibus
3421 4656 3551 4725 ejus

134 4738 297 4800 sunt,
319 4735 613 4807 accepisse
635 4738 707 4797 ab
727 4754 796 4796 ea
813 4744 1247 4812 communione,
1271 4762 1389 4819 qua
1410 4763 1511 4818 per
1526 4747 1782 4805 devotio-

135 4840 269 4882 nem
301 4822 561 4881 ﬁdelium
583 4843 843 4884 connexa
865 4835 1006 4886 sunt
1044 4834 1264 4891 sanctis
1309 4840 1669 4893 sanctorum.
1702 4838 1784 4893 Ex

135 4914 351 4987 quibus
373 4917 597 4971 tantam
613 4916 1135 4977 sanctiﬁcationem
1156 4923 1269 4979 sibi
1285 4926 1708 4983 mutuabantur
1729 4932 1785 4983 et

118 5002 509 5077 potiebantur
527 5008 613 5076 ut,
637 5022 740 5079 pro
762 5008 935 5064 modo
956 5009 1396 5082 admonitionis,
1419 5016 1685 5086 quaedam
1721 5017 1780 5072 in

133 5091 262 5149 loco
285 5093 601 5150 sanctuarii
620 5095 1023 5152 sacerdotibus
1044 5102 1294 5168 tantum,
1318 5102 1581 5173 quaedam
1606 5105 1779 5160 ctiam

136 5180 400 5238 maribus
420 5182 621 5257 stirpis
643 5201 868 5253 eorum,
909 5187 1177 5258 quaedam
1198 5192 1255 5245 et
1280 5194 1500 5246 cunctas
1543 5191 1779 5249 illorum

135 5269 368 5328 familia
389 5273 688 5345 cmptitim,
711 5290 813 5331 seu
846 5275 1184 5344 vernaculas,
1208 5278 1588 5346 debebantur,
1618 5298 1780 5338 exce-

135 5363 232 5434 pto
252 5360 414 5416 omni
433 5360 780 5437 alienigena,
802 5362 1089 5436 inquilino
1111 5382 1344 5439 quoque
1364 5370 1705 5437 sacerdotis,
1725 5375 1782 5425 et

134 5449 514 5519 mercenaria,
538 5467 643 5507 nec
665 5468 781 5509 non
802 5452 1029 5525 leproso
1051 5454 1452 5512 etimmundo.
1476 5456 1539 5512 lu
1562 5457 1779 5531 quibus

131 5537 532 5607 sanctiﬁcatis,
565 5540 615 5594 si
647 5541 846 5597 anima
877 5542 1257 5614 praevaricans
1278 5545 1651 5602 caeremonias
1678 5563 1781 5619 per

131 5634 382 5686 errorem
414 5632 728 5698 peccasset,
752 5631 1028 5689 oti‘erebat
1049 5649 1152 5706 pro
1176 5633 1386 5691 delicto
1406 5651 1513 5693 suo
1536 5634 1774 5693 arietem

1894 4746 2149 4801 debitam
2181 4745 2520 4801 alimoniam
2564 4744 2979 4801 subtrahentes
3029 4761 3145 4815 prie
3179 4742 3332 4798 fame
3360 4746 3417 4796 et
3448 4741 3549 4796 siti

1890 4835 2067 4891 vitam
2088 4850 2291 4891 eorum
2307 4833 2656 4889 intolerabili
2673 4832 3063 4888 amaritudine
3077 4829 3549 4902 replent,quibus

1891 4927 1948 4980 et
1977 4925 2025 4980 si
2057 4924 2127 4979 de
2159 4940 2269 4980 sua
2297 4922 2569 4977 videntur
2604 4921 2904 4976 interdum
2963 4918 3183 4990 aliquid
3237 4916 3547 4990 impertiri,

1890 5017 2174 5084 tanquam
2210 5012 2472 5083 chlamys
2494 5010 2764 5065 coccinea
2784 5013 2841 5064 et
2861 5007 3173 5064 adhibetur
3190 5005 3548 5062 inhonestio-

1890 5102 2076 5168 ribus,
2109 5105 2174 5157 ut
2221 5105 2476 5172 putatur,
2534 5097 2817 5154 membris
2862 5096 3097 5152 Christi.
3145 5095 3343 5166 Neque
3389 5094 3545 5149 enim

1890 5191 2097 5264 pudori
2132 5190 2261 5261 ejus
2293 5191 2350 5244 in
2385 5188 2493 5244 hoc
2522 5186 2857 5250 consulunt,
2890 5185 2992 5240 sed
3024 5201 3152 5251 suo,
3185 5185 3327 5239 dum
3376 5183 3548 5239 mise-
3648 5190 3653 5195 ’

1892 5296 2090 5337 rerum
2123 5277 2558 5335 calamitatibus
2607 5277 2680 5331 ob
2713 5276 2770 5329 id
2802 5278 3033 5329 tantum
3066 5274 3439 5337 subveniunt,
3473 5289 3547 5328 ne

1890 5369 2200 5425 inhumani
2232 5367 2559 5432 vidcantur,
2584 5369 2684 5421 aut
2706 5368 2861 5419 certe
2883 5362 3253 5436 importunos
3284 5361 3396 5419 sibi
3429 5378 3544 5417 non

1888 5458 2230 5515 erubescere
2261 5459 2604 5530 arguantur.
