4004 6210
3929 278 3931 329 l

1544 383 1947 450 numnam:
1993 386 2056 450 s.
2105 387 2179 449 η.
2225 384 2297 449 E.
2340 354 2838 456 exanimus.
3747 384 3932 459 usu

1070 517 1301 577 CAPUT
1358 518 1552 577 XXVI.
2170 523 2224 591 Α
2249 519 2499 593 differre,
2533 523 2651 581 imo
2680 524 2791 583 hoc
2819 525 3015 600 ipsum
3045 526 3362 586 catholicos
3401 529 3557 603 quod
3589 528 3895 588 haereticos

487 610 560 667 De
613 626 780 690 poma
829 607 1151 690 divisorem,
1212 609 1352 681 quod
1409 610 1679 690 Spiritum
1710 614 1980 690 sanctum
2026 625 2135 667 non
2245 626 2398 667 esse.
2419 613 2529 670 Sed
2551 614 2704 672 absit
2737 614 2857 674 haec
2888 617 3133 690 perﬁdia
3161 618 3233 674 ab
3263 618 3479 676 animis
3508 618 3895 677 Christianis!

664 682 954 751 accipiant,
988 683 1102 736 nisi
1129 697 1382 753 sequaces
1409 682 1539 751 ﬁdei
1566 683 1954 754 apostolorum.

2243 698 2471 757 Veritas
2488 703 2705 776 quippe
2725 704 3077 763 inviolabilis
3098 724 3216 763 suas
3238 708 3651 780 promissionis
3667 713 3900 765 senten-

556 788 684 843 Haec
705 805 836 843 cum
871 787 951 843 ita
972 788 1111 856 sint,
1136 789 1291 860 quod
1316 788 1616 859 conjunxit
1637 788 1948 845 homrrnon
1972 805 2135 862 sepa-
2243 788 2385 845 tiam
2417 790 2740 850 inviolabili
2779 796 3209 869 subscriptione
3257 797 3672 863 corroboravit,
3705 798 3899 854 eidem

483 882 588 945 ret,
623 877 761 949 quia
792 877 1116 949 perniciose
1147 877 1255 933 hoc
1304 878 1497 945 faciet,
1526 879 1851 934 secundum
1884 879 2037 951 quod
2074 879 2133 933 in
2243 893 2378 933 mox
2407 880 2808 954 subjungens:
2846 907 2874 934 ‹‹
2907 885 3052 951 Quia
3083 902 3198 941 non
3241 885 3395 943 videt
3437 902 3595 954 eum,
3642 902 3758 942 nec
3791 884 3896 941 scit

482 966 789 1037 Evangelio
810 966 931 1036 ipse
954 983 1131 1037 super
1148 966 1720 1039 divortioconjugum
1743 968 2133 1039 interrogatus
2240 982 2375 1022 eum
2407 969 2583 1040 (Joan.
2616 988 2730 1041 xxv,
2768 974 2875 1045 17).
2910 995 2940 1023 »

482 1055 749 1127 prohibet
796 1056 979 1125 (Marc.
1015 1073 1069 1122 x,
1104 1057 1177 1127 9).
1232 1055 1304 1111 Ut
1351 1056 1506 1111 enim
1560 1055 1643 1110 illi
1685 1073 1817 1111 cum
1851 1057 1964 1110 duo
1996 1060 2132 1110 ante
2310 1055 2581 1126 Proinde,
2615 1076 2748 1116 eum
2782 1062 2859 1118 sit
2891 1062 3025 1135 plus
3054 1064 3314 1136 accipere
3360 1062 3664 1136 quodlibet
3710 1079 3891 1135 quam
3930 1058 3931 1069 “

480 1145 817 1215 conjugium
845 1144 1214 1213 fuerint,jam
1239 1148 1368 1216 post
1390 1144 1726 1216 conjugium
1755 1161 1867 1200 non
1891 1145 2006 1199 duo
2028 1144 2129 1199 sed
2237 1144 2430 1202 videre
2462 1150 2713 1217 tantum,
2739 1156 2841 1206 aut
2866 1152 3037 1219 scire,
3069 1157 3298 1209 constat
3344 1153 3685 1209 mendacem
3718 1168 3893 1207 mun-

480 1251 599 1289 una
629 1252 760 1289 caro
793 1237 949 1296 sunt,
981 1238 1294 1289 attestante
1326 1234 1595 1299 Domino,
1629 1233 1714 1289 vel
1747 1234 1901 1289 sicut
1931 1234 2130 1288 anima
2237 1234 2377 1290 dum
2431 1252 2545 1292 non
2593 1239 2854 1311 accipere
2907 1240 3191 1312 Spiritum
3240 1242 3522 1311 veritatis,
3572 1257 3758 1314 quem
3797 1257 3895 1295 nec
3928 1282 3931 1314 ε

478 1323 781 1379 rationalis
810 1327 866 1377 et
893 1339 1025 1377 caro
1059 1340 1211 1377 unus
1233 1326 1321 1377 est
1348 1322 1544 1387 homo,
1570 1323 1653 1378 ita
1673 1322 1956 1377 clericalis
1985 1322 2126 1378 ordo
2234 1321 2424 1378 videre
2453 1340 2558 1380 nec
2587 1306 2736 1381 scire
2764 1306 3155 1398 praedicatur;
3209 1330 3311 1401 qui
3369 1306 3517 1403 ergo.
3567 1306 3674 1385 nec
3737 1328 3895 1400 quod
3927 1306 3929 1339 ‘

479 1416 653 1484 atque
681 1411 1075 1467 ecclesiastica
1094 1412 1387 1484 possessio
1412 1430 1528 1467 una
1548 1416 1638 1467 est
1660 1412 1889 1467 Domini
1915 1410 2125 1467 sancti-
2231 1409 2542 1468 minimum
2565 1420 2655 1470 est
2670 1420 2947 1484 meretur,
2967 1400 3272 1472 dubitatur
3287 1435 3360 1473 an
3382 1400 3538 1490 quod
3559 1417 3897 1473 maximum
3928 1400 3929 1423 ¹

478 1502 689 1567 ficatio,
723 1518 898 1573 quam
934 1500 1203 1572 quisquis
1253 1500 1607 1556 saeculariter
1636 1500 1861 1567 dividit,
1896 1500 1974 1554 nil
2010 1498 2120 1554 nisi
2228 1501 2641 1557 estmereatur.
2666 1503 2736 1559 Et
2757 1503 2857 1575 qui
2879 1504 3484 1577 indignusjudicatur
3504 1506 3685 1562 etiam
3701 1511 3898 1561 extm-
3928 1506 3929 1509 “

477 1588 841 1663 spiritualem
875 1589 1174 1645 interitum
1225 1590 1425 1656 efficit,
1474 1589 1633 1646 velut
1679 1590 1730 1646 si
1780 1588 2119 1661 conjugium
2229 1604 2325 1643 ma
2363 1589 2639 1658 scintilla,
2672 1591 2888 1665 dignus
2913 1598 3003 1649 est
3049 1593 3143 1649 cui
3175 1593 3416 1649 cedatur
3444 1597 3565 1648 tota
3594 1593 3898 1648 ﬂamma?

476 1679 821 1735 mmchando
842 1678 1139 1734 hominem
1159 1677 1674 1735 solvatoccidendo
1699 1698 1712 1748 ;
1737 1696 1852 1751 quo
1871 1678 2123 1750 denique
2226 1676 2338 1731 Sed
2369 1678 2571 1734 eadem
2602 1680 2854 1749 Veritas,
2885 1698 3025 1738 suos
3047 1682 3118 1737 de
3147 1682 3367 1753 Spiritu
3399 1698 3505 1737 suo
3527 1681 3893 1745 certiﬁcans,

397 1753 409 1766 ’
475 1768 649 1834 facto,
683 1784 917 1823 necesse
948 1771 1036 1823 est
1065 1768 1212 1823 duos
1243 1767 1457 1833 irritos,
1482 1768 1623 1823 dum
1657 1786 1842 1824 unum
1873 1767 2120 1834 divides,
2226 1764 2563 1836 subjunxit:
2599 1790 2627 1817 ‹‹
2654 1772 2768 1824 Vos
2786 1772 2982 1826 autem
3003 1769 3367 1843 cognoscetis
3387 1785 3544 1835 eum,
3564 1768 3709 1838 quia
3733 1769 3893 1840 apud

474 1856 2121 1927 Deumscilicetatquemaritum,siuxorem;nihilominus
2151 1892 2198 1957 Β
2227 1870 2329 1909 vos
2385 1856 2666 1926 manebit,
2724 1862 2784 1914 et
2839 1858 2900 1913 in
2930 1857 3095 1914 vobis
3148 1857 3259 1914 erit
3300 1858 3477 1929 (Joan.
3511 1873 3627 1923 xw,
3683 1856 3835 1928 17.).
3866 1879 3891 1906 ι»

473 1946 657 2001 Deum
688 1950 862 2016 atque
894 1945 1225 2001 interiorem
1258 1946 1582 2017 hominem,
1609 1947 1656 2003 si
1680 1946 1946 2002 diviseris
1967 1949 2120 2001 exte-
2151 1942 2197 1957 ”
2230 1942 2375 1998 Hinc
2406 1946 2824 2017 comprobatur
2862 1946 3144 2019 Spiritum
3194 1950 3462 2002 sanctum
3494 1962 3529 2000 a
3575 1943 3894 2017 discipulis
3928 1955 3932 1979 ’

472 2034 706 2090 riorem.
729 2034 818 2089 Sic
842 2034 897 2088 in
925 2035 1109 2090 Deum
1141 2039 1199 2090 et
1218 2035 1277 2090 in
1301 2035 1555 2090 famulos
1576 2036 1704 2106 ejus
1728 2052 1953 2106 peccas,
1976 2035 2120 2089 dum
2228 2031 2443 2089 Christi
2476 2034 2767 2106 cognosci.
2799 2040 2858 2091 et
2888 2036 3045 2108 apud
3091 2052 3189 2092 eos
3219 2038 3277 2091 et
3305 2035 3364 2090 in
3407 2034 3492 2089 eis
3552 2049 3808 2090 manere
3838 2034 3893 2089 in
3929 2074 3931 2117 η

472 2123 892 2179 sanctiﬁcatam
928 2140 1129 2179 eorum
1151 2124 1637 2196 possessionema
1662 2141 1771 2180 sua
1790 2122 2120 2179 sanctifica-
2228 2126 2527 2178 asternum.
2546 2124 2708 2189 Quod
2731 2123 2779 2179 si
2804 2125 2938 2194 quis
2954 2124 3617 2181 calumniatorastruere
3638 2127 3893 2178 conatur
3930 2182 3931 2215 ι

472 2212 628 2268 tione
657 2216 1011 2284 sequestras.
1045 2213 1204 2278 Quod
1238 2212 1624 2284 periculosius
1654 2212 1796 2267 facis
1827 2211 1919 2267 hic
1940 2229 2117 2283 quam
2228 2209 2346 2265 illis
2387 2215 2637 2275 tantum,
2692 2213 2793 2284 qui
2838 2213 2951 2269 sibi
2996 2217 3137 2269 tunc
3195 2218 3426 2269 tantum
3485 2210 3890 2280 adhmrebant,

472 2299 533 2354 in
565 2299 871 2369 adulterio,
922 2301 1063 2373 quia
1105 2300 1225 2355 illic
1279 2318 1489 2369 unum,
1538 2301 1632 2357 hic
1689 2308 1877 2356 autem
1932 2300 2119 2356 multa
2227 2297 2508 2370 Spiritum
2540 2304 2809 2356 sanctum
2842 2301 3133 2358 aChristo
3180 2300 3629 2374 repromissum,
3684 2301 3931 2385 audiat‘

493 382 645 447 1183

470 2389 776 2445 hominum
793 2389 978 2446 millia
990 2389 1537 2455 scandalizas.Quod
1558 2389 1753 2462 siquis
1766 2388 2119 2445 scandaliza-

471 2479 617 2534 verit
648 2495 830 2534 unum
861 2480 932 2535 de
982 2479 1211 2551 pusillis
1259 2479 1382 2546 Dei,
1438 2496 1567 2534 cum
1629 2478 1787 2534 mola
1837 2478 2114 2545 asinaria,

470 2565 618 2623 collo
648 2569 773 2639 ejus
804 2568 1234 2639 suspendenda,
1292 2568 1720 2639 demergendus
1758 2571 1849 2623 est
1878 2567 1935 2621 in
1978 2583 2116 2638 pro-

470 2655 718 2712 fundum
763 2657 946 2713 maris
995 2656 1203 2727 (Matth.
1254 2673 1414 2723 xvm,
1463 2658 1540 2727 6),
1593 2656 1756 2729 quid,
1814 2659 2115 2727 putamus,

468 2751 726 2802 meretur
754 2745 855 2819 qui
885 2750 970 2802 tot
998 2747 1127 2815 ejus
1157 2745 1402 2817 pusillos
1454 2762 1588 2800 cum
1635 2745 1960 2814 majoribus
2008 2762 2118 2800 sua

468 2834 785 2891 ambitione
815 2838 871 2889 et
900 2833 1197 2890 invasione
1242 2833 1643 2890 scandalizat?
1686 2836 1809 2900 Quo
1839 2832 2116 2889 seandalo

469 2924 811 2996 conjugium
842 2922 1055 2978 Christi
1087 2926 1144 2978 et
1174 2922 1438 2978 Ecclesiae
1470 2939 1577 2979 suo
1608 2922 1779 2979 solvit
1805 2922 2112 2991 adulterio,

469 3012 787 3067 homicidio
818 3027 1049 3082 quoque
1080 3013 1137 3065 et
1177 3010 1505 3082 sacrilegio,
1553 3011 1652 3065 ubi
1704 3028 1810 3067 suo
1858 3010 2115 3083 maligno

468 3099 588 3156 zelo
609 3099 872 3155 eliminat
893 3098 965 3152 ab
986 3096 1241 3154 Ecclesia
1261 3099 1495 3154 arrham
1520 3099 1699 3155 divini
1730 3099 2113 3169 matrimonii,

467 3188 750 3261 Spiritum
781 3190 1048 3242 sanctum
1078 3186 1299 3243 scilicet
1320 3205 1434 3260 quo
1455 3189 1950 3257 sanctificabatur,
1983 3188 2117 3244 vivi-

2226 2387 2379 2458 quod
2411 2386 2644 2454 dicitur,
2697 2412 2723 2438 ‹‹
2755 2393 2822 2444 ut
2853 2394 3087 2446 maneat
3135 2388 3439 2446 vobiscum
3490 2389 3547 2443 in
3597 2393 3889 2444 aeternum
3930 2432 3931 2437 η

2224 2474 2382 2546 (Ibid.
2420 2477 2666 2548 xv1,tt).
2702 2499 2731 2527 »
2781 2479 2849 2533 Et
2886 2495 2958 2534 ne
3008 2478 3156 2534 forte
3201 2478 3394 2534 adhuc
3444 2476 3889 2550 tergiversatur,

2224 2562 2441 2620 recolat
2460 2565 2615 2637 quod
2650 2565 2823 2637 paulo
2855 2567 3129 2640 superius
3152 2566 3404 2639 exempli
3431 2582 3611 2622 causa
3643 2581 3890 2622 assum-

2222 2651 2581 2724 psimus,ubi
2602 2654 2870 2712 Christus
2883 2657 3139 2730 rogando
3153 2656 3380 2712 Patrem
3403 2659 3469 2711 ut
3484 2654 3673 2711 sancti
3681 2655 3889 2712 ﬂcaret

2223 2740 2545 2813 discipulos
2576 2741 2693 2798 ait:
2732 2765 2760 2794 ιι
2781 2744 2907 2800 Non
2938 2760 3044 2817 pro
3072 2744 3167 2801 his
3197 2748 3394 2800 autem
3426 2760 3566 2817 rogo
3618 2748 3881 2815 tantum,

2224 2830 2322 2885 sed
2355 2834 2413 2885 et
2442 2847 2545 2903 pro
2577 2830 2662 2888 eis
2686 2832 2786 2905 qui
2817 2832 3093 2889 credituri
3117 2837 3257 2889 sunt
3272 2849 3375 2905 per
3394 2834 3641 2888 verbum
3671 2848 3880 2889 eorum

2222 2917 2284 2974 in
2315 2935 2429 2986 me,
2488 2924 2555 2976 ut
2608 2937 2814 2978 omnes
2872 2939 3057 2978 unum
3115 2921 3236 2979 sint
3294 2923 3471 2994 (Joan.
3521 2938 3664 2990 χχιι,
3696 2923 3823 2994 20).
3855 2946 3880 2975 ››

2224 3008 2399 3065 Porro
2430 3009 2815 3066 sanctiﬁcatio
2848 3027 2953 3067 nec
2982 3012 3158 3067 datur
3185 3027 3290 3067 nec
3315 3011 3566 3067 habetur
3595 3012 3728 3066 sine
3761 3012 3885 3084 Spi-

2224 3096 2340 3153 ritu
2372 3102 2594 3155 sancto.
2628 3098 2867 3155 Constat
2897 3116 3035 3172 ergo
3063 3098 3360 3173 apostolos
3392 3115 3719 3172 eorumque
3747 3118 3881 3157 suc-

2223 3202 2484 3242 cessores
2532 3186 2850 3259 apostolica
2880 3189 2995 3244 fide
3025 3190 3199 3244 corde
3247 3188 3621 3245 credentibus
3669 3192 3734 3245 et
3785 3206 3881 3245 ore

470 3256 754 3331 ficabatur
783 3279 839 3329 et
859 3276 1193 3331 ornabatur.
1220 3256 1500 3344 Qui—sient
1521 3277 1702 3350 replet
1721 3277 1916 3333 orbem
1937 3256 2116 3333 terra—
2144 3256 2188 3324 C
2226 3256 2929 3348 conﬁtentibusSpiritum
2950 3281 3221 3333 sanctum
3235 3278 3735 3349 cognoscere,acci
3744 3295 3880 3351 pere

468 3381 619 3431 rum,
653 3367 709 3418 et
741 3363 999 3418 continet
1028 3365 1226 3420 omnia
1247 3369 1527 3438 tanquam
1551 3366 1846 3435 Conditor,
1880 3370 1944 3421 ut
1973 3366 2112 3422 sub-

467 3453 673 3508 sistere
705 3451 954 3519 valeant,
988 3453 1071 3510 sic
1118 3458 1175 3509 et
1214 3454 1551 3524 Ecclesiam,
1602 3460 1660 3512 et
1704 3456 1905 3511 omnia
1951 3454 2111 3511 illius

466 3540 651 3613 replet
680 3558 745 3596 ac
774 3541 1050 3607 continet,
1102 3546 1379 3615 tanquam
1422 3545 1833 3607 sanetiﬁcator.
1883 3549 1950 3599 ut
1995 3559 2111 3600 non

467 3629 657 3686 solum
692 3630 1030 3699 subsistere,
1058 3633 1158 3688 sed
1202 3632 1441 3705 insuper
1473 3638 1675 3689 sancta
1704 3650 1831 3690 esse
1859 3632 2108 3689 valeant.

465 3721 650 3784 Quam
678 3720 1223 3789 sanctificationem,
1256 3722 1408 3777 bona
1435 3722 1728 3787 voluntas,
1755 3722 1843 3779 vel
1864 3723 2111 3787 devotio,

464 3814 639 3879 atque
686 3809 869 3864 oratio
917 3809 1125 3864 invitat
1167 3811 1239 3866 ad
1289 3811 1774 3866 sanctiﬁcandum
1826 3810 2113 3883 quidquid

463 3900 679 3955 sanctas
709 3897 976 3953 Ecclesiae
999 3899 1295 3953 confertur
1322 3916 1357 3954 a
1383 3899 1673 3963 ﬁdelibus,
1699 3899 1798 3970 qui
1830 3904 2115 3971 praecepta

463 3986 771 4043 Dominica
799 3991 1119 4053 servantes,
1142 3987 1214 4041 ad
1249 3987 1512 4043 cmlestes
1546 3988 1854 4044 thesauros
1885 3992 2115 4044 terrena

464 4076 817 4149 patrimonia
833 4076 905 4131 de
924 4079 1079 4131 terra
1094 4074 1307 4142 levant,
1330 4080 1387 4132 et
1402 4078 1764 4132 transferunt
1786 4094 1886 4148 per
1902 4094 2113 4133 manus

464 4181 786 4237 pauperum
820 4163 1053 4235 spiritu,
1077 4181 1329 4235 quorum
1352 4170 1441 4220 est
1460 4164 1737 4221 ccelorum
1761 4182 2032 4237 regnum,
2059 4170 2116 4221 et

464 4270 715 4327 quorum
735 4253 1047 4308 advocator
1061 4257 1118 4308 et
1134 4251 1466 4309 consolator
1479 4258 1569 4309 est
1582 4254 1834 4326 Spiritus
1851 4258 2112 4322 sanctus,

464 4360 498 4398 a
526 4358 641 4413 quo
672 4340 864 4401 omnis
896 4340 1303 4408 sanctiﬁcatio,
1336 4342 1454 4398 imo
1486 4343 1588 4414 qui
1618 4347 1709 4399 est
1735 4342 1862 4415 ipsa
1893 4343 2115 4399 sancti-

464 4428 676 4485 ficatio.
712 4430 843 4500 Ipso
872 4432 1063 4484 totum
1085 4446 1297 4502 corpus
1327 4431 1595 4487 Ecclesiaa
1627 4431 2028 4488 sanctiﬁcatur
2056 4437 2116 4489 et

464 4519 706 4590 regitur.
742 4519 871 4590 Ipse
898 4516 1148 4574 vicarius
1179 4518 1395 4574 Christi
1417 4518 1723 4592 discipulis
1743 4520 1873 4591 ejus
1893 4524 1951 4577 et
1971 4521 2112 4577 fide-

462 4607 619 4664 libus
648 4607 924 4663 omnibus
954 4605 1170 4679 ubique
1200 4607 1620 4679 patrocinatur,
1676 4625 1780 4681 pro
1828 4610 2115 4682 corporali
2147 4628 2193 4693 D

464 4694 769 4769 praesentia
799 4693 978 4751 illius.
1012 4695 1179 4751 Hunc
1208 4695 1389 4751 alium
1419 4696 1784 4754 Paracletum
1809 4698 1933 4754 dari
1963 4698 2110 4767 suis,

465 4789 529 4841 ut
559 4800 694 4840 cum
721 4784 806 4839 eis
842 4788 1077 4840 maneat
1106 4783 1166 4839 in
1196 4787 1476 4840 aeternum
1507 4784 1690 4841 Filius
1738 4785 1963 4860 rogavit
2010 4787 2115 4844 Pa-

460 4878 633 4930 trem.
665 4873 831 4929 Hunc
878 4872 1163 4946 Spiritum
1212 4873 1495 4942 veritatis,
1549 4891 1676 4946 qua:
1706 4875 1976 4932 Christus
1999 4880 2110 4944 est,

461 4980 577 5020 non
609 4965 799 5034 potest
842 4961 1104 5035 accipere
1153 4962 1414 5018 mundus
1461 4963 1519 5018 in
1553 4962 1812 5037 maligno
1863 4965 2113 5037 positus,

460 5052 716 5109 haeretici
748 5050 988 5119 scilicet,
1019 5051 1233 5117 Judaei,
1265 5055 1322 5108 et
1351 5051 1640 5108 increduli
1673 5056 1846 5124 atque
1878 5054 2113 5128 pagani,

460 5140 724 5215 alioquin
755 5141 804 5196 si
836 5141 1116 5208 mundus,
1146 5139 1245 5212 qui
1276 5139 1496 5196 talibus
1526 5141 1818 5209 consistit,
1847 5142 1907 5198 in
1938 5144 2113 5216 perfi-

462 5231 560 5287 dia
591 5230 987 5303 permanendo
1008 5229 1293 5303 Spiritum
1314 5230 1579 5287 veritatis
1617 5232 1878 5303 accipere
1902 5235 2109 5304 potest,

461 5324 563 5376 aut
593 5308 850 5375 Ecclesia
864 5318 1029 5375 nulla
1048 5323 1137 5375 est
1158 5324 1277 5388 aut,
1310 5319 1360 5375 si
1382 5323 1490 5388 est,
1526 5320 1829 5377 mendacio
1850 5320 2113 5394 arguitur

459 5408 709 5476 Veritas,
744 5424 878 5480 qua:
907 5408 1117 5465 asserit
1146 5413 1308 5464 extra
1355 5424 1488 5463 eum
1538 5425 1653 5464 non
1708 5426 1879 5482 posse
1927 5408 2112 5481 accipi

463 5495 742 5566 Spiritum
767 5501 1060 5552 sanctum.
1086 5496 1146 5552 Si
1167 5496 1322 5552 enim
1346 5495 1599 5552 bmretici
1620 5501 1676 5553 et
1695 5494 1882 5554 caeteri
1906 5495 2113 5570 perﬁdi

463 5580 723 5651 accipere
754 5588 1002 5653 possunt
1032 5584 1315 5655 Spiritum
1347 5584 1627 5655 veritatis,
1660 5591 1888 5642 constat
1920 5586 2114 5643 catho-

463 5667 610 5722 licos
668 5672 767 5723 aut
823 5685 939 5724 non
996 5672 1277 5742 accipere,
1334 5677 1435 5728 aut
1490 5672 1637 5729 nihil
1697 5675 1768 5730 ab
1823 5675 2112 5734 haereticis

2219 3370 2278 3421 et
2306 3366 2460 3436 apud
2482 3380 2582 3421 eos
2604 3369 2661 3421 et
2679 3365 2739 3420 in
2756 3364 2839 3421 eis
2856 3382 3111 3422 manere.
3136 3365 3298 3421 Unde
3318 3371 3382 3422 ut
3403 3365 3663 3438 reliquas
3677 3372 3877 3438 pestes

2221 3453 2456 3508 interim
2487 3454 3027 3525 praetermittamus,
3068 3455 3315 3527 probent
3345 3454 3658 3510 Simoniaci
3690 3455 3873 3511 ﬁdem

2220 3558 2284 3598 se
2313 3540 2694 3613 apostolicam
2725 3545 2781 3597 et
2818 3542 3143 3599 doctrinam
3193 3542 3491 3615 sequendo
3536 3544 3791 3599 vendere
3820 3548 3876 3599 et

2220 3647 2413 3687 emere
2437 3630 2722 3703 Spiritum
2742 3636 3034 3702 sanctum,
3048 3637 3107 3689 et
3119 3632 3245 3689 sine
3263 3631 3658 3689 controversia
3676 3648 3875 3688 conca

2221 3719 2394 3775 datur
2413 3718 2499 3775 eis
2520 3719 2780 3792 accipere
2799 3721 3082 3777 ethabere
3102 3721 3386 3794 Spiritum
3403 3725 3764 3787 sanctum,et
3781 3720 3873 3776 cui

2222 3807 2512 3864 voluerint
2539 3809 2659 3865 sive
2688 3810 2873 3882 gratis
2903 3810 3024 3866 sive
3056 3828 3171 3866 non
3202 3810 3384 3883 gratis
3414 3809 3731 3882 impetrare
3772 3813 3875 3864 aut

2222 3898 2382 3953 dare.
2415 3898 2577 3963 Quod
2608 3898 2661 3954 si
2691 3899 2938 3971 probare
2968 3915 3085 3955 non
3109 3902 3402 3971 poterunt,
3425 3898 3581 3954 sicut
3606 3914 3742 3954 vere
3760 3914 3873 3953 non

2223 3991 2495 4058 possunt,
2525 3988 2781 4044 maxime
2810 4005 2945 4045 cum
2977 3989 3050 4045 ab
3082 3988 3228 4062 ipsis
3257 3986 3563 4060 primitivaa
3584 3985 3672 4043 vel
3692 3988 3877 4042 totius

2222 4074 2490 4132 Ecclesiae
2520 4076 2836 4146 columnis,
2859 4078 3028 4134 Petro
3060 4074 3459 4148 apostolorum
3510 4073 3778 4147 principe
3824 4077 3879 4129 et

2219 4164 2448 4221 Joanne
2509 4166 2720 4223 dilecto
2778 4165 3011 4223 Domini
3067 4162 3327 4235 apostolo
3383 4168 3441 4217 et
3494 4162 3877 4235 evangelista,

2224 4253 2509 4322 noverint,
2543 4272 2648 4312 nec
2680 4271 2892 4329 negare
2922 4256 3169 4326 possunt
3198 4253 3495 4304 auctorem
3538 4265 3720 4305 suum
3774 4268 3877 4324 pro

2223 4340 2350 4396 sola
2369 4345 2490 4397 tam
2505 4342 2740 4398 nefandi
2757 4339 2971 4414 negotii
2996 4334 3376 4392 mstimatione
3395 4332 3878 4405 irrecuperabili-

2222 4432 2312 4486 ter
2331 4430 2676 4498 contritum;
2709 4428 3057 4501 cognoscant
3075 4438 3139 4478 se
3158 4437 3286 4477 esse
3305 4420 3377 4477 de
3395 4422 3620 4477 mundo
3641 4421 3751 4480 illo
3774 4426 3873 4499 qui

2223 4535 2339 4575 non
2370 4522 2562 4591 potest
2590 4517 2844 4588 accipere
2874 4509 3133 4568 veritatis
3179 4508 3491 4582 Spiritum,
3523 4515 3585 4565 et
3631 4512 3874 4585 resipis-

2224 4611 2420 4663 centes
2450 4606 2728 4662 festinent
2779 4602 2902 4657 fieri
2950 4599 3021 4655 de
3068 4599 3292 4655 mundo
3342 4596 3443 4655 illo
3490 4615 3668 4672 quem
3709 4601 3873 4674 eligit

2225 4696 2492 4753 Christus
2516 4694 2587 4749 de
2617 4691 2838 4746 mundo
2866 4688 3127 4745 illorum.

2786 4795 3021 4853 CAPUT
3080 4793 3298 4851 XXVII.

2221 4891 2297 4946 De
2324 4888 2561 4960 Spiritus
2588 4886 2769 4969 sancti
2790 4886 3127 4969 gratiaipost
3144 4883 3604 4969 resurrectionem
3625 4883 3687 4938 in
3710 4882 3871 4941 disci-

2604 4957 2763 5028 pulos
2789 4961 2843 5013 et
2869 4955 3110 5013 vindicta
3145 4957 3210 5011 in
3234 4955 3477 5010 Anania.

2290 5048 2454 5103 Hunc
2475 5062 2615 5102 sane
2634 5045 3003 5103 Paracletum
3024 5045 3188 5102 misit
3212 5043 3383 5100 Pater
3400 5044 3461 5098 in
3482 5041 3719 5098 nomine
3740 5043 3867 5101 Filii

2220 5135 2334 5203 sui,
2359 5142 2422 5190 ut
2453 5133 2656 5191 ﬁdeles
2685 5135 2813 5208 ipse
2842 5135 3075 5191 doceret
3099 5131 3318 5199 omnia,
3341 5135 3400 5187 et
3427 5136 3771 5203 suggereret
3789 5133 3869 5189 eis

2219 5223 2419 5282 omnia
2430 5241 2796 5298 quaecunque
2809 5222 3283 5280 dixeriteisidem
3296 5220 3675 5277 Filius.Hunc
3695 5238 3864 5278 suum

2219 5315 2672 5388 Spiritum,quia
2691 5332 2727 5371 a
2746 5315 2913 5371 Patre
2934 5309 3445 5386 procedit,Veritas
3466 5311 3594 5367 suis
3609 5310 3794 5379 misit,
3808 5317 3867 5368 ut

2220 5405 2304 5462 illi
2336 5404 2739 5462 testimonium
2772 5420 2876 5477 per
2904 5419 3003 5459 eos
3033 5400 3337 5474 perbibeat
3356 5401 3428 5457 de
3448 5401 3620 5474 ipsis,
3643 5403 3749 5474 qui
3768 5418 3862 5458 nec

2221 5513 2255 5552 a
2282 5493 2427 5553 Filio
2457 5494 2530 5550 ad
2561 5511 2661 5551 eos
2690 5493 3043 5559 mitteretur,
3075 5507 3181 5547 nec
3202 5489 3424 5547 veniret
3451 5490 3503 5547 si
3532 5490 3662 5563 ipse
3691 5491 3861 5547 Filius

2221 5586 2358 5642 hinc
2387 5600 2502 5640 non
2532 5583 2793 5640 abiisset.
2818 5582 2981 5648 Quod
2998 5581 3084 5638 eis
3106 5578 3359 5636 maxime
3396 5579 3767 5652 expediebat,
3799 5596 3861 5636 ne

2221 5673 2485 5735 carnales
2497 5674 2886 5741 remanerent,
2899 5671 2948 5727 si
2964 5669 3261 5728 Christum
3274 5685 3389 5725 non
3406 5667 3521 5726 nisi
3542 5671 3859 5728 secundum

3924 5620 3932 5775 l
