4004 6210
81 392 259 456 1185

694 386 1110 458 ADVERSUS
1157 382 1627 453 SIMONIACOS
1670 378 1879 451 LIBRI
1927 378 2149 447 TltES.
2179 422 2253 430 —
2280 376 2513 447 LIBER
2557 382 2913 450 TERTIUS.

3351 382 3505 454 1186

84 542 338 581 carnem
355 523 1441 595 nossecurarent.llincveniensarguit
1461 522 1751 578 mundum
1781 522 1835 587 Α
1869 519 1965 574 fidi
2022 519 2173 590 Magi
2208 518 2265 573 in
2301 518 2425 574 sola
2472 518 2853 574 mstimatione
2903 520 3253 576 fraudulenti
3295 530 3508 597 negoti

88 614 485 671 immundum
531 615 603 671 de
649 617 884 687 peccato
931 611 1376 680 incredulitatis,
1410 611 1481 665 de
1520 609 1755 683 justitia

89 707 438 771 suorum,et
456 704 526 759 de
542 702 769 775 judicio
791 702 1008 759 diaboli
1030 703 1183 758 foras
1204 699 1502 772 ejecti.llic
1525 714 1757 771 quoque

90 792 363 865 Spiritus
392 792 653 849 veritatis
682 791 921 849 veniens
970 792 1135 847 docet
1183 788 1396 847 Christi
1436 786 1758 860 discipulos

95 898 347 937 omnem
374 881 697 950 veritatem,
732 885 797 936 ut
825 899 927 954 per
957 880 1151 953 ipsum
1193 876 1524 952 spiritu'iles
1571 876 1756 932 etl‘ecti

98 971 344 1026 discant
368 969 552 1026 multa
582 987 708 1043 qua:
739 969 1007 1026 Christus
1036 968 1289 1024 habebat
1317 966 1400 1023 eis
1430 966 1638 1033 dicere;
1659 965 1756 1021 sed

99 1059 252 1132 quia
279 1058 471 1116 adhuc
502 1058 767 1115 carnales
797 1062 981 1126 erant,
1013 1076 1127 1114 non
1159 1059 1423 1131 poterant
1452 1055 1608 1111 htfnc
1629 1071 1761 1127 por-

102 1153 258 1204 tare.
294 1149 410 1203 Nec
445 1148 703 1221 loquitur
750 1149 818 1203 ad
869 1148 1238 1221 semetipsos,
1271 1147 1369 1203 sed
1403 1158 1764 1218 quiscunque

103 1237 281 1292 audit
312 1236 593 1308 loquitur,
627 1241 685 1292 et
712 1253 843 1309 quae
869 1241 1115 1292 ventura
1146 1240 1286 1291 sunt
1314 1233 1625 1291 annuntiat
1657 1232 1761 1289 eis.

106 1325 213 1381 Ille
248 1324 459 1381 Filium
493 1325 792 1396 clariﬁcat,
828 1324 925 1398 qui
959 1329 1091 1382 ante
1124 1323 1456 1398 passionem
1487 1324 1616 1395 ejus
1649 1338 1763 1378 non

106 1419 240 1469 erat
272 1416 470 1479 datus,
500 1413 631 1486 quia
665 1414 840 1470 Jesus
869 1415 1132 1469 nondum
1165 1413 1354 1468 fuerat
1382 1412 1763 1484 gloriﬁcatus.

109 1502 219 1557 Hic
250 1506 340 1558 est
370 1519 524 1575 aqua
556 1501 657 1558 illa
706 1503 836 1557 viva
877 1503 947 1557 ad
997 1503 1164 1573 cujus
1195 1501 1472 1556 haustum
1504 1500 1767 1555 sitientes

108 1592 274 1647 idem
308 1590 489 1646 Filius
519 1590 742 1647 invitat.
780 1590 884 1646 Hic
913 1605 1147 1662 quoque
1195 1593 1285 1646 est
1331 1588 1584 1662 Spiritus
1621 1589 1765 1645 veri-

110 1679 282 1746 tatis,
315 1679 414 1750 qui
464 1696 496 1733 a
543 1683 600 1733 te
650 1695 815 1751 reges
862 1681 919 1734 et
966 1677 1263 1747 priesides,
1296 1682 1576 1749 tanquam
1617 1677 1769 1733 fidus

112 1768 461 1832 advocatus,
501 1766 767 1839 loquitur
822 1767 879 1821 in
940 1766 1268 1838 discipulis,
1310 1783 1382 1822 ne
1413 1766 1488 1821 sit
1536 1782 1770 1822 necesse

114 1854 509 1928 praemeditari
542 1853 792 1953 qualiter
821 1854 1230 1927 respondeant,
1251 1855 1482 1953 quibus
1507 1855 1681 1910 datur
1709 1854 1767 1953 in
1802 1889 1847 1953 Β

118 1944 225 1999 illa
276 1944 419 2001 hora
469 1944 609 2015 quid
650 1943 991 2016 loquantur.
1023 1944 1137 1999 Nec
1170 1943 1328 1999 enim
1358 1943 1470 2016 ipsi
1503 1947 1640 1999 sunt
1670 1943 1768 2015 qui

120 2033 469 2106 loquuntur,
503 2032 605 2087 sed
639 2032 895 2105 Spiritus
936 2036 1198 2089 sanctus.
1236 2033 1334 2087 Hic
1375 2033 1508 2088 fecit
1542 2037 1605 2088 ut
1633 2049 1769 2105 apo-

119 2122 259 2187 stoli
294 2125 475 2177 testes
516 2125 714 2176 essent
760 2120 974 2177 Christi
1025 2120 1084 2174 in
1132 2120 1479 2192 Jerusalem,
1512 2126 1567 2177 et
1604 2122 1677 2177 ab
1707 2138 1775 2177 ea

123 2226 597 2283 quaquaversum
631 2225 816 2281 usque
845 2209 916 2265 ad
951 2208 1228 2264 ultimum
1259 2214 1446 2265 terra).
1472 2210 1600 2282 Ipse
1632 2209 1773 2264 visi-

124 2299 325 2354 biliter
371 2315 604 2371 quoque
647 2314 745 2354 eos
796 2297 1201 2366 inflammavit,
1234 2298 1619 2371 omniumque
1662 2298 1775 2353 lin-

125 2404 380 2461 gnarum
414 2404 533 2443 suae
565 2386 1073 2460 septemplicitatis
1099 2387 1286 2460 gratia
1306 2386 1773 2460 donavithsein

128 2476 411 2549 apostolis
459 2476 620 2532 idioti
652 2479 708 2532 et
737 2474 862 2533 sine
893 2476 1108 2533 litteris
1156 2476 1370 2532 restitit
1393 2476 1777 2549 [principibus

130 2563 501 2618 sacerdotum
533 2566 589 2618 et
619 2562 1066 2635 magistratibus
1090 2563 1442 2633 Iudaeorum,
1476 2568 1543 2619 ut
1582 2563 1776 2637 prohi-

130 2651 237 2707 biti
290 2651 452 2723 loqui
496 2654 833 2707 constanter
890 2652 1307 2724 responderent
1369 2670 1382 2708 :
1444 2676 1472 2702 ‹‹
1533 2651 1779 2708 Obedire

132 2743 361 2813 oportet
392 2740 582 2813 magis
611 2739 728 2796 Deo
769 2755 947 2812 quam
978 2740 1319 2797 hominibus
1351 2740 1483 2814 (Act.
1517 2759 1570 2809 v,
1602 2743 1713 2814 29),
1749 2764 1777 2793 »

132 2833 191 2885 et
218 2828 264 2885 si
287 2829 518 2900 justum
546 2832 637 2884 est
667 2827 725 2883 in
758 2832 1070 2901 conspectu
1104 2829 1205 2885 Dei
1236 2846 1337 2885 vos
1368 2830 1562 2903 potius
1579 2831 1780 2887 audire

134 2933 313 2991 quam
349 2917 554 2985 Deum,
579 2917 861 2989 judicate.
895 2917 1093 2990 Neque
1122 2917 1277 2974 enim
1310 2935 1627 2991 possumus
1653 2936 1780 2991 quae

135 3007 465 3065 audivimus
514 3010 572 3062 et
617 3006 874 3062 vidimus
923 3023 1035 3062 non
1067 3005 1452 3080 loqui(Act.rv,
1488 3008 1575 3075 l9,
1605 3010 1718 3080 20),
1755 3031 1782 3058 ››

137 3100 192 3153 et
208 3096 338 3151 OtBSl
360 3095 732 3168 gaudentesa
748 3100 1060 3168 conspectu
1085 3096 1312 3152 concilii
1336 3096 1487 3153 irent
1505 3097 1782 3169 quoniam

142 3185 301 3259 digni
337 3185 549 3241 fuerint
576 3202 680 3257 pro
712 3183 946 3240 nomine
985 3185 1126 3241 Jesu
1175 3186 1589 3242 contumeliam
1639 3187 1779 3260 pati.

141 3257 269 3347 Ipse
327 3274 442 3328 illis
499 3273 804 3329 orantibus
859 3272 1051 3329 locum
1102 3274 1161 3330 in
1213 3292 1328 3348 quo
1373 3279 1538 3331 erant
1582 3257 1779 3347 movit,
1813 3257 1855 3323 (ἶ

139 3379 355 3434 eosque
412 3366 477 3417 ut
534 3362 776 3417 verbum
842 3362 933 3417 Dei
982 3379 1114 3418 cum
1168 3363 1380 3419 fiducia
1409 3363 1789 3437 loquerentur

141 3450 399 3524 replevit.
434 3452 565 3523 Ipse
596 3450 765 3521 signa
808 3454 865 3506 et
902 3451 1167 3523 prodigia
1217 3452 1403 3508 multa
1444 3469 1546 3525 per
1576 3471 1786 3509 manus

139 3539 538 3613 apostolorum
574 3540 863 3610 fecit.lpsc
896 3556 996 3593 cor
1027 3556 1206 3594 unum
1240 3545 1296 3595 et
1325 3542 1579 3596 animam
1607 3560 1783 3597 unam

141 3626 509 3684 multitudini
543 3626 903 3682 credentium
935 3627 1141 3682 effecit.
1162 3628 1289 3700 Ipse
1310 3628 1515 3684 debitae
1538 3631 1786 3685 caenobi-

139 3714 600 3787 tis(20)pecuniaa
623 3714 986 3771 fraudatores
1002 3716 1175 3770 verbo
1198 3715 1349 3771 Petri
1372 3715 1581 3771 occidit
1597 3717 1789 3773 dicen-

141 3806 220 3864 tis
254 3821 267 3859 :
301 3826 329 3855 «
360 3802 718 3870 Anania,cur
748 3803 991 3858 tentavit
1017 3804 1265 3860 Satanas
1293 3820 1393 3860 eor
1418 3808 1587 3860 tuum
1621 3822 1783 3862 men-

138 3894 236 3951 tiri
261 3898 316 3949 te
337 3892 579 3965 Spiritui
604 3895 805 3949 sancto
825 3891 853 3947 ‘I
874 3891 998 3947 Non
1021 3908 1083 3948 es
1106 3892 1387 3949 mentitus
1425 3893 1784 3958 hominibus.

141 3983 243 4040 sed
271 3983 380 4039 [‘eo
400 3980 548 4054 (Ασι.
580 3982 750 4054 v,3!i).
782 3981 848 4036 Et
879 3981 1081 4053 utique
1112 3981 1379 4037 convenit
1407 3980 1573 4038 vobis
1598 3986 1788 4039 tenta-

141 4089 203 4129 re
233 4071 515 4144 Spiritum
546 4070 777 4127 Domini
807 4070 993 4141 (Ibid.,
1023 4070 1101 4143 9).

215 4161 276 4215 In
308 4160 523 4232 quibus
556 4164 752 4233 aperte
783 4160 1148 4233 praedicatur,
1181 4176 1298 4216 non
1329 4158 1660 4231 hominum,
1685 4162 1786 4218 sed

144 4247 395 4321 Spiritus
421 4249 607 4305 sancti
640 4248 821 4306 luisse
847 4247 1175 4321 pecuniam,
1213 4265 1328 4322 qua
1374 4249 1671 4305 comobitae
1703 4249 1785 4306 illi

144 4337 446 4410 temporali
457 4338 635 4395 tersic
648 4339 1264 4408 sustentabantur,nec
1280 4338 1597 4411 quisquam
1611 4356 1789 4413 egens

145 4426 295 4482 inter
322 4425 455 4482 illos
489 4426 865 4483 inveniretur.
896 4427 1000 4483 Cui
1048 4427 1130 4483 illi
1178 4427 1406 4484 mentiti
1437 4432 1787 4501 arguuntur,

146 4531 396 4586 moxque
423 4515 950 4589 defunguntur,qui
982 4517 1288 4573 tentabant
1316 4517 1588 4573 eumdem
1610 4517 1791 4591 Spiri-

1870 606 2236 679 sempiterna:
2268 606 2486 679 gratiae.
2508 607 2669 662 Unde
2689 606 2783 662 ille
2802 611 3031 663 tentans
3057 608 3337 680 Spiritum
3377 632 3509 670 san-

1867 701 2025 753 ctum
2079 696 2137 751 in
2184 696 2385 751 fraude
2437 696 2517 752 rei
2569 696 2866 751 exterioris
2912 701 2969 751 et
3015 697 3282 764 visibilis,
3334 718 3511 772 quam

1867 785 2477 853 sanctiﬁcavcrat,sola
2510 789 2694 840 morte
2723 785 3025 841 exterioris
3050 786 3303 843 hominis
3325 789 3515 859 plecti-

1867 880 1996 938 tur;
2033 874 2125 929 hic
2145 877 2339 929 autem
2374 874 2634 929 fraudem
2654 874 2914 929 interiori
2939 879 2995 929 et
3015 874 3291 930 invisibili
3315 880 3511 948 gratias

1871 963 2207 1029 meditatus,
2258 963 2553 1018 interioris
2602 960 2857 1018 hominis
2916 969 3098 1019 morte
3160 966 3511 1036 percellitur.

1869 1053 2033 1109 Unde
2053 1051 2187 1107 licet
2219 1057 2460 1123 uterque
2482 1052 2540 1106 in
2560 1052 2841 1123 Spiritum
2872 1057 3138 1109 sanctum
3175 1057 3513 1126 peccaverit,

1870 1144 2090 1207 tamen,
2125 1141 2449 1195 secundum
2486 1140 2726 1195 modum
2751 1139 3079 1211 culparum,
3100 1142 3352 1197 Ananias
3375 1148 3517 1199 tem-

1871 1229 2052 1303 porali
2090 1234 2273 1285 morte
2306 1229 2920 1301 puuitus,pcxpctuain
2956 1229 3209 1285 evasisse
3243 1237 3470 1303 putatur
3500 1251 3514 1302 ;

1873 1318 2074 1375 Simon
2106 1322 2302 1373 autem
2330 1323 2511 1373 morte
2544 1323 2820 1389 perpetua
2858 1318 3192 1388 damnatus,
3226 1324 3516 1394 tempora-

1875 1406 1987 1462 lem
2021 1405 2269 1473 distulit,
2301 1406 2438 1479 quia
2464 1423 2567 1462 nec
2600 1406 2655 1460 in
2692 1406 2799 1461 hoc
2826 1405 3037 1462 saeculo
3070 1424 3173 1463 nec
3211 1409 3269 1463 in
3324 1410 3517 1465 futuro

1876 1496 2229 1551 remittenda
2249 1496 2298 1550 ei
2322 1500 2442 1551 erat
2470 1494 2838 1567 blasphemia
2867 1496 3120 1567 Spiritus
3149 1497 3522 1556 Saneti.Ana-

1876 1584 2006 1641 nias
2036 1601 2106 1640 ne
2128 1589 2344 1657 puncto
2363 1584 2645 1656 temporis
2668 1584 2725 1639 iu
2750 1601 2923 1641 carne
2945 1585 3131 1642 vivere
3155 1587 3262 1642 fuit
3282 1589 3525 1660 permis-

1877 1678 2296 1745 sus,quatenus
2322 1691 2478 1728 mors
2508 1673 2607 1728 illa
2626 1674 2735 1729 sibi
2757 1674 2829 1729 ad
2849 1673 3140 1731 occultum
3174 1677 3519 1748 remedium,

1879 1768 1935 1819 et
1990 1762 2319 1817 viventibus
2377 1762 2448 1816 ad
2510 1763 2886 1818 manifestum
2944 1764 3088 1819 foret
3151 1766 3519 1838 exemplum;

1878 1852 2074 1907 Simon
2107 1868 2238 1906 vero
2268 1850 2325 1905 in
2358 1850 2554 1906 anima
2573 1851 3209 1923 mortuus,a1iquaudiu
3234 1858 3521 1929 tempora-

1880 1940 2013 1996 liter
2036 1940 2221 1995 vivere
2255 1939 2707 2012 permittitur,ad
2742 1946 3124 2011 augmentum
3157 1943 3267 1998 sibi
3302 1946 3522 2001 futuro-

1883 2047 2011 2085 rum
2046 2034 2493 2093 tormentorum,
2525 2033 2581 2083 et
2610 2029 2680 2082 ad
2710 2029 3179 2085 exercitationem
3216 2032 3521 2101 bonorum,

1882 2135 2013 2174 cum
2050 2122 2242 2173 tamen
2275 2117 2563 2172 contritus
2596 2123 2650 2171 et
2676 2120 3063 2173 conterendus
3094 2120 3165 2175 de
3199 2121 3389 2176 medio
3422 2123 3524 2177 ho-

1884 2207 2107 2262 minum
2142 2207 2221 2262 sit
2249 2205 2569 2261 ablatus.lu
2594 2222 2841 2277 quorum
2869 2207 3120 2262 vindicta
3137 2208 3243 2263 hoc
3268 2209 3527 2266 animad-

1887 2299 2145 2351 vertatur
2176 2312 2410 2350 nccesse
2441 2298 2529 2349 est
2553 2296 2709 2366 quia,
2743 2300 2803 2349 ut
2833 2296 2912 2350 ait
2941 2298 2998 2351 ll.
3037 2298 3299 2370 Prosper,
3317 2322 3341 2347 ‹‹
3381 2300 3523 2355 nihil

1884 2389 1973 2440 est
2029 2383 2316 2438 infelicius
2358 2382 2628 2437 l'clicitate
2668 2387 3052 2455 peccantium,
3105 2386 3243 2458 quia
3283 2387 3527 2459 pinnulis

1886 2473 2144 2528 nutritur
2186 2471 2526 2545 impunitas,
2561 2476 2617 2525 et
2671 2472 2823 2527 mala
2868 2473 3135 2530 voluntas
3158 2474 3314 2531 velut
3344 2476 3527 2533 hostis

1887 2561 2126 2617 interior
2156 2561 2476 2616 roboratur.
2522 2561 2870 2617 lteservalur
2921 2563 3073 2617 enim
3126 2568 3339 2621 interno
3387 2583 3524 2638 sup-

1888 2649 2059 2721 plicio
2107 2648 2262 2721 quod
2306 2647 2611 2719 temporali
2658 2665 2762 2704 nec
2809 2650 3052 2721 punitur
3090 2667 3194 2706 nec
3235 2659 3529 2710 resecatur

1889 2737 2135 2811 ﬂagello.
2172 2761 2198 2787 ››

2450 2826 2683 2882 CAPUT
2722 2826 2966 2884 XXVIII.

1960 2915 2176 2983 Quanta
2202 2917 2451 2998 caerulus
2471 2916 2547 2969 sit
2568 2916 2651 2969 vel
2679 2920 2932 2998 operiatur
2962 2917 3102 2973 idem
3131 2919 3369 2998 Spiritus
3398 2924 3459 2978 in

2234 2986 2470 3041 Ecclesia
2498 3002 2667 3058 usque
2696 2986 2752 3041 in
2783 2989 2950 3058 ﬁnem
2978 2986 3190 3046 amuli.

1959 3092 2043 3147 Ad
2077 3092 2195 3146 hinc
2226 3092 2309 3146 sic
2339 3091 2709 3164 omnipotens
2756 3094 3008 3166 Spiritus
3057 3097 3221 3153 Petro
3269 3101 3531 3172 apostolo

1894 3187 2026 3256 post
2055 3181 2445 3237 ostensionem
2498 3181 2751 3238 ewlestis
2798 3183 2957 3238 lintei
3012 3187 3247 3242 nuntios
3286 3188 3531 3246 Cornelii

1895 3274 2099 3328 adesse
2131 3271 2294 3337 dixit,
2326 3288 2558 3344 cunque
2595 3273 2866 3344 gentibus
2912 3275 3273 3346 baptizandis
3304 3278 3530 3343 direxit,

1895 3378 2143 3434 quarum
2178 3360 2468 3432 primitias
2498 3361 2585 3415 sui
2620 3361 2900 3417 eﬂ‘usionc
2931 3368 2987 3417 et
3014 3364 3278 3420 omnium
3307 3366 3533 3440 lingun~

1896 3468 2027 3505 rum
2060 3449 2437 3521 inspiratione
2462 3449 2634 3504 etiam
2669 3455 2801 3503 ante
2830 3450 3185 3521 baptismum
3212 3456 3531 3513 mundavit.

1895 3539 1998 3594 Hic
2031 3556 2064 3592 a
2090 3539 2365 3610 gentibus
2384 3536 2848 3592 eireumrisionis
2877 3542 2933 3593 et
2963 3538 3339 3595 Judaiearum
3365 3560 3533 3600 caere-

1897 3627 2227 3683 moniarum
2255 3643 2404 3681 onus
2428 3626 2689 3691 removit,
2716 3626 2941 3681 dicente
2961 3627 3127 3683 Petro
3149 3629 3233 3684 sic
3257 3646 3307 3685 τι(
3330 3631 3532 3689 Visum

1897 3719 1986 3771 est
2031 3713 2273 3785 Spiritui
2330 3723 2530 3769 saneto
2588 3718 2646 3767 et
2694 3713 2862 3768 nobis
2910 3714 3044 3785 (Act.
3098 3734 3189 3785 xv,
3233 3719 3345 3790 28).
3378 3744 3397 3768 υ
3435 3723 3536 3778 llic

1896 3803 2147 3877 Spiritus
2164 3803 2303 3859 Jesu
2326 3820 2438 3858 non
2465 3801 2731 3875 permisit
2754 3802 3046 3874 apostolos
3094 3805 3176 3861 ire
3206 3807 3531 3882 Bithyniam

1894 3891 1981 3949 vel
2011 3890 2401 3963 evangelizare
2428 3891 2486 3945 in
2516 3889 2845 3948 Asiam.|lic
2870 3891 3113 3948 Paulum
3134 3899 3190 3950 et
3210 3896 3531 3955 Barnabam

1895 3980 2155 4054 separari
2186 3980 2245 4035 in
2268 3996 2416 4052 opus
2449 3978 3065 4052 EvangeliijussiLHic
3086 3985 3357 4042 eumdem
3383 3992 3531 4043 Pau-

1895 4070 2019 4127 lum
2053 4069 2107 4124 in
2134 4068 2529 4126 Macedoniam
2552 4068 2799 4125 transire
2821 4072 3187 4142 praemonuit,
3220 4090 3394 4146 quem
3435 4093 3532 4150 ρο·

1896 4163 2022 4216 stea
2045 4159 2383 4215 Judaeorum
2402 4157 2649 4213 vinculis
2672 4157 3031 4231 alligandum
3049 4165 3107 4216 et
3126 4161 3404 4220 Romanis
3427 4169 3537 4220 tra-

1896 4249 2151 4305 dendum
2185 4247 2603 4320 priedixithse
2633 4247 2886 4320 Spiritus
2914 4250 3321 4308 testimonium
3352 4254 3541 4310 reddit

1896 4337 2131 4410 spiritui
2180 4340 2378 4393 nostro
2431 4337 2582 4409 quod
2635 4353 2844 4394 sumus
2892 4337 2993 4392 filii
3040 4337 3138 4394 Dei
3170 4344 3227 4395 et
3257 4340 3538 4407 hmredes,

1897 4426 2221 4482 cohmredes
2272 4430 2465 4481 autem
2514 4425 2747 4482 Christi.
2802 4427 2907 4482 Per
2954 4427 3146 4499 ipsum
3195 4429 3296 4502 qui
3343 4433 3541 4487 omnia

1897 4519 2191 4572 scrutatur
2219 4514 2392 4570 etiam
2427 4515 2716 4587 profunda
2766 4515 2861 4570 Dei
2913 4515 3182 4573 revelavit
3225 4518 3379 4576 Deus
3417 4519 3540 4574 suis

147 4611 270 4660 tum
320 4606 589 4660 sanctum
642 4602 975 4661 abalienare
1023 4607 1095 4662 ab
1146 4605 1247 4662 illa
1293 4606 1559 4680 pecunia,
1609 4624 1788 4679 quam
1821 4624 1866 4689 Ι)
1898 4604 2052 4678 quod
2085 4602 2291 4659 oculus
2317 4620 2431 4658 non
2462 4603 2740 4668 vidit,nec
2770 4603 2829 4658 in
2854 4621 2951 4660 cor
2973 4604 3228 4661 hominis
3259 4609 3539 4664 ascendit.

147 4694 204 4749 in
254 4693 382 4765 ipso
433 4707 632 4747 eorum
683 4696 816 4747 voto
863 4692 975 4748 sibi
1023 4694 1483 4751 sanctificaverat
1530 4696 1600 4751 ad
1651 4712 1786 4752 suo-

150 4799 277 4839 rum
337 4780 754 4838 eoenobitarum
807 4781 1189 4854 stipendium,
1241 4788 1299 4840 et
1367 4784 1506 4857 quia
1560 4784 1783 4858 aliquid

150 4870 437 4946 peculiare
484 4870 595 4927 sibi
642 4869 791 4926 clam
824 4870 1092 4939 retinere,
1124 4876 1181 4927 et
1214 4889 1537 4946 pauperum
1576 4873 1788 4930 Christi

148 4961 385 5028 victum,
437 4965 494 5017 et
539 4960 811 5017 vestitum
864 4976 967 5032 pro
1015 4963 1176 5032 parte
1223 4960 1338 5017 alia
1386 4961 1578 5035 palam
1630 4962 1790 5018 exhi-

148 5049 266 5107 bita
322 5051 566 5106 mercari
641 5048 1043 5105 fraudulenter
1098 5050 1454 5121 quaerebant.
1514 5051 1644 5123 Ipse
1702 5050 1790 5105 Si-

152 5154 381 5196 monem
456 5139 690 5213 Magum
767 5154 865 5195 ore
939 5137 1196 5193 Simonis
1268 5138 1418 5194 Petri
1497 5139 1624 5195 sine
1678 5140 1791 5196 line

151 5227 462 5283 damnavit.
498 5228 643 5292 Quia
687 5226 936 5301 gratiam
985 5226 1113 5297 ejus
1160 5227 1329 5282 vendi
1370 5230 1427 5283 et
1474 5227 1588 5283 emi
1622 5245 1793 5301 posse

150 5316 542 5372 aestimavitJn
576 5333 693 5390 qua
723 5315 1081 5372 irrevocabili
1104 5315 1394 5372 sententia
1423 5318 1765 5375 consideran

152 5406 287 5461 dum
321 5409 412 5461 est
442 5411 662 5479 quanto
693 5404 970 5463 venialior
1002 5403 1176 5460 fuerit
1222 5408 1417 5461 reatus
1466 5409 1701 5464 Ananiae
1735 5409 1792 5465 in

151 5492 493 5551 transitoria:
526 5512 643 5551 suae
675 5494 930 5567 pecunia
963 5492 1402 5550 defraudatione
1439 5512 1618 5569 quam
1664 5514 1793 5570 per-

1902 4696 2028 4766 Ipse
2058 4710 2160 4765 per
2212 4691 2456 4747 Paulum
2488 4692 2589 4747 dat
2620 4692 2944 4764 virginibus
2975 4694 3309 4763 consilium,
3343 4697 3543 4767 nuptis

1899 4799 2132 4854 quoque
2164 4785 2220 4835 et
2249 4780 2666 4852 viduis.lpsum
2709 4780 2996 4837 habemus
3040 4782 3251 4855 pignus
3304 4776 3540 4847 Christi,

1899 4870 2249 4927 clamantem
2278 4869 2335 4922 in
2369 4869 2641 4924 cordibus
2669 4870 3309 4936 nostris:Abba,Pater.
3329 4872 3387 4926 In
3417 4870 3544 4943 ipso

1900 4959 2110 5032 signati
2145 4974 2354 5013 sumus
2394 4958 2450 5011 in
2501 4957 2594 5012 die
2644 4958 3081 5030 redemptionis.
3116 4961 3294 5025 Quem
3330 4958 3377 5013 si
3411 4960 3546 5031 quis

1900 5065 2014 5104 non
2046 5047 2240 5117 habet,
2272 5045 2485 5102 Christi
2518 5062 2630 5101 non
2662 5049 2904 5119 cst.lpse
2935 5046 3185 5119 denique
3217 5070 3244 5096 ‹‹
3279 5046 3542 5118 spiritus,

1900 5140 2213 5194 attestanto
2268 5135 2469 5191 eodem
2520 5134 2817 5206 Apostolo,
2852 5135 3089 5205 adjuvat
3145 5134 3541 5191 inﬁrmitatem

1903 5225 2337 5282 nostram.Nam
2362 5223 2499 5296 quid
2526 5239 2760 5279 oremus
2789 5224 2942 5278 sicut
2962 5227 3187 5295 oportet
3213 5225 3540 5291 nescimus;

1902 5316 1999 5371 sed
2034 5315 2156 5386 ipse
2185 5313 2435 5385 Spiritus
2459 5312 2714 5384 postulat
2746 5329 2847 5384 pro
2894 5312 3062 5367 nobis
3109 5312 3424 5384 gemitibus
3457 5315 3541 5369 in-

1901 5402 2358 5469 enarrabilibus;
2396 5402 2491 5474 qui
2526 5405 2719 5457 autem
2752 5405 3045 5457 scrutatur
3074 5402 3248 5457 corda
3268 5403 3377 5457 scit
3403 5404 3544 5475 quid

1902 5493 2192 5551 desideret
2231 5490 2495 5565 spiritus,
2526 5491 2662 5566 quia
2690 5490 3014 5547 secundum
3058 5491 3240 5547 Deum
3288 5492 3546 5566 postulat

222 5600 335 5675 (20)
375 5600 437 5657 Id
467 5605 557 5685 est
582 5601 912 5685 viventibus
942 5601 1005 5661 in
1033 5602 1574 5685 cqmmuni,quales
1604 5607 1770 5666 erant
1799 5600 1974 5682 primi
2003 5598 2339 5669 Christiani,
2372 5600 2607 5676 quibus,
2644 5603 2708 5657 ut
2739 5599 2819 5657 ait
2848 5597 2996 5658 liber
3024 5601 3277 5658 Actuurn
3312 5605 3543 5678 aposto-

152 5671 361 5745 lorum,
385 5676 552 5735 erant
579 5672 778 5736 omnia
806 5673 1164 5738 communia.
