4004 6210
428 315 580 381 1183

423 545 496 603 De
549 560 714 619 paena,
765 543 1087 619 dz'vz'sorum,
1147 547 1287 619 quod
1344 548 1613 617 Spiritum
1666 553 1913 606 sanctum
1958 563 2069 605 non

600 618 890 687 accipiant,
924 620 1038 673 nisi
1064 618 1317 691 sequaces
1344 621 1474 689 ﬁdei
1501 622 1887 693 apostolorum.

492 723 621 778 Haec
641 741 773 780 cum
808 724 887 780 ita
908 725 1046 793 sint,
1071 727 1227 798 quod
1251 727 1551 798 conjunxit
1572 728 1882 784 homo'non
1905 744 2068 800 sepa-

420 818 524 881 ret,
559 813 697 885 quia
729 815 1051 886 perniciose
1082 815 1191 871 hoc
1240 816 1432 885 faciet,
1461 818 1785 873 secundum
1818 818 1970 890 quod
2008 817 2065 871 in

417 902 726 973 Evangelio
746 903 868 973 ipse
890 920 1066 975 super
1083 904 1328 960 divortio
1341 907 1468 976 conj
1480 923 1655 978 ugum
1677 907 2066 978 interrogatus

418 990 685 1062 prohibet
733 992 915 1061 (Marc.
950 1010 1005 1059 Χ,
1039 994 1113 1065 9).
1168 993 1240 1049 Ut
1287 995 1443 1049 enim
1496 994 1578 1049 illi
1620 1012 1752 1050 cum
1785 995 1899 1049 duo
1931 998 2066 1049 ante

416 1081 753 1151 conjugium
782 1081 1149 1150 fuerint,jam
1175 1086 1303 1153 post
1325 1083 1662 1155 conjugium
1690 1100 1801 1138 non
1826 1083 1939 1137 duo
1961 1082 2063 1137 sed

416 1186 536 1225 una
566 1188 697 1225 caro
729 1174 885 1232 sunt,
917 1175 1229 1227 attestunte
1259 1171 1531 1237 Domino,
1563 1172 1648 1227 vel
1682 1172 1835 1227 sicut
1866 1172 2064 1226 anima

415 1258 717 1316 rationalis
747 1263 801 1313 et
829 1276 960 1313 curo
995 1277 1146 1314 unus
1168 1264 1256 1315 est
1284 1260 1479 1326 homo,
1506 1261 1587 1315 ita
1608 1260 1889 1315 clericalis
1919 1259 2059 1315 ordo

414 1353 587 1420 utque
617 1347 1010 1404 ecclesiastica
1027 1349 1321 1421 possessio
1347 1367 1463 1405 una
1483 1354 1572 1404 est
1594 1349 1823 1404 Domini
1849 1347 2059 1403 sancti-

414 1437 624 1502 ficatio,
658 1454 833 1509 quam
869 1437 1138 1509 quisquis
1188 1438 1542 1494 sazculariter
1571 1438 1795 1504 dividit,
1830 1436 1908 1491 nil
1944 1435 2055 1491 nisi

412 1524 777 1599 spiritualem
810 1526 1109 1582 interitum
1160 1528 1359 1594 efficit,
1409 1526 1567 1583 velut
1613 1526 1663 1582 si
1714 1525 2054 1597 conjugium

411 1615 755 1671 mmchando
776 1615 1074 1671 hominem
1093 1615 1277 1671 solvat
1293 1616 1608 1671 occidendo
1633 1634 1646 1684 ;
1671 1632 1786 1687 quo
1805 1614 2058 1686 denique

329 1690 342 1703 ’
411 1704 583 1771 facto,
616 1721 852 1761 necesse
883 1709 971 1760 est
1000 1706 1147 1761 duos
1177 1704 1391 1769 irrites,
1417 1705 1557 1760 dum
1590 1722 1776 1761 unum
1808 1704 2053 1770 divides,

408 1793 592 1849 Deum
607 1792 1015 1865 scilicetatque
1028 1793 1378 1860 maritum,si
1396 1810 1652 1860 uxorem;
1670 1792 2054 1849 nihilominus
2084 1829 2131 1894 B

408 1882 591 1938 Deum
623 1886 797 1954 atque
828 1883 1159 1938 interiorem
1192 1881 1517 1953 hominem,
1543 1883 1591 1939 si
1614 1882 1880 1939 diviseris
1901 1885 2053 1938 exte-

407 1971 642 2028 riorem.
665 1972 753 2027 Sic
776 1972 832 2026 in
860 1972 1044 2027 Deum
1076 1975 1133 2026 et
1154 1972 1210 2025 in
1236 1970 1489 2026 famulos
1511 1972 1638 2043 ejus
1662 1989 1887 2044 peccas,
1910 1972 2053 2027 dum

408 2060 827 2118 sanctiﬁcatum
863 2076 1064 2115 eorum
1084 2059 1571 2132 possessionem‘a
1596 2078 1704 2117 sua
1724 2059 2053 2116 sanctiﬁca-

407 2150 563 2205 tione
593 2153 945 2221 sequestras.
979 2148 1139 2214 Quod
1171 2148 1558 2220 periculosius
1588 2149 1731 2205 facis
1761 2149 1853 2205 hic
1874 2166 2051 2220 quam

409 2237 469 2292 in
500 2236 806 2305 adulterio,
857 2237 998 2308 quia
1039 2236 1159 2291 illic
1212 2254 1423 2305 unum,
1472 2238 1567 2294 hic
1623 2245 1810 2294 autem
1865 2237 2053 2293 multa

406 2326 712 2381 hominum
728 2325 1471 2391 milliascandalizas.Quod
1493 2327 1538 2382 si
1556 2326 1687 2399 quis
1700 2325 2053 2382 scandaliza-

406 2415 552 2469 verit
582 2431 765 2469 unum
796 2416 866 2470 de
917 2414 1145 2486 pusillis
1195 2416 1316 2482 Dei,
1372 2433 1501 2471 cum
1563 2415 1721 2472 mola
1770 2416 2047 2483 asinaria,

404 2500 552 2557 collo
582 2503 707 2572 ejus
738 2504 1169 2573 suspendenda,
1227 2505 1655 2577 demergendus
1692 2508 1783 2560 est
1812 2504 1870 2559 in
1913 2521 2050 2576 pro-

405 2590 653 2647 fundum
698 2592 880 2648 maris
930 2592 1137 2663 (Matth.
1188 2610 1349 2661 xvm,
1399 2595 1475 2665 6),
1528 2593 1690 2666 quid,
1748 2597 2049 2665 putamus,

404 2685 661 2736 meretur
689 2680 790 2753 qui
820 2685 905 2737 tot
932 2683 1061 2752 ejus
1092 2682 1337 2754 pusillos
1389 2700 1522 2738 cum
1569 2682 1894 2752 majoribus
1943 2699 2052 2738 sua

403 2768 719 2825 ambitione
748 2773 805 2825 et
833 2769 1132 2827 invasione
1177 2771 1578 2828 scandalizat?
1621 2774 1743 2838 Quo
1774 2771 2050 2827 seandalo

404 2858 745 2930 conjugium
776 2858 989 2915 Christi
1021 2864 1078 2916 et
1108 2860 1373 2917 Ecclesia)
1405 2877 1511 2917 suo
1543 2860 1714 2916 solvit
1740 2860 2047 2928 adulterio,

404 2946 721 3002 homicidio
752 2964 983 3019 quoque
1014 2951 1071 3003 et
1112 2948 1440 3019 sacrilegio,
1488 2948 1587 3004 ubi
1638 2966 1745 3005 suo
1793 2948 2049 3021 maligno

402 3034 522 3091 zelo
544 3034 806 3091 eliminat
828 3036 899 3090 ab
921 3034 1177 3092 Ecclesia
1196 3038 1431 3092 arrham
1455 3037 1634 3092 divini
1665 3037 2047 3107 matrimonii,

402 3125 685 3197 Spiritum
716 3129 983 3181 sanctum
1013 3125 1234 3181 scilicet
1254 3143 1369 3198 quo
1389 3126 1885 3194 sanctiﬁcubatur,
1916 3126 2051 3181 vivi-

1478 322 1879 390 HUMBEHTI
1925 324 1988 389 s.
2037 326 2110 388 η.
2156 323 2229 388 E.
2271 292 2768 393 mammas.

3665 327 3831 396 1184

2102 461 2156 529 Α
2180 458 2722 557 diﬁ‘erie,_imo_hoc
2751 462 2946 537 ipsum
2976 462 3294 523 catholicos
3333 465 3489 540 quod
3520 464 3829 525 haereticos

2177 565 2330 605 esse.
2351 551 2460 608 Sed
2483 551 2636 609 absit
2669 551 2789 611 haec
2821 554 3065 627 perfidia
3093 555 3165 611 ab
3196 555 3412 613 animis
3440 554 3827 613 Christianis!

2175 637 2403 695 Veritas
2421 641 2637 713 quippe
2657 641 3009 700 inviolabilis
3031 661 3148 700 suze
3170 644 3580 717 promissionis
3596 649 3834 701 senten-

2176 726 2318 783 tiam
2351 728 2672 787 inviolabili
2712 733 3142 806 subscriptione
3189 733 3601 799 corroboravit,
3634 733 3832 790 eidem

3908 394 3987 456 «lii

3934 542 3998 583 ἑῖἒιὲ

3913 662 3917 697 ι
3937 632 4004 673 ΣΞλῖ

3938 725 3971 762 πξί
3976 722 4004 757 ait]

2176 831 2311 872 mox
2340 818 2741 892 subjungens:
2778 844 2807 871 «
2839 822 2985 888 Quia
3016 838 3131 878 non
3174 822 3329 879 videt
3370 838 3528 891 eum,
3573 838 3681 878 nec
3716 820 3830 878 scit
3910 802 4004 892 lii":

2174 920 2308 960 eum
2341 906 2516 977 (Joan.
2549 926 2663 978 xxv,
2700 911 2807 981 17).
2844 932 2872 960 ››

2244 993 2513 1064 Proinde,
2548 1013 2681 1053 cum
2714 999 2791 1054 sit
2823 999 2957 1071 plus
2987 1000 3247 1073 accipere
3294 998 3595 1072 quodlibet
3641 1015 3829 1072 quam

2169 1081 2363 1138 videre
2395 1088 2646 1153 tantum,
2672 1092 2774 1143 aut
2799 1089 2970 1155 scire,
3002 1094 3231 1146 constat
3277 1089 3616 1145 mendacem
3647 1104 3831 1143 mun-

2170 1171 2310 1226 dum
2366 1189 2480 1228 non
2526 1175 2788 1247 accipere
2841 1176 3124 1248 Spiritum
3174 1178 3455 1247 veritatis,
3506 1194 3684 1250 quem
3724 1194 3833 1232 nec

2168 1257 2359 1314 videre
2389 1276 2492 1316 nec
2522 1262 2672 1318 scire
2700 1264 3090 1334 praedicatur;
3144 1266 3246 1337 qui
3303 1283 3441 1339 ergo
3500 1282 3606 1321 nec
3664 1265 3831 1337 quod

2167 1346 2479 1404 minimum
2501 1356 2590 1406 est
2605 1356 2883 1421 meretur,
2904 1353 3208 1409 dubitatur
3223 1372 3295 1410 an
3318 1354 3474 1426 quod
3494 1353 3833 1409 maximum

2164 1438 2576 1493 estmereatur.
2602 1440 2672 1495 Et
2694 1439 2793 1511 qui
2815 1440 3098 1514 indignus
3112 1442 3420 1513 judicatur
3441 1443 3618 1499 etiam
3634 1447 3834 1497 extre-

2164 1540 2260 1579 ma
2299 1525 2574 1596 scintilla,
2607 1528 2824 1601 dignus
2850 1534 2939 1585 est
2985 1530 3079 1585 cui
3111 1530 3354 1585 cedatur
3382 1534 3503 1585 tota
3532 1529 3834 1585 ﬂamma?

2161 1613 2273 1668 Sed
2303 1615 2505 1670 eadem
2536 1616 2788 1687 Veritas,
2820 1635 2960 1675 suos
2982 1620 3054 1674 de
3083 1618 3303 1690 Spiritu
3335 1635 3442 1674 suo
3464 1618 3831 1684 certificans,

2159 1701 2495 1772 subjunxit:
2532 1727 2559 1755 ‹‹
2586 1709 2702 1761 Vos
2719 1710 2915 1763 autem
2937 1707 3302 1780 cognoscetis
3322 1722 3479 1773 eum,
3498 1706 3639 1776 quia
3660 1706 3829 1778 apud

2160 1807 2262 1846 vos
2318 1793 2598 1864 manebit,
2657 1800 2717 1851 et
2772 1795 2832 1851 in
2863 1795 3029 1852 vobis
3081 1796 3193 1851 erit
3233 1795 3411 1867 (Joan.
3444 1811 3560 1861 xw,
3615 1794 3762 1866 17.).
3796 1816 3825 1844 »

2163 1879 2308 1935 Hinc
2338 1883 2757 1954 comprobatur
2794 1883 3077 1957 Spiritum
3126 1889 3395 1940 sanctum
3427 1900 3462 1939 a
3509 1881 3829 1954 discipulis

2162 1968 2376 2026 Christi
2408 1972 2700 2043 cognosci.
2732 1977 2791 2028 et
2821 1974 2977 2046 apud
3023 1990 3122 2029 eos
3152 1976 3209 2028 et
3238 1973 3297 2028 in
3340 1972 3425 2027 eis
3485 1987 3732 2027 manere
3764 1971 3827 2027 in

2161 2063 2460 2115 aeternum.
2480 2062 2641 2127 Quod
2665 2061 2713 2117 si
2738 2062 2871 2131 quis
2887 2061 3550 2118 calumniatorastruere
3570 2064 3828 2116 conatur

2161 2146 2279 2202 illis
2319 2151 2571 2213 tantum,
2625 2150 2726 2221 qui
2772 2150 2885 2206 sibi
2929 2154 3070 2206 tunc
3129 2154 3360 2206 tantum
3418 2149 3827 2217 adhaerebant,

2160 2234 2442 2307 Spiritum
2474 2242 2743 2293 sanctum
2776 2256 2811 2294 a
2837 2238 3067 2295 Christo
3114 2237 3561 2311 repromissum,
3614 2238 3828 2293 audiat

2160 2325 2314 2396 quod
2345 2324 2577 2392 dicitur,
2631 2349 2657 2376 «
2690 2331 2756 2382 ut
2786 2331 3021 2383 maneat
3069 2326 3373 2383 vobiscum
3423 2327 3481 2381 in
3530 2330 3825 2381 aeternum

2157 2412 2317 2484 (Ibid.
2354 2414 2600 2486 xv1,11).
2636 2437 2665 2465 ››
2715 2416 2783 2471 Et
2819 2432 2892 2472 ne
2941 2417 3089 2472 forte
3135 2416 3328 2472 adhuc
3378 2415 3824 2488 tergiversatur,

2159 2500 2375 2557 recolat
2394 2503 2548 2575 quod
2582 2503 2757 2575 paulo
2789 2504 3062 2577 superius
3086 2503 3337 2577 exempli
3365 2520 3544 2560 causa
3573 2519 3825 2559 assum-

2155 2590 2515 2661 psimus,ubi
2536 2591 2804 2649 Christus
2817 2594 3073 2667 rogando
3086 2594 3315 2650 Patrem
3337 2597 3403 2648 ut
3417 2591 3825 2649 sanctificaret

2157 2678 2479 2751 discipulos
2509 2680 2627 2736 ait:
2665 2703 2693 2733 ‹‹
2714 2682 2840 2738 Non
2873 2698 2978 2755 pro
3007 2682 3101 2739 his
3132 2686 3328 2738 autem
3360 2698 3498 2755 rogo
3550 2685 3816 2753 tantum,

2158 2768 2256 2823 sed
2288 2772 2347 2823 et
2377 2785 2479 2840 pro
2510 2768 2595 2826 eis
2620 2770 2721 2842 qui
2751 2770 3027 2826 credituri
3052 2775 3191 2827 sunt
3206 2787 3309 2843 per
3327 2772 3571 2826 verbum
3599 2786 3815 2826 eorum

2156 2855 2218 2912 in
2249 2874 2363 2924 me,
2422 2862 2488 2913 ut
2542 2874 2748 2916 omnes
2806 2877 2991 2915 unum
3050 2859 3170 2916 sint
3228 2860 3405 2932 (Joan.
3455 2876 3594 2927 xxn,
3625 2859 3750 2932 20).
3785 2881 3814 2911 »

2158 2946 2332 3002 Porro
2363 2946 2749 3004 sanctiﬁcatio
2782 2965 2888 3005 nec
2916 2949 3093 3004 datur
3118 2965 3224 3004 nec
3248 2949 3499 3004 habetur
3528 2948 3653 3003 sine
3686 2948 3823 3020 Spi-

2157 3034 2274 3090 ritu
2306 3039 2528 3092 sancto.
2562 3036 2801 3093 Constat
2832 3053 2968 3110 ergo
2998 3036 3293 3110 apostolos
3325 3052 3645 3109 eorumque
3672 3054 3816 3094 suc-

2158 3140 2418 3180 cessares
2466 3124 2784 3196 apostolica
2814 3126 2930 3181 ﬁde
2960 3127 3133 3182 corde
3181 3126 3553 3182 credentibus
3600 3128 3659 3181 et
3712 3141 3818 3181 ore

405 3193 690 3268 ﬁcabatur
717 3218 774 3268 et
794 3215 1128 3270 ornabatur.
1155 3193 1435 3281 Qui-sicut
1456 3215 1636 3287 replet
1656 3215 1850 3271 orbem
1875 3219 2050 3270 terra-
2078 3193 2122 3261 (ἶ
2160 3193 2863 3286 conﬁtentibusSpiritum
2883 3213 3817 3287 sanctumcognoscere,accipere

403 3318 554 3370 rum,
588 3304 645 3357 et
675 3302 934 3357 continet
963 3303 1161 3358 omnia
1182 3308 1462 3376 tanquam
1485 3304 1781 3372 Conditor,
1815 3307 1879 3358 ut
1908 3303 2046 3359 sub-

403 3391 608 3447 sistere
640 3389 889 3457 valeant,
923 3391 1006 3448 sic
1053 3397 1109 3447 et
1149 3392 1485 3463 Ecclesium,
1536 3398 1594 3449 et
1640 3393 1839 3449 omnia
1886 3391 2046 3447 illius

401 3479 586 3552 replet
615 3496 681 3534 ac
710 3480 985 3545 continet,
1036 3484 1314 3553 tanquam
1357 3483 1768 3545 sanctiﬁcator,
1817 3486 1885 3537 ut
1929 3496 2045 3537 non

402 3568 592 3624 solum
627 3568 964 3636 subsistere,
993 3570 1092 3625 sed
1138 3570 1376 3643 insuper
1408 3575 1609 3627 sancta
1638 3588 1766 3628 esse
1794 3570 2043 3627 valeant.

401 3660 586 3721 Quam
615 3657 1158 3726 sanctiﬁcationem,
1191 3660 1343 3714 bona
1369 3660 1662 3724 voluntas,
1689 3658 1776 3715 vel
1798 3659 2046 3724 devotio,

400 3751 574 3817 atque
622 3746 804 3801 oratio
852 3746 1059 3802 invitat
1102 3748 1173 3803 ad
1224 3749 1708 3803 sanctiﬁcandum
1760 3746 2048 3820 quidquid

399 3837 615 3892 sancta:
645 3834 911 3889 Ecclesim
934 3837 1230 3891 confertur
1257 3854 1291 3891 a
1318 3836 1608 3901 fidelibus,
1634 3836 1733 3907 qui
1764 3840 2049 3907 praecepta

399 3923 706 3980 Dominica
735 3928 1053 3991 servantes,
1077 3924 1148 3979 ad
1184 3924 1446 3980 caelestes
1481 3925 1788 3980 thesauros
1818 3928 2050 3980 terrena

398 4012 753 4086 patrimonia
768 4013 840 4068 de
858 4017 1013 4069 terra
1030 4012 1242 4080 levant,
1265 4018 1321 4070 et
1336 4015 1699 4069 transferunt
1720 4030 1820 4084 per
1837 4030 2048 4069 manus

397 4118 722 4174 pauperum
755 4100 988 4173 spiritu,
1012 4118 1263 4173 quorum
1287 4107 1375 4157 est
1394 4100 1671 4157 caelorum
1695 4117 1966 4173 regnum,
1992 4107 2051 4158 et

400 4207 651 4263 quorum
670 4190 981 4246 advocator
995 4195 1053 4246 et
1068 4188 1400 4247 consolator
1414 4195 1504 4246 est
1516 4190 1769 4262 Spiritus
1786 4195 2046 4259 sanctus,

399 4296 434 4334 a
461 4295 576 4350 quo
607 4279 799 4335 omnis
830 4278 1237 4344 sanctiﬁcatio,
1270 4279 1388 4335 imo
1421 4279 1522 4351 qui
1553 4283 1643 4335 est
1669 4278 1797 4351 ipsa
1827 4280 2049 4336 sancti-

399 4366 611 4422 ﬁcatio.
646 4368 778 4438 Ipso
807 4372 997 4423 totum
1020 4383 1231 4439 corpus
1262 4367 1529 4423 Ecclesiae
1561 4368 1963 4425 sanctificatur
1991 4374 2051 4426 et

400 4456 641 4528 regitur.
680 4458 806 4528 Ipse
833 4455 1083 4511 vicarius
1114 4454 1330 4511 Christi
1352 4455 1657 4528 discipulis
1678 4457 1729 4527 ej
1740 4475 1808 4513 us
1828 4462 1887 4514 et
1906 4458 2046 4514 ﬁde-

2153 3306 2212 3357 et
2240 3302 2395 3374 apud
2416 3317 2516 3358 eos
2538 3306 2596 3357 et
2613 3302 2673 3357 in
2689 3302 2774 3358 eis
2790 3319 3045 3359 manere.
3070 3302 3231 3358 Unde
3252 3307 3315 3357 ut
3336 3301 3593 3373 reliquas
3609 3308 3815 3373 pestes

2156 3389 2390 3445 interim
2421 3391 2960 3463 praetermittamus,
3002 3391 3249 3463 probent
3278 3389 3589 3445 Simoniaci
3623 3391 3809 3447 ﬁdem

2154 3495 2218 3534 se
2247 3477 2628 3550 apostolicam
2658 3481 2715 3533 et
2751 3478 3076 3535 doctrinam
3126 3477 3423 3550 sequendo
3469 3479 3723 3535 vendere
3754 3483 3815 3535 et

2154 3583 2348 3623 emere
2371 3567 2655 3639 Spiritum
2675 3572 2967 3638 sanctum,
2981 3572 3040 3624 et
3051 3568 3177 3624 sine
3196 3567 3590 3623 controversia
3608 3583 3817 3624 conce-

2156 3656 2329 3711 datur
2347 3655 2433 3711 eis
2454 3655 2713 3728 accipere
2732 3656 3014 3713 ethabere
3035 3655 3319 3729 Spiritum
3336 3660 3695 3723 sanctum,et
3713 3655 3812 3712 cui

2156 3743 2446 3800 voluerint
2473 3744 2593 3801 sive
2621 3745 2806 3818 gratis
2835 3745 2957 3801 sive
2988 3763 3104 3802 non
3135 3745 3318 3818 gratis
3348 3744 3660 3817 impetrare
3703 3748 3815 3800 aut

2157 3834 2317 3889 dare.
2348 3834 2512 3898 Quod
2542 3833 2593 3889 si
2624 3834 2871 3906 probare
2901 3851 3018 3891 non
3042 3838 3336 3907 poterunt,
3360 3834 3515 3890 sicut
3540 3849 3671 3889 vere
3690 3849 3812 3889 non

2157 3927 2429 3995 possunt,
2458 3923 2714 3980 maxime
2743 3940 2879 3981 cum
2911 3925 2983 3981 ab
3015 3923 3162 3998 ipsis
3191 3922 3496 3997 primitivaa
3518 3920 3604 3978 vel
3626 3923 3814 3977 totius

2157 4010 2424 4068 Ecclesiae
2455 4011 2768 4081 columnis,
2793 4013 2962 4070 Petro
2995 4011 3395 4085 apostolorum
3445 4008 3707 4082 principe
3753 4011 3816 4064 et

2154 4101 2381 4158 Joanne
2442 4100 2654 4158 dilecto
2711 4101 2946 4159 Domini
3002 4099 3263 4174 apostolo
3319 4105 3377 4155 et
3430 4096 3811 4169 evangelista,

2157 4189 2442 4258 noverint,
2475 4208 2581 4248 nec
2613 4207 2827 4265 negare
2857 4194 3107 4263 possunt
3135 4192 3433 4243 auctorem
3476 4200 3651 4241 suum
3700 4202 3810 4257 pro

2157 4276 2282 4333 sola
2302 4281 2425 4333 tam
2439 4278 2675 4335 nefandi
2692 4277 2906 4352 negotii
2933 4273 3316 4332 estimatione
3334 4270 3810 4344 irrecuperabili-

2155 4370 2245 4422 ter
2264 4366 2610 4435 contritum;
2644 4367 2995 4438 cognoscant
3013 4378 3077 4417 se
3097 4376 3225 4416 esse
3244 4360 3317 4416 de
3335 4361 3557 4416 mundo
3578 4359 3679 4416 illo
3701 4359 3810 4433 qui

2157 4472 2272 4511 non
2303 4459 2496 4527 potest
2523 4454 2782 4525 accipere
2811 4448 3071 4506 veritatis
3117 4448 3428 4521 Spiritum,
3460 4455 3520 4504 et
3566 4448 3810 4521 resipis-

397 4545 554 4601 libus
582 4545 859 4600 omnibus
889 4542 1104 4615 ubique
1135 4543 1554 4615 patrocinatur,
1611 4563 1714 4618 pro
1762 4546 2048 4620 corporali
2080 4564 2127 4630 D
2158 4547 2354 4599 centes
2384 4542 2664 4598 festinent
2887 4538 2959 4594 de
3005 4538 3229 4593 mundo
3280 4536 3379 4594 illo
3426 4554 3603 4610 quem
3642 4537 3811 4609 eligit

399 4632 704 4706 praesentia
734 4631 913 4687 illius.
947 4632 1114 4687 Hunc
1143 4631 1323 4687 alium
1354 4633 1719 4691 Paracletum
1743 4635 1868 4691 dari
1897 4635 2044 4704 suis,

400 4726 464 4779 ut
494 4738 630 4778 cum
656 4720 741 4776 eis
777 4724 1012 4776 maneat
1041 4719 1101 4776 in
1131 4724 1411 4777 aeternum
1442 4721 1625 4779 Filius
1672 4722 1897 4797 rogavit
1944 4723 2048 4779 Pa-

395 4814 568 4868 trem.
600 4810 766 4865 Hunc
813 4807 1099 4882 Spiritum
1147 4809 1429 4879 veritatis,
1484 4828 1610 4883 quas
1641 4812 1910 4869 Christus
1933 4816 2043 4879 est,

396 4917 512 4957 non
544 4902 734 4971 potest
778 4897 1039 4971 accipere
1087 4898 1348 4955 mundus
1396 4900 1454 4954 in
1486 4900 1746 4974 maligno
1796 4900 2047 4974 positus,

395 4987 652 5045 haeretici
683 4986 922 5056 scilicet,
954 4988 1167 5055 Judaei,
1199 4992 1257 5044 et
1286 4988 1576 5045 increduli
1607 4994 1780 5061 atque
1810 4989 2046 5062 pagani,

396 5078 659 5152 alioquin
691 5077 739 5133 si
770 5077 1050 5146 mundus,
1081 5077 1180 5150 qui
1210 5076 1430 5134 talibus
1460 5078 1752 5144 consistit,
1781 5078 1841 5133 in
1872 5078 2047 5150 perﬂ-

396 5168 495 5225 dia
526 5167 922 5240 permanendo
943 5166 1227 5241 Spiritum
1250 5168 1513 5223 veritatis
1550 5167 1811 5238 accipere
1836 5170 2043 5239 potest,

397 5262 499 5313 aut
529 5246 784 5313 Ecclesia
801 5255 963 5313 nulla
983 5261 1071 5313 est
1092 5261 1212 5324 aut,
1244 5257 1295 5312 si
1317 5260 1424 5324 est,
1459 5255 1762 5312 mendacio
1784 5256 2048 5330 arguitur

394 5346 644 5413 Veritas,
679 5362 812 5416 quae
841 5346 1052 5403 usserit
1080 5350 1243 5401 extra
1290 5361 1423 5400 eum
1472 5361 1587 5400 non
1641 5362 1813 5417 posse
1862 5344 2046 5417 accipi

398 5433 677 5504 Spiritum
702 5438 994 5490 sanctum.
1020 5434 1081 5490 Si
1102 5434 1257 5489 enim
1281 5432 1533 5488 haeretici
1554 5437 1611 5488 et
1629 5429 1817 5490 caeteri
1841 5432 2048 5506 perﬁdi

398 5518 658 5589 accipere
689 5526 937 5589 possunt
966 5521 1249 5593 Spiritum
1281 5520 1562 5590 veritatis,
1594 5527 1822 5578 constat
1854 5522 2048 5579 catho-

397 5604 543 5660 licos
601 5609 702 5660 aut
758 5622 874 5660 non
930 5609 1210 5679 accipere,
1268 5613 1369 5664 aut
1425 5609 1571 5665 nihil
1631 5612 1702 5666 ab
1756 5611 2045 5669 haereticis

2158 4632 2426 4689 Christus
2451 4630 2522 4685 de
2553 4628 2775 4684 mundo
2804 4626 3063 4683 illorum.

2722 4732 2957 4789 CAPUT
3015 4731 3233 4788 XXVII.

2154 4826 2231 4881 De
2258 4824 2497 4895 Spiritus
2525 4823 2705 4907 δαπριί
2726 4823 3062 4907 αῖαζίαφᾳει
3079 4822 3537 4907 resurrectionem
3558 4819 3621 4874 in
3642 4818 3809 4876 disci-

2541 4894 2698 4966 pulos
2725 4898 2779 4950 et
2803 4893 3045 4950 vindicta
3081 4895 3144 4949 in
3168 4893 3408 4948 Ammia.

2224 4983 2390 5039 Hunc
2411 5000 2552 5040 sane
2570 4982 2937 5040 Paracletum
2959 4982 3121 5039 misit
3146 4980 3315 5037 Pater
3332 4981 3394 5034 in
3413 4979 3652 5035 nomine
3674 4979 3807 5038 Filii

2155 5072 2269 5141 sui,
2295 5079 2358 5128 ut
2389 5071 2592 5129 fideles
2620 5072 2748 5145 ipse
2777 5072 3008 5128 doceret
3032 5068 3251 5137 omnia,
3274 5072 3333 5124 et
3360 5072 3702 5140 suggereret
3720 5068 3807 5126 eis

2153 5162 2355 5219 omnia
2365 5179 2731 5235 quaecunque
2743 5159 3046 5217 dixeriteis
3058 5159 3215 5215 idem
3230 5157 3606 5215 Filius.Hunc
3626 5174 3803 5215 suum

2153 5252 2606 5325 Spiritum,quia
2626 5269 2661 5308 a
2681 5252 2847 5307 Patre
2868 5247 3379 5323 procedit,Veritas
3400 5248 3526 5304 suis
3542 5247 3725 5317 misit,
3741 5252 3808 5305 ut

2154 5342 2238 5398 illi
2270 5342 2673 5399 testimonium
2707 5356 2810 5414 per
2838 5356 2938 5396 eos
2966 5338 3271 5411 perhibeat
3291 5339 3363 5395 de
3382 5339 3551 5411 ipsis,
3574 5339 3678 5411 qui
3698 5354 3805 5395 nec

2155 5449 2189 5488 a
2216 5430 2360 5489 Filio
2390 5432 2463 5488 ad
2494 5448 2594 5488 eos
2624 5430 2976 5495 mitteretur,
3009 5444 3116 5484 nec
3136 5427 3358 5485 veniret
3385 5428 3436 5485 si
3466 5427 3591 5500 ipse
3619 5426 3804 5484 Filius

2153 5522 2290 5577 hinc
2319 5537 2434 5577 non
2465 5519 2727 5576 abiisset.
2752 5519 2915 5584 Quod
2932 5518 3018 5574 eis
3040 5516 3294 5573 maxime
3331 5516 3696 5589 expediebat,
3731 5533 3804 5573 ne

2154 5609 2417 5669 carnales
2430 5611 2820 5677 remanerent,
2833 5607 2882 5664 si
2897 5606 3196 5665 Christum
3209 5623 3324 5663 non
3340 5605 3455 5663 nisi
3475 5606 3804 5664 secundum

3905 1080 3921 1137 ἰ
3947 1086 4000 1137 in

3948 1103 4000 1137 1η

3905 1103 3917 1199 1
3955 1172 4004 1210 ibi.

3906 1240 3918 1475 l

3946 1432 3999 1477 fill

3904 1514 3989 1638 lli

3944 1603 4004 1655 ida

3903 1688 3913 1771 Ι
3941 1690 4004 1743 tati

3908 1779 4004 1832 ’δάε

3904 1840 3911 1933 l
3946 1885 4004 1937 ςςηι

3952 1958 3953 1963 ‘
3972 1956 3977 1969 ἴ

3952 1960 4000 2008 liii

4001 2065 4004 2095 l

3910 2692 3921 2842 ι
