  <div class='ocr_page' id='page_1' title='image "/cluster/home/n/w/nwhite01/storage/ocr_20150623/143/uva.x000829790/618.png"; bbox 0 0 4004 6210; ppageno 0'>
   <div class='ocr_carea' id='block_1_1' title="bbox 84 352 251 417">
    <p class='ocr_par' dir='ltr' id='par_1_1' title="bbox 84 352 251 417">
     <span class='ocr_line' id='line_1_1' title="bbox 84 352 251 417; baseline -0.012 -2"><span class='ocrx_word' id='word_1_1' title='bbox 84 352 251 417; x_wconf 80' lang='grc'><strong>1185</strong></span> 
     </span>
    </p>
   </div>
   <div class='ocr_carea' id='block_1_2' title="bbox 691 340 2914 417">
    <p class='ocr_par' dir='ltr' id='par_1_2' title="bbox 691 340 2914 417">
     <span class='ocr_line' id='line_1_2' title="bbox 691 340 2914 417; baseline -0.003 -1"><span class='ocrx_word' id='word_1_2' title='bbox 691 346 1112 417; x_wconf 72' lang='lat' dir='ltr'><strong>ADVERSUS</strong></span> <span class='ocrx_word' id='word_1_3' title='bbox 1160 344 1631 412; x_wconf 75' lang='lat' dir='ltr'><strong>SIMONIACOS</strong></span> <span class='ocrx_word' id='word_1_4' title='bbox 1674 340 1881 412; x_wconf 89' lang='lat' dir='ltr'><strong>LIBRI</strong></span> <span class='ocrx_word' id='word_1_5' title='bbox 1930 346 2151 409; x_wconf 85' lang='lat' dir='ltr'><strong>&#39;l‘ltES.</strong></span> <span class='ocrx_word' id='word_1_6' title='bbox 2182 385 2254 394; x_wconf 93' lang='lat'><strong>—</strong></span> <span class='ocrx_word' id='word_1_7' title='bbox 2284 340 2515 410; x_wconf 81' lang='lat' dir='ltr'><strong>LIBER</strong></span> <span class='ocrx_word' id='word_1_8' title='bbox 2558 346 2914 414; x_wconf 77' lang='lat' dir='ltr'><strong>TERTIUS.</strong></span> 
     </span>
    </p>
   </div>
   <div class='ocr_carea' id='block_1_3' title="bbox 3354 344 3508 416">
    <p class='ocr_par' dir='ltr' id='par_1_3' title="bbox 3354 344 3508 416">
     <span class='ocr_line' id='line_1_3' title="bbox 3354 344 3508 416; baseline 0.019 -3"><span class='ocrx_word' id='word_1_9' title='bbox 3354 344 3508 416; x_wconf 66' lang='lat'><strong>“86</strong></span> 
     </span>
    </p>
   </div>
   <div class='ocr_carea' id='block_1_4' title="bbox 86 481 3510 561">
    <p class='ocr_par' dir='ltr' id='par_1_4' title="bbox 86 481 3510 561">
     <span class='ocr_line' id='line_1_4' title="bbox 86 481 3510 561; baseline 0.001 -20"><span class='ocrx_word' id='word_1_10' title='bbox 86 482 1443 555; x_wconf 81' lang='lat' dir='ltr'><strong>carnemnossecurarent.llincveniensarguit</strong></span> <span class='ocrx_word' id='word_1_11' title='bbox 1465 483 1752 538; x_wconf 88' lang='lat' dir='ltr'><strong>mundum</strong></span> <span class='ocrx_word' id='word_1_12' title='bbox 1783 483 1837 549; x_wconf 85' lang='grc' dir='ltr'>Α</span> <span class='ocrx_word' id='word_1_13' title='bbox 1872 481 1967 535; x_wconf 87' lang='lat' dir='ltr'><strong>fidi</strong></span> <span class='ocrx_word' id='word_1_14' title='bbox 2024 482 2174 553; x_wconf 87' lang='lat' dir='ltr'><strong>Magi</strong></span> <span class='ocrx_word' id='word_1_15' title='bbox 2209 482 2265 537; x_wconf 91' lang='lat' dir='ltr'><strong>in</strong></span> <span class='ocrx_word' id='word_1_16' title='bbox 2302 482 2425 538; x_wconf 76' lang='lat' dir='ltr'><strong>sola</strong></span> <span class='ocrx_word' id='word_1_17' title='bbox 2472 483 2852 539; x_wconf 72' lang='lat' dir='ltr'><strong>aestimatione</strong></span> <span class='ocrx_word' id='word_1_18' title='bbox 2901 484 3252 541; x_wconf 81' lang='lat' dir='ltr'><strong>fraudulenti</strong></span> <span class='ocrx_word' id='word_1_19' title='bbox 3294 493 3510 561; x_wconf 65' lang='lat' dir='ltr'><strong>negoti</strong></span> 
     </span>
    </p>
   </div>
   <div class='ocr_carea' id='block_1_5' title="bbox 88 569 1757 646">
    <p class='ocr_par' dir='ltr' id='par_1_5' title="bbox 88 569 1757 646">
     <span class='ocr_line' id='line_1_5' title="bbox 88 569 1757 646; baseline -0.003 -15"><span class='ocrx_word' id='word_1_20' title='bbox 88 575 480 631; x_wconf 89' lang='lat' dir='ltr'><strong>immundum</strong></span> <span class='ocrx_word' id='word_1_21' title='bbox 527 575 599 630; x_wconf 88' lang='lat' dir='ltr'><strong>de</strong></span> <span class='ocrx_word' id='word_1_22' title='bbox 646 575 882 646; x_wconf 90' lang='lat' dir='ltr'><strong>peccato</strong></span> <span class='ocrx_word' id='word_1_23' title='bbox 930 569 1377 638; x_wconf 69' lang='lat' dir='ltr'><strong>incredulitatis,</strong></span> <span class='ocrx_word' id='word_1_24' title='bbox 1412 570 1483 625; x_wconf 81' lang='lat' dir='ltr'><strong>de</strong></span> <span class='ocrx_word' id='word_1_25' title='bbox 1522 570 1757 642; x_wconf 91' lang='lat' dir='ltr'><strong>justitia</strong></span> 
     </span>
    </p>
   </div>
   <div class='ocr_carea' id='block_1_6' title="bbox 91 659 1758 735">
    <p class='ocr_par' dir='ltr' id='par_1_6' title="bbox 91 659 1758 735">
     <span class='ocr_line' id='line_1_6' title="bbox 91 659 1758 735; baseline -0.003 -15"><span class='ocrx_word' id='word_1_26' title='bbox 91 668 433 731; x_wconf 88' lang='lat' dir='ltr'><strong>suorum,et</strong></span> <span class='ocrx_word' id='word_1_27' title='bbox 451 664 521 719; x_wconf 94' lang='lat' dir='ltr'><strong>de</strong></span> <span class='ocrx_word' id='word_1_28' title='bbox 537 662 767 735; x_wconf 90' lang='lat' dir='ltr'><strong>judicio</strong></span> <span class='ocrx_word' id='word_1_29' title='bbox 788 660 1007 718; x_wconf 90' lang='lat' dir='ltr'><strong>diaboli</strong></span> <span class='ocrx_word' id='word_1_30' title='bbox 1030 661 1184 716; x_wconf 88' lang='lat' dir='ltr'><strong>foras</strong></span> <span class='ocrx_word' id='word_1_31' title='bbox 1205 659 1503 731; x_wconf 90' lang='lat' dir='ltr'><strong>ejecti.llic</strong></span> <span class='ocrx_word' id='word_1_32' title='bbox 1526 675 1758 732; x_wconf 91' lang='lat' dir='ltr'><strong>quoque</strong></span> 
     </span>
    </p>
   </div>
   <div class='ocr_carea' id='block_1_7' title="bbox 91 747 1758 826">
    <p class='ocr_par' dir='ltr' id='par_1_7' title="bbox 91 747 1758 826">
     <span class='ocr_line' id='line_1_7' title="bbox 91 747 1758 826; baseline -0.003 -17"><span class='ocrx_word' id='word_1_33' title='bbox 91 753 357 826; x_wconf 81' lang='lat' dir='ltr'><strong>Spiritus</strong></span> <span class='ocrx_word' id='word_1_34' title='bbox 388 752 649 808; x_wconf 78' lang='lat' dir='ltr'><strong>veritatis</strong></span> <span class='ocrx_word' id='word_1_35' title='bbox 679 750 919 808; x_wconf 85' lang='lat' dir='ltr'><strong>veniens</strong></span> <span class='ocrx_word' id='word_1_36' title='bbox 969 750 1136 804; x_wconf 87' lang='lat' dir='ltr'><strong>docet</strong></span> <span class='ocrx_word' id='word_1_37' title='bbox 1183 748 1396 805; x_wconf 89' lang='lat' dir='ltr'><strong>Christi</strong></span> <span class='ocrx_word' id='word_1_38' title='bbox 1437 747 1758 821; x_wconf 85' lang='lat' dir='ltr'><strong>discipulos</strong></span> 
     </span>
    </p>
   </div>
   <div class='ocr_carea' id='block_1_8' title="bbox 97 836 1755 913">
    <p class='ocr_par' dir='ltr' id='par_1_8' title="bbox 97 836 1755 913">
     <span class='ocr_line' id='line_1_8' title="bbox 97 836 1755 913; baseline -0.003 -15"><span class='ocrx_word' id='word_1_39' title='bbox 97 859 340 898; x_wconf 87' lang='lat' dir='ltr'><strong>omnem</strong></span> <span class='ocrx_word' id='word_1_40' title='bbox 370 842 694 910; x_wconf 81' lang='lat' dir='ltr'><strong>veritatem,</strong></span> <span class='ocrx_word' id='word_1_41' title='bbox 729 844 793 896; x_wconf 91' lang='lat' dir='ltr'><strong>ut</strong></span> <span class='ocrx_word' id='word_1_42' title='bbox 823 857 925 913; x_wconf 91' lang='lat' dir='ltr'><strong>per</strong></span> <span class='ocrx_word' id='word_1_43' title='bbox 956 838 1151 912; x_wconf 89' lang='lat' dir='ltr'><strong>ipsum</strong></span> <span class='ocrx_word' id='word_1_44' title='bbox 1192 836 1524 910; x_wconf 72' lang='lat' dir='ltr'><strong>spirituiles</strong></span> <span class='ocrx_word' id='word_1_45' title='bbox 1571 838 1755 893; x_wconf 72' lang='lat' dir='ltr'><strong>effecti</strong></span> 
     </span>
    </p>
   </div>
   <div class='ocr_carea' id='block_1_9' title="bbox 98 925 1755 1003">
    <p class='ocr_par' dir='ltr' id='par_1_9' title="bbox 98 925 1755 1003">
     <span class='ocr_line' id='line_1_9' title="bbox 98 925 1755 1003; baseline -0.004 -16"><span class='ocrx_word' id='word_1_46' title='bbox 98 932 338 987; x_wconf 90' lang='lat' dir='ltr'><strong>discant</strong></span> <span class='ocrx_word' id='word_1_47' title='bbox 362 930 548 987; x_wconf 88' lang='lat' dir='ltr'><strong>multa</strong></span> <span class='ocrx_word' id='word_1_48' title='bbox 577 948 704 1003; x_wconf 74' lang='lat' dir='ltr'><strong>qum</strong></span> <span class='ocrx_word' id='word_1_49' title='bbox 734 928 1005 985; x_wconf 86' lang='lat' dir='ltr'><strong>Christus</strong></span> <span class='ocrx_word' id='word_1_50' title='bbox 1035 926 1288 982; x_wconf 88' lang='lat' dir='ltr'><strong>habebat</strong></span> <span class='ocrx_word' id='word_1_51' title='bbox 1317 925 1401 982; x_wconf 91' lang='lat' dir='ltr'><strong>eis</strong></span> <span class='ocrx_word' id='word_1_52' title='bbox 1429 926 1636 993; x_wconf 91' lang='lat' dir='ltr'><strong>dicere;</strong></span> <span class='ocrx_word' id='word_1_53' title='bbox 1658 927 1755 982; x_wconf 90' lang='lat' dir='ltr'><strong>sed</strong></span> 
     </span>
    </p>
   </div>
   <div class='ocr_carea' id='block_1_10' title="bbox 101 1015 1760 1093">
    <p class='ocr_par' dir='ltr' id='par_1_10' title="bbox 101 1015 1760 1093">
     <span class='ocr_line' id='line_1_10' title="bbox 101 1015 1760 1093; baseline -0.004 -17"><span class='ocrx_word' id='word_1_54' title='bbox 101 1020 247 1093; x_wconf 87' lang='lat' dir='ltr'><strong>quia</strong></span> <span class='ocrx_word' id='word_1_55' title='bbox 274 1019 466 1076; x_wconf 90' lang='lat' dir='ltr'><strong>adhuc</strong></span> <span class='ocrx_word' id='word_1_56' title='bbox 496 1018 762 1075; x_wconf 90' lang='lat' dir='ltr'><strong>carnales</strong></span> <span class='ocrx_word' id='word_1_57' title='bbox 793 1020 979 1083; x_wconf 88' lang='lat' dir='ltr'><strong>erant,</strong></span> <span class='ocrx_word' id='word_1_58' title='bbox 1011 1033 1126 1072; x_wconf 89' lang='lat' dir='ltr'><strong>non</strong></span> <span class='ocrx_word' id='word_1_59' title='bbox 1158 1019 1422 1089; x_wconf 89' lang='lat' dir='ltr'><strong>poterant</strong></span> <span class='ocrx_word' id='word_1_60' title='bbox 1450 1015 1606 1071; x_wconf 68' lang='lat' dir='ltr'><strong>hunc</strong></span> <span class='ocrx_word' id='word_1_61' title='bbox 1628 1032 1760 1087; x_wconf 88' lang='lat' dir='ltr'><strong>por-</strong></span> 
     </span>
    </p>
   </div>
   <div class='ocr_carea' id='block_1_11' title="bbox 105 1105 1762 1181">
    <p class='ocr_par' dir='ltr' id='par_1_11' title="bbox 105 1105 1762 1181">
     <span class='ocr_line' id='line_1_11' title="bbox 105 1105 1762 1181; baseline -0.002 -18"><span class='ocrx_word' id='word_1_62' title='bbox 105 1116 253 1165; x_wconf 89' lang='lat' dir='ltr'><strong>tare.</strong></span> <span class='ocrx_word' id='word_1_63' title='bbox 289 1109 405 1165; x_wconf 89' lang='lat' dir='ltr'><strong>Nec</strong></span> <span class='ocrx_word' id='word_1_64' title='bbox 438 1109 699 1181; x_wconf 79' lang='lat' dir='ltr'><strong>loquitur</strong></span> <span class='ocrx_word' id='word_1_65' title='bbox 746 1108 814 1162; x_wconf 92' lang='lat' dir='ltr'><strong>ad</strong></span> <span class='ocrx_word' id='word_1_66' title='bbox 865 1106 1237 1180; x_wconf 88' lang='lat' dir='ltr'><strong>semetipsos,</strong></span> <span class='ocrx_word' id='word_1_67' title='bbox 1270 1105 1368 1161; x_wconf 90' lang='lat' dir='ltr'><strong>sed</strong></span> <span class='ocrx_word' id='word_1_68' title='bbox 1402 1120 1762 1177; x_wconf 78' lang='lat' dir='ltr'><strong>quaecunque</strong></span> 
     </span>
    </p>
   </div>
   <div class='ocr_carea' id='block_1_12' title="bbox 103 1193 1759 1270">
    <p class='ocr_par' dir='ltr' id='par_1_12' title="bbox 103 1193 1759 1270">
     <span class='ocr_line' id='line_1_12' title="bbox 103 1193 1759 1270; baseline -0.002 -17"><span class='ocrx_word' id='word_1_69' title='bbox 103 1198 277 1253; x_wconf 81' lang='lat' dir='ltr'><strong>audit</strong></span> <span class='ocrx_word' id='word_1_70' title='bbox 307 1198 587 1270; x_wconf 90' lang='lat' dir='ltr'><strong>loquitur,</strong></span> <span class='ocrx_word' id='word_1_71' title='bbox 622 1200 680 1252; x_wconf 91' lang='lat' dir='ltr'><strong>et</strong></span> <span class='ocrx_word' id='word_1_72' title='bbox 708 1212 839 1269; x_wconf 62' lang='lat' dir='ltr'><strong>qua:</strong></span> <span class='ocrx_word' id='word_1_73' title='bbox 866 1200 1114 1251; x_wconf 89' lang='lat' dir='ltr'><strong>ventura</strong></span> <span class='ocrx_word' id='word_1_74' title='bbox 1144 1199 1284 1249; x_wconf 90' lang='lat' dir='ltr'><strong>sunt</strong></span> <span class='ocrx_word' id='word_1_75' title='bbox 1313 1193 1624 1249; x_wconf 91' lang='lat' dir='ltr'><strong>annuntiat</strong></span> <span class='ocrx_word' id='word_1_76' title='bbox 1656 1193 1759 1249; x_wconf 92' lang='lat' dir='ltr'><strong>eis.</strong></span> 
     </span>
    </p>
   </div>
   <div class='ocr_carea' id='block_1_13' title="bbox 106 1282 1761 1357">
    <p class='ocr_par' dir='ltr' id='par_1_13' title="bbox 106 1282 1761 1357">
     <span class='ocr_line' id='line_1_13' title="bbox 106 1282 1761 1357; baseline -0.003 -14"><span class='ocrx_word' id='word_1_77' title='bbox 106 1287 207 1343; x_wconf 87' lang='lat' dir='ltr'><strong>Ille</strong></span> <span class='ocrx_word' id='word_1_78' title='bbox 244 1286 452 1342; x_wconf 83' lang='lat' dir='ltr'><strong>Filium</strong></span> <span class='ocrx_word' id='word_1_79' title='bbox 486 1286 788 1355; x_wconf 86' lang='lat' dir='ltr'><strong>clarificat,</strong></span> <span class='ocrx_word' id='word_1_80' title='bbox 824 1284 922 1357; x_wconf 89' lang='lat' dir='ltr'><strong>qui</strong></span> <span class='ocrx_word' id='word_1_81' title='bbox 957 1288 1090 1340; x_wconf 85' lang='lat' dir='ltr'><strong>ante</strong></span> <span class='ocrx_word' id='word_1_82' title='bbox 1122 1282 1455 1356; x_wconf 84' lang='lat' dir='ltr'><strong>passionem</strong></span> <span class='ocrx_word' id='word_1_83' title='bbox 1486 1284 1615 1355; x_wconf 88' lang='lat' dir='ltr'><strong>ejus</strong></span> <span class='ocrx_word' id='word_1_84' title='bbox 1647 1299 1761 1339; x_wconf 92' lang='lat' dir='ltr'><strong>non</strong></span> 
     </span>
    </p>
   </div>
   <div class='ocr_carea' id='block_1_14' title="bbox 106 1371 1761 1446">
    <p class='ocr_par' dir='ltr' id='par_1_14' title="bbox 106 1371 1761 1446">
     <span class='ocr_line' id='line_1_14' title="bbox 106 1371 1761 1446; baseline -0.001 -16"><span class='ocrx_word' id='word_1_85' title='bbox 106 1380 236 1430; x_wconf 88' lang='lat' dir='ltr'><strong>erat</strong></span> <span class='ocrx_word' id='word_1_86' title='bbox 269 1379 465 1440; x_wconf 86' lang='lat' dir='ltr'><strong>datus,</strong></span> <span class='ocrx_word' id='word_1_87' title='bbox 494 1373 627 1446; x_wconf 90' lang='lat' dir='ltr'><strong>quia</strong></span> <span class='ocrx_word' id='word_1_88' title='bbox 662 1374 836 1429; x_wconf 82' lang='lat' dir='ltr'><strong>Jesus</strong></span> <span class='ocrx_word' id='word_1_89' title='bbox 866 1373 1129 1428; x_wconf 90' lang='lat' dir='ltr'><strong>nondum</strong></span> <span class='ocrx_word' id='word_1_90' title='bbox 1164 1372 1352 1426; x_wconf 79' lang='lat' dir='ltr'><strong>fuerat</strong></span> <span class='ocrx_word' id='word_1_91' title='bbox 1380 1371 1761 1443; x_wconf 87' lang='lat' dir='ltr'><strong>glorificatus.</strong></span> 
     </span>
    </p>
   </div>
   <div class='ocr_carea' id='block_1_15' title="bbox 108 1460 1765 1535">
    <p class='ocr_par' dir='ltr' id='par_1_15' title="bbox 108 1460 1765 1535">
     <span class='ocr_line' id='line_1_15' title="bbox 108 1460 1765 1535; baseline -0.001 -17"><span class='ocrx_word' id='word_1_92' title='bbox 108 1464 215 1519; x_wconf 81' lang='lat' dir='ltr'><strong>llic</strong></span> <span class='ocrx_word' id='word_1_93' title='bbox 248 1467 335 1519; x_wconf 88' lang='lat' dir='ltr'><strong>est</strong></span> <span class='ocrx_word' id='word_1_94' title='bbox 366 1479 520 1535; x_wconf 90' lang='lat' dir='ltr'><strong>aqua</strong></span> <span class='ocrx_word' id='word_1_95' title='bbox 551 1461 654 1517; x_wconf 92' lang='lat' dir='ltr'><strong>illa</strong></span> <span class='ocrx_word' id='word_1_96' title='bbox 703 1462 832 1517; x_wconf 89' lang='lat' dir='ltr'><strong>viva</strong></span> <span class='ocrx_word' id='word_1_97' title='bbox 873 1462 944 1517; x_wconf 91' lang='lat' dir='ltr'><strong>ad</strong></span> <span class='ocrx_word' id='word_1_98' title='bbox 994 1461 1162 1532; x_wconf 88' lang='lat' dir='ltr'><strong>cujus</strong></span> <span class='ocrx_word' id='word_1_99' title='bbox 1193 1460 1469 1516; x_wconf 89' lang='lat' dir='ltr'><strong>haustum</strong></span> <span class='ocrx_word' id='word_1_100' title='bbox 1502 1460 1765 1517; x_wconf 90' lang='lat' dir='ltr'><strong>sitientes</strong></span> 
     </span>
    </p>
   </div>
   <div class='ocr_carea' id='block_1_16' title="bbox 105 1549 1763 1623">
    <p class='ocr_par' dir='ltr' id='par_1_16' title="bbox 105 1549 1763 1623">
     <span class='ocr_line' id='line_1_16' title="bbox 105 1549 1763 1623; baseline -0.002 -15"><span class='ocrx_word' id='word_1_101' title='bbox 105 1553 274 1608; x_wconf 87' lang='lat' dir='ltr'><strong>idem</strong></span> <span class='ocrx_word' id='word_1_102' title='bbox 307 1551 486 1607; x_wconf 85' lang='lat' dir='ltr'><strong>Filius</strong></span> <span class='ocrx_word' id='word_1_103' title='bbox 516 1551 739 1607; x_wconf 84' lang='lat' dir='ltr'><strong>invitat.</strong></span> <span class='ocrx_word' id='word_1_104' title='bbox 775 1550 881 1606; x_wconf 84' lang='lat' dir='ltr'><strong>Hic</strong></span> <span class='ocrx_word' id='word_1_105' title='bbox 909 1564 1144 1623; x_wconf 89' lang='lat' dir='ltr'><strong>quoque</strong></span> <span class='ocrx_word' id='word_1_106' title='bbox 1192 1553 1281 1606; x_wconf 89' lang='lat' dir='ltr'><strong>est</strong></span> <span class='ocrx_word' id='word_1_107' title='bbox 1328 1549 1581 1622; x_wconf 87' lang='lat' dir='ltr'><strong>Spiritus</strong></span> <span class='ocrx_word' id='word_1_108' title='bbox 1619 1550 1763 1606; x_wconf 89' lang='lat' dir='ltr'><strong>veri-</strong></span> 
     </span>
    </p>
   </div>
   <div class='ocr_carea' id='block_1_17' title="bbox 106 1638 1766 1712">
    <p class='ocr_par' dir='ltr' id='par_1_17' title="bbox 106 1638 1766 1712">
     <span class='ocr_line' id='line_1_17' title="bbox 106 1638 1766 1712; baseline -0.002 -15"><span class='ocrx_word' id='word_1_109' title='bbox 106 1641 288 1706; x_wconf 87' lang='lat' dir='ltr'><strong>tatis,</strong></span> <span class='ocrx_word' id='word_1_110' title='bbox 317 1640 416 1711; x_wconf 88' lang='lat' dir='ltr'><strong>qui</strong></span> <span class='ocrx_word' id='word_1_111' title='bbox 464 1657 497 1694; x_wconf 89' lang='lat' dir='ltr'><strong>a</strong></span> <span class='ocrx_word' id='word_1_112' title='bbox 543 1644 600 1695; x_wconf 88' lang='lat' dir='ltr'><strong>te</strong></span> <span class='ocrx_word' id='word_1_113' title='bbox 650 1655 812 1712; x_wconf 90' lang='lat' dir='ltr'><strong>reges</strong></span> <span class='ocrx_word' id='word_1_114' title='bbox 858 1643 916 1695; x_wconf 92' lang='lat' dir='ltr'><strong>et</strong></span> <span class='ocrx_word' id='word_1_115' title='bbox 963 1638 1259 1708; x_wconf 62' lang='lat' dir='ltr'><strong>praesides,</strong></span> <span class='ocrx_word' id='word_1_116' title='bbox 1292 1642 1572 1710; x_wconf 85' lang='lat' dir='ltr'><strong>tanquam</strong></span> <span class='ocrx_word' id='word_1_117' title='bbox 1614 1638 1766 1695; x_wconf 90' lang='lat' dir='ltr'><strong>fidus</strong></span> 
     </span>
    </p>
   </div>
   <div class='ocr_carea' id='block_1_18' title="bbox 107 1726 1767 1800">
    <p class='ocr_par' dir='ltr' id='par_1_18' title="bbox 107 1726 1767 1800">
     <span class='ocr_line' id='line_1_18' title="bbox 107 1726 1767 1800; baseline -0.001 -14"><span class='ocrx_word' id='word_1_118' title='bbox 107 1730 463 1793; x_wconf 87' lang='lat' dir='ltr'><strong>advocatus,</strong></span> <span class='ocrx_word' id='word_1_119' title='bbox 503 1726 767 1800; x_wconf 86' lang='lat' dir='ltr'><strong>loquitur</strong></span> <span class='ocrx_word' id='word_1_120' title='bbox 821 1728 877 1782; x_wconf 90' lang='lat' dir='ltr'><strong>in</strong></span> <span class='ocrx_word' id='word_1_121' title='bbox 936 1726 1264 1799; x_wconf 86' lang='lat' dir='ltr'><strong>discipulis,</strong></span> <span class='ocrx_word' id='word_1_122' title='bbox 1306 1745 1378 1783; x_wconf 90' lang='lat' dir='ltr'><strong>ne</strong></span> <span class='ocrx_word' id='word_1_123' title='bbox 1409 1727 1484 1782; x_wconf 91' lang='lat' dir='ltr'><strong>sit</strong></span> <span class='ocrx_word' id='word_1_124' title='bbox 1533 1744 1767 1784; x_wconf 86' lang='lat' dir='ltr'><strong>necesse</strong></span> 
     </span>
    </p>
   </div>
   <div class='ocr_carea' id='block_1_19' title="bbox 110 1814 1844 1916">
    <p class='ocr_par' dir='ltr' id='par_1_19' title="bbox 110 1814 1844 1916">
     <span class='ocr_line' id='line_1_19' title="bbox 110 1814 1844 1916; baseline -0.001 -44"><span class='ocrx_word' id='word_1_125' title='bbox 110 1815 509 1916; x_wconf 68' lang='lat' dir='ltr'><strong>praemeditari</strong></span> <span class='ocrx_word' id='word_1_126' title='bbox 543 1814 793 1916; x_wconf 71' lang='lat' dir='ltr'><strong>qualiter</strong></span> <span class='ocrx_word' id='word_1_127' title='bbox 822 1816 1225 1916; x_wconf 63' lang='lat' dir='ltr'><strong>respondeant,</strong></span> <span class='ocrx_word' id='word_1_128' title='bbox 1246 1816 1479 1916; x_wconf 69' lang='lat' dir='ltr'><strong>quibus</strong></span> <span class='ocrx_word' id='word_1_129' title='bbox 1503 1817 1677 1871; x_wconf 87' lang='lat' dir='ltr'><strong>datur</strong></span> <span class='ocrx_word' id='word_1_130' title='bbox 1706 1816 1763 1916; x_wconf 78' lang='lat' dir='ltr'><strong>in</strong></span> <span class='ocrx_word' id='word_1_131' title='bbox 1800 1851 1844 1916; x_wconf 73' lang='grc' dir='ltr'><strong>Β</strong></span> 
     </span>
    </p>
   </div>
   <div class='ocr_carea' id='block_1_20' title="bbox 116 1904 1763 1977">
    <p class='ocr_par' dir='ltr' id='par_1_20' title="bbox 116 1904 1763 1977">
     <span class='ocr_line' id='line_1_20' title="bbox 116 1904 1763 1977; baseline -0.001 -16"><span class='ocrx_word' id='word_1_132' title='bbox 116 1906 221 1961; x_wconf 91' lang='lat' dir='ltr'><strong>illa</strong></span> <span class='ocrx_word' id='word_1_133' title='bbox 274 1905 418 1962; x_wconf 89' lang='lat' dir='ltr'><strong>hora</strong></span> <span class='ocrx_word' id='word_1_134' title='bbox 468 1905 608 1976; x_wconf 90' lang='lat' dir='ltr'><strong>quid</strong></span> <span class='ocrx_word' id='word_1_135' title='bbox 651 1904 985 1977; x_wconf 89' lang='lat' dir='ltr'><strong>loquantur.</strong></span> <span class='ocrx_word' id='word_1_136' title='bbox 1020 1905 1132 1960; x_wconf 89' lang='lat' dir='ltr'><strong>Nec</strong></span> <span class='ocrx_word' id='word_1_137' title='bbox 1165 1904 1322 1961; x_wconf 90' lang='lat' dir='ltr'><strong>enim</strong></span> <span class='ocrx_word' id='word_1_138' title='bbox 1354 1904 1465 1977; x_wconf 92' lang='lat' dir='ltr'><strong>ipsi</strong></span> <span class='ocrx_word' id='word_1_139' title='bbox 1498 1909 1636 1960; x_wconf 83' lang='lat' dir='ltr'><strong>sunt</strong></span> <span class='ocrx_word' id='word_1_140' title='bbox 1666 1905 1763 1977; x_wconf 88' lang='lat' dir='ltr'><strong>qui</strong></span> 
     </span>
    </p>
   </div>
   <div class='ocr_carea' id='block_1_21' title="bbox 118 1993 1765 2067">
    <p class='ocr_par' dir='ltr' id='par_1_21' title="bbox 118 1993 1765 2067">
     <span class='ocr_line' id='line_1_21' title="bbox 118 1993 1765 2067; baseline 0 -17"><span class='ocrx_word' id='word_1_141' title='bbox 118 1994 465 2067; x_wconf 90' lang='lat' dir='ltr'><strong>loquuntur,</strong></span> <span class='ocrx_word' id='word_1_142' title='bbox 500 1993 602 2048; x_wconf 88' lang='lat' dir='ltr'><strong>sed</strong></span> <span class='ocrx_word' id='word_1_143' title='bbox 636 1993 889 2066; x_wconf 88' lang='lat' dir='ltr'><strong>Spiritus</strong></span> <span class='ocrx_word' id='word_1_144' title='bbox 931 1997 1193 2050; x_wconf 89' lang='lat' dir='ltr'><strong>sanctus.</strong></span> <span class='ocrx_word' id='word_1_145' title='bbox 1231 1994 1329 2048; x_wconf 92' lang='lat' dir='ltr'><strong>llic</strong></span> <span class='ocrx_word' id='word_1_146' title='bbox 1370 1994 1504 2050; x_wconf 81' lang='lat' dir='ltr'><strong>fecit</strong></span> <span class='ocrx_word' id='word_1_147' title='bbox 1537 1998 1601 2050; x_wconf 90' lang='lat' dir='ltr'><strong>ut</strong></span> <span class='ocrx_word' id='word_1_148' title='bbox 1630 2011 1765 2066; x_wconf 86' lang='lat' dir='ltr'><strong>apo-</strong></span> 
     </span>
    </p>
   </div>
   <div class='ocr_carea' id='block_1_22' title="bbox 120 2082 1770 2153">
    <p class='ocr_par' dir='ltr' id='par_1_22' title="bbox 120 2082 1770 2153">
     <span class='ocr_line' id='line_1_22' title="bbox 120 2082 1770 2153; baseline -0.001 -13"><span class='ocrx_word' id='word_1_149' title='bbox 120 2083 257 2143; x_wconf 88' lang='lat' dir='ltr'><strong>stoli</strong></span> <span class='ocrx_word' id='word_1_150' title='bbox 292 2086 470 2138; x_wconf 87' lang='lat' dir='ltr'><strong>testes</strong></span> <span class='ocrx_word' id='word_1_151' title='bbox 511 2086 710 2138; x_wconf 89' lang='lat' dir='ltr'><strong>essent</strong></span> <span class='ocrx_word' id='word_1_152' title='bbox 755 2082 968 2138; x_wconf 82' lang='lat' dir='ltr'><strong>Christi</strong></span> <span class='ocrx_word' id='word_1_153' title='bbox 1019 2082 1079 2137; x_wconf 91' lang='lat' dir='ltr'><strong>in</strong></span> <span class='ocrx_word' id='word_1_154' title='bbox 1126 2082 1474 2153; x_wconf 84' lang='lat' dir='ltr'><strong>Jerusalem,</strong></span> <span class='ocrx_word' id='word_1_155' title='bbox 1507 2087 1563 2139; x_wconf 89' lang='lat' dir='ltr'><strong>et</strong></span> <span class='ocrx_word' id='word_1_156' title='bbox 1600 2083 1673 2138; x_wconf 88' lang='lat' dir='ltr'><strong>ab</strong></span> <span class='ocrx_word' id='word_1_157' title='bbox 1703 2099 1770 2139; x_wconf 88' lang='lat' dir='ltr'><strong>ea</strong></span> 
     </span>
    </p>
   </div>
   <div class='ocr_carea' id='block_1_23' title="bbox 122 2170 1768 2244">
    <p class='ocr_par' dir='ltr' id='par_1_23' title="bbox 122 2170 1768 2244">
     <span class='ocr_line' id='line_1_23' title="bbox 122 2170 1768 2244; baseline -0.001 -17"><span class='ocrx_word' id='word_1_158' title='bbox 122 2187 591 2244; x_wconf 90' lang='lat' dir='ltr'><strong>quaquaversum</strong></span> <span class='ocrx_word' id='word_1_159' title='bbox 626 2186 811 2243; x_wconf 90' lang='lat' dir='ltr'><strong>usque</strong></span> <span class='ocrx_word' id='word_1_160' title='bbox 839 2171 910 2227; x_wconf 90' lang='lat' dir='ltr'><strong>ad</strong></span> <span class='ocrx_word' id='word_1_161' title='bbox 946 2170 1221 2226; x_wconf 89' lang='lat' dir='ltr'><strong>ultimum</strong></span> <span class='ocrx_word' id='word_1_162' title='bbox 1254 2176 1440 2227; x_wconf 73' lang='lat' dir='ltr'><strong>terrm.</strong></span> <span class='ocrx_word' id='word_1_163' title='bbox 1468 2172 1595 2244; x_wconf 89' lang='lat' dir='ltr'><strong>Ipse</strong></span> <span class='ocrx_word' id='word_1_164' title='bbox 1627 2171 1768 2226; x_wconf 84' lang='lat' dir='ltr'><strong>visi-</strong></span> 
     </span>
    </p>
   </div>
   <div class='ocr_carea' id='block_1_24' title="bbox 126 2259 1770 2333">
    <p class='ocr_par' dir='ltr' id='par_1_24' title="bbox 126 2259 1770 2333">
     <span class='ocr_line' id='line_1_24' title="bbox 126 2259 1770 2333; baseline -0.001 -18"><span class='ocrx_word' id='word_1_165' title='bbox 126 2261 324 2316; x_wconf 88' lang='lat' dir='ltr'><strong>biliter</strong></span> <span class='ocrx_word' id='word_1_166' title='bbox 367 2276 597 2333; x_wconf 88' lang='lat' dir='ltr'><strong>quoque</strong></span> <span class='ocrx_word' id='word_1_167' title='bbox 640 2275 740 2316; x_wconf 90' lang='lat' dir='ltr'><strong>eos</strong></span> <span class='ocrx_word' id='word_1_168' title='bbox 791 2259 1195 2327; x_wconf 78' lang='lat' dir='ltr'><strong>inflammavit,</strong></span> <span class='ocrx_word' id='word_1_169' title='bbox 1228 2260 1615 2333; x_wconf 90' lang='lat' dir='ltr'><strong>omniumque</strong></span> <span class='ocrx_word' id='word_1_170' title='bbox 1658 2260 1770 2315; x_wconf 82' lang='lat' dir='ltr'><strong>lin-</strong></span> 
     </span>
    </p>
   </div>
   <div class='ocr_carea' id='block_1_25' title="bbox 124 2348 1768 2423">
    <p class='ocr_par' dir='ltr' id='par_1_25' title="bbox 124 2348 1768 2423">
     <span class='ocr_line' id='line_1_25' title="bbox 124 2348 1768 2423; baseline -0.001 -18"><span class='ocrx_word' id='word_1_171' title='bbox 124 2365 375 2423; x_wconf 87' lang='lat' dir='ltr'><strong>gnarum</strong></span> <span class='ocrx_word' id='word_1_172' title='bbox 408 2366 526 2404; x_wconf 70' lang='lat' dir='ltr'><strong>sua:</strong></span> <span class='ocrx_word' id='word_1_173' title='bbox 558 2348 1067 2422; x_wconf 88' lang='lat' dir='ltr'><strong>septemplicitatis</strong></span> <span class='ocrx_word' id='word_1_174' title='bbox 1093 2349 1280 2422; x_wconf 89' lang='lat' dir='ltr'><strong>gratia</strong></span> <span class='ocrx_word' id='word_1_175' title='bbox 1301 2349 1768 2422; x_wconf 82' lang='lat' dir='ltr'><strong>donaviLIpsein</strong></span> 
     </span>
    </p>
   </div>
   <div class='ocr_carea' id='block_1_26' title="bbox 127 2436 1773 2511">
    <p class='ocr_par' dir='ltr' id='par_1_26' title="bbox 127 2436 1773 2511">
     <span class='ocr_line' id='line_1_26' title="bbox 127 2436 1773 2511; baseline 0 -17"><span class='ocrx_word' id='word_1_176' title='bbox 127 2437 405 2511; x_wconf 86' lang='lat' dir='ltr'><strong>apostolis</strong></span> <span class='ocrx_word' id='word_1_177' title='bbox 454 2437 613 2494; x_wconf 91' lang='lat' dir='ltr'><strong>idioti</strong></span> <span class='ocrx_word' id='word_1_178' title='bbox 646 2441 703 2493; x_wconf 89' lang='lat' dir='ltr'><strong>et</strong></span> <span class='ocrx_word' id='word_1_179' title='bbox 732 2436 857 2494; x_wconf 89' lang='lat' dir='ltr'><strong>sine</strong></span> <span class='ocrx_word' id='word_1_180' title='bbox 888 2437 1102 2495; x_wconf 85' lang='lat' dir='ltr'><strong>litteris</strong></span> <span class='ocrx_word' id='word_1_181' title='bbox 1150 2438 1364 2494; x_wconf 89' lang='lat' dir='ltr'><strong>restitit</strong></span> <span class='ocrx_word' id='word_1_182' title='bbox 1387 2438 1773 2511; x_wconf 65' lang='lat' dir='ltr'><strong>[principibus</strong></span> 
     </span>
    </p>
   </div>
   <div class='ocr_carea' id='block_1_27' title="bbox 127 2523 1771 2599">
    <p class='ocr_par' dir='ltr' id='par_1_27' title="bbox 127 2523 1771 2599">
     <span class='ocr_line' id='line_1_27' title="bbox 127 2523 1771 2599; baseline 0.001 -19"><span class='ocrx_word' id='word_1_183' title='bbox 127 2525 496 2580; x_wconf 89' lang='lat' dir='ltr'><strong>sacerdotum</strong></span> <span class='ocrx_word' id='word_1_184' title='bbox 527 2528 584 2580; x_wconf 91' lang='lat' dir='ltr'><strong>et</strong></span> <span class='ocrx_word' id='word_1_185' title='bbox 613 2523 1060 2597; x_wconf 87' lang='lat' dir='ltr'><strong>magistratibus</strong></span> <span class='ocrx_word' id='word_1_186' title='bbox 1084 2525 1437 2594; x_wconf 69' lang='lat' dir='ltr'><strong>Iudaeorum,</strong></span> <span class='ocrx_word' id='word_1_187' title='bbox 1472 2530 1537 2581; x_wconf 89' lang='lat' dir='ltr'><strong>ut</strong></span> <span class='ocrx_word' id='word_1_188' title='bbox 1576 2526 1771 2599; x_wconf 88' lang='lat' dir='ltr'><strong>prohi-</strong></span> 
     </span>
    </p>
   </div>
   <div class='ocr_carea' id='block_1_28' title="bbox 128 2612 1773 2685">
    <p class='ocr_par' dir='ltr' id='par_1_28' title="bbox 128 2612 1773 2685">
     <span class='ocr_line' id='line_1_28' title="bbox 128 2612 1773 2685; baseline 0.001 -16"><span class='ocrx_word' id='word_1_189' title='bbox 128 2613 228 2669; x_wconf 91' lang='lat' dir='ltr'><strong>biti</strong></span> <span class='ocrx_word' id='word_1_190' title='bbox 282 2612 447 2685; x_wconf 89' lang='lat' dir='ltr'><strong>loqui</strong></span> <span class='ocrx_word' id='word_1_191' title='bbox 491 2615 828 2668; x_wconf 88' lang='lat' dir='ltr'><strong>constanter</strong></span> <span class='ocrx_word' id='word_1_192' title='bbox 884 2614 1302 2685; x_wconf 87' lang='lat' dir='ltr'><strong>responderent</strong></span> <span class='ocrx_word' id='word_1_193' title='bbox 1363 2631 1376 2670; x_wconf 88' lang='lat'><strong>:</strong></span> <span class='ocrx_word' id='word_1_194' title='bbox 1438 2638 1465 2663; x_wconf 89' lang='grc'><strong><em>‹‹</em></strong></span> <span class='ocrx_word' id='word_1_195' title='bbox 1528 2614 1773 2670; x_wconf 89' lang='lat' dir='ltr'><strong>Obedire</strong></span> 
     </span>
    </p>
   </div>
   <div class='ocr_carea' id='block_1_29' title="bbox 126 2701 1771 2776">
    <p class='ocr_par' dir='ltr' id='par_1_29' title="bbox 126 2701 1771 2776">
     <span class='ocr_line' id='line_1_29' title="bbox 126 2701 1771 2776; baseline -0.004 -17"><span class='ocrx_word' id='word_1_196' title='bbox 126 2706 354 2775; x_wconf 90' lang='lat' dir='ltr'><strong>oportet</strong></span> <span class='ocrx_word' id='word_1_197' title='bbox 386 2702 577 2775; x_wconf 90' lang='lat' dir='ltr'><strong>magis</strong></span> <span class='ocrx_word' id='word_1_198' title='bbox 606 2701 723 2758; x_wconf 92' lang='lat' dir='ltr'><strong>Deo</strong></span> <span class='ocrx_word' id='word_1_199' title='bbox 764 2717 941 2774; x_wconf 88' lang='lat' dir='ltr'><strong>quam</strong></span> <span class='ocrx_word' id='word_1_200' title='bbox 972 2702 1313 2759; x_wconf 89' lang='lat' dir='ltr'><strong>hominibus</strong></span> <span class='ocrx_word' id='word_1_201' title='bbox 1345 2704 1477 2776; x_wconf 78' lang='lat' dir='ltr'><strong>(Act.</strong></span> <span class='ocrx_word' id='word_1_202' title='bbox 1511 2721 1563 2770; x_wconf 92' lang='lat' dir='ltr'><strong>v,</strong></span> <span class='ocrx_word' id='word_1_203' title='bbox 1596 2706 1707 2776; x_wconf 80' lang='lat'><strong>29),</strong></span> <span class='ocrx_word' id='word_1_204' title='bbox 1744 2726 1771 2755; x_wconf 70' lang='grc' dir='ltr'><strong>ι)</strong></span> 
     </span>
    </p>
   </div>
   <div class='ocr_carea' id='block_1_30' title="bbox 126 2789 1774 2865">
    <p class='ocr_par' dir='ltr' id='par_1_30' title="bbox 126 2789 1774 2865">
     <span class='ocr_line' id='line_1_30' title="bbox 126 2789 1774 2865; baseline 0.001 -19"><span class='ocrx_word' id='word_1_205' title='bbox 126 2796 181 2846; x_wconf 90' lang='lat' dir='ltr'><strong>et</strong></span> <span class='ocrx_word' id='word_1_206' title='bbox 207 2791 253 2846; x_wconf 90' lang='lat' dir='ltr'><strong>si</strong></span> <span class='ocrx_word' id='word_1_207' title='bbox 275 2791 513 2863; x_wconf 88' lang='lat' dir='ltr'><strong>justum</strong></span> <span class='ocrx_word' id='word_1_208' title='bbox 542 2794 632 2846; x_wconf 90' lang='lat' dir='ltr'><strong>est</strong></span> <span class='ocrx_word' id='word_1_209' title='bbox 660 2789 721 2845; x_wconf 89' lang='lat' dir='ltr'><strong>in</strong></span> <span class='ocrx_word' id='word_1_210' title='bbox 752 2795 1064 2862; x_wconf 88' lang='lat' dir='ltr'><strong>conspectu</strong></span> <span class='ocrx_word' id='word_1_211' title='bbox 1098 2790 1198 2847; x_wconf 92' lang='lat' dir='ltr'><strong>Dei</strong></span> <span class='ocrx_word' id='word_1_212' title='bbox 1230 2807 1331 2847; x_wconf 90' lang='lat' dir='ltr'><strong>vos</strong></span> <span class='ocrx_word' id='word_1_213' title='bbox 1362 2792 1556 2865; x_wconf 90' lang='lat' dir='ltr'><strong>potius</strong></span> <span class='ocrx_word' id='word_1_214' title='bbox 1573 2793 1774 2849; x_wconf 90' lang='lat' dir='ltr'><strong>audire</strong></span> 
     </span>
    </p>
   </div>
   <div class='ocr_carea' id='block_1_31' title="bbox 126 2879 1774 2953">
    <p class='ocr_par' dir='ltr' id='par_1_31' title="bbox 126 2879 1774 2953">
     <span class='ocr_line' id='line_1_31' title="bbox 126 2879 1774 2953; baseline 0.001 -18"><span class='ocrx_word' id='word_1_215' title='bbox 126 2896 301 2952; x_wconf 89' lang='lat' dir='ltr'><strong>quam</strong></span> <span class='ocrx_word' id='word_1_216' title='bbox 340 2879 549 2947; x_wconf 90' lang='lat' dir='ltr'><strong>Deum,</strong></span> <span class='ocrx_word' id='word_1_217' title='bbox 574 2879 855 2951; x_wconf 88' lang='lat' dir='ltr'><strong>judicate.</strong></span> <span class='ocrx_word' id='word_1_218' title='bbox 890 2879 1087 2951; x_wconf 89' lang='lat' dir='ltr'><strong>Neque</strong></span> <span class='ocrx_word' id='word_1_219' title='bbox 1116 2879 1271 2935; x_wconf 90' lang='lat' dir='ltr'><strong>enim</strong></span> <span class='ocrx_word' id='word_1_220' title='bbox 1304 2897 1620 2952; x_wconf 89' lang='lat' dir='ltr'><strong>possumus</strong></span> <span class='ocrx_word' id='word_1_221' title='bbox 1647 2898 1774 2953; x_wconf 73' lang='lat' dir='ltr'><strong>qua:</strong></span> 
     </span>
    </p>
   </div>
   <div class='ocr_carea' id='block_1_32' title="bbox 126 2966 1776 3043">
    <p class='ocr_par' dir='ltr' id='par_1_32' title="bbox 126 2966 1776 3043">
     <span class='ocr_line' id='line_1_32' title="bbox 126 2966 1776 3043; baseline -0.002 -19"><span class='ocrx_word' id='word_1_222' title='bbox 126 2969 459 3025; x_wconf 89' lang='lat' dir='ltr'><strong>audivimus</strong></span> <span class='ocrx_word' id='word_1_223' title='bbox 509 2972 566 3023; x_wconf 91' lang='lat' dir='ltr'><strong>et</strong></span> <span class='ocrx_word' id='word_1_224' title='bbox 613 2968 868 3023; x_wconf 89' lang='lat' dir='ltr'><strong>vidimus</strong></span> <span class='ocrx_word' id='word_1_225' title='bbox 917 2985 1029 3023; x_wconf 92' lang='lat' dir='ltr'><strong>non</strong></span> <span class='ocrx_word' id='word_1_226' title='bbox 1062 2966 1445 3041; x_wconf 79' lang='lat' dir='ltr'><strong>loqui(Act.iv,</strong></span> <span class='ocrx_word' id='word_1_227' title='bbox 1481 2970 1568 3037; x_wconf 83' lang='lat' dir='ltr'><strong>l9,</strong></span> <span class='ocrx_word' id='word_1_228' title='bbox 1600 2972 1712 3043; x_wconf 84' lang='lat'><strong>20),</strong></span> <span class='ocrx_word' id='word_1_229' title='bbox 1748 2993 1776 3020; x_wconf 84' lang='grc'><strong>››</strong></span> 
     </span>
    </p>
   </div>
   <div class='ocr_carea' id='block_1_33' title="bbox 126 3057 1776 3131">
    <p class='ocr_par' dir='ltr' id='par_1_33' title="bbox 126 3057 1776 3131">
     <span class='ocr_line' id='line_1_33' title="bbox 126 3057 1776 3131; baseline 0.001 -17"><span class='ocrx_word' id='word_1_230' title='bbox 126 3062 178 3114; x_wconf 91' lang='lat' dir='ltr'><strong>et</strong></span> <span class='ocrx_word' id='word_1_231' title='bbox 193 3058 323 3114; x_wconf 79' lang='lat' dir='ltr'><strong>caesi</strong></span> <span class='ocrx_word' id='word_1_232' title='bbox 354 3057 679 3131; x_wconf 83' lang='lat' dir='ltr'><strong>gaudentes</strong></span> <span class='ocrx_word' id='word_1_233' title='bbox 694 3074 727 3112; x_wconf 90' lang='lat' dir='ltr'><strong>a</strong></span> <span class='ocrx_word' id='word_1_234' title='bbox 743 3062 1053 3129; x_wconf 87' lang='lat' dir='ltr'><strong>conspectu</strong></span> <span class='ocrx_word' id='word_1_235' title='bbox 1079 3057 1305 3113; x_wconf 90' lang='lat' dir='ltr'><strong>concilii</strong></span> <span class='ocrx_word' id='word_1_236' title='bbox 1330 3058 1480 3115; x_wconf 90' lang='lat' dir='ltr'><strong>irent</strong></span> <span class='ocrx_word' id='word_1_237' title='bbox 1499 3059 1776 3131; x_wconf 88' lang='lat' dir='ltr'><strong>quoniam</strong></span> 
     </span>
    </p>
   </div>
   <div class='ocr_carea' id='block_1_34' title="bbox 129 3145 1773 3222">
    <p class='ocr_par' dir='ltr' id='par_1_34' title="bbox 129 3145 1773 3222">
     <span class='ocr_line' id='line_1_34' title="bbox 129 3145 1773 3222; baseline 0.002 -21"><span class='ocrx_word' id='word_1_238' title='bbox 129 3148 284 3220; x_wconf 87' lang='lat' dir='ltr'><strong>digni</strong></span> <span class='ocrx_word' id='word_1_239' title='bbox 322 3147 543 3203; x_wconf 81' lang='lat' dir='ltr'><strong>fuerint</strong></span> <span class='ocrx_word' id='word_1_240' title='bbox 572 3164 675 3219; x_wconf 93' lang='lat' dir='ltr'><strong>pro</strong></span> <span class='ocrx_word' id='word_1_241' title='bbox 707 3145 940 3202; x_wconf 87' lang='lat' dir='ltr'><strong>nomine</strong></span> <span class='ocrx_word' id='word_1_242' title='bbox 979 3147 1120 3202; x_wconf 85' lang='lat' dir='ltr'><strong>Jesu</strong></span> <span class='ocrx_word' id='word_1_243' title='bbox 1168 3148 1583 3203; x_wconf 79' lang='lat' dir='ltr'><strong>contumeliam</strong></span> <span class='ocrx_word' id='word_1_244' title='bbox 1633 3150 1773 3222; x_wconf 90' lang='lat' dir='ltr'><strong>pati.</strong></span> 
     </span>
    </p>
   </div>
   <div class='ocr_carea' id='block_1_35' title="bbox 127 3219 1849 3309">
    <p class='ocr_par' dir='ltr' id='par_1_35' title="bbox 127 3219 1849 3309">
     <span class='ocr_line' id='line_1_35' title="bbox 127 3219 1849 3309; baseline 0.001 -18"><span class='ocrx_word' id='word_1_245' title='bbox 127 3219 251 3309; x_wconf 80' lang='lat' dir='ltr'><strong>Ipse</strong></span> <span class='ocrx_word' id='word_1_246' title='bbox 310 3236 438 3291; x_wconf 92' lang='lat' dir='ltr'><strong>illis</strong></span> <span class='ocrx_word' id='word_1_247' title='bbox 495 3235 798 3290; x_wconf 88' lang='lat' dir='ltr'><strong>orantibus</strong></span> <span class='ocrx_word' id='word_1_248' title='bbox 854 3233 1045 3290; x_wconf 91' lang='lat' dir='ltr'><strong>locum</strong></span> <span class='ocrx_word' id='word_1_249' title='bbox 1097 3235 1155 3291; x_wconf 92' lang='lat' dir='ltr'><strong>in</strong></span> <span class='ocrx_word' id='word_1_250' title='bbox 1206 3252 1322 3308; x_wconf 89' lang='lat' dir='ltr'><strong>quo</strong></span> <span class='ocrx_word' id='word_1_251' title='bbox 1366 3241 1531 3292; x_wconf 89' lang='lat' dir='ltr'><strong>erant</strong></span> <span class='ocrx_word' id='word_1_252' title='bbox 1575 3219 1773 3308; x_wconf 82' lang='lat' dir='ltr'><strong>movit,</strong></span> <span class='ocrx_word' id='word_1_253' title='bbox 1806 3219 1849 3285; x_wconf 75' lang='lat' dir='ltr'><strong>C-</strong></span> 
     </span>
    </p>
   </div>
   <div class='ocr_carea' id='block_1_36' title="bbox 125 3323 1782 3398">
    <p class='ocr_par' dir='ltr' id='par_1_36' title="bbox 125 3323 1782 3398">
     <span class='ocr_line' id='line_1_36' title="bbox 125 3323 1782 3398; baseline 0 -16"><span class='ocrx_word' id='word_1_254' title='bbox 125 3343 350 3397; x_wconf 78' lang='lat' dir='ltr'><strong>eosque</strong></span> <span class='ocrx_word' id='word_1_255' title='bbox 407 3328 473 3379; x_wconf 85' lang='lat' dir='ltr'><strong>ut</strong></span> <span class='ocrx_word' id='word_1_256' title='bbox 530 3323 770 3379; x_wconf 89' lang='lat' dir='ltr'><strong>verbum</strong></span> <span class='ocrx_word' id='word_1_257' title='bbox 836 3323 926 3379; x_wconf 92' lang='lat' dir='ltr'><strong>Dei</strong></span> <span class='ocrx_word' id='word_1_258' title='bbox 976 3340 1108 3378; x_wconf 90' lang='lat' dir='ltr'><strong>cum</strong></span> <span class='ocrx_word' id='word_1_259' title='bbox 1162 3324 1373 3380; x_wconf 88' lang='lat' dir='ltr'><strong>fiducia</strong></span> <span class='ocrx_word' id='word_1_260' title='bbox 1404 3324 1782 3398; x_wconf 88' lang='lat' dir='ltr'><strong>loquerentur</strong></span> 
     </span>
    </p>
   </div>
   <div class='ocr_carea' id='block_1_37' title="bbox 130 3412 1779 3487">
    <p class='ocr_par' dir='ltr' id='par_1_37' title="bbox 130 3412 1779 3487">
     <span class='ocr_line' id='line_1_37' title="bbox 130 3412 1779 3487; baseline 0.002 -19"><span class='ocrx_word' id='word_1_261' title='bbox 130 3413 391 3486; x_wconf 85' lang='lat' dir='ltr'><strong>replevit.</strong></span> <span class='ocrx_word' id='word_1_262' title='bbox 430 3414 560 3485; x_wconf 91' lang='lat' dir='ltr'><strong>Ipse</strong></span> <span class='ocrx_word' id='word_1_263' title='bbox 591 3412 760 3483; x_wconf 80' lang='lat' dir='ltr'><strong>signa</strong></span> <span class='ocrx_word' id='word_1_264' title='bbox 802 3415 859 3467; x_wconf 89' lang='lat' dir='ltr'><strong>et</strong></span> <span class='ocrx_word' id='word_1_265' title='bbox 895 3412 1160 3485; x_wconf 87' lang='lat' dir='ltr'><strong>prodigia</strong></span> <span class='ocrx_word' id='word_1_266' title='bbox 1211 3413 1397 3470; x_wconf 88' lang='lat' dir='ltr'><strong>multa</strong></span> <span class='ocrx_word' id='word_1_267' title='bbox 1438 3430 1540 3487; x_wconf 91' lang='lat' dir='ltr'><strong>per</strong></span> <span class='ocrx_word' id='word_1_268' title='bbox 1569 3433 1779 3471; x_wconf 90' lang='lat' dir='ltr'><strong>manus</strong></span> 
     </span>
    </p>
   </div>
   <div class='ocr_carea' id='block_1_38' title="bbox 132 3501 1776 3574">
    <p class='ocr_par' dir='ltr' id='par_1_38' title="bbox 132 3501 1776 3574">
     <span class='ocr_line' id='line_1_38' title="bbox 132 3501 1776 3574; baseline 0.002 -17"><span class='ocrx_word' id='word_1_269' title='bbox 132 3502 533 3574; x_wconf 86' lang='lat' dir='ltr'><strong>apostolorum</strong></span> <span class='ocrx_word' id='word_1_270' title='bbox 569 3501 857 3573; x_wconf 85' lang='lat' dir='ltr'><strong>fecit.lpse</strong></span> <span class='ocrx_word' id='word_1_271' title='bbox 889 3518 989 3556; x_wconf 81' lang='lat' dir='ltr'><strong>cor</strong></span> <span class='ocrx_word' id='word_1_272' title='bbox 1020 3518 1200 3556; x_wconf 90' lang='lat' dir='ltr'><strong>unum</strong></span> <span class='ocrx_word' id='word_1_273' title='bbox 1234 3506 1290 3557; x_wconf 91' lang='lat' dir='ltr'><strong>et</strong></span> <span class='ocrx_word' id='word_1_274' title='bbox 1319 3503 1573 3559; x_wconf 89' lang='lat' dir='ltr'><strong>animam</strong></span> <span class='ocrx_word' id='word_1_275' title='bbox 1600 3522 1776 3560; x_wconf 91' lang='lat' dir='ltr'><strong>unam</strong></span> 
     </span>
    </p>
   </div>
   <div class='ocr_carea' id='block_1_39' title="bbox 136 3589 1779 3664">
    <p class='ocr_par' dir='ltr' id='par_1_39' title="bbox 136 3589 1779 3664">
     <span class='ocr_line' id='line_1_39' title="bbox 136 3589 1779 3664; baseline 0.002 -19"><span class='ocrx_word' id='word_1_276' title='bbox 136 3590 505 3647; x_wconf 89' lang='lat' dir='ltr'><strong>multitudini</strong></span> <span class='ocrx_word' id='word_1_277' title='bbox 538 3589 896 3645; x_wconf 89' lang='lat' dir='ltr'><strong>credentium</strong></span> <span class='ocrx_word' id='word_1_278' title='bbox 928 3590 1135 3646; x_wconf 76' lang='lat' dir='ltr'><strong>effecit.</strong></span> <span class='ocrx_word' id='word_1_279' title='bbox 1157 3591 1283 3664; x_wconf 89' lang='lat' dir='ltr'><strong>Ipse</strong></span> <span class='ocrx_word' id='word_1_280' title='bbox 1303 3592 1508 3648; x_wconf 73' lang='lat' dir='ltr'><strong>debitae</strong></span> <span class='ocrx_word' id='word_1_281' title='bbox 1531 3594 1779 3648; x_wconf 69' lang='lat' dir='ltr'><strong>caanobi-</strong></span> 
     </span>
    </p>
   </div>
   <div class='ocr_carea' id='block_1_40' title="bbox 133 3677 1782 3753">
    <p class='ocr_par' dir='ltr' id='par_1_40' title="bbox 133 3677 1782 3753">
     <span class='ocr_line' id='line_1_40' title="bbox 133 3677 1782 3753; baseline 0.002 -20"><span class='ocrx_word' id='word_1_282' title='bbox 133 3677 596 3753; x_wconf 72' lang='lat' dir='ltr'><strong>tis(20)pecunia3</strong></span> <span class='ocrx_word' id='word_1_283' title='bbox 619 3678 979 3735; x_wconf 85' lang='lat' dir='ltr'><strong>fraudatores</strong></span> <span class='ocrx_word' id='word_1_284' title='bbox 995 3680 1169 3735; x_wconf 88' lang='lat' dir='ltr'><strong>verbo</strong></span> <span class='ocrx_word' id='word_1_285' title='bbox 1193 3680 1343 3736; x_wconf 86' lang='lat' dir='ltr'><strong>Petri</strong></span> <span class='ocrx_word' id='word_1_286' title='bbox 1366 3680 1574 3737; x_wconf 90' lang='lat' dir='ltr'><strong>occidit</strong></span> <span class='ocrx_word' id='word_1_287' title='bbox 1590 3681 1782 3737; x_wconf 88' lang='lat' dir='ltr'><strong>dicen-</strong></span> 
     </span>
    </p>
   </div>
   <div class='ocr_carea' id='block_1_41' title="bbox 134 3767 1777 3834">
    <p class='ocr_par' dir='ltr' id='par_1_41' title="bbox 134 3767 1777 3834">
     <span class='ocr_line' id='line_1_41' title="bbox 134 3767 1777 3834; baseline 0.002 -11"><span class='ocrx_word' id='word_1_288' title='bbox 134 3767 206 3823; x_wconf 86' lang='lat' dir='ltr'><strong>tis</strong></span> <span class='ocrx_word' id='word_1_289' title='bbox 239 3785 252 3823; x_wconf 92' lang='lat'>:</span> <span class='ocrx_word' id='word_1_290' title='bbox 287 3792 315 3820; x_wconf 88' lang='grc'><strong>‹‹</strong></span> <span class='ocrx_word' id='word_1_291' title='bbox 348 3767 712 3834; x_wconf 78' lang='lat' dir='ltr'><strong>Anania,cur</strong></span> <span class='ocrx_word' id='word_1_292' title='bbox 742 3768 984 3824; x_wconf 88' lang='lat' dir='ltr'><strong>tentavit</strong></span> <span class='ocrx_word' id='word_1_293' title='bbox 1010 3769 1259 3826; x_wconf 88' lang='lat' dir='ltr'><strong>Satanas</strong></span> <span class='ocrx_word' id='word_1_294' title='bbox 1287 3786 1387 3826; x_wconf 92' lang='lat' dir='ltr'><strong>cor</strong></span> <span class='ocrx_word' id='word_1_295' title='bbox 1412 3774 1581 3826; x_wconf 90' lang='lat' dir='ltr'><strong>tuum</strong></span> <span class='ocrx_word' id='word_1_296' title='bbox 1613 3787 1777 3828; x_wconf 90' lang='lat' dir='ltr'><strong>men-</strong></span> 
     </span>
    </p>
   </div>
   <div class='ocr_carea' id='block_1_42' title="bbox 132 3856 1779 3930">
    <p class='ocr_par' dir='ltr' id='par_1_42' title="bbox 132 3856 1779 3930">
     <span class='ocr_line' id='line_1_42' title="bbox 132 3856 1779 3930; baseline 0.004 -20"><span class='ocrx_word' id='word_1_297' title='bbox 132 3856 221 3911; x_wconf 90' lang='lat' dir='ltr'><strong>tiri</strong></span> <span class='ocrx_word' id='word_1_298' title='bbox 246 3862 303 3913; x_wconf 91' lang='lat' dir='ltr'><strong>te</strong></span> <span class='ocrx_word' id='word_1_299' title='bbox 324 3856 573 3930; x_wconf 89' lang='lat' dir='ltr'><strong>Spiritui</strong></span> <span class='ocrx_word' id='word_1_300' title='bbox 598 3860 799 3913; x_wconf 90' lang='lat' dir='ltr'><strong>sancto</strong></span> <span class='ocrx_word' id='word_1_301' title='bbox 818 3856 847 3912; x_wconf 84' lang='lat'><strong>?</strong></span> <span class='ocrx_word' id='word_1_302' title='bbox 867 3857 991 3913; x_wconf 90' lang='lat' dir='ltr'><strong>Non</strong></span> <span class='ocrx_word' id='word_1_303' title='bbox 1014 3874 1076 3914; x_wconf 90' lang='lat' dir='ltr'><strong>es</strong></span> <span class='ocrx_word' id='word_1_304' title='bbox 1100 3858 1381 3914; x_wconf 91' lang='lat' dir='ltr'><strong>mentitus</strong></span> <span class='ocrx_word' id='word_1_305' title='bbox 1419 3858 1779 3923; x_wconf 89' lang='lat' dir='ltr'><strong>hominibus.</strong></span> 
     </span>
    </p>
   </div>
   <div class='ocr_carea' id='block_1_43' title="bbox 135 3945 1782 4019">
    <p class='ocr_par' dir='ltr' id='par_1_43' title="bbox 135 3945 1782 4019">
     <span class='ocr_line' id='line_1_43' title="bbox 135 3945 1782 4019; baseline 0.004 -19"><span class='ocrx_word' id='word_1_306' title='bbox 135 3946 228 4001; x_wconf 89' lang='lat' dir='ltr'><strong>sed</strong></span> <span class='ocrx_word' id='word_1_307' title='bbox 257 3947 370 4004; x_wconf 69' lang='lat' dir='ltr'><strong>[Teo</strong></span> <span class='ocrx_word' id='word_1_308' title='bbox 393 3945 543 4019; x_wconf 80' lang='grc' dir='ltr'><strong>(Λει.</strong></span> <span class='ocrx_word' id='word_1_309' title='bbox 575 3946 744 4018; x_wconf 69' lang='grc' dir='ltr'><strong>ν,34).</strong></span> <span class='ocrx_word' id='word_1_310' title='bbox 776 3946 841 4000; x_wconf 87' lang='lat' dir='ltr'><strong>Et</strong></span> <span class='ocrx_word' id='word_1_311' title='bbox 873 3946 1075 4019; x_wconf 88' lang='lat' dir='ltr'><strong>utique</strong></span> <span class='ocrx_word' id='word_1_312' title='bbox 1105 3946 1374 4003; x_wconf 87' lang='lat' dir='ltr'><strong>convenit</strong></span> <span class='ocrx_word' id='word_1_313' title='bbox 1401 3947 1567 4004; x_wconf 91' lang='lat' dir='ltr'><strong>vobis</strong></span> <span class='ocrx_word' id='word_1_314' title='bbox 1592 3952 1782 4005; x_wconf 89' lang='lat' dir='ltr'><strong>tenta-</strong></span> 
     </span>
    </p>
   </div>
   <div class='ocr_carea' id='block_1_44' title="bbox 134 4034 1095 4108">
    <p class='ocr_par' dir='ltr' id='par_1_44' title="bbox 134 4034 1095 4108">
     <span class='ocr_line' id='line_1_44' title="bbox 134 4034 1095 4108; baseline 0.003 -19"><span class='ocrx_word' id='word_1_315' title='bbox 134 4050 191 4089; x_wconf 87' lang='lat' dir='ltr'><strong>re</strong></span> <span class='ocrx_word' id='word_1_316' title='bbox 220 4035 509 4108; x_wconf 88' lang='lat' dir='ltr'><strong>Spiritum</strong></span> <span class='ocrx_word' id='word_1_317' title='bbox 540 4034 770 4091; x_wconf 89' lang='lat' dir='ltr'><strong>Domini</strong></span> <span class='ocrx_word' id='word_1_318' title='bbox 801 4034 985 4104; x_wconf 78' lang='lat' dir='ltr'><strong>(Ibid.,</strong></span> <span class='ocrx_word' id='word_1_319' title='bbox 1016 4036 1095 4108; x_wconf 88' lang='lat'><strong>9).</strong></span> 
     </span>
    </p>
   </div>
   <div class='ocr_carea' id='block_1_45' title="bbox 202 4123 1779 4197">
    <p class='ocr_par' dir='ltr' id='par_1_45' title="bbox 202 4123 1779 4197">
     <span class='ocr_line' id='line_1_45' title="bbox 202 4123 1779 4197; baseline 0.003 -18"><span class='ocrx_word' id='word_1_320' title='bbox 202 4123 263 4179; x_wconf 89' lang='lat' dir='ltr'><strong>In</strong></span> <span class='ocrx_word' id='word_1_321' title='bbox 295 4124 517 4197; x_wconf 89' lang='lat' dir='ltr'><strong>quibus</strong></span> <span class='ocrx_word' id='word_1_322' title='bbox 549 4127 745 4196; x_wconf 90' lang='lat' dir='ltr'><strong>aperte</strong></span> <span class='ocrx_word' id='word_1_323' title='bbox 776 4124 1142 4197; x_wconf 57' lang='lat' dir='ltr'><strong>praedicatur,</strong></span> <span class='ocrx_word' id='word_1_324' title='bbox 1175 4142 1291 4182; x_wconf 91' lang='lat' dir='ltr'><strong>non</strong></span> <span class='ocrx_word' id='word_1_325' title='bbox 1323 4124 1655 4195; x_wconf 89' lang='lat' dir='ltr'><strong>hominum,</strong></span> <span class='ocrx_word' id='word_1_326' title='bbox 1679 4128 1779 4184; x_wconf 92' lang='lat' dir='ltr'><strong>sed</strong></span> 
     </span>
    </p>
   </div>
   <div class='ocr_carea' id='block_1_46' title="bbox 138 4209 1779 4287">
    <p class='ocr_par' dir='ltr' id='par_1_46' title="bbox 138 4209 1779 4287">
     <span class='ocr_line' id='line_1_46' title="bbox 138 4209 1779 4287; baseline 0.005 -24"><span class='ocrx_word' id='word_1_327' title='bbox 138 4209 388 4281; x_wconf 89' lang='lat' dir='ltr'><strong>Spiritus</strong></span> <span class='ocrx_word' id='word_1_328' title='bbox 414 4212 601 4268; x_wconf 87' lang='lat' dir='ltr'><strong>sancti</strong></span> <span class='ocrx_word' id='word_1_329' title='bbox 633 4211 813 4269; x_wconf 91' lang='lat' dir='ltr'><strong>fuisse</strong></span> <span class='ocrx_word' id='word_1_330' title='bbox 840 4212 1169 4285; x_wconf 83' lang='lat' dir='ltr'><strong>pecuniam,</strong></span> <span class='ocrx_word' id='word_1_331' title='bbox 1206 4231 1322 4287; x_wconf 90' lang='lat' dir='ltr'><strong>qua</strong></span> <span class='ocrx_word' id='word_1_332' title='bbox 1368 4215 1665 4271; x_wconf 66' lang='lat' dir='ltr'><strong>crenobitae</strong></span> <span class='ocrx_word' id='word_1_333' title='bbox 1696 4214 1779 4271; x_wconf 93' lang='lat' dir='ltr'><strong>illi</strong></span> 
     </span>
    </p>
   </div>
   <div class='ocr_carea' id='block_1_47' title="bbox 140 4300 1782 4377">
    <p class='ocr_par' dir='ltr' id='par_1_47' title="bbox 140 4300 1782 4377">
     <span class='ocr_line' id='line_1_47' title="bbox 140 4300 1782 4377; baseline 0.006 -26"><span class='ocrx_word' id='word_1_334' title='bbox 140 4300 439 4373; x_wconf 89' lang='lat' dir='ltr'><strong>temporali</strong></span> <span class='ocrx_word' id='word_1_335' title='bbox 449 4304 535 4358; x_wconf 89' lang='lat' dir='ltr'><strong>ter</strong></span> <span class='ocrx_word' id='word_1_336' title='bbox 544 4301 629 4358; x_wconf 85' lang='lat' dir='ltr'><strong>sic</strong></span> <span class='ocrx_word' id='word_1_337' title='bbox 641 4302 1258 4372; x_wconf 88' lang='lat' dir='ltr'><strong>sustentabantur,nec</strong></span> <span class='ocrx_word' id='word_1_338' title='bbox 1274 4303 1591 4376; x_wconf 89' lang='lat' dir='ltr'><strong>quisquam</strong></span> <span class='ocrx_word' id='word_1_339' title='bbox 1605 4321 1782 4377; x_wconf 89' lang='lat' dir='ltr'><strong>egens</strong></span> 
     </span>
    </p>
   </div>
   <div class='ocr_carea' id='block_1_48' title="bbox 140 4384 1780 4466">
    <p class='ocr_par' dir='ltr' id='par_1_48' title="bbox 140 4384 1780 4466">
     <span class='ocr_line' id='line_1_48' title="bbox 140 4384 1780 4466; baseline 0.005 -27"><span class='ocrx_word' id='word_1_340' title='bbox 140 4384 286 4444; x_wconf 87' lang='lat' dir='ltr'><strong>inter</strong></span> <span class='ocrx_word' id='word_1_341' title='bbox 313 4389 448 4447; x_wconf 87' lang='lat' dir='ltr'><strong>illos</strong></span> <span class='ocrx_word' id='word_1_342' title='bbox 482 4389 858 4447; x_wconf 89' lang='lat' dir='ltr'><strong>inveniretur.</strong></span> <span class='ocrx_word' id='word_1_343' title='bbox 889 4391 993 4447; x_wconf 89' lang='lat' dir='ltr'><strong>Cui</strong></span> <span class='ocrx_word' id='word_1_344' title='bbox 1042 4391 1124 4447; x_wconf 92' lang='lat' dir='ltr'><strong>illi</strong></span> <span class='ocrx_word' id='word_1_345' title='bbox 1171 4392 1399 4448; x_wconf 89' lang='lat' dir='ltr'><strong>mentiti</strong></span> <span class='ocrx_word' id='word_1_346' title='bbox 1430 4396 1780 4466; x_wconf 91' lang='lat' dir='ltr'><strong>arguuntur,</strong></span> 
     </span>
    </p>
   </div>
   <div class='ocr_carea' id='block_1_49' title="bbox 143 4480 1784 4555">
    <p class='ocr_par' dir='ltr' id='par_1_49' title="bbox 143 4480 1784 4555">
     <span class='ocr_line' id='line_1_49' title="bbox 143 4480 1784 4555; baseline 0.005 -26"><span class='ocrx_word' id='word_1_347' title='bbox 143 4489 388 4549; x_wconf 82' lang='lat' dir='ltr'><strong>moxque</strong></span> <span class='ocrx_word' id='word_1_348' title='bbox 415 4480 943 4553; x_wconf 79' lang='lat' dir='ltr'><strong>defunguntur,qui</strong></span> <span class='ocrx_word' id='word_1_349' title='bbox 975 4481 1281 4537; x_wconf 89' lang='lat' dir='ltr'><strong>tentabant</strong></span> <span class='ocrx_word' id='word_1_350' title='bbox 1310 4482 1582 4538; x_wconf 90' lang='lat' dir='ltr'><strong>eumdem</strong></span> <span class='ocrx_word' id='word_1_351' title='bbox 1604 4481 1784 4555; x_wconf 89' lang='lat' dir='ltr'><strong>Spiri-</strong></span> 
     </span>
    </p>
   </div>
   <div class='ocr_carea' id='block_1_50' title="bbox 1872 570 3510 646">
    <p class='ocr_par' dir='ltr' id='par_1_50' title="bbox 1872 570 3510 646">
     <span class='ocr_line' id='line_1_50' title="bbox 1872 570 3510 646; baseline 0.005 -21"><span class='ocrx_word' id='word_1_352' title='bbox 1872 570 2235 642; x_wconf 73' lang='lat' dir='ltr'><strong>sempiterna:</strong></span> <span class='ocrx_word' id='word_1_353' title='bbox 2266 571 2484 644; x_wconf 69' lang='lat' dir='ltr'><strong>gratiae.</strong></span> <span class='ocrx_word' id='word_1_354' title='bbox 2507 572 2667 627; x_wconf 89' lang='lat' dir='ltr'><strong>Unde</strong></span> <span class='ocrx_word' id='word_1_355' title='bbox 2688 571 2780 627; x_wconf 92' lang='lat' dir='ltr'><strong>ille</strong></span> <span class='ocrx_word' id='word_1_356' title='bbox 2801 577 3030 628; x_wconf 88' lang='lat' dir='ltr'><strong>tentans</strong></span> <span class='ocrx_word' id='word_1_357' title='bbox 3056 573 3337 646; x_wconf 87' lang='lat' dir='ltr'><strong>Spiritum</strong></span> <span class='ocrx_word' id='word_1_358' title='bbox 3376 596 3510 633; x_wconf 87' lang='lat' dir='ltr'><strong>san-</strong></span> 
     </span>
    </p>
   </div>
   <div class='ocr_carea' id='block_1_51' title="bbox 1869 660 3509 737">
    <p class='ocr_par' dir='ltr' id='par_1_51' title="bbox 1869 660 3509 737">
     <span class='ocr_line' id='line_1_51' title="bbox 1869 660 3509 737; baseline 0.005 -23"><span class='ocrx_word' id='word_1_359' title='bbox 1869 663 2026 715; x_wconf 90' lang='lat' dir='ltr'><strong>ctum</strong></span> <span class='ocrx_word' id='word_1_360' title='bbox 2080 660 2136 714; x_wconf 94' lang='lat' dir='ltr'><strong>in</strong></span> <span class='ocrx_word' id='word_1_361' title='bbox 2185 660 2383 717; x_wconf 83' lang='lat' dir='ltr'><strong>fraude</strong></span> <span class='ocrx_word' id='word_1_362' title='bbox 2436 660 2515 716; x_wconf 89' lang='lat' dir='ltr'><strong>rei</strong></span> <span class='ocrx_word' id='word_1_363' title='bbox 2566 661 2864 717; x_wconf 80' lang='lat' dir='ltr'><strong>exterioris</strong></span> <span class='ocrx_word' id='word_1_364' title='bbox 2910 667 2966 717; x_wconf 90' lang='lat' dir='ltr'><strong>et</strong></span> <span class='ocrx_word' id='word_1_365' title='bbox 3013 662 3280 730; x_wconf 84' lang='lat' dir='ltr'><strong>visibilis,</strong></span> <span class='ocrx_word' id='word_1_366' title='bbox 3332 684 3509 737; x_wconf 90' lang='lat' dir='ltr'><strong>quam</strong></span> 
     </span>
    </p>
   </div>
   <div class='ocr_carea' id='block_1_52' title="bbox 1868 749 3514 825">
    <p class='ocr_par' dir='ltr' id='par_1_52' title="bbox 1868 749 3514 825">
     <span class='ocr_line' id='line_1_52' title="bbox 1868 749 3514 825; baseline 0.005 -21"><span class='ocrx_word' id='word_1_367' title='bbox 1868 749 2475 816; x_wconf 84' lang='lat' dir='ltr'><strong>sanctificavcrat,sola</strong></span> <span class='ocrx_word' id='word_1_368' title='bbox 2508 755 2691 805; x_wconf 89' lang='lat' dir='ltr'><strong>morte</strong></span> <span class='ocrx_word' id='word_1_369' title='bbox 2720 751 3021 807; x_wconf 72' lang='lat' dir='ltr'><strong>exterioris</strong></span> <span class='ocrx_word' id='word_1_370' title='bbox 3046 752 3301 810; x_wconf 88' lang='lat' dir='ltr'><strong>hominis</strong></span> <span class='ocrx_word' id='word_1_371' title='bbox 3322 755 3514 825; x_wconf 88' lang='lat' dir='ltr'><strong>plecti-</strong></span> 
     </span>
    </p>
   </div>
   <div class='ocr_carea' id='block_1_53' title="bbox 1867 837 3509 915">
    <p class='ocr_par' dir='ltr' id='par_1_53' title="bbox 1867 837 3509 915">
     <span class='ocr_line' id='line_1_53' title="bbox 1867 837 3509 915; baseline 0.004 -22"><span class='ocrx_word' id='word_1_372' title='bbox 1867 843 1964 893; x_wconf 89' lang='lat' dir='ltr'><strong>tur</strong></span> <span class='ocrx_word' id='word_1_373' title='bbox 1983 855 1995 900; x_wconf 88' lang='lat'>;</span> <span class='ocrx_word' id='word_1_374' title='bbox 2033 837 2124 893; x_wconf 89' lang='lat' dir='ltr'><strong>hic</strong></span> <span class='ocrx_word' id='word_1_375' title='bbox 2143 843 2336 893; x_wconf 88' lang='lat' dir='ltr'><strong>autem</strong></span> <span class='ocrx_word' id='word_1_376' title='bbox 2371 839 2630 894; x_wconf 81' lang='lat' dir='ltr'><strong>fraudem</strong></span> <span class='ocrx_word' id='word_1_377' title='bbox 2652 840 2910 895; x_wconf 82' lang='lat' dir='ltr'><strong>interiori</strong></span> <span class='ocrx_word' id='word_1_378' title='bbox 2936 845 2991 895; x_wconf 91' lang='lat' dir='ltr'><strong>et</strong></span> <span class='ocrx_word' id='word_1_379' title='bbox 3011 841 3288 897; x_wconf 86' lang='lat' dir='ltr'><strong>invisibili</strong></span> <span class='ocrx_word' id='word_1_380' title='bbox 3312 846 3509 915; x_wconf 66' lang='lat' dir='ltr'><strong>gratiae</strong></span> 
     </span>
    </p>
   </div>
   <div class='ocr_carea' id='block_1_54' title="bbox 1870 926 3509 1002">
    <p class='ocr_par' dir='ltr' id='par_1_54' title="bbox 1870 926 3509 1002">
     <span class='ocr_line' id='line_1_54' title="bbox 1870 926 3509 1002; baseline 0.005 -21"><span class='ocrx_word' id='word_1_381' title='bbox 1870 926 2204 993; x_wconf 89' lang='lat' dir='ltr'><strong>meditatus,</strong></span> <span class='ocrx_word' id='word_1_382' title='bbox 2257 928 2550 983; x_wconf 90' lang='lat' dir='ltr'><strong>interioris</strong></span> <span class='ocrx_word' id='word_1_383' title='bbox 2598 927 2853 984; x_wconf 90' lang='lat' dir='ltr'><strong>hominis</strong></span> <span class='ocrx_word' id='word_1_384' title='bbox 2912 936 3094 985; x_wconf 90' lang='lat' dir='ltr'><strong>morte</strong></span> <span class='ocrx_word' id='word_1_385' title='bbox 3158 932 3509 1002; x_wconf 88' lang='lat' dir='ltr'><strong>percellitur.</strong></span> 
     </span>
    </p>
   </div>
   <div class='ocr_carea' id='block_1_55' title="bbox 1870 1015 3509 1092">
    <p class='ocr_par' dir='ltr' id='par_1_55' title="bbox 1870 1015 3509 1092">
     <span class='ocr_line' id='line_1_55' title="bbox 1870 1015 3509 1092; baseline 0.004 -21"><span class='ocrx_word' id='word_1_386' title='bbox 1870 1015 2031 1071; x_wconf 87' lang='lat' dir='ltr'><strong>Unde</strong></span> <span class='ocrx_word' id='word_1_387' title='bbox 2051 1015 2183 1071; x_wconf 92' lang='lat' dir='ltr'><strong>licet</strong></span> <span class='ocrx_word' id='word_1_388' title='bbox 2216 1022 2456 1088; x_wconf 88' lang='lat' dir='ltr'><strong>uterque</strong></span> <span class='ocrx_word' id='word_1_389' title='bbox 2480 1017 2537 1071; x_wconf 91' lang='lat' dir='ltr'><strong>iu</strong></span> <span class='ocrx_word' id='word_1_390' title='bbox 2557 1016 2836 1088; x_wconf 88' lang='lat' dir='ltr'><strong>Spiritum</strong></span> <span class='ocrx_word' id='word_1_391' title='bbox 2868 1023 3134 1075; x_wconf 89' lang='lat' dir='ltr'><strong>sanctum</strong></span> <span class='ocrx_word' id='word_1_392' title='bbox 3172 1023 3509 1092; x_wconf 81' lang='lat' dir='ltr'><strong>peccaverit,</strong></span> 
     </span>
    </p>
   </div>
   <div class='ocr_carea' id='block_1_56' title="bbox 1869 1105 3514 1176">
    <p class='ocr_par' dir='ltr' id='par_1_56' title="bbox 1869 1105 3514 1176">
     <span class='ocr_line' id='line_1_56' title="bbox 1869 1105 3514 1176; baseline 0.005 -19"><span class='ocrx_word' id='word_1_393' title='bbox 1869 1107 2087 1170; x_wconf 89' lang='lat' dir='ltr'><strong>tamen,</strong></span> <span class='ocrx_word' id='word_1_394' title='bbox 2122 1105 2446 1159; x_wconf 88' lang='lat' dir='ltr'><strong>secundum</strong></span> <span class='ocrx_word' id='word_1_395' title='bbox 2484 1105 2721 1159; x_wconf 81' lang='lat' dir='ltr'><strong>modum</strong></span> <span class='ocrx_word' id='word_1_396' title='bbox 2747 1105 3075 1176; x_wconf 87' lang='lat' dir='ltr'><strong>culparum,</strong></span> <span class='ocrx_word' id='word_1_397' title='bbox 3097 1109 3349 1164; x_wconf 73' lang='lat' dir='ltr'><strong>Ananfas</strong></span> <span class='ocrx_word' id='word_1_398' title='bbox 3372 1115 3514 1165; x_wconf 89' lang='lat' dir='ltr'><strong>tem-</strong></span> 
     </span>
    </p>
   </div>
   <div class='ocr_carea' id='block_1_57' title="bbox 1870 1192 3511 1269">
    <p class='ocr_par' dir='ltr' id='par_1_57' title="bbox 1870 1192 3511 1269">
     <span class='ocr_line' id='line_1_57' title="bbox 1870 1192 3511 1269; baseline 0.005 -22"><span class='ocrx_word' id='word_1_399' title='bbox 1870 1192 2050 1265; x_wconf 88' lang='lat' dir='ltr'><strong>porali</strong></span> <span class='ocrx_word' id='word_1_400' title='bbox 2088 1198 2271 1247; x_wconf 90' lang='lat' dir='ltr'><strong>morte</strong></span> <span class='ocrx_word' id='word_1_401' title='bbox 2304 1192 2916 1264; x_wconf 76' lang='lat' dir='ltr'><strong>punitus,pezpetuaiu</strong></span> <span class='ocrx_word' id='word_1_402' title='bbox 2953 1196 3206 1251; x_wconf 73' lang='lat' dir='ltr'><strong>evasisse</strong></span> <span class='ocrx_word' id='word_1_403' title='bbox 3240 1204 3466 1269; x_wconf 72' lang='lat' dir='ltr'><strong>putatu:</strong></span> <span class='ocrx_word' id='word_1_404' title='bbox 3497 1219 3511 1268; x_wconf 88' lang='lat'><strong>;</strong></span> 
     </span>
    </p>
   </div>
   <div class='ocr_carea' id='block_1_58' title="bbox 1872 1280 3512 1360">
    <p class='ocr_par' dir='ltr' id='par_1_58' title="bbox 1872 1280 3512 1360">
     <span class='ocr_line' id='line_1_58' title="bbox 1872 1280 3512 1360; baseline 0.004 -23"><span class='ocrx_word' id='word_1_405' title='bbox 1872 1280 2072 1337; x_wconf 89' lang='lat' dir='ltr'><strong>Simon</strong></span> <span class='ocrx_word' id='word_1_406' title='bbox 2104 1284 2300 1335; x_wconf 90' lang='lat' dir='ltr'><strong>autem</strong></span> <span class='ocrx_word' id='word_1_407' title='bbox 2328 1287 2510 1336; x_wconf 89' lang='lat' dir='ltr'><strong>morte</strong></span> <span class='ocrx_word' id='word_1_408' title='bbox 2542 1288 2817 1353; x_wconf 88' lang='lat' dir='ltr'><strong>perpetua</strong></span> <span class='ocrx_word' id='word_1_409' title='bbox 2856 1283 3190 1353; x_wconf 86' lang='lat' dir='ltr'><strong>damnatus,</strong></span> <span class='ocrx_word' id='word_1_410' title='bbox 3226 1290 3512 1360; x_wconf 86' lang='lat' dir='ltr'><strong>tempora-</strong></span> 
     </span>
    </p>
   </div>
   <div class='ocr_carea' id='block_1_59' title="bbox 1876 1367 3514 1441">
    <p class='ocr_par' dir='ltr' id='par_1_59' title="bbox 1876 1367 3514 1441">
     <span class='ocr_line' id='line_1_59' title="bbox 1876 1367 3514 1441; baseline 0.006 -19"><span class='ocrx_word' id='word_1_411' title='bbox 1876 1368 1985 1424; x_wconf 90' lang='lat' dir='ltr'><strong>lem</strong></span> <span class='ocrx_word' id='word_1_412' title='bbox 2019 1367 2268 1435; x_wconf 86' lang='lat' dir='ltr'><strong>distulit,</strong></span> <span class='ocrx_word' id='word_1_413' title='bbox 2300 1369 2437 1441; x_wconf 89' lang='lat' dir='ltr'><strong>quia</strong></span> <span class='ocrx_word' id='word_1_414' title='bbox 2464 1386 2566 1425; x_wconf 89' lang='lat' dir='ltr'><strong>nec</strong></span> <span class='ocrx_word' id='word_1_415' title='bbox 2601 1370 2654 1423; x_wconf 90' lang='lat' dir='ltr'><strong>iu</strong></span> <span class='ocrx_word' id='word_1_416' title='bbox 2690 1370 2797 1425; x_wconf 91' lang='lat' dir='ltr'><strong>hoc</strong></span> <span class='ocrx_word' id='word_1_417' title='bbox 2823 1370 3034 1426; x_wconf 64' lang='lat' dir='ltr'><strong>saeculo</strong></span> <span class='ocrx_word' id='word_1_418' title='bbox 3068 1388 3170 1427; x_wconf 89' lang='lat' dir='ltr'><strong>nec</strong></span> <span class='ocrx_word' id='word_1_419' title='bbox 3210 1374 3267 1427; x_wconf 91' lang='lat' dir='ltr'><strong>in</strong></span> <span class='ocrx_word' id='word_1_420' title='bbox 3322 1376 3514 1431; x_wconf 84' lang='lat' dir='ltr'><strong>futuro</strong></span> 
     </span>
    </p>
   </div>
   <div class='ocr_carea' id='block_1_60' title="bbox 1875 1457 3520 1531">
    <p class='ocr_par' dir='ltr' id='par_1_60' title="bbox 1875 1457 3520 1531">
     <span class='ocr_line' id='line_1_60' title="bbox 1875 1457 3520 1531; baseline 0.005 -18"><span class='ocrx_word' id='word_1_421' title='bbox 1875 1458 2227 1513; x_wconf 90' lang='lat' dir='ltr'><strong>remittenda</strong></span> <span class='ocrx_word' id='word_1_422' title='bbox 2248 1459 2297 1513; x_wconf 91' lang='lat' dir='ltr'><strong>ei</strong></span> <span class='ocrx_word' id='word_1_423' title='bbox 2321 1463 2440 1514; x_wconf 89' lang='lat' dir='ltr'><strong>erat</strong></span> <span class='ocrx_word' id='word_1_424' title='bbox 2470 1457 2835 1530; x_wconf 82' lang='lat' dir='ltr'><strong>blasphemia</strong></span> <span class='ocrx_word' id='word_1_425' title='bbox 2865 1460 3117 1531; x_wconf 79' lang='lat' dir='ltr'><strong>Spiritus</strong></span> <span class='ocrx_word' id='word_1_426' title='bbox 3148 1462 3520 1521; x_wconf 59' lang='lat' dir='ltr'><strong>Sancti..\na-</strong></span> 
     </span>
    </p>
   </div>
   <div class='ocr_carea' id='block_1_61' title="bbox 1874 1547 3524 1624">
    <p class='ocr_par' dir='ltr' id='par_1_61' title="bbox 1874 1547 3524 1624">
     <span class='ocr_line' id='line_1_61' title="bbox 1874 1547 3524 1624; baseline 0.004 -22"><span class='ocrx_word' id='word_1_427' title='bbox 1874 1547 2004 1603; x_wconf 89' lang='lat' dir='ltr'><strong>nias</strong></span> <span class='ocrx_word' id='word_1_428' title='bbox 2035 1563 2104 1602; x_wconf 92' lang='lat' dir='ltr'><strong>ne</strong></span> <span class='ocrx_word' id='word_1_429' title='bbox 2128 1553 2343 1620; x_wconf 85' lang='lat' dir='ltr'><strong>puncto</strong></span> <span class='ocrx_word' id='word_1_430' title='bbox 2364 1548 2645 1619; x_wconf 86' lang='lat' dir='ltr'><strong>temporis</strong></span> <span class='ocrx_word' id='word_1_431' title='bbox 2667 1547 2723 1601; x_wconf 89' lang='lat' dir='ltr'><strong>in</strong></span> <span class='ocrx_word' id='word_1_432' title='bbox 2748 1564 2920 1603; x_wconf 88' lang='lat' dir='ltr'><strong>carne</strong></span> <span class='ocrx_word' id='word_1_433' title='bbox 2943 1548 3129 1605; x_wconf 83' lang='lat' dir='ltr'><strong>vivere</strong></span> <span class='ocrx_word' id='word_1_434' title='bbox 3155 1550 3261 1605; x_wconf 86' lang='lat' dir='ltr'><strong>fuit</strong></span> <span class='ocrx_word' id='word_1_435' title='bbox 3282 1554 3524 1624; x_wconf 84' lang='lat' dir='ltr'><strong>permis-</strong></span> 
     </span>
    </p>
   </div>
   <div class='ocr_carea' id='block_1_62' title="bbox 1875 1636 3519 1712">
    <p class='ocr_par' dir='ltr' id='par_1_62' title="bbox 1875 1636 3519 1712">
     <span class='ocr_line' id='line_1_62' title="bbox 1875 1636 3519 1712; baseline 0.002 -18"><span class='ocrx_word' id='word_1_436' title='bbox 1875 1641 2295 1708; x_wconf 87' lang='lat' dir='ltr'><strong>sus,quatenus</strong></span> <span class='ocrx_word' id='word_1_437' title='bbox 2321 1654 2477 1691; x_wconf 87' lang='lat' dir='ltr'><strong>mors</strong></span> <span class='ocrx_word' id='word_1_438' title='bbox 2508 1636 2607 1691; x_wconf 91' lang='lat' dir='ltr'><strong>illa</strong></span> <span class='ocrx_word' id='word_1_439' title='bbox 2625 1637 2733 1691; x_wconf 88' lang='lat' dir='ltr'><strong>sibi</strong></span> <span class='ocrx_word' id='word_1_440' title='bbox 2756 1637 2825 1692; x_wconf 88' lang='lat' dir='ltr'><strong>ad</strong></span> <span class='ocrx_word' id='word_1_441' title='bbox 2846 1636 3139 1693; x_wconf 89' lang='lat' dir='ltr'><strong>occultum</strong></span> <span class='ocrx_word' id='word_1_442' title='bbox 3174 1641 3519 1712; x_wconf 78' lang='lat' dir='ltr'><strong>remcdium,</strong></span> 
     </span>
    </p>
   </div>
   <div class='ocr_carea' id='block_1_63' title="bbox 1875 1725 3518 1802">
    <p class='ocr_par' dir='ltr' id='par_1_63' title="bbox 1875 1725 3518 1802">
     <span class='ocr_line' id='line_1_63' title="bbox 1875 1725 3518 1802; baseline 0.002 -20"><span class='ocrx_word' id='word_1_443' title='bbox 1875 1731 1932 1782; x_wconf 90' lang='lat' dir='ltr'><strong>et</strong></span> <span class='ocrx_word' id='word_1_444' title='bbox 1988 1725 2317 1780; x_wconf 87' lang='lat' dir='ltr'><strong>viventibus</strong></span> <span class='ocrx_word' id='word_1_445' title='bbox 2375 1725 2446 1779; x_wconf 88' lang='lat' dir='ltr'><strong>ad</strong></span> <span class='ocrx_word' id='word_1_446' title='bbox 2508 1726 2883 1781; x_wconf 83' lang='lat' dir='ltr'><strong>manifestum</strong></span> <span class='ocrx_word' id='word_1_447' title='bbox 2941 1727 3085 1782; x_wconf 80' lang='lat' dir='ltr'><strong>foret</strong></span> <span class='ocrx_word' id='word_1_448' title='bbox 3150 1730 3518 1802; x_wconf 82' lang='lat' dir='ltr'><strong>exemplum;</strong></span> 
     </span>
    </p>
   </div>
   <div class='ocr_carea' id='block_1_64' title="bbox 1875 1813 3520 1892">
    <p class='ocr_par' dir='ltr' id='par_1_64' title="bbox 1875 1813 3520 1892">
     <span class='ocr_line' id='line_1_64' title="bbox 1875 1813 3520 1892; baseline 0.004 -23"><span class='ocrx_word' id='word_1_449' title='bbox 1875 1815 2071 1869; x_wconf 87' lang='lat' dir='ltr'><strong>Simon</strong></span> <span class='ocrx_word' id='word_1_450' title='bbox 2104 1831 2234 1869; x_wconf 89' lang='lat' dir='ltr'><strong>vero</strong></span> <span class='ocrx_word' id='word_1_451' title='bbox 2266 1813 2322 1868; x_wconf 87' lang='lat' dir='ltr'><strong>in</strong></span> <span class='ocrx_word' id='word_1_452' title='bbox 2355 1813 2551 1869; x_wconf 90' lang='lat' dir='ltr'><strong>anima</strong></span> <span class='ocrx_word' id='word_1_453' title='bbox 2572 1814 3208 1887; x_wconf 84' lang='lat' dir='ltr'><strong>mortuus,aliquaudiu</strong></span> <span class='ocrx_word' id='word_1_454' title='bbox 3235 1822 3520 1892; x_wconf 85' lang='lat' dir='ltr'><strong>tempora-</strong></span> 
     </span>
    </p>
   </div>
   <div class='ocr_carea' id='block_1_65' title="bbox 1878 1902 3520 1975">
    <p class='ocr_par' dir='ltr' id='par_1_65' title="bbox 1878 1902 3520 1975">
     <span class='ocr_line' id='line_1_65' title="bbox 1878 1902 3520 1975; baseline 0.004 -17"><span class='ocrx_word' id='word_1_455' title='bbox 1878 1903 2009 1959; x_wconf 91' lang='lat' dir='ltr'><strong>liter</strong></span> <span class='ocrx_word' id='word_1_456' title='bbox 2033 1903 2217 1958; x_wconf 88' lang='lat' dir='ltr'><strong>vivere</strong></span> <span class='ocrx_word' id='word_1_457' title='bbox 2251 1902 2703 1975; x_wconf 75' lang='lat' dir='ltr'><strong>permittitur,ail</strong></span> <span class='ocrx_word' id='word_1_458' title='bbox 2739 1910 3121 1975; x_wconf 79' lang='lat' dir='ltr'><strong>augmentum</strong></span> <span class='ocrx_word' id='word_1_459' title='bbox 3154 1906 3265 1962; x_wconf 91' lang='lat' dir='ltr'><strong>sibi</strong></span> <span class='ocrx_word' id='word_1_460' title='bbox 3301 1910 3520 1965; x_wconf 81' lang='lat' dir='ltr'><strong>futuro-</strong></span> 
     </span>
    </p>
   </div>
   <div class='ocr_carea' id='block_1_66' title="bbox 1880 1993 3520 2065">
    <p class='ocr_par' dir='ltr' id='par_1_66' title="bbox 1880 1993 3520 2065">
     <span class='ocr_line' id='line_1_66' title="bbox 1880 1993 3520 2065; baseline 0.004 -18"><span class='ocrx_word' id='word_1_461' title='bbox 1880 2010 2007 2048; x_wconf 88' lang='lat' dir='ltr'><strong>rum</strong></span> <span class='ocrx_word' id='word_1_462' title='bbox 2043 1997 2488 2056; x_wconf 85' lang='lat' dir='ltr'><strong>tormentorum,</strong></span> <span class='ocrx_word' id='word_1_463' title='bbox 2521 1997 2576 2046; x_wconf 91' lang='lat' dir='ltr'><strong>ct</strong></span> <span class='ocrx_word' id='word_1_464' title='bbox 2606 1993 2675 2046; x_wconf 88' lang='lat' dir='ltr'><strong>ad</strong></span> <span class='ocrx_word' id='word_1_465' title='bbox 2706 1994 3177 2050; x_wconf 78' lang='lat' dir='ltr'><strong>exercitationem</strong></span> <span class='ocrx_word' id='word_1_466' title='bbox 3212 1997 3520 2065; x_wconf 88' lang='lat' dir='ltr'><strong>honorum,</strong></span> 
     </span>
    </p>
   </div>
   <div class='ocr_carea' id='block_1_67' title="bbox 1877 2081 3522 2142">
    <p class='ocr_par' dir='ltr' id='par_1_67' title="bbox 1877 2081 3522 2142">
     <span class='ocr_line' id='line_1_67' title="bbox 1877 2081 3522 2142; baseline 0.003 -5"><span class='ocrx_word' id='word_1_467' title='bbox 1877 2098 2009 2137; x_wconf 92' lang='lat' dir='ltr'><strong>cum</strong></span> <span class='ocrx_word' id='word_1_468' title='bbox 2046 2085 2236 2136; x_wconf 83' lang='lat' dir='ltr'><strong>tamen</strong></span> <span class='ocrx_word' id='word_1_469' title='bbox 2271 2081 2559 2135; x_wconf 86' lang='lat' dir='ltr'><strong>contritus</strong></span> <span class='ocrx_word' id='word_1_470' title='bbox 2592 2087 2645 2135; x_wconf 90' lang='lat' dir='ltr'><strong>et</strong></span> <span class='ocrx_word' id='word_1_471' title='bbox 2672 2084 3059 2137; x_wconf 68' lang='lat' dir='ltr'><strong>CUIIlt‘I‘CIldIIS</strong></span> <span class='ocrx_word' id='word_1_472' title='bbox 3091 2085 3162 2139; x_wconf 91' lang='lat' dir='ltr'><strong>de</strong></span> <span class='ocrx_word' id='word_1_473' title='bbox 3197 2086 3386 2141; x_wconf 81' lang='lat' dir='ltr'><strong>medio</strong></span> <span class='ocrx_word' id='word_1_474' title='bbox 3420 2087 3522 2142; x_wconf 85' lang='lat' dir='ltr'><strong>ho-</strong></span> 
     </span>
    </p>
   </div>
   <div class='ocr_carea' id='block_1_68' title="bbox 1880 2168 3523 2240">
    <p class='ocr_par' dir='ltr' id='par_1_68' title="bbox 1880 2168 3523 2240">
     <span class='ocr_line' id='line_1_68' title="bbox 1880 2168 3523 2240; baseline 0.004 -16"><span class='ocrx_word' id='word_1_475' title='bbox 1880 2170 2103 2224; x_wconf 85' lang='lat' dir='ltr'><strong>minum</strong></span> <span class='ocrx_word' id='word_1_476' title='bbox 2138 2170 2216 2224; x_wconf 87' lang='lat' dir='ltr'><strong>sit</strong></span> <span class='ocrx_word' id='word_1_477' title='bbox 2244 2168 2565 2224; x_wconf 81' lang='lat' dir='ltr'><strong>ablatus.lu</strong></span> <span class='ocrx_word' id='word_1_478' title='bbox 2590 2187 2836 2240; x_wconf 87' lang='lat' dir='ltr'><strong>quorum</strong></span> <span class='ocrx_word' id='word_1_479' title='bbox 2865 2172 3239 2228; x_wconf 82' lang='lat' dir='ltr'><strong>viudictahoc</strong></span> <span class='ocrx_word' id='word_1_480' title='bbox 3265 2175 3523 2231; x_wconf 87' lang='lat' dir='ltr'><strong>animad-</strong></span> 
     </span>
    </p>
   </div>
   <div class='ocr_carea' id='block_1_69' title="bbox 1882 2260 3519 2334">
    <p class='ocr_par' dir='ltr' id='par_1_69' title="bbox 1882 2260 3519 2334">
     <span class='ocr_line' id='line_1_69' title="bbox 1882 2260 3519 2334; baseline 0.004 -21"><span class='ocrx_word' id='word_1_481' title='bbox 1882 2262 2140 2313; x_wconf 86' lang='lat' dir='ltr'><strong>vertatur</strong></span> <span class='ocrx_word' id='word_1_482' title='bbox 2172 2274 2406 2313; x_wconf 60' lang='lat' dir='ltr'><strong>ncccsrie</strong></span> <span class='ocrx_word' id='word_1_483' title='bbox 2437 2260 2705 2329; x_wconf 73' lang='lat' dir='ltr'><strong>estquia,</strong></span> <span class='ocrx_word' id='word_1_484' title='bbox 2739 2264 2799 2313; x_wconf 91' lang='lat' dir='ltr'><strong>ut</strong></span> <span class='ocrx_word' id='word_1_485' title='bbox 2829 2260 2908 2314; x_wconf 80' lang='lat' dir='ltr'><strong>ait</strong></span> <span class='ocrx_word' id='word_1_486' title='bbox 2938 2262 2995 2315; x_wconf 77' lang='lat' dir='ltr'><strong>ll.</strong></span> <span class='ocrx_word' id='word_1_487' title='bbox 3032 2262 3339 2334; x_wconf 79' lang='lat' dir='ltr'><strong>Prosper,«</strong></span> <span class='ocrx_word' id='word_1_488' title='bbox 3377 2265 3519 2320; x_wconf 84' lang='lat' dir='ltr'><strong>nihil</strong></span> 
     </span>
    </p>
   </div>
   <div class='ocr_carea' id='block_1_70' title="bbox 1879 2346 3524 2424">
    <p class='ocr_par' dir='ltr' id='par_1_70' title="bbox 1879 2346 3524 2424">
     <span class='ocr_line' id='line_1_70' title="bbox 1879 2346 3524 2424; baseline 0.004 -21"><span class='ocrx_word' id='word_1_489' title='bbox 1879 2352 1968 2403; x_wconf 88' lang='lat' dir='ltr'><strong>est</strong></span> <span class='ocrx_word' id='word_1_490' title='bbox 2024 2346 2311 2400; x_wconf 72' lang='lat' dir='ltr'><strong>infelicius</strong></span> <span class='ocrx_word' id='word_1_491' title='bbox 2353 2346 2623 2401; x_wconf 71' lang='lat' dir='ltr'><strong>felicitate</strong></span> <span class='ocrx_word' id='word_1_492' title='bbox 2665 2351 3048 2419; x_wconf 77' lang='lat' dir='ltr'><strong>peccantium,</strong></span> <span class='ocrx_word' id='word_1_493' title='bbox 3101 2352 3238 2423; x_wconf 87' lang='lat' dir='ltr'><strong>quia</strong></span> <span class='ocrx_word' id='word_1_494' title='bbox 3280 2352 3524 2424; x_wconf 69' lang='lat' dir='ltr'><strong>pinnulis</strong></span> 
     </span>
    </p>
   </div>
   <div class='ocr_carea' id='block_1_71' title="bbox 1882 2435 3523 2506">
    <p class='ocr_par' dir='ltr' id='par_1_71' title="bbox 1882 2435 3523 2506">
     <span class='ocr_line' id='line_1_71' title="bbox 1882 2435 3523 2506; baseline 0.004 -16"><span class='ocrx_word' id='word_1_495' title='bbox 1882 2435 2139 2490; x_wconf 89' lang='lat' dir='ltr'><strong>nutritur</strong></span> <span class='ocrx_word' id='word_1_496' title='bbox 2182 2435 2521 2506; x_wconf 90' lang='lat' dir='ltr'><strong>impunitas,</strong></span> <span class='ocrx_word' id='word_1_497' title='bbox 2556 2441 2613 2489; x_wconf 83' lang='lat' dir='ltr'><strong>et</strong></span> <span class='ocrx_word' id='word_1_498' title='bbox 2667 2436 2819 2492; x_wconf 86' lang='lat' dir='ltr'><strong>mala</strong></span> <span class='ocrx_word' id='word_1_499' title='bbox 2864 2437 3131 2495; x_wconf 85' lang='lat' dir='ltr'><strong>voluntas</strong></span> <span class='ocrx_word' id='word_1_500' title='bbox 3155 2439 3309 2496; x_wconf 90' lang='lat' dir='ltr'><strong>velut</strong></span> <span class='ocrx_word' id='word_1_501' title='bbox 3340 2442 3523 2498; x_wconf 81' lang='lat' dir='ltr'><strong>hostis</strong></span> 
     </span>
    </p>
   </div>
   <div class='ocr_carea' id='block_1_72' title="bbox 1882 2523 3520 2604">
    <p class='ocr_par' dir='ltr' id='par_1_72' title="bbox 1882 2523 3520 2604">
     <span class='ocr_line' id='line_1_72' title="bbox 1882 2523 3520 2604; baseline 0.005 -25"><span class='ocrx_word' id='word_1_502' title='bbox 1882 2523 2121 2579; x_wconf 91' lang='lat' dir='ltr'><strong>interior</strong></span> <span class='ocrx_word' id='word_1_503' title='bbox 2152 2524 2471 2579; x_wconf 82' lang='lat' dir='ltr'><strong>roboratur.</strong></span> <span class='ocrx_word' id='word_1_504' title='bbox 2518 2524 2865 2581; x_wconf 84' lang='lat' dir='ltr'><strong>Reservatur</strong></span> <span class='ocrx_word' id='word_1_505' title='bbox 2916 2527 3069 2582; x_wconf 90' lang='lat' dir='ltr'><strong>enim</strong></span> <span class='ocrx_word' id='word_1_506' title='bbox 3122 2533 3334 2585; x_wconf 74' lang='lat' dir='ltr'><strong>mteruo</strong></span> <span class='ocrx_word' id='word_1_507' title='bbox 3383 2548 3520 2604; x_wconf 91' lang='lat' dir='ltr'><strong>sup-</strong></span> 
     </span>
    </p>
   </div>
   <div class='ocr_carea' id='block_1_73' title="bbox 1882 2611 3526 2685">
    <p class='ocr_par' dir='ltr' id='par_1_73' title="bbox 1882 2611 3526 2685">
     <span class='ocr_line' id='line_1_73' title="bbox 1882 2611 3526 2685; baseline 0.007 -20"><span class='ocrx_word' id='word_1_508' title='bbox 1882 2611 2054 2683; x_wconf 91' lang='lat' dir='ltr'><strong>plicio</strong></span> <span class='ocrx_word' id='word_1_509' title='bbox 2102 2611 2257 2683; x_wconf 90' lang='lat' dir='ltr'><strong>quod</strong></span> <span class='ocrx_word' id='word_1_510' title='bbox 2302 2611 2605 2682; x_wconf 86' lang='lat' dir='ltr'><strong>temporali</strong></span> <span class='ocrx_word' id='word_1_511' title='bbox 2654 2629 2757 2668; x_wconf 90' lang='lat' dir='ltr'><strong>nec</strong></span> <span class='ocrx_word' id='word_1_512' title='bbox 2803 2615 3047 2685; x_wconf 89' lang='lat' dir='ltr'><strong>punitur</strong></span> <span class='ocrx_word' id='word_1_513' title='bbox 3086 2633 3189 2671; x_wconf 88' lang='lat' dir='ltr'><strong>nec</strong></span> <span class='ocrx_word' id='word_1_514' title='bbox 3230 2625 3526 2675; x_wconf 86' lang='lat' dir='ltr'><strong>resecatur</strong></span> 
     </span>
    </p>
   </div>
   <div class='ocr_carea' id='block_1_74' title="bbox 1883 2699 2192 2773">
    <p class='ocr_par' dir='ltr' id='par_1_74' title="bbox 1883 2699 2192 2773">
     <span class='ocr_line' id='line_1_74' title="bbox 1883 2699 2192 2773; baseline 0.003 -18"><span class='ocrx_word' id='word_1_515' title='bbox 1883 2699 2129 2773; x_wconf 83' lang='lat' dir='ltr'><strong>ﬂagello.</strong></span> <span class='ocrx_word' id='word_1_516' title='bbox 2166 2723 2192 2749; x_wconf 80' lang='grc'><strong>››</strong></span> 
     </span>
    </p>
   </div>
   <div class='ocr_carea' id='block_1_75' title="bbox 2445 2788 2960 2848">
    <p class='ocr_par' dir='ltr' id='par_1_75' title="bbox 2445 2788 2960 2848">
     <span class='ocr_line' id='line_1_75' title="bbox 2445 2788 2960 2848; baseline 0.006 -3"><span class='ocrx_word' id='word_1_517' title='bbox 2445 2788 2678 2845; x_wconf 86' lang='lat' dir='ltr'><strong>CAPUT</strong></span> <span class='ocrx_word' id='word_1_518' title='bbox 2717 2789 2960 2848; x_wconf 79' lang='lat' dir='ltr'><strong>XXVIII.</strong></span> 
     </span>
    </p>
   </div>
   <div class='ocr_carea' id='block_1_76' title="bbox 1954 2878 3454 2961">
    <p class='ocr_par' dir='ltr' id='par_1_76' title="bbox 1954 2878 3454 2961">
     <span class='ocr_line' id='line_1_76' title="bbox 1954 2878 3454 2961; baseline 0.009 -30"><span class='ocrx_word' id='word_1_519' title='bbox 1954 2878 2169 2946; x_wconf 79' lang='lat' dir='ltr'><strong>Quanta</strong></span> <span class='ocrx_word' id='word_1_520' title='bbox 2196 2879 2445 2961; x_wconf 52' lang='lat' dir='ltr'><strong>operatus</strong></span> <span class='ocrx_word' id='word_1_521' title='bbox 2465 2879 2541 2932; x_wconf 75' lang='lat' dir='ltr'><strong>sit</strong></span> <span class='ocrx_word' id='word_1_522' title='bbox 2562 2879 2645 2932; x_wconf 77' lang='lat' dir='ltr'><strong>vel</strong></span> <span class='ocrx_word' id='word_1_523' title='bbox 2672 2884 2926 2961; x_wconf 65' lang='lat' dir='ltr'><strong>operetur</strong></span> <span class='ocrx_word' id='word_1_524' title='bbox 2956 2882 3096 2937; x_wconf 74' lang='lat' dir='ltr'><strong>idem</strong></span> <span class='ocrx_word' id='word_1_525' title='bbox 3126 2884 3364 2961; x_wconf 67' lang='lat' dir='ltr'><strong>Spiritus</strong></span> <span class='ocrx_word' id='word_1_526' title='bbox 3394 2890 3454 2943; x_wconf 81' lang='lat' dir='ltr'><strong>in</strong></span> 
     </span>
    </p>
   </div>
   <div class='ocr_carea' id='block_1_77' title="bbox 2228 2949 3184 3022">
    <p class='ocr_par' dir='ltr' id='par_1_77' title="bbox 2228 2949 3184 3022">
     <span class='ocr_line' id='line_1_77' title="bbox 2228 2949 3184 3022; baseline 0.007 -19"><span class='ocrx_word' id='word_1_527' title='bbox 2228 2949 2464 3004; x_wconf 73' lang='lat' dir='ltr'><strong>Ecclesia</strong></span> <span class='ocrx_word' id='word_1_528' title='bbox 2493 2965 2661 3021; x_wconf 74' lang='lat' dir='ltr'><strong>usque</strong></span> <span class='ocrx_word' id='word_1_529' title='bbox 2690 2949 2745 3004; x_wconf 75' lang='lat' dir='ltr'><strong>in</strong></span> <span class='ocrx_word' id='word_1_530' title='bbox 2778 2953 2944 3022; x_wconf 81' lang='lat' dir='ltr'><strong>ﬁnem</strong></span> <span class='ocrx_word' id='word_1_531' title='bbox 2972 2949 3184 3011; x_wconf 59' lang='lat' dir='ltr'><strong>saeculi.</strong></span> 
     </span>
    </p>
   </div>
   <div class='ocr_carea' id='block_1_78' title="bbox 1953 3054 3527 3138">
    <p class='ocr_par' dir='ltr' id='par_1_78' title="bbox 1953 3054 3527 3138">
     <span class='ocr_line' id='line_1_78' title="bbox 1953 3054 3527 3138; baseline 0.008 -30"><span class='ocrx_word' id='word_1_532' title='bbox 1953 3055 2037 3109; x_wconf 82' lang='lat' dir='ltr'><strong>Ad</strong></span> <span class='ocrx_word' id='word_1_533' title='bbox 2070 3054 2189 3109; x_wconf 71' lang='lat' dir='ltr'><strong>hinc</strong></span> <span class='ocrx_word' id='word_1_534' title='bbox 2220 3054 2303 3110; x_wconf 91' lang='lat' dir='ltr'><strong>sic</strong></span> <span class='ocrx_word' id='word_1_535' title='bbox 2334 3055 2703 3128; x_wconf 87' lang='lat' dir='ltr'><strong>omnipotens</strong></span> <span class='ocrx_word' id='word_1_536' title='bbox 2750 3058 3003 3131; x_wconf 80' lang='lat' dir='ltr'><strong>Spiritus</strong></span> <span class='ocrx_word' id='word_1_537' title='bbox 3052 3062 3215 3119; x_wconf 90' lang='lat' dir='ltr'><strong>Petro</strong></span> <span class='ocrx_word' id='word_1_538' title='bbox 3264 3067 3527 3138; x_wconf 78' lang='lat' dir='ltr'><strong>apostolo</strong></span> 
     </span>
    </p>
   </div>
   <div class='ocr_carea' id='block_1_79' title="bbox 1888 3144 3525 3218">
    <p class='ocr_par' dir='ltr' id='par_1_79' title="bbox 1888 3144 3525 3218">
     <span class='ocr_line' id='line_1_79' title="bbox 1888 3144 3525 3218; baseline 0.007 -19"><span class='ocrx_word' id='word_1_539' title='bbox 1888 3149 2019 3218; x_wconf 92' lang='lat' dir='ltr'><strong>post</strong></span> <span class='ocrx_word' id='word_1_540' title='bbox 2049 3144 2439 3200; x_wconf 90' lang='lat' dir='ltr'><strong>ostensionem</strong></span> <span class='ocrx_word' id='word_1_541' title='bbox 2492 3145 2745 3202; x_wconf 76' lang='lat' dir='ltr'><strong>cmlestis</strong></span> <span class='ocrx_word' id='word_1_542' title='bbox 2792 3148 2951 3204; x_wconf 89' lang='lat' dir='ltr'><strong>lintei</strong></span> <span class='ocrx_word' id='word_1_543' title='bbox 3006 3152 3241 3208; x_wconf 91' lang='lat' dir='ltr'><strong>nuntios</strong></span> <span class='ocrx_word' id='word_1_544' title='bbox 3280 3154 3525 3211; x_wconf 73' lang='lat' dir='ltr'><strong>Cornelii</strong></span> 
     </span>
    </p>
   </div>
   <div class='ocr_carea' id='block_1_80' title="bbox 1888 3234 3525 3311">
    <p class='ocr_par' dir='ltr' id='par_1_80' title="bbox 1888 3234 3525 3311">
     <span class='ocr_line' id='line_1_80' title="bbox 1888 3234 3525 3311; baseline 0.005 -21"><span class='ocrx_word' id='word_1_545' title='bbox 1888 3236 2093 3290; x_wconf 90' lang='lat' dir='ltr'><strong>adesse</strong></span> <span class='ocrx_word' id='word_1_546' title='bbox 2124 3234 2288 3299; x_wconf 81' lang='lat' dir='ltr'><strong>dixit,</strong></span> <span class='ocrx_word' id='word_1_547' title='bbox 2321 3253 2552 3308; x_wconf 87' lang='lat' dir='ltr'><strong>cunque</strong></span> <span class='ocrx_word' id='word_1_548' title='bbox 2588 3238 2860 3309; x_wconf 82' lang='lat' dir='ltr'><strong>gentibus</strong></span> <span class='ocrx_word' id='word_1_549' title='bbox 2906 3240 3267 3311; x_wconf 84' lang='lat' dir='ltr'><strong>baptizandis</strong></span> <span class='ocrx_word' id='word_1_550' title='bbox 3298 3244 3525 3308; x_wconf 81' lang='lat' dir='ltr'><strong>direxit,</strong></span> 
     </span>
    </p>
   </div>
   <div class='ocr_carea' id='block_1_81' title="bbox 1888 3324 3527 3405">
    <p class='ocr_par' dir='ltr' id='par_1_81' title="bbox 1888 3324 3527 3405">
     <span class='ocr_line' id='line_1_81' title="bbox 1888 3324 3527 3405; baseline 0.003 -26"><span class='ocrx_word' id='word_1_551' title='bbox 1888 3341 2136 3396; x_wconf 90' lang='lat' dir='ltr'><strong>quarum</strong></span> <span class='ocrx_word' id='word_1_552' title='bbox 2172 3324 2462 3395; x_wconf 90' lang='lat' dir='ltr'><strong>primitias</strong></span> <span class='ocrx_word' id='word_1_553' title='bbox 2492 3326 2578 3379; x_wconf 89' lang='lat' dir='ltr'><strong>sui</strong></span> <span class='ocrx_word' id='word_1_554' title='bbox 2614 3326 2894 3381; x_wconf 78' lang='lat' dir='ltr'><strong>eﬂ&#39;usionc</strong></span> <span class='ocrx_word' id='word_1_555' title='bbox 2925 3334 2980 3382; x_wconf 91' lang='lat' dir='ltr'><strong>et</strong></span> <span class='ocrx_word' id='word_1_556' title='bbox 3007 3329 3271 3385; x_wconf 90' lang='lat' dir='ltr'><strong>omnium</strong></span> <span class='ocrx_word' id='word_1_557' title='bbox 3301 3332 3527 3405; x_wconf 68' lang='lat' dir='ltr'><strong>lingua-</strong></span> 
     </span>
    </p>
   </div>
   <div class='ocr_carea' id='block_1_82' title="bbox 1889 3412 3524 3486">
    <p class='ocr_par' dir='ltr' id='par_1_82' title="bbox 1889 3412 3524 3486">
     <span class='ocr_line' id='line_1_82' title="bbox 1889 3412 3524 3486; baseline 0.006 -18"><span class='ocrx_word' id='word_1_558' title='bbox 1889 3430 2019 3468; x_wconf 90' lang='lat' dir='ltr'><strong>rum</strong></span> <span class='ocrx_word' id='word_1_559' title='bbox 2053 3412 2430 3484; x_wconf 89' lang='lat' dir='ltr'><strong>inspiratione</strong></span> <span class='ocrx_word' id='word_1_560' title='bbox 2455 3413 2627 3467; x_wconf 86' lang='lat' dir='ltr'><strong>etiam</strong></span> <span class='ocrx_word' id='word_1_561' title='bbox 2662 3419 2794 3468; x_wconf 90' lang='lat' dir='ltr'><strong>ante</strong></span> <span class='ocrx_word' id='word_1_562' title='bbox 2824 3415 3178 3486; x_wconf 85' lang='lat' dir='ltr'><strong>baptismum</strong></span> <span class='ocrx_word' id='word_1_563' title='bbox 3205 3422 3524 3478; x_wconf 85' lang='lat' dir='ltr'><strong>mundavit.</strong></span> 
     </span>
    </p>
   </div>
   <div class='ocr_carea' id='block_1_83' title="bbox 1888 3501 3526 3574">
    <p class='ocr_par' dir='ltr' id='par_1_83' title="bbox 1888 3501 3526 3574">
     <span class='ocr_line' id='line_1_83' title="bbox 1888 3501 3526 3574; baseline 0.004 -17"><span class='ocrx_word' id='word_1_564' title='bbox 1888 3502 1991 3557; x_wconf 85' lang='lat' dir='ltr'><strong>Hic</strong></span> <span class='ocrx_word' id='word_1_565' title='bbox 2024 3519 2057 3556; x_wconf 89' lang='lat' dir='ltr'><strong>a</strong></span> <span class='ocrx_word' id='word_1_566' title='bbox 2084 3502 2358 3574; x_wconf 85' lang='lat' dir='ltr'><strong>gentibus</strong></span> <span class='ocrx_word' id='word_1_567' title='bbox 2377 3501 2841 3557; x_wconf 85' lang='lat' dir='ltr'><strong>circumrisiouis</strong></span> <span class='ocrx_word' id='word_1_568' title='bbox 2869 3507 2926 3558; x_wconf 91' lang='lat' dir='ltr'><strong>et</strong></span> <span class='ocrx_word' id='word_1_569' title='bbox 2955 3504 3330 3561; x_wconf 89' lang='lat' dir='ltr'><strong>Judaicarum</strong></span> <span class='ocrx_word' id='word_1_570' title='bbox 3357 3525 3526 3565; x_wconf 72' lang='lat' dir='ltr'><strong>ciere-</strong></span> 
     </span>
    </p>
   </div>
   <div class='ocr_carea' id='block_1_84' title="bbox 1891 3590 3524 3655">
    <p class='ocr_par' dir='ltr' id='par_1_84' title="bbox 1891 3590 3524 3655">
     <span class='ocr_line' id='line_1_84' title="bbox 1891 3590 3524 3655; baseline 0.006 -9"><span class='ocrx_word' id='word_1_571' title='bbox 1891 3591 2219 3647; x_wconf 75' lang='lat' dir='ltr'><strong>moniarum</strong></span> <span class='ocrx_word' id='word_1_572' title='bbox 2248 3607 2396 3645; x_wconf 88' lang='lat' dir='ltr'><strong>onus</strong></span> <span class='ocrx_word' id='word_1_573' title='bbox 2420 3590 2681 3655; x_wconf 85' lang='lat' dir='ltr'><strong>removit,</strong></span> <span class='ocrx_word' id='word_1_574' title='bbox 2708 3591 2933 3646; x_wconf 86' lang='lat' dir='ltr'><strong>dicente</strong></span> <span class='ocrx_word' id='word_1_575' title='bbox 2954 3592 3118 3647; x_wconf 89' lang='lat' dir='ltr'><strong>Petro</strong></span> <span class='ocrx_word' id='word_1_576' title='bbox 3141 3594 3225 3649; x_wconf 89' lang='lat' dir='ltr'><strong>sic</strong></span> <span class='ocrx_word' id='word_1_577' title='bbox 3249 3612 3299 3650; x_wconf 67' lang='grc' dir='ltr'><strong>τι(</strong></span> <span class='ocrx_word' id='word_1_578' title='bbox 3322 3596 3524 3655; x_wconf 86' lang='lat' dir='ltr'><strong>Visum</strong></span> 
     </span>
    </p>
   </div>
   <div class='ocr_carea' id='block_1_85' title="bbox 1890 3678 3529 3755">
    <p class='ocr_par' dir='ltr' id='par_1_85' title="bbox 1890 3678 3529 3755">
     <span class='ocr_line' id='line_1_85' title="bbox 1890 3678 3529 3755; baseline 0.001 -20"><span class='ocrx_word' id='word_1_579' title='bbox 1890 3683 1978 3736; x_wconf 90' lang='lat' dir='ltr'><strong>est</strong></span> <span class='ocrx_word' id='word_1_580' title='bbox 2024 3678 2265 3750; x_wconf 88' lang='lat' dir='ltr'><strong>Spiritui</strong></span> <span class='ocrx_word' id='word_1_581' title='bbox 2322 3688 2522 3733; x_wconf 85' lang='lat' dir='ltr'><strong>sancto</strong></span> <span class='ocrx_word' id='word_1_582' title='bbox 2580 3682 2638 3731; x_wconf 88' lang='lat' dir='ltr'><strong>et</strong></span> <span class='ocrx_word' id='word_1_583' title='bbox 2686 3678 2854 3733; x_wconf 89' lang='lat' dir='ltr'><strong>nobis</strong></span> <span class='ocrx_word' id='word_1_584' title='bbox 2902 3679 3036 3750; x_wconf 65' lang='lat' dir='ltr'><strong>(.tcl.</strong></span> <span class='ocrx_word' id='word_1_585' title='bbox 3090 3699 3181 3750; x_wconf 83' lang='lat' dir='ltr'><strong>xv,</strong></span> <span class='ocrx_word' id='word_1_586' title='bbox 3224 3683 3337 3755; x_wconf 87' lang='lat'><strong>28).</strong></span> <span class='ocrx_word' id='word_1_587' title='bbox 3370 3708 3387 3733; x_wconf 75' lang='grc' dir='ltr'><strong>ο</strong></span> <span class='ocrx_word' id='word_1_588' title='bbox 3426 3688 3529 3743; x_wconf 74' lang='lat' dir='ltr'><strong>llic</strong></span> 
     </span>
    </p>
   </div>
   <div class='ocr_carea' id='block_1_86' title="bbox 1889 3766 3523 3846">
    <p class='ocr_par' dir='ltr' id='par_1_86' title="bbox 1889 3766 3523 3846">
     <span class='ocr_line' id='line_1_86' title="bbox 1889 3766 3523 3846; baseline 0.004 -21"><span class='ocrx_word' id='word_1_589' title='bbox 1889 3769 2140 3842; x_wconf 89' lang='lat' dir='ltr'><strong>Spiritus</strong></span> <span class='ocrx_word' id='word_1_590' title='bbox 2156 3768 2295 3823; x_wconf 86' lang='lat' dir='ltr'><strong>Jesu</strong></span> <span class='ocrx_word' id='word_1_591' title='bbox 2318 3785 2431 3823; x_wconf 91' lang='lat' dir='ltr'><strong>non</strong></span> <span class='ocrx_word' id='word_1_592' title='bbox 2458 3766 2721 3840; x_wconf 90' lang='lat' dir='ltr'><strong>permisit</strong></span> <span class='ocrx_word' id='word_1_593' title='bbox 2746 3767 3038 3839; x_wconf 90' lang='lat' dir='ltr'><strong>apostolos</strong></span> <span class='ocrx_word' id='word_1_594' title='bbox 3086 3770 3168 3825; x_wconf 91' lang='lat' dir='ltr'><strong>ire</strong></span> <span class='ocrx_word' id='word_1_595' title='bbox 3198 3772 3523 3846; x_wconf 77' lang='lat' dir='ltr'><strong>Bithyniam</strong></span> 
     </span>
    </p>
   </div>
   <div class='ocr_carea' id='block_1_87' title="bbox 1887 3854 3524 3928">
    <p class='ocr_par' dir='ltr' id='par_1_87' title="bbox 1887 3854 3524 3928">
     <span class='ocr_line' id='line_1_87' title="bbox 1887 3854 3524 3928; baseline 0.004 -14"><span class='ocrx_word' id='word_1_596' title='bbox 1887 3857 1974 3914; x_wconf 90' lang='lat' dir='ltr'><strong>vel</strong></span> <span class='ocrx_word' id='word_1_597' title='bbox 2004 3856 2392 3928; x_wconf 83' lang='lat' dir='ltr'><strong>cvangelizare</strong></span> <span class='ocrx_word' id='word_1_598' title='bbox 2421 3856 2477 3910; x_wconf 93' lang='lat' dir='ltr'><strong>in</strong></span> <span class='ocrx_word' id='word_1_599' title='bbox 2508 3854 2836 3913; x_wconf 78' lang='lat' dir='ltr'><strong>AsiamJlic</strong></span> <span class='ocrx_word' id='word_1_600' title='bbox 2862 3856 3105 3913; x_wconf 79' lang='lat' dir='ltr'><strong>Paulum</strong></span> <span class='ocrx_word' id='word_1_601' title='bbox 3125 3864 3181 3915; x_wconf 94' lang='lat' dir='ltr'><strong>et</strong></span> <span class='ocrx_word' id='word_1_602' title='bbox 3202 3861 3524 3920; x_wconf 81' lang='lat' dir='ltr'><strong>Barnabani</strong></span> 
     </span>
    </p>
   </div>
   <div class='ocr_carea' id='block_1_88' title="bbox 1889 3942 3525 4020">
    <p class='ocr_par' dir='ltr' id='par_1_88' title="bbox 1889 3942 3525 4020">
     <span class='ocr_line' id='line_1_88' title="bbox 1889 3942 3525 4020; baseline 0.002 -17"><span class='ocrx_word' id='word_1_603' title='bbox 1889 3946 2147 4020; x_wconf 89' lang='lat' dir='ltr'><strong>separari</strong></span> <span class='ocrx_word' id='word_1_604' title='bbox 2180 3946 2237 4001; x_wconf 93' lang='lat' dir='ltr'><strong>in</strong></span> <span class='ocrx_word' id='word_1_605' title='bbox 2261 3961 2408 4018; x_wconf 89' lang='lat' dir='ltr'><strong>opus</strong></span> <span class='ocrx_word' id='word_1_606' title='bbox 2440 3942 3057 4017; x_wconf 81' lang='lat' dir='ltr'><strong>EvangeliijussiLIIic</strong></span> <span class='ocrx_word' id='word_1_607' title='bbox 3078 3950 3347 4007; x_wconf 88' lang='lat' dir='ltr'><strong>eumdem</strong></span> <span class='ocrx_word' id='word_1_608' title='bbox 3374 3956 3525 4008; x_wconf 78' lang='lat' dir='ltr'><strong>Pau-</strong></span> 
     </span>
    </p>
   </div>
   <div class='ocr_carea' id='block_1_89' title="bbox 1890 4033 3525 4114">
    <p class='ocr_par' dir='ltr' id='par_1_89' title="bbox 1890 4033 3525 4114">
     <span class='ocr_line' id='line_1_89' title="bbox 1890 4033 3525 4114; baseline 0.003 -22"><span class='ocrx_word' id='word_1_609' title='bbox 1890 4036 2013 4092; x_wconf 89' lang='lat' dir='ltr'><strong>lum</strong></span> <span class='ocrx_word' id='word_1_610' title='bbox 2047 4035 2101 4091; x_wconf 90' lang='lat' dir='ltr'><strong>in</strong></span> <span class='ocrx_word' id='word_1_611' title='bbox 2127 4033 2521 4091; x_wconf 90' lang='lat' dir='ltr'><strong>Macedoniam</strong></span> <span class='ocrx_word' id='word_1_612' title='bbox 2544 4033 2791 4089; x_wconf 91' lang='lat' dir='ltr'><strong>transire</strong></span> <span class='ocrx_word' id='word_1_613' title='bbox 2814 4037 3179 4107; x_wconf 72' lang='lat' dir='ltr'><strong>praemonuit,</strong></span> <span class='ocrx_word' id='word_1_614' title='bbox 3212 4055 3385 4111; x_wconf 86' lang='lat' dir='ltr'><strong>quem</strong></span> <span class='ocrx_word' id='word_1_615' title='bbox 3426 4058 3525 4114; x_wconf 83' lang='lat' dir='ltr'><strong>po-</strong></span> 
     </span>
    </p>
   </div>
   <div class='ocr_carea' id='block_1_90' title="bbox 1890 4121 3531 4196">
    <p class='ocr_par' dir='ltr' id='par_1_90' title="bbox 1890 4121 3531 4196">
     <span class='ocr_line' id='line_1_90' title="bbox 1890 4121 3531 4196; baseline 0.002 -14"><span class='ocrx_word' id='word_1_616' title='bbox 1890 4128 2016 4182; x_wconf 90' lang='lat' dir='ltr'><strong>stea</strong></span> <span class='ocrx_word' id='word_1_617' title='bbox 2039 4124 2376 4180; x_wconf 74' lang='lat' dir='ltr'><strong>Judzeorum</strong></span> <span class='ocrx_word' id='word_1_618' title='bbox 2394 4121 2642 4178; x_wconf 90' lang='lat' dir='ltr'><strong>vinculis</strong></span> <span class='ocrx_word' id='word_1_619' title='bbox 2665 4121 3025 4196; x_wconf 88' lang='lat' dir='ltr'><strong>alligandum</strong></span> <span class='ocrx_word' id='word_1_620' title='bbox 3042 4130 3099 4181; x_wconf 88' lang='lat' dir='ltr'><strong>et</strong></span> <span class='ocrx_word' id='word_1_621' title='bbox 3120 4127 3396 4184; x_wconf 83' lang='lat' dir='ltr'><strong>Romanis</strong></span> <span class='ocrx_word' id='word_1_622' title='bbox 3418 4134 3531 4185; x_wconf 91' lang='lat' dir='ltr'><strong>tra-</strong></span> 
     </span>
    </p>
   </div>
   <div class='ocr_carea' id='block_1_91' title="bbox 1890 4212 3536 4285">
    <p class='ocr_par' dir='ltr' id='par_1_91' title="bbox 1890 4212 3536 4285">
     <span class='ocr_line' id='line_1_91' title="bbox 1890 4212 3536 4285; baseline 0.004 -16"><span class='ocrx_word' id='word_1_623' title='bbox 1890 4215 2145 4270; x_wconf 90' lang='lat' dir='ltr'><strong>dendum</strong></span> <span class='ocrx_word' id='word_1_624' title='bbox 2180 4212 2597 4285; x_wconf 66' lang='lat' dir='ltr'><strong>praedixitlpse</strong></span> <span class='ocrx_word' id='word_1_625' title='bbox 2627 4213 2880 4285; x_wconf 90' lang='lat' dir='ltr'><strong>Spiritus</strong></span> <span class='ocrx_word' id='word_1_626' title='bbox 2908 4215 3313 4273; x_wconf 76' lang='lat' dir='ltr'><strong>testimonium</strong></span> <span class='ocrx_word' id='word_1_627' title='bbox 3346 4219 3536 4275; x_wconf 80' lang='lat' dir='ltr'><strong>reddit</strong></span> 
     </span>
    </p>
   </div>
   <div class='ocr_carea' id='block_1_92' title="bbox 1890 4302 3533 4375">
    <p class='ocr_par' dir='ltr' id='par_1_92' title="bbox 1890 4302 3533 4375">
     <span class='ocr_line' id='line_1_92' title="bbox 1890 4302 3533 4375; baseline 0.001 -16"><span class='ocrx_word' id='word_1_628' title='bbox 1890 4303 2124 4375; x_wconf 90' lang='lat' dir='ltr'><strong>spiritui</strong></span> <span class='ocrx_word' id='word_1_629' title='bbox 2174 4306 2372 4358; x_wconf 88' lang='lat' dir='ltr'><strong>nostro</strong></span> <span class='ocrx_word' id='word_1_630' title='bbox 2425 4302 2577 4373; x_wconf 63' lang='lat' dir='ltr'><strong>quoat</strong></span> <span class='ocrx_word' id='word_1_631' title='bbox 2629 4319 2838 4359; x_wconf 92' lang='lat' dir='ltr'><strong>sumus</strong></span> <span class='ocrx_word' id='word_1_632' title='bbox 2887 4303 2987 4357; x_wconf 85' lang='lat' dir='ltr'><strong>filii</strong></span> <span class='ocrx_word' id='word_1_633' title='bbox 3034 4303 3133 4360; x_wconf 90' lang='lat' dir='ltr'><strong>Dei</strong></span> <span class='ocrx_word' id='word_1_634' title='bbox 3165 4309 3222 4361; x_wconf 89' lang='lat' dir='ltr'><strong>et</strong></span> <span class='ocrx_word' id='word_1_635' title='bbox 3251 4306 3533 4373; x_wconf 72' lang='lat' dir='ltr'><strong>haeredes,</strong></span> 
     </span>
    </p>
   </div>
   <div class='ocr_carea' id='block_1_93' title="bbox 1890 4390 3536 4467">
    <p class='ocr_par' dir='ltr' id='par_1_93' title="bbox 1890 4390 3536 4467">
     <span class='ocr_line' id='line_1_93' title="bbox 1890 4390 3536 4467; baseline 0.004 -21"><span class='ocrx_word' id='word_1_636' title='bbox 1890 4391 2215 4447; x_wconf 76' lang='lat' dir='ltr'><strong>cohmredes</strong></span> <span class='ocrx_word' id='word_1_637' title='bbox 2266 4395 2459 4446; x_wconf 90' lang='lat' dir='ltr'><strong>autem</strong></span> <span class='ocrx_word' id='word_1_638' title='bbox 2507 4390 2741 4447; x_wconf 89' lang='lat' dir='ltr'><strong>Christi.</strong></span> <span class='ocrx_word' id='word_1_639' title='bbox 2796 4392 2901 4447; x_wconf 89' lang='lat' dir='ltr'><strong>Per</strong></span> <span class='ocrx_word' id='word_1_640' title='bbox 2948 4393 3141 4465; x_wconf 82' lang='lat' dir='ltr'><strong>ipsum</strong></span> <span class='ocrx_word' id='word_1_641' title='bbox 3190 4394 3291 4467; x_wconf 90' lang='lat' dir='ltr'><strong>qui</strong></span> <span class='ocrx_word' id='word_1_642' title='bbox 3337 4399 3536 4453; x_wconf 83' lang='lat' dir='ltr'><strong>omnia</strong></span> 
     </span>
    </p>
   </div>
   <div class='ocr_carea' id='block_1_94' title="bbox 1891 4480 3536 4552">
    <p class='ocr_par' dir='ltr' id='par_1_94' title="bbox 1891 4480 3536 4552">
     <span class='ocr_line' id='line_1_94' title="bbox 1891 4480 3536 4552; baseline 0.002 -16"><span class='ocrx_word' id='word_1_643' title='bbox 1891 4484 2185 4536; x_wconf 90' lang='lat' dir='ltr'><strong>scrutatur</strong></span> <span class='ocrx_word' id='word_1_644' title='bbox 2213 4480 2386 4535; x_wconf 88' lang='lat' dir='ltr'><strong>etiam</strong></span> <span class='ocrx_word' id='word_1_645' title='bbox 2421 4480 2710 4552; x_wconf 84' lang='lat' dir='ltr'><strong>profunda</strong></span> <span class='ocrx_word' id='word_1_646' title='bbox 2761 4480 2856 4536; x_wconf 89' lang='lat' dir='ltr'><strong>Dei</strong></span> <span class='ocrx_word' id='word_1_647' title='bbox 2907 4482 3178 4539; x_wconf 85' lang='lat' dir='ltr'><strong>revelavit</strong></span> <span class='ocrx_word' id='word_1_648' title='bbox 3220 4484 3374 4542; x_wconf 89' lang='lat' dir='ltr'><strong>Deus</strong></span> <span class='ocrx_word' id='word_1_649' title='bbox 3412 4486 3536 4541; x_wconf 80' lang='lat' dir='ltr'><strong>suis</strong></span> 
     </span>
    </p>
   </div>
   <div class='ocr_carea' id='block_1_95' title="bbox 144 4566 3535 4653">
    <p class='ocr_par' dir='ltr' id='par_1_95' title="bbox 144 4566 3535 4653">
     <span class='ocr_line' id='line_1_95' title="bbox 144 4566 3535 4653; baseline 0.004 -37"><span class='ocrx_word' id='word_1_650' title='bbox 144 4567 265 4621; x_wconf 89' lang='lat' dir='ltr'><strong>tum</strong></span> <span class='ocrx_word' id='word_1_651' title='bbox 314 4573 581 4625; x_wconf 89' lang='lat' dir='ltr'><strong>sanctum</strong></span> <span class='ocrx_word' id='word_1_652' title='bbox 635 4568 968 4626; x_wconf 88' lang='lat' dir='ltr'><strong>abalienare</strong></span> <span class='ocrx_word' id='word_1_653' title='bbox 1016 4571 1089 4627; x_wconf 90' lang='lat' dir='ltr'><strong>ab</strong></span> <span class='ocrx_word' id='word_1_654' title='bbox 1139 4569 1241 4626; x_wconf 89' lang='lat' dir='ltr'><strong>illa</strong></span> <span class='ocrx_word' id='word_1_655' title='bbox 1288 4569 1554 4644; x_wconf 90' lang='lat' dir='ltr'><strong>pecunia,</strong></span> <span class='ocrx_word' id='word_1_656' title='bbox 1603 4588 1781 4643; x_wconf 89' lang='lat' dir='ltr'><strong>quam</strong></span> <span class='ocrx_word' id='word_1_657' title='bbox 1814 4587 1859 4653; x_wconf 71' lang='grc' dir='ltr'><strong>ι)</strong></span> <span class='ocrx_word' id='word_1_658' title='bbox 1892 4568 2045 4642; x_wconf 91' lang='lat' dir='ltr'><strong>quod</strong></span> <span class='ocrx_word' id='word_1_659' title='bbox 2079 4567 2285 4624; x_wconf 88' lang='lat' dir='ltr'><strong>oculus</strong></span> <span class='ocrx_word' id='word_1_660' title='bbox 2311 4584 2424 4623; x_wconf 91' lang='lat' dir='ltr'><strong>non</strong></span> <span class='ocrx_word' id='word_1_661' title='bbox 2457 4568 2734 4633; x_wconf 89' lang='lat' dir='ltr'><strong>vidit,nec</strong></span> <span class='ocrx_word' id='word_1_662' title='bbox 2766 4568 2824 4623; x_wconf 90' lang='lat' dir='ltr'><strong>in</strong></span> <span class='ocrx_word' id='word_1_663' title='bbox 2849 4586 2946 4625; x_wconf 87' lang='lat' dir='ltr'><strong>eor</strong></span> <span class='ocrx_word' id='word_1_664' title='bbox 2968 4566 3223 4627; x_wconf 88' lang='lat' dir='ltr'><strong>hominis</strong></span> <span class='ocrx_word' id='word_1_665' title='bbox 3254 4576 3535 4630; x_wconf 76' lang='lat' dir='ltr'><strong>ascendit.</strong></span> 
     </span>
    </p>
   </div>
   <div class='ocr_carea' id='block_1_96' title="bbox 145 4650 1780 4728">
    <p class='ocr_par' dir='ltr' id='par_1_96' title="bbox 145 4650 1780 4728">
     <span class='ocr_line' id='line_1_96' title="bbox 145 4650 1780 4728; baseline 0.006 -22"><span class='ocrx_word' id='word_1_666' title='bbox 145 4650 199 4706; x_wconf 90' lang='lat' dir='ltr'><strong>in</strong></span> <span class='ocrx_word' id='word_1_667' title='bbox 248 4654 375 4728; x_wconf 90' lang='lat' dir='ltr'><strong>ipso</strong></span> <span class='ocrx_word' id='word_1_668' title='bbox 424 4673 625 4714; x_wconf 87' lang='lat' dir='ltr'><strong>eorum</strong></span> <span class='ocrx_word' id='word_1_669' title='bbox 676 4662 809 4715; x_wconf 90' lang='lat' dir='ltr'><strong>voto</strong></span> <span class='ocrx_word' id='word_1_670' title='bbox 856 4658 968 4714; x_wconf 92' lang='lat' dir='ltr'><strong>sibi</strong></span> <span class='ocrx_word' id='word_1_671' title='bbox 1016 4659 1477 4716; x_wconf 90' lang='lat' dir='ltr'><strong>sanctificaverat</strong></span> <span class='ocrx_word' id='word_1_672' title='bbox 1524 4660 1594 4714; x_wconf 91' lang='lat' dir='ltr'><strong>ad</strong></span> <span class='ocrx_word' id='word_1_673' title='bbox 1644 4676 1780 4715; x_wconf 89' lang='lat' dir='ltr'><strong>suo-</strong></span> 
     </span>
    </p>
   </div>
   <div class='ocr_carea' id='block_1_97' title="bbox 147 4748 1776 4822">
    <p class='ocr_par' dir='ltr' id='par_1_97' title="bbox 147 4748 1776 4822">
     <span class='ocr_line' id='line_1_97' title="bbox 147 4748 1776 4822; baseline 0.006 -28"><span class='ocrx_word' id='word_1_674' title='bbox 147 4758 270 4799; x_wconf 90' lang='lat' dir='ltr'><strong>rum</strong></span> <span class='ocrx_word' id='word_1_675' title='bbox 329 4748 747 4803; x_wconf 76' lang='lat' dir='ltr'><strong>cmnobitarum</strong></span> <span class='ocrx_word' id='word_1_676' title='bbox 800 4748 1182 4822; x_wconf 86' lang='lat' dir='ltr'><strong>stipendium,</strong></span> <span class='ocrx_word' id='word_1_677' title='bbox 1234 4753 1293 4805; x_wconf 90' lang='lat' dir='ltr'><strong>et</strong></span> <span class='ocrx_word' id='word_1_678' title='bbox 1360 4748 1500 4821; x_wconf 89' lang='lat' dir='ltr'><strong>quia</strong></span> <span class='ocrx_word' id='word_1_679' title='bbox 1554 4748 1776 4821; x_wconf 90' lang='lat' dir='ltr'><strong>aliquid</strong></span> 
     </span>
    </p>
   </div>
   <div class='ocr_carea' id='block_1_98' title="bbox 145 4833 1780 4911">
    <p class='ocr_par' dir='ltr' id='par_1_98' title="bbox 145 4833 1780 4911">
     <span class='ocr_line' id='line_1_98' title="bbox 145 4833 1780 4911; baseline 0.004 -26"><span class='ocrx_word' id='word_1_680' title='bbox 145 4833 429 4900; x_wconf 90' lang='lat' dir='ltr'><strong>peculiare</strong></span> <span class='ocrx_word' id='word_1_681' title='bbox 476 4836 587 4893; x_wconf 91' lang='lat' dir='ltr'><strong>sibi</strong></span> <span class='ocrx_word' id='word_1_682' title='bbox 634 4836 784 4893; x_wconf 89' lang='lat' dir='ltr'><strong>clam</strong></span> <span class='ocrx_word' id='word_1_683' title='bbox 818 4837 1086 4905; x_wconf 80' lang='lat' dir='ltr'><strong>retinere,</strong></span> <span class='ocrx_word' id='word_1_684' title='bbox 1118 4842 1175 4893; x_wconf 90' lang='lat' dir='ltr'><strong>et</strong></span> <span class='ocrx_word' id='word_1_685' title='bbox 1208 4853 1531 4911; x_wconf 90' lang='lat' dir='ltr'><strong>pauperum</strong></span> <span class='ocrx_word' id='word_1_686' title='bbox 1570 4836 1780 4893; x_wconf 90' lang='lat' dir='ltr'><strong>Christi</strong></span> 
     </span>
    </p>
   </div>
   <div class='ocr_carea' id='block_1_99' title="bbox 142 4917 1783 5000">
    <p class='ocr_par' dir='ltr' id='par_1_99' title="bbox 142 4917 1783 5000">
     <span class='ocr_line' id='line_1_99' title="bbox 142 4917 1783 5000; baseline 0.005 -29"><span class='ocrx_word' id='word_1_687' title='bbox 142 4917 377 4991; x_wconf 90' lang='lat' dir='ltr'><strong>victum,</strong></span> <span class='ocrx_word' id='word_1_688' title='bbox 429 4930 486 4982; x_wconf 89' lang='lat' dir='ltr'><strong>et</strong></span> <span class='ocrx_word' id='word_1_689' title='bbox 532 4927 805 4983; x_wconf 85' lang='lat' dir='ltr'><strong>vestitum</strong></span> <span class='ocrx_word' id='word_1_690' title='bbox 860 4943 962 4999; x_wconf 92' lang='lat' dir='ltr'><strong>pro</strong></span> <span class='ocrx_word' id='word_1_691' title='bbox 1009 4930 1170 5000; x_wconf 87' lang='lat' dir='ltr'><strong>parte</strong></span> <span class='ocrx_word' id='word_1_692' title='bbox 1218 4926 1332 4982; x_wconf 88' lang='lat' dir='ltr'><strong>alia</strong></span> <span class='ocrx_word' id='word_1_693' title='bbox 1381 4926 1573 5000; x_wconf 91' lang='lat' dir='ltr'><strong>palam</strong></span> <span class='ocrx_word' id='word_1_694' title='bbox 1625 4925 1783 4982; x_wconf 86' lang='lat' dir='ltr'><strong>exhi-</strong></span> 
     </span>
    </p>
   </div>
   <div class='ocr_carea' id='block_1_100' title="bbox 142 5006 1783 5089">
    <p class='ocr_par' dir='ltr' id='par_1_100' title="bbox 142 5006 1783 5089">
     <span class='ocr_line' id='line_1_100' title="bbox 142 5006 1783 5089; baseline 0.005 -29"><span class='ocrx_word' id='word_1_695' title='bbox 142 5006 260 5065; x_wconf 86' lang='lat' dir='ltr'><strong>bita</strong></span> <span class='ocrx_word' id='word_1_696' title='bbox 315 5016 558 5071; x_wconf 86' lang='lat' dir='ltr'><strong>mercari</strong></span> <span class='ocrx_word' id='word_1_697' title='bbox 633 5015 1037 5072; x_wconf 88' lang='lat' dir='ltr'><strong>fraudulenter</strong></span> <span class='ocrx_word' id='word_1_698' title='bbox 1092 5015 1450 5088; x_wconf 68' lang='lat' dir='ltr'><strong>quaerebant.</strong></span> <span class='ocrx_word' id='word_1_699' title='bbox 1509 5016 1638 5089; x_wconf 90' lang='lat' dir='ltr'><strong>Ipse</strong></span> <span class='ocrx_word' id='word_1_700' title='bbox 1696 5014 1783 5070; x_wconf 87' lang='lat' dir='ltr'><strong>Si-</strong></span> 
     </span>
    </p>
   </div>
   <div class='ocr_carea' id='block_1_101' title="bbox 146 5103 1785 5178">
    <p class='ocr_par' dir='ltr' id='par_1_101' title="bbox 146 5103 1785 5178">
     <span class='ocr_line' id='line_1_101' title="bbox 146 5103 1785 5178; baseline 0.005 -27"><span class='ocrx_word' id='word_1_701' title='bbox 146 5112 372 5156; x_wconf 89' lang='lat' dir='ltr'><strong>monem</strong></span> <span class='ocrx_word' id='word_1_702' title='bbox 448 5104 684 5178; x_wconf 87' lang='lat' dir='ltr'><strong>Magum</strong></span> <span class='ocrx_word' id='word_1_703' title='bbox 761 5121 858 5161; x_wconf 94' lang='lat' dir='ltr'><strong>ore</strong></span> <span class='ocrx_word' id='word_1_704' title='bbox 933 5104 1190 5161; x_wconf 90' lang='lat' dir='ltr'><strong>Simonis</strong></span> <span class='ocrx_word' id='word_1_705' title='bbox 1262 5103 1413 5160; x_wconf 91' lang='lat' dir='ltr'><strong>Petri</strong></span> <span class='ocrx_word' id='word_1_706' title='bbox 1493 5105 1620 5161; x_wconf 90' lang='lat' dir='ltr'><strong>sine</strong></span> <span class='ocrx_word' id='word_1_707' title='bbox 1674 5105 1785 5160; x_wconf 82' lang='lat' dir='ltr'><strong>fine</strong></span> 
     </span>
    </p>
   </div>
   <div class='ocr_carea' id='block_1_102' title="bbox 143 5182 1787 5267">
    <p class='ocr_par' dir='ltr' id='par_1_102' title="bbox 143 5182 1787 5267">
     <span class='ocr_line' id='line_1_102' title="bbox 143 5182 1787 5267; baseline 0.008 -30"><span class='ocrx_word' id='word_1_708' title='bbox 143 5182 455 5247; x_wconf 89' lang='lat' dir='ltr'><strong>damnavit.</strong></span> <span class='ocrx_word' id='word_1_709' title='bbox 490 5194 637 5256; x_wconf 87' lang='lat' dir='ltr'><strong>Quia</strong></span> <span class='ocrx_word' id='word_1_710' title='bbox 681 5192 931 5267; x_wconf 80' lang='lat' dir='ltr'><strong>gratiam</strong></span> <span class='ocrx_word' id='word_1_711' title='bbox 980 5193 1108 5264; x_wconf 87' lang='lat' dir='ltr'><strong>ejus</strong></span> <span class='ocrx_word' id='word_1_712' title='bbox 1155 5193 1323 5248; x_wconf 90' lang='lat' dir='ltr'><strong>vendi</strong></span> <span class='ocrx_word' id='word_1_713' title='bbox 1364 5196 1422 5249; x_wconf 90' lang='lat' dir='ltr'><strong>et</strong></span> <span class='ocrx_word' id='word_1_714' title='bbox 1469 5194 1583 5249; x_wconf 90' lang='lat' dir='ltr'><strong>emi</strong></span> <span class='ocrx_word' id='word_1_715' title='bbox 1618 5210 1787 5267; x_wconf 86' lang='lat' dir='ltr'><strong>posse</strong></span> 
     </span>
    </p>
   </div>
   <div class='ocr_carea' id='block_1_103' title="bbox 144 5276 1761 5355">
    <p class='ocr_par' dir='ltr' id='par_1_103' title="bbox 144 5276 1761 5355">
     <span class='ocr_line' id='line_1_103' title="bbox 144 5276 1761 5355; baseline 0.009 -29"><span class='ocrx_word' id='word_1_716' title='bbox 144 5276 535 5337; x_wconf 68' lang='lat' dir='ltr'><strong>aestimavitJn</strong></span> <span class='ocrx_word' id='word_1_717' title='bbox 570 5299 687 5355; x_wconf 91' lang='lat' dir='ltr'><strong>qua</strong></span> <span class='ocrx_word' id='word_1_718' title='bbox 717 5282 1075 5338; x_wconf 86' lang='lat' dir='ltr'><strong>irrevocabili</strong></span> <span class='ocrx_word' id='word_1_719' title='bbox 1099 5282 1389 5338; x_wconf 86' lang='lat' dir='ltr'><strong>sententia</strong></span> <span class='ocrx_word' id='word_1_720' title='bbox 1417 5284 1761 5340; x_wconf 89' lang='lat' dir='ltr'><strong>eonsidcran</strong></span> 
     </span>
    </p>
   </div>
   <div class='ocr_carea' id='block_1_104' title="bbox 145 5360 1786 5443">
    <p class='ocr_par' dir='ltr' id='par_1_104' title="bbox 145 5360 1786 5443">
     <span class='ocr_line' id='line_1_104' title="bbox 145 5360 1786 5443; baseline 0.009 -28"><span class='ocrx_word' id='word_1_721' title='bbox 145 5360 277 5420; x_wconf 91' lang='lat' dir='ltr'><strong>dum</strong></span> <span class='ocrx_word' id='word_1_722' title='bbox 312 5373 403 5424; x_wconf 90' lang='lat' dir='ltr'><strong>est</strong></span> <span class='ocrx_word' id='word_1_723' title='bbox 434 5376 657 5443; x_wconf 89' lang='lat' dir='ltr'><strong>quanto</strong></span> <span class='ocrx_word' id='word_1_724' title='bbox 686 5370 965 5428; x_wconf 86' lang='lat' dir='ltr'><strong>venialior</strong></span> <span class='ocrx_word' id='word_1_725' title='bbox 998 5369 1171 5426; x_wconf 81' lang='lat' dir='ltr'><strong>fuerit</strong></span> <span class='ocrx_word' id='word_1_726' title='bbox 1218 5374 1413 5427; x_wconf 88' lang='lat' dir='ltr'><strong>reatus</strong></span> <span class='ocrx_word' id='word_1_727' title='bbox 1462 5374 1697 5429; x_wconf 67' lang='lat' dir='ltr'><strong>Ananiae</strong></span> <span class='ocrx_word' id='word_1_728' title='bbox 1730 5375 1786 5430; x_wconf 92' lang='lat' dir='ltr'><strong>in</strong></span> 
     </span>
    </p>
   </div>
   <div class='ocr_carea' id='block_1_105' title="bbox 145 5450 1788 5536">
    <p class='ocr_par' dir='ltr' id='par_1_105' title="bbox 145 5450 1788 5536">
     <span class='ocr_line' id='line_1_105' title="bbox 145 5450 1788 5536; baseline 0.01 -34"><span class='ocrx_word' id='word_1_729' title='bbox 145 5450 487 5514; x_wconf 81' lang='lat' dir='ltr'><strong>transitoriaa</strong></span> <span class='ocrx_word' id='word_1_730' title='bbox 520 5477 637 5515; x_wconf 66' lang='lat' dir='ltr'><strong>sua:</strong></span> <span class='ocrx_word' id='word_1_731' title='bbox 670 5459 926 5532; x_wconf 67' lang='lat' dir='ltr'><strong>pecunia:</strong></span> <span class='ocrx_word' id='word_1_732' title='bbox 958 5457 1397 5516; x_wconf 80' lang='lat' dir='ltr'><strong>defraudatione</strong></span> <span class='ocrx_word' id='word_1_733' title='bbox 1435 5477 1613 5533; x_wconf 89' lang='lat' dir='ltr'><strong>quam</strong></span> <span class='ocrx_word' id='word_1_734' title='bbox 1659 5479 1788 5536; x_wconf 86' lang='lat' dir='ltr'><strong>per-</strong></span> 
     </span>
    </p>
   </div>
   <div class='ocr_carea' id='block_1_106' title="bbox 1895 4656 3538 4732">
    <p class='ocr_par' dir='ltr' id='par_1_106' title="bbox 1895 4656 3538 4732">
     <span class='ocr_line' id='line_1_106' title="bbox 1895 4656 3538 4732; baseline 0.002 -19"><span class='ocrx_word' id='word_1_735' title='bbox 1895 4660 2021 4731; x_wconf 89' lang='lat' dir='ltr'><strong>Ipse</strong></span> <span class='ocrx_word' id='word_1_736' title='bbox 2052 4674 2154 4729; x_wconf 91' lang='lat' dir='ltr'><strong>per</strong></span> <span class='ocrx_word' id='word_1_737' title='bbox 2204 4656 2449 4712; x_wconf 88' lang='lat' dir='ltr'><strong>Paulum</strong></span> <span class='ocrx_word' id='word_1_738' title='bbox 2482 4657 2582 4711; x_wconf 87' lang='lat' dir='ltr'><strong>dat</strong></span> <span class='ocrx_word' id='word_1_739' title='bbox 2614 4657 2938 4729; x_wconf 85' lang='lat' dir='ltr'><strong>virginibus</strong></span> <span class='ocrx_word' id='word_1_740' title='bbox 2969 4659 3304 4728; x_wconf 91' lang='lat' dir='ltr'><strong>consilium,</strong></span> <span class='ocrx_word' id='word_1_741' title='bbox 3337 4664 3538 4732; x_wconf 80' lang='lat' dir='ltr'><strong>nuptis</strong></span> 
     </span>
    </p>
   </div>
   <div class='ocr_carea' id='block_1_107' title="bbox 1892 4742 3535 4819">
    <p class='ocr_par' dir='ltr' id='par_1_107' title="bbox 1892 4742 3535 4819">
     <span class='ocr_line' id='line_1_107' title="bbox 1892 4742 3535 4819; baseline 0 -19"><span class='ocrx_word' id='word_1_742' title='bbox 1892 4763 2124 4818; x_wconf 91' lang='lat' dir='ltr'><strong>quoque</strong></span> <span class='ocrx_word' id='word_1_743' title='bbox 2156 4750 2213 4800; x_wconf 89' lang='lat' dir='ltr'><strong>et</strong></span> <span class='ocrx_word' id='word_1_744' title='bbox 2242 4744 2660 4816; x_wconf 90' lang='lat' dir='ltr'><strong>viduis.lpsum</strong></span> <span class='ocrx_word' id='word_1_745' title='bbox 2703 4745 2989 4801; x_wconf 84' lang='lat' dir='ltr'><strong>habemus</strong></span> <span class='ocrx_word' id='word_1_746' title='bbox 3034 4747 3244 4819; x_wconf 80' lang='lat' dir='ltr'><strong>pignus</strong></span> <span class='ocrx_word' id='word_1_747' title='bbox 3297 4742 3535 4813; x_wconf 75' lang='lat' dir='ltr'><strong>Christi,</strong></span> 
     </span>
    </p>
   </div>
   <div class='ocr_carea' id='block_1_108' title="bbox 1892 4832 3537 4907">
    <p class='ocr_par' dir='ltr' id='par_1_108' title="bbox 1892 4832 3537 4907">
     <span class='ocr_line' id='line_1_108' title="bbox 1892 4832 3537 4907; baseline -0.001 -18"><span class='ocrx_word' id='word_1_748' title='bbox 1892 4834 2240 4889; x_wconf 90' lang='lat' dir='ltr'><strong>clamantem</strong></span> <span class='ocrx_word' id='word_1_749' title='bbox 2270 4832 2327 4885; x_wconf 91' lang='lat' dir='ltr'><strong>in</strong></span> <span class='ocrx_word' id='word_1_750' title='bbox 2361 4834 2634 4888; x_wconf 88' lang='lat' dir='ltr'><strong>cordibus</strong></span> <span class='ocrx_word' id='word_1_751' title='bbox 2663 4834 3302 4900; x_wconf 73' lang='lat' dir='ltr'><strong>nostris:Abba,t‘ater.</strong></span> <span class='ocrx_word' id='word_1_752' title='bbox 3322 4837 3379 4889; x_wconf 92' lang='lat' dir='ltr'><strong>In</strong></span> <span class='ocrx_word' id='word_1_753' title='bbox 3411 4836 3537 4907; x_wconf 79' lang='lat' dir='ltr'><strong>ipso</strong></span> 
     </span>
    </p>
   </div>
   <div class='ocr_carea' id='block_1_109' title="bbox 1893 4920 3539 4995">
    <p class='ocr_par' dir='ltr' id='par_1_109' title="bbox 1893 4920 3539 4995">
     <span class='ocr_line' id='line_1_109' title="bbox 1893 4920 3539 4995; baseline -0.001 -17"><span class='ocrx_word' id='word_1_754' title='bbox 1893 4921 2103 4995; x_wconf 85' lang='lat' dir='ltr'><strong>signati</strong></span> <span class='ocrx_word' id='word_1_755' title='bbox 2138 4937 2345 4975; x_wconf 89' lang='lat' dir='ltr'><strong>sumus</strong></span> <span class='ocrx_word' id='word_1_756' title='bbox 2385 4920 2442 4974; x_wconf 87' lang='lat' dir='ltr'><strong>in</strong></span> <span class='ocrx_word' id='word_1_757' title='bbox 2494 4921 2586 4975; x_wconf 90' lang='lat' dir='ltr'><strong>die</strong></span> <span class='ocrx_word' id='word_1_758' title='bbox 2638 4921 3074 4993; x_wconf 83' lang='lat' dir='ltr'><strong>redemptionis.</strong></span> <span class='ocrx_word' id='word_1_759' title='bbox 3109 4925 3286 4987; x_wconf 89' lang='lat' dir='ltr'><strong>Quem</strong></span> <span class='ocrx_word' id='word_1_760' title='bbox 3322 4922 3370 4977; x_wconf 90' lang='lat' dir='ltr'><strong>si</strong></span> <span class='ocrx_word' id='word_1_761' title='bbox 3404 4924 3539 4994; x_wconf 84' lang='lat' dir='ltr'><strong>quis</strong></span> 
     </span>
    </p>
   </div>
   <div class='ocr_carea' id='block_1_110' title="bbox 1894 5008 3534 5082">
    <p class='ocr_par' dir='ltr' id='par_1_110' title="bbox 1894 5008 3534 5082">
     <span class='ocr_line' id='line_1_110' title="bbox 1894 5008 3534 5082; baseline 0 -15"><span class='ocrx_word' id='word_1_762' title='bbox 1894 5028 2007 5067; x_wconf 92' lang='lat' dir='ltr'><strong>non</strong></span> <span class='ocrx_word' id='word_1_763' title='bbox 2039 5010 2233 5079; x_wconf 88' lang='lat' dir='ltr'><strong>habet,</strong></span> <span class='ocrx_word' id='word_1_764' title='bbox 2265 5008 2478 5063; x_wconf 87' lang='lat' dir='ltr'><strong>Christi</strong></span> <span class='ocrx_word' id='word_1_765' title='bbox 2511 5026 2621 5064; x_wconf 90' lang='lat' dir='ltr'><strong>non</strong></span> <span class='ocrx_word' id='word_1_766' title='bbox 2654 5013 2896 5082; x_wconf 87' lang='lat' dir='ltr'><strong>est.lpse</strong></span> <span class='ocrx_word' id='word_1_767' title='bbox 2927 5009 3177 5082; x_wconf 87' lang='lat' dir='ltr'><strong>denique</strong></span> <span class='ocrx_word' id='word_1_768' title='bbox 3209 5033 3235 5059; x_wconf 79' lang='grc' dir='ltr'><strong><em>α</em></strong></span> <span class='ocrx_word' id='word_1_769' title='bbox 3272 5010 3534 5082; x_wconf 89' lang='lat' dir='ltr'><strong>spiritus,</strong></span> 
     </span>
    </p>
   </div>
   <div class='ocr_carea' id='block_1_111' title="bbox 1895 5097 3534 5169">
    <p class='ocr_par' dir='ltr' id='par_1_111' title="bbox 1895 5097 3534 5169">
     <span class='ocr_line' id='line_1_111' title="bbox 1895 5097 3534 5169; baseline -0.002 -11"><span class='ocrx_word' id='word_1_770' title='bbox 1895 5103 2206 5157; x_wconf 86' lang='lat' dir='ltr'><strong>attestante</strong></span> <span class='ocrx_word' id='word_1_771' title='bbox 2261 5097 2461 5152; x_wconf 86' lang='lat' dir='ltr'><strong>eodem</strong></span> <span class='ocrx_word' id='word_1_772' title='bbox 2515 5097 2810 5169; x_wconf 82' lang='lat' dir='ltr'><strong>Apostolo,</strong></span> <span class='ocrx_word' id='word_1_773' title='bbox 2844 5098 3082 5167; x_wconf 87' lang='lat' dir='ltr'><strong>adjuvat</strong></span> <span class='ocrx_word' id='word_1_774' title='bbox 3138 5097 3534 5154; x_wconf 84' lang='lat' dir='ltr'><strong>infirmitatem</strong></span> 
     </span>
    </p>
   </div>
   <div class='ocr_carea' id='block_1_112' title="bbox 1897 5186 3533 5259">
    <p class='ocr_par' dir='ltr' id='par_1_112' title="bbox 1897 5186 3533 5259">
     <span class='ocr_line' id='line_1_112' title="bbox 1897 5186 3533 5259; baseline -0.003 -13"><span class='ocrx_word' id='word_1_775' title='bbox 1897 5188 2329 5246; x_wconf 85' lang='lat' dir='ltr'><strong>nostram.Nam</strong></span> <span class='ocrx_word' id='word_1_776' title='bbox 2355 5186 2492 5259; x_wconf 89' lang='lat' dir='ltr'><strong>quid</strong></span> <span class='ocrx_word' id='word_1_777' title='bbox 2518 5202 2752 5243; x_wconf 88' lang='lat' dir='ltr'><strong>oremus</strong></span> <span class='ocrx_word' id='word_1_778' title='bbox 2782 5186 2934 5241; x_wconf 83' lang='lat' dir='ltr'><strong>sicut</strong></span> <span class='ocrx_word' id='word_1_779' title='bbox 2954 5190 3180 5258; x_wconf 89' lang='lat' dir='ltr'><strong>oportet</strong></span> <span class='ocrx_word' id='word_1_780' title='bbox 3206 5188 3533 5251; x_wconf 80' lang='lat' dir='ltr'><strong>nescimus;</strong></span> 
     </span>
    </p>
   </div>
   <div class='ocr_carea' id='block_1_113' title="bbox 1897 5275 3534 5350">
    <p class='ocr_par' dir='ltr' id='par_1_113' title="bbox 1897 5275 3534 5350">
     <span class='ocr_line' id='line_1_113' title="bbox 1897 5275 3534 5350; baseline -0.003 -15"><span class='ocrx_word' id='word_1_781' title='bbox 1897 5280 1993 5335; x_wconf 87' lang='lat' dir='ltr'><strong>sed</strong></span> <span class='ocrx_word' id='word_1_782' title='bbox 2029 5279 2150 5350; x_wconf 88' lang='lat' dir='ltr'><strong>ipse</strong></span> <span class='ocrx_word' id='word_1_783' title='bbox 2178 5276 2428 5348; x_wconf 83' lang='lat' dir='ltr'><strong>Spiritus</strong></span> <span class='ocrx_word' id='word_1_784' title='bbox 2452 5275 2706 5347; x_wconf 88' lang='lat' dir='ltr'><strong>postulat</strong></span> <span class='ocrx_word' id='word_1_785' title='bbox 2739 5292 2839 5348; x_wconf 87' lang='lat' dir='ltr'><strong>pro</strong></span> <span class='ocrx_word' id='word_1_786' title='bbox 2886 5276 3056 5330; x_wconf 90' lang='lat' dir='ltr'><strong>nobis</strong></span> <span class='ocrx_word' id='word_1_787' title='bbox 3102 5276 3417 5347; x_wconf 86' lang='lat' dir='ltr'><strong>gemitibus</strong></span> <span class='ocrx_word' id='word_1_788' title='bbox 3450 5279 3534 5331; x_wconf 85' lang='lat' dir='ltr'><strong>iu-</strong></span> 
     </span>
    </p>
   </div>
   <div class='ocr_carea' id='block_1_114' title="bbox 1896 5365 3536 5440">
    <p class='ocr_par' dir='ltr' id='par_1_114' title="bbox 1896 5365 3536 5440">
     <span class='ocr_line' id='line_1_114' title="bbox 1896 5365 3536 5440; baseline -0.002 -15"><span class='ocrx_word' id='word_1_789' title='bbox 1896 5367 2353 5434; x_wconf 88' lang='lat' dir='ltr'><strong>enarrabilibus;</strong></span> <span class='ocrx_word' id='word_1_790' title='bbox 2390 5367 2485 5439; x_wconf 91' lang='lat' dir='ltr'><strong>qui</strong></span> <span class='ocrx_word' id='word_1_791' title='bbox 2520 5369 2713 5421; x_wconf 89' lang='lat' dir='ltr'><strong>autem</strong></span> <span class='ocrx_word' id='word_1_792' title='bbox 2745 5369 3037 5420; x_wconf 86' lang='lat' dir='ltr'><strong>scrutatur</strong></span> <span class='ocrx_word' id='word_1_793' title='bbox 3066 5365 3241 5421; x_wconf 90' lang='lat' dir='ltr'><strong>corda</strong></span> <span class='ocrx_word' id='word_1_794' title='bbox 3262 5367 3371 5423; x_wconf 85' lang='lat' dir='ltr'><strong>scit</strong></span> <span class='ocrx_word' id='word_1_795' title='bbox 3396 5367 3536 5440; x_wconf 85' lang='lat' dir='ltr'><strong>quid</strong></span> 
     </span>
    </p>
   </div>
   <div class='ocr_carea' id='block_1_115' title="bbox 1898 5454 3539 5532">
    <p class='ocr_par' dir='ltr' id='par_1_115' title="bbox 1898 5454 3539 5532">
     <span class='ocr_line' id='line_1_115' title="bbox 1898 5454 3539 5532; baseline -0.002 -16"><span class='ocrx_word' id='word_1_796' title='bbox 1898 5458 2188 5516; x_wconf 89' lang='lat' dir='ltr'><strong>desideret</strong></span> <span class='ocrx_word' id='word_1_797' title='bbox 2227 5455 2491 5530; x_wconf 89' lang='lat' dir='ltr'><strong>spiritus,</strong></span> <span class='ocrx_word' id='word_1_798' title='bbox 2521 5455 2656 5531; x_wconf 88' lang='lat' dir='ltr'><strong>quia</strong></span> <span class='ocrx_word' id='word_1_799' title='bbox 2684 5455 3006 5512; x_wconf 89' lang='lat' dir='ltr'><strong>secundum</strong></span> <span class='ocrx_word' id='word_1_800' title='bbox 3053 5454 3234 5513; x_wconf 89' lang='lat' dir='ltr'><strong>Deum</strong></span> <span class='ocrx_word' id='word_1_801' title='bbox 3283 5455 3539 5532; x_wconf 86' lang='lat' dir='ltr'><strong>postulat</strong></span> 
     </span>
    </p>
   </div>
   <div class='ocr_carea' id='block_1_116' title="bbox 212 5558 3537 5648">
    <p class='ocr_par' dir='ltr' id='par_1_116' title="bbox 212 5558 3537 5648">
     <span class='ocr_line' id='line_1_116' title="bbox 212 5558 3537 5648; baseline 0.002 -29"><span class='ocrx_word' id='word_1_802' title='bbox 367 5564 431 5622; x_wconf 91' lang='lat' dir='ltr'><strong>Id</strong></span> <span class='ocrx_word' id='word_1_803' title='bbox 460 5569 551 5648; x_wconf 79' lang='lat' dir='ltr'><strong>est</strong></span> <span class='ocrx_word' id='word_1_804' title='bbox 576 5565 908 5648; x_wconf 76' lang='lat' dir='ltr'><strong>viventibus</strong></span> <span class='ocrx_word' id='word_1_805' title='bbox 938 5565 999 5624; x_wconf 88' lang='lat' dir='ltr'><strong>in</strong></span> <span class='ocrx_word' id='word_1_806' title='bbox 1028 5566 1570 5648; x_wconf 75' lang='lat' dir='ltr'><strong>cqmmuni,quales</strong></span> <span class='ocrx_word' id='word_1_807' title='bbox 1599 5573 1765 5632; x_wconf 85' lang='lat' dir='ltr'><strong>erant</strong></span> <span class='ocrx_word' id='word_1_808' title='bbox 1794 5567 1970 5647; x_wconf 87' lang='lat' dir='ltr'><strong>primi</strong></span> <span class='ocrx_word' id='word_1_809' title='bbox 2000 5564 2336 5635; x_wconf 86' lang='lat' dir='ltr'><strong>Christiani,</strong></span> <span class='ocrx_word' id='word_1_810' title='bbox 2369 5566 2604 5644; x_wconf 88' lang='lat' dir='ltr'><strong>quibus,</strong></span> <span class='ocrx_word' id='word_1_811' title='bbox 2640 5569 2704 5624; x_wconf 88' lang='lat' dir='ltr'><strong>ut</strong></span> <span class='ocrx_word' id='word_1_812' title='bbox 2735 5565 2815 5624; x_wconf 86' lang='lat' dir='ltr'><strong>ait</strong></span> <span class='ocrx_word' id='word_1_813' title='bbox 2843 5562 2991 5625; x_wconf 86' lang='lat' dir='ltr'><strong>liber</strong></span> <span class='ocrx_word' id='word_1_814' title='bbox 3019 5566 3273 5625; x_wconf 81' lang='lat' dir='ltr'><strong>Actuum</strong></span> <span class='ocrx_word' id='word_1_815' title='bbox 3308 5567 3537 5644; x_wconf 84' lang='lat' dir='ltr'><strong>aposto-</strong></span> 
     </span>
    </p>
   </div>
   <div class='ocr_carea' id='block_1_117' title="bbox 144 5623 1159 5709">
    <p class='ocr_par' dir='ltr' id='par_1_117' title="bbox 144 5623 1159 5709">
     <span class='ocr_line' id='line_1_117' title="bbox 144 5623 1159 5709; baseline 0.016 -27"><span class='ocrx_word' id='word_1_816' title='bbox 144 5623 354 5709; x_wconf 70' lang='lat' dir='ltr'><strong>lorum,</strong></span> <span class='ocrx_word' id='word_1_817' title='bbox 378 5623 547 5700; x_wconf 74' lang='lat' dir='ltr'><strong>erant</strong></span> <span class='ocrx_word' id='word_1_818' title='bbox 574 5636 774 5700; x_wconf 84' lang='lat' dir='ltr'><strong>omnia</strong></span> <span class='ocrx_word' id='word_1_819' title='bbox 802 5623 1159 5698; x_wconf 79' lang='lat' dir='ltr'><strong>communia.</strong></span> 
     </span>
    </p>
   </div>
  </div>
