  <div class='ocr_page' id='page_1' title='image "/cluster/home/n/w/nwhite01/storage/ocr_20150623/143/uva.x000829790/619.png"; bbox 0 0 4004 6210; ppageno 0'>
   <div class='ocr_carea' id='block_1_1' title="bbox 454 359 604 420">
    <p class='ocr_par' dir='ltr' id='par_1_1' title="bbox 454 359 604 420">
     <span class='ocr_line' id='line_1_1' title="bbox 454 359 604 420; baseline 0.007 -1"><span class='ocrx_word' id='word_1_1' title='bbox 454 359 604 420; x_wconf 78' lang='grc'><strong>1187</strong></span> 
     </span>
    </p>
   </div>
   <div class='ocr_carea' id='block_1_2' title="bbox 1500 352 2801 422">
    <p class='ocr_par' dir='ltr' id='par_1_2' title="bbox 1500 352 2801 422">
     <span class='ocr_line' id='line_1_2' title="bbox 1500 352 2801 422; baseline 0.002 -5"><span class='ocrx_word' id='word_1_2' title='bbox 1500 352 1905 419; x_wconf 78' lang='lat' dir='ltr'>IlUMBER&#39;I‘I</span> <span class='ocrx_word' id='word_1_3' title='bbox 1954 359 2017 418; x_wconf 91' lang='lat' dir='ltr'>S.</span> <span class='ocrx_word' id='word_1_4' title='bbox 2068 354 2137 418; x_wconf 69' lang='lat' dir='ltr'>lt.</span> <span class='ocrx_word' id='word_1_5' title='bbox 2186 357 2257 418; x_wconf 87' lang='grc' dir='ltr'>Ε.</span> <span class='ocrx_word' id='word_1_6' title='bbox 2304 353 2801 422; x_wconf 79' lang='lat' dir='ltr'>CARDlNALlS.</span> 
     </span>
    </p>
   </div>
   <div class='ocr_carea' id='block_1_3' title="bbox 3714 350 3915 423">
    <p class='ocr_par' dir='ltr' id='par_1_3' title="bbox 3714 350 3915 423">
     <span class='ocr_line' id='line_1_3' title="bbox 3714 350 3915 423; baseline 0.015 -4"><span class='ocrx_word' id='word_1_7' title='bbox 3714 350 3915 423; x_wconf 70' lang='lat'>1.188.</span> 
     </span>
    </p>
   </div>
   <div class='ocr_carea' id='block_1_4' title="bbox 451 487 3896 564">
    <p class='ocr_par' dir='ltr' id='par_1_4' title="bbox 451 487 3896 564">
     <span class='ocr_line' id='line_1_4' title="bbox 451 487 3896 564; baseline 0.001 -19"><span class='ocrx_word' id='word_1_8' title='bbox 451 508 554 564; x_wconf 88' lang='lat' dir='ltr'>pro</span> <span class='ocrx_word' id='word_1_9' title='bbox 588 488 804 545; x_wconf 82' lang='lat' dir='ltr'>sanctis</span> <span class='ocrx_word' id='word_1_10' title='bbox 835 488 1007 558; x_wconf 81' lang='lat' dir='ltr'>(Rom.</span> <span class='ocrx_word' id='word_1_11' title='bbox 1040 505 1193 556; x_wconf 75' lang='lat' dir='ltr'>xxvr,</span> <span class='ocrx_word' id='word_1_12' title='bbox 1226 489 1337 560; x_wconf 88' lang='lat'>27).</span> <span class='ocrx_word' id='word_1_13' title='bbox 1364 510 1385 538; x_wconf 75' lang='grc' dir='ltr'><strong>ι</strong></span> <span class='ocrx_word' id='word_1_14' title='bbox 1422 490 1622 561; x_wconf 90' lang='lat' dir='ltr'>Ipsum</span> <span class='ocrx_word' id='word_1_15' title='bbox 1655 488 1727 543; x_wconf 91' lang='lat' dir='ltr'>ab</span> <span class='ocrx_word' id='word_1_16' title='bbox 1756 503 1852 543; x_wconf 91' lang='lat' dir='ltr'>ore</span> <span class='ocrx_word' id='word_1_17' title='bbox 1882 487 2095 544; x_wconf 86' lang='lat' dir='ltr'>Christi</span> <span class='ocrx_word' id='word_1_18' title='bbox 2126 492 2181 557; x_wconf 81' lang='grc' dir='ltr'><strong>Α</strong></span> <span class='ocrx_word' id='word_1_19' title='bbox 2208 488 2454 561; x_wconf 83' lang='lat' dir='ltr'>gloriam</span> <span class='ocrx_word' id='word_1_20' title='bbox 2487 494 2545 546; x_wconf 92' lang='lat' dir='ltr'>et</span> <span class='ocrx_word' id='word_1_21' title='bbox 2575 491 2792 548; x_wconf 89' lang='lat' dir='ltr'>laboris</span> <span class='ocrx_word' id='word_1_22' title='bbox 2824 490 3128 551; x_wconf 87' lang='lat' dir='ltr'>cumulum</span> <span class='ocrx_word' id='word_1_23' title='bbox 3157 508 3359 551; x_wconf 91' lang='lat' dir='ltr'>eorum</span> <span class='ocrx_word' id='word_1_24' title='bbox 3406 493 3657 564; x_wconf 86' lang='lat' dir='ltr'>meritis,</span> <span class='ocrx_word' id='word_1_25' title='bbox 3699 491 3896 549; x_wconf 79' lang='lat' dir='ltr'>auxi-</span> 
     </span>
    </p>
   </div>
   <div class='ocr_carea' id='block_1_5' title="bbox 452 576 2097 650">
    <p class='ocr_par' dir='ltr' id='par_1_5' title="bbox 452 576 2097 650">
     <span class='ocr_line' id='line_1_5' title="bbox 452 576 2097 650; baseline 0.001 -18"><span class='ocrx_word' id='word_1_26' title='bbox 452 583 581 650; x_wconf 86' lang='lat' dir='ltr'>post</span> <span class='ocrx_word' id='word_1_27' title='bbox 604 576 1087 632; x_wconf 88' lang='lat' dir='ltr'>resurrectionem</span> <span class='ocrx_word' id='word_1_28' title='bbox 1121 577 1368 649; x_wconf 81' lang='lat' dir='ltr'>apostoli</span> <span class='ocrx_word' id='word_1_29' title='bbox 1401 582 1770 649; x_wconf 88' lang='lat' dir='ltr'>acceperunt,</span> <span class='ocrx_word' id='word_1_30' title='bbox 1804 581 1870 633; x_wconf 87' lang='lat' dir='ltr'>ut</span> <span class='ocrx_word' id='word_1_31' title='bbox 1897 578 2097 634; x_wconf 88' lang='lat' dir='ltr'>remit-</span> 
     </span>
    </p>
   </div>
   <div class='ocr_carea' id='block_1_6' title="bbox 452 666 2102 739">
    <p class='ocr_par' dir='ltr' id='par_1_6' title="bbox 452 666 2102 739">
     <span class='ocr_line' id='line_1_6' title="bbox 452 666 2102 739; baseline 0.001 -19"><span class='ocrx_word' id='word_1_32' title='bbox 452 670 638 721; x_wconf 90' lang='lat' dir='ltr'>terent</span> <span class='ocrx_word' id='word_1_33' title='bbox 686 670 742 720; x_wconf 90' lang='lat' dir='ltr'>et</span> <span class='ocrx_word' id='word_1_34' title='bbox 793 666 1106 721; x_wconf 88' lang='lat' dir='ltr'>retinerent</span> <span class='ocrx_word' id='word_1_35' title='bbox 1161 671 1396 738; x_wconf 88' lang='lat' dir='ltr'>peccata</span> <span class='ocrx_word' id='word_1_36' title='bbox 1446 666 1777 722; x_wconf 84' lang='lat' dir='ltr'>hominum.</span> <span class='ocrx_word' id='word_1_37' title='bbox 1839 668 1907 722; x_wconf 90' lang='lat' dir='ltr'>Et</span> <span class='ocrx_word' id='word_1_38' title='bbox 1961 667 2102 739; x_wconf 92' lang='lat' dir='ltr'>quid</span> 
     </span>
    </p>
   </div>
   <div class='ocr_carea' id='block_1_7' title="bbox 449 752 2104 826">
    <p class='ocr_par' dir='ltr' id='par_1_7' title="bbox 449 752 2104 826">
     <span class='ocr_line' id='line_1_7' title="bbox 449 752 2104 826; baseline 0.002 -18"><span class='ocrx_word' id='word_1_39' title='bbox 449 753 657 826; x_wconf 81' lang='lat' dir='ltr'>plura?</span> <span class='ocrx_word' id='word_1_40' title='bbox 713 752 841 825; x_wconf 89' lang='lat' dir='ltr'>lpso</span> <span class='ocrx_word' id='word_1_41' title='bbox 898 754 1240 809; x_wconf 87' lang='lat' dir='ltr'>catechismi</span> <span class='ocrx_word' id='word_1_42' title='bbox 1299 759 1357 810; x_wconf 89' lang='lat' dir='ltr'>et</span> <span class='ocrx_word' id='word_1_43' title='bbox 1415 755 1856 825; x_wconf 89' lang='lat' dir='ltr'>scrutiniorum,</span> <span class='ocrx_word' id='word_1_44' title='bbox 1915 755 2104 825; x_wconf 86' lang='lat' dir='ltr'>ipsius</span> 
     </span>
    </p>
   </div>
   <div class='ocr_carea' id='block_1_8' title="bbox 448 842 2102 916">
    <p class='ocr_par' dir='ltr' id='par_1_8' title="bbox 448 842 2102 916">
     <span class='ocr_line' id='line_1_8' title="bbox 448 842 2102 916; baseline 0.001 -19"><span class='ocrx_word' id='word_1_45' title='bbox 448 859 680 915; x_wconf 92' lang='lat' dir='ltr'>quoque</span> <span class='ocrx_word' id='word_1_46' title='bbox 706 842 1422 915; x_wconf 89' lang='lat' dir='ltr'>baptismatis,missarnm</span> <span class='ocrx_word' id='word_1_47' title='bbox 1448 861 1681 916; x_wconf 91' lang='lat' dir='ltr'>quoque</span> <span class='ocrx_word' id='word_1_48' title='bbox 1711 850 1767 899; x_wconf 93' lang='lat' dir='ltr'>et</span> <span class='ocrx_word' id='word_1_49' title='bbox 1795 844 2102 900; x_wconf 85' lang='lat' dir='ltr'>canonica-</span> 
     </span>
    </p>
   </div>
   <div class='ocr_carea' id='block_1_9' title="bbox 448 931 2100 1004">
    <p class='ocr_par' dir='ltr' id='par_1_9' title="bbox 448 931 2100 1004">
     <span class='ocr_line' id='line_1_9' title="bbox 448 931 2100 1004; baseline 0.001 -18"><span class='ocrx_word' id='word_1_50' title='bbox 448 950 576 986; x_wconf 89' lang='lat' dir='ltr'>rum</span> <span class='ocrx_word' id='word_1_51' title='bbox 623 931 900 987; x_wconf 84' lang='lat' dir='ltr'>horarum</span> <span class='ocrx_word' id='word_1_52' title='bbox 946 931 1104 1004; x_wconf 82' lang='lat' dir='ltr'>leges</span> <span class='ocrx_word' id='word_1_53' title='bbox 1144 938 1201 988; x_wconf 91' lang='lat' dir='ltr'>et</span> <span class='ocrx_word' id='word_1_54' title='bbox 1240 932 1529 988; x_wconf 81' lang='lat' dir='ltr'>solemnia</span> <span class='ocrx_word' id='word_1_55' title='bbox 1567 932 1846 989; x_wconf 88' lang='lat' dir='ltr'>celebrari</span> <span class='ocrx_word' id='word_1_56' title='bbox 1885 932 2100 989; x_wconf 92' lang='lat' dir='ltr'>docuit.</span> 
     </span>
    </p>
   </div>
   <div class='ocr_carea' id='block_1_10' title="bbox 450 1021 2102 1094">
    <p class='ocr_par' dir='ltr' id='par_1_10' title="bbox 450 1021 2102 1094">
     <span class='ocr_line' id='line_1_10' title="bbox 450 1021 2102 1094; baseline 0.002 -19"><span class='ocrx_word' id='word_1_57' title='bbox 450 1023 575 1093; x_wconf 83' lang='lat' dir='ltr'>Ipse</span> <span class='ocrx_word' id='word_1_58' title='bbox 611 1026 878 1076; x_wconf 89' lang='lat' dir='ltr'>sanctum</span> <span class='ocrx_word' id='word_1_59' title='bbox 915 1021 1170 1077; x_wconf 88' lang='lat' dir='ltr'>chrisma</span> <span class='ocrx_word' id='word_1_60' title='bbox 1203 1022 1623 1094; x_wconf 86' lang='lat' dir='ltr'>instituit,ipse</span> <span class='ocrx_word' id='word_1_61' title='bbox 1654 1022 1992 1077; x_wconf 85' lang='lat' dir='ltr'>clericorum</span> <span class='ocrx_word' id='word_1_62' title='bbox 2016 1023 2102 1078; x_wconf 86' lang='lat' dir='ltr'>vel</span> 
     </span>
    </p>
   </div>
   <div class='ocr_carea' id='block_1_11' title="bbox 450 1110 2104 1183">
    <p class='ocr_par' dir='ltr' id='par_1_11' title="bbox 450 1110 2104 1183">
     <span class='ocr_line' id='line_1_11' title="bbox 450 1110 2104 1183; baseline 0.001 -18"><span class='ocrx_word' id='word_1_63' title='bbox 450 1110 857 1165; x_wconf 88' lang='lat' dir='ltr'>ministrorum</span> <span class='ocrx_word' id='word_1_64' title='bbox 893 1111 1151 1166; x_wconf 79' lang='lat' dir='ltr'>diversos</span> <span class='ocrx_word' id='word_1_65' title='bbox 1184 1112 1403 1183; x_wconf 85' lang='lat' dir='ltr'>gradus</span> <span class='ocrx_word' id='word_1_66' title='bbox 1434 1118 1487 1166; x_wconf 89' lang='lat' dir='ltr'>et</span> <span class='ocrx_word' id='word_1_67' title='bbox 1521 1112 1713 1166; x_wconf 86' lang='lat' dir='ltr'>ol&#39;ticia</span> <span class='ocrx_word' id='word_1_68' title='bbox 1743 1112 1798 1166; x_wconf 92' lang='lat' dir='ltr'>in</span> <span class='ocrx_word' id='word_1_69' title='bbox 1847 1111 2104 1167; x_wconf 84' lang='lat' dir='ltr'>Ecclesia</span> 
     </span>
    </p>
   </div>
   <div class='ocr_carea' id='block_1_12' title="bbox 447 1199 2103 1272">
    <p class='ocr_par' dir='ltr' id='par_1_12' title="bbox 447 1199 2103 1272">
     <span class='ocr_line' id='line_1_12' title="bbox 447 1199 2103 1272; baseline 0.002 -18"><span class='ocrx_word' id='word_1_70' title='bbox 447 1199 761 1271; x_wconf 85' lang='lat' dir='ltr'>disposuit.</span> <span class='ocrx_word' id='word_1_71' title='bbox 797 1200 925 1271; x_wconf 89' lang='lat' dir='ltr'>Ipse</span> <span class='ocrx_word' id='word_1_72' title='bbox 955 1200 1318 1254; x_wconf 85' lang='lat' dir='ltr'>diversarum</span> <span class='ocrx_word' id='word_1_73' title='bbox 1353 1201 1783 1272; x_wconf 86' lang='lat' dir='ltr'>professionum</span> <span class='ocrx_word' id='word_1_74' title='bbox 1835 1199 2103 1257; x_wconf 81' lang='lat' dir='ltr'>homines</span> 
     </span>
    </p>
   </div>
   <div class='ocr_carea' id='block_1_13' title="bbox 449 1287 2100 1354">
    <p class='ocr_par' dir='ltr' id='par_1_13' title="bbox 449 1287 2100 1354">
     <span class='ocr_line' id='line_1_13' title="bbox 449 1287 2100 1354; baseline 0.001 -11"><span class='ocrx_word' id='word_1_75' title='bbox 449 1306 562 1345; x_wconf 91' lang='lat' dir='ltr'>non</span> <span class='ocrx_word' id='word_1_76' title='bbox 595 1288 786 1345; x_wconf 89' lang='lat' dir='ltr'>solum</span> <span class='ocrx_word' id='word_1_77' title='bbox 812 1287 1162 1344; x_wconf 88' lang='lat' dir='ltr'>habitaculis</span> <span class='ocrx_word' id='word_1_78' title='bbox 1195 1294 1252 1344; x_wconf 89' lang='lat' dir='ltr'>et</span> <span class='ocrx_word' id='word_1_79' title='bbox 1281 1290 1455 1354; x_wconf 89' lang='lat' dir='ltr'>victu,</span> <span class='ocrx_word' id='word_1_80' title='bbox 1490 1290 1589 1344; x_wconf 82' lang='lat' dir='ltr'>sed</span> <span class='ocrx_word' id='word_1_81' title='bbox 1638 1294 1694 1344; x_wconf 91' lang='lat' dir='ltr'>et</span> <span class='ocrx_word' id='word_1_82' title='bbox 1741 1288 1949 1343; x_wconf 79' lang='lat' dir='ltr'>vestitu</span> <span class='ocrx_word' id='word_1_83' title='bbox 1981 1288 2100 1344; x_wconf 90' lang='lat' dir='ltr'>dis-</span> 
     </span>
    </p>
   </div>
   <div class='ocr_carea' id='block_1_14' title="bbox 445 1377 2100 1450">
    <p class='ocr_par' dir='ltr' id='par_1_14' title="bbox 445 1377 2100 1450">
     <span class='ocr_line' id='line_1_14' title="bbox 445 1377 2100 1450; baseline -0.001 -17"><span class='ocrx_word' id='word_1_84' title='bbox 445 1378 638 1434; x_wconf 79' lang='lat' dir='ltr'>tinxit.</span> <span class='ocrx_word' id='word_1_85' title='bbox 678 1379 803 1449; x_wconf 90' lang='lat' dir='ltr'>lpse</span> <span class='ocrx_word' id='word_1_86' title='bbox 835 1377 1086 1449; x_wconf 84' lang='lat' dir='ltr'>singulis</span> <span class='ocrx_word' id='word_1_87' title='bbox 1119 1378 1580 1450; x_wconf 88' lang='lat' dir='ltr'>professionibus</span> <span class='ocrx_word' id='word_1_88' title='bbox 1612 1382 1863 1432; x_wconf 87' lang='lat' dir='ltr'>rectores</span> <span class='ocrx_word' id='word_1_89' title='bbox 1893 1378 2100 1449; x_wconf 89' lang='lat' dir='ltr'>grada-</span> 
     </span>
    </p>
   </div>
   <div class='ocr_carea' id='block_1_15' title="bbox 450 1465 2101 1537">
    <p class='ocr_par' dir='ltr' id='par_1_15' title="bbox 450 1465 2101 1537">
     <span class='ocr_line' id='line_1_15' title="bbox 450 1465 2101 1537; baseline -0.001 -15"><span class='ocrx_word' id='word_1_90' title='bbox 450 1467 556 1522; x_wconf 86' lang='lat' dir='ltr'>tim</span> <span class='ocrx_word' id='word_1_91' title='bbox 589 1466 647 1521; x_wconf 93' lang='lat' dir='ltr'>in</span> <span class='ocrx_word' id='word_1_92' title='bbox 681 1483 863 1521; x_wconf 90' lang='lat' dir='ltr'>unum</span> <span class='ocrx_word' id='word_1_93' title='bbox 889 1468 1392 1523; x_wconf 89' lang='lat' dir='ltr'>consummandos</span> <span class='ocrx_word' id='word_1_94' title='bbox 1421 1466 1753 1537; x_wconf 65' lang='lat' dir='ltr'>praeposuit.</span> <span class='ocrx_word' id='word_1_95' title='bbox 1772 1466 1899 1536; x_wconf 90' lang='lat' dir='ltr'>Ipse</span> <span class='ocrx_word' id='word_1_96' title='bbox 1931 1465 2101 1537; x_wconf 83' lang='lat' dir='ltr'>quid-</span> 
     </span>
    </p>
   </div>
   <div class='ocr_carea' id='block_1_16' title="bbox 447 1553 2102 1628">
    <p class='ocr_par' dir='ltr' id='par_1_16' title="bbox 447 1553 2102 1628">
     <span class='ocr_line' id='line_1_16' title="bbox 447 1553 2102 1628; baseline 0 -18"><span class='ocrx_word' id='word_1_97' title='bbox 447 1556 588 1628; x_wconf 90' lang='lat' dir='ltr'>quid</span> <span class='ocrx_word' id='word_1_98' title='bbox 606 1554 913 1611; x_wconf 79' lang='lat' dir='ltr'>famulatui</span> <span class='ocrx_word' id='word_1_99' title='bbox 938 1556 1263 1611; x_wconf 84' lang='lat' dir='ltr'>divinitatis</span> <span class='ocrx_word' id='word_1_100' title='bbox 1285 1554 1659 1626; x_wconf 86' lang='lat' dir='ltr'>competitvel</span> <span class='ocrx_word' id='word_1_101' title='bbox 1684 1553 1953 1608; x_wconf 67' lang='lat' dir='ltr'>humanae</span> <span class='ocrx_word' id='word_1_102' title='bbox 1971 1570 2102 1610; x_wconf 87' lang='lat' dir='ltr'>cou-</span> 
     </span>
    </p>
   </div>
   <div class='ocr_carea' id='block_1_17' title="bbox 447 1642 2101 1716">
    <p class='ocr_par' dir='ltr' id='par_1_17' title="bbox 447 1642 2101 1716">
     <span class='ocr_line' id='line_1_17' title="bbox 447 1642 2101 1716; baseline -0.001 -15"><span class='ocrx_word' id='word_1_103' title='bbox 447 1644 757 1701; x_wconf 88' lang='lat' dir='ltr'>versationi</span> <span class='ocrx_word' id='word_1_104' title='bbox 790 1644 1030 1700; x_wconf 80' lang='lat' dir='ltr'>honeste</span> <span class='ocrx_word' id='word_1_105' title='bbox 1062 1650 1119 1700; x_wconf 91' lang='lat' dir='ltr'>et</span> <span class='ocrx_word' id='word_1_106' title='bbox 1149 1644 1368 1699; x_wconf 89' lang='lat' dir='ltr'>utiliter</span> <span class='ocrx_word' id='word_1_107' title='bbox 1412 1643 1643 1715; x_wconf 86' lang='lat' dir='ltr'>expedit</span> <span class='ocrx_word' id='word_1_108' title='bbox 1681 1642 1939 1698; x_wconf 88' lang='lat' dir='ltr'>dictavit.</span> <span class='ocrx_word' id='word_1_109' title='bbox 1972 1645 2101 1716; x_wconf 85' lang='lat' dir='ltr'>Ipse</span> 
     </span>
    </p>
   </div>
   <div class='ocr_carea' id='block_1_18' title="bbox 447 1732 2097 1807">
    <p class='ocr_par' dir='ltr' id='par_1_18' title="bbox 447 1732 2097 1807">
     <span class='ocr_line' id='line_1_18' title="bbox 447 1732 2097 1807; baseline -0.002 -16"><span class='ocrx_word' id='word_1_110' title='bbox 447 1750 808 1807; x_wconf 73' lang='lat' dir='ltr'>quaecunque</span> <span class='ocrx_word' id='word_1_111' title='bbox 840 1732 1107 1789; x_wconf 78' lang='lat' dir='ltr'>Ecclesi.e</span> <span class='ocrx_word' id='word_1_112' title='bbox 1129 1736 1497 1788; x_wconf 84' lang='lat' dir='ltr'>sacramenta</span> <span class='ocrx_word' id='word_1_113' title='bbox 1523 1732 1809 1787; x_wconf 89' lang='lat' dir='ltr'>hactenus</span> <span class='ocrx_word' id='word_1_114' title='bbox 1844 1733 2097 1801; x_wconf 90' lang='lat' dir='ltr'>fuerunt,</span> 
     </span>
    </p>
   </div>
   <div class='ocr_carea' id='block_1_19' title="bbox 2212 578 3453 651">
    <p class='ocr_par' dir='ltr' id='par_1_19' title="bbox 2212 578 3453 651">
     <span class='ocr_line' id='line_1_19' title="bbox 2212 578 3453 651; baseline 0.006 -18"><span class='ocrx_word' id='word_1_115' title='bbox 2212 578 2392 636; x_wconf 89' lang='lat' dir='ltr'>liante</span> <span class='ocrx_word' id='word_1_116' title='bbox 2421 580 2692 648; x_wconf 90' lang='lat' dir='ltr'>Domino,</span> <span class='ocrx_word' id='word_1_117' title='bbox 2716 580 2930 638; x_wconf 89' lang='lat' dir='ltr'>habere</span> <span class='ocrx_word' id='word_1_118' title='bbox 2962 599 3314 651; x_wconf 87' lang='lat' dir='ltr'>mereamur,</span> <span class='ocrx_word' id='word_1_119' title='bbox 3345 587 3453 641; x_wconf 91' lang='lat' dir='ltr'>etc.</span> 
     </span>
    </p>
   </div>
   <div class='ocr_carea' id='block_1_20' title="bbox 2806 689 3268 746">
    <p class='ocr_par' dir='ltr' id='par_1_20' title="bbox 2806 689 3268 746">
     <span class='ocr_line' id='line_1_20' title="bbox 2806 689 3268 746; baseline 0.004 -2"><span class='ocrx_word' id='word_1_120' title='bbox 2806 689 3038 745; x_wconf 85' lang='lat' dir='ltr'>CAPUT</span> <span class='ocrx_word' id='word_1_121' title='bbox 3076 690 3268 746; x_wconf 81' lang='lat' dir='ltr'>XXIX.</span> 
     </span>
    </p>
   </div>
   <div class='ocr_carea' id='block_1_21' title="bbox 2216 775 3902 852">
    <p class='ocr_par' dir='ltr' id='par_1_21' title="bbox 2216 775 3902 852">
     <span class='ocr_line' id='line_1_21' title="bbox 2216 775 3902 852; baseline 0.001 -22"><span class='ocrx_word' id='word_1_122' title='bbox 2216 775 2499 852; x_wconf 64' lang='lat' dir='ltr'>Sententia</span> <span class='ocrx_word' id='word_1_123' title='bbox 2529 775 2584 831; x_wconf 87' lang='lat' dir='ltr'>S.</span> <span class='ocrx_word' id='word_1_124' title='bbox 2616 777 2909 852; x_wconf 69' lang='lat' dir='ltr'>Augustini</span> <span class='ocrx_word' id='word_1_125' title='bbox 2935 778 2999 834; x_wconf 81' lang='lat' dir='ltr'>de</span> <span class='ocrx_word' id='word_1_126' title='bbox 3025 776 3235 837; x_wconf 66' lang='lat' dir='ltr'>enim</span> <span class='ocrx_word' id='word_1_127' title='bbox 3255 781 3525 852; x_wconf 75' lang='lat' dir='ltr'>putentia,</span> <span class='ocrx_word' id='word_1_128' title='bbox 3564 787 3617 835; x_wconf 81' lang='lat' dir='ltr'>et</span> <span class='ocrx_word' id='word_1_129' title='bbox 3655 781 3902 835; x_wconf 78' lang='lat' dir='ltr'>retrac-</span> 
     </span>
    </p>
   </div>
   <div class='ocr_carea' id='block_1_22' title="bbox 2286 849 3902 922">
    <p class='ocr_par' dir='ltr' id='par_1_22' title="bbox 2286 849 3902 922">
     <span class='ocr_line' id='line_1_22' title="bbox 2286 849 3902 922; baseline 0.002 -21"><span class='ocrx_word' id='word_1_130' title='bbox 2286 849 2419 922; x_wconf 73' lang='lat' dir='ltr'>tatio</span> <span class='ocrx_word' id='word_1_131' title='bbox 2448 864 2519 922; x_wconf 66' lang='lat' dir='ltr'>ea;</span> <span class='ocrx_word' id='word_1_132' title='bbox 2540 863 2625 915; x_wconf 84' lang='lat' dir='ltr'>ea,</span> <span class='ocrx_word' id='word_1_133' title='bbox 2655 854 2703 903; x_wconf 79' lang='lat' dir='ltr'>et</span> <span class='ocrx_word' id='word_1_134' title='bbox 2730 850 2916 921; x_wconf 79' lang='lat' dir='ltr'>quales</span> <span class='ocrx_word' id='word_1_135' title='bbox 2943 853 3056 905; x_wconf 78' lang='lat' dir='ltr'>sint</span> <span class='ocrx_word' id='word_1_136' title='bbox 3083 849 3318 922; x_wconf 73' lang='lat' dir='ltr'>promoti</span> <span class='ocrx_word' id='word_1_137' title='bbox 3344 869 3378 908; x_wconf 84' lang='grc' dir='ltr'><em>α</em></span> <span class='ocrx_word' id='word_1_138' title='bbox 3407 852 3565 908; x_wconf 71' lang='lat' dir='ltr'>[uicis</span> <span class='ocrx_word' id='word_1_139' title='bbox 3592 858 3902 907; x_wconf 66' lang='lat' dir='ltr'>amaro-</span> 
     </span>
    </p>
   </div>
   <div class='ocr_carea' id='block_1_23' title="bbox 2282 920 2756 989">
    <p class='ocr_par' dir='ltr' id='par_1_23' title="bbox 2282 920 2756 989">
     <span class='ocr_line' id='line_1_23' title="bbox 2282 920 2756 989; baseline 0.002 -16"><span class='ocrx_word' id='word_1_140' title='bbox 2282 920 2521 989; x_wconf 80' lang='lat' dir='ltr'>polz&#39;tam’</span> <span class='ocrx_word' id='word_1_141' title='bbox 2547 920 2756 976; x_wconf 66' lang='lat' dir='ltr'>eorum;</span> 
     </span>
    </p>
   </div>
   <div class='ocr_carea' id='block_1_24' title="bbox 2284 1025 3901 1101">
    <p class='ocr_par' dir='ltr' id='par_1_24' title="bbox 2284 1025 3901 1101">
     <span class='ocr_line' id='line_1_24' title="bbox 2284 1025 3901 1101; baseline 0.003 -23"><span class='ocrx_word' id='word_1_142' title='bbox 2284 1025 2473 1095; x_wconf 77' lang='lat' dir='ltr'>Cujus</span> <span class='ocrx_word' id='word_1_143' title='bbox 2495 1025 2751 1096; x_wconf 86' lang='lat' dir='ltr'>Spiritus</span> <span class='ocrx_word' id='word_1_144' title='bbox 2781 1027 3162 1085; x_wconf 82' lang='lat' dir='ltr'>sanctificatio</span> <span class='ocrx_word' id='word_1_145' title='bbox 3188 1045 3260 1085; x_wconf 89' lang='lat' dir='ltr'>an</span> <span class='ocrx_word' id='word_1_146' title='bbox 3296 1032 3486 1084; x_wconf 87' lang='lat' dir='ltr'>totum</span> <span class='ocrx_word' id='word_1_147' title='bbox 3518 1044 3749 1101; x_wconf 88' lang='lat' dir='ltr'>corpus</span> <span class='ocrx_word' id='word_1_148' title='bbox 3780 1026 3901 1083; x_wconf 81' lang='lat' dir='ltr'>Ec-</span> 
     </span>
    </p>
   </div>
   <div class='ocr_carea' id='block_1_25' title="bbox 2215 1111 3901 1189">
    <p class='ocr_par' dir='ltr' id='par_1_25' title="bbox 2215 1111 3901 1189">
     <span class='ocr_line' id='line_1_25' title="bbox 2215 1111 3901 1189; baseline 0.003 -24"><span class='ocrx_word' id='word_1_149' title='bbox 2215 1111 2404 1166; x_wconf 73' lang='lat' dir='ltr'>clesiae</span> <span class='ocrx_word' id='word_1_150' title='bbox 2438 1114 2765 1170; x_wconf 84' lang='lat' dir='ltr'>sanetifieet</span> <span class='ocrx_word' id='word_1_151' title='bbox 2794 1119 2970 1186; x_wconf 89' lang='lat' dir='ltr'>atque</span> <span class='ocrx_word' id='word_1_152' title='bbox 3000 1121 3163 1189; x_wconf 88' lang='lat' dir='ltr'>regat</span> <span class='ocrx_word' id='word_1_153' title='bbox 3204 1118 3253 1173; x_wconf 90' lang='lat' dir='ltr'>si</span> <span class='ocrx_word' id='word_1_154' title='bbox 3301 1118 3493 1173; x_wconf 89' lang='lat' dir='ltr'>adhuc</span> <span class='ocrx_word' id='word_1_155' title='bbox 3531 1117 3901 1186; x_wconf 80' lang='lat' dir='ltr'>dubitatur,</span> 
     </span>
    </p>
   </div>
   <div class='ocr_carea' id='block_1_26' title="bbox 2211 1197 3903 1278">
    <p class='ocr_par' dir='ltr' id='par_1_26' title="bbox 2211 1197 3903 1278">
     <span class='ocr_line' id='line_1_26' title="bbox 2211 1197 3903 1278; baseline 0.005 -27"><span class='ocrx_word' id='word_1_156' title='bbox 2211 1197 2299 1252; x_wconf 87' lang='lat' dir='ltr'>vel</span> <span class='ocrx_word' id='word_1_157' title='bbox 2331 1197 2586 1269; x_wconf 89' lang='lat' dir='ltr'>qualiter</span> <span class='ocrx_word' id='word_1_158' title='bbox 2616 1200 2671 1254; x_wconf 91' lang='lat' dir='ltr'>id</span> <span class='ocrx_word' id='word_1_159' title='bbox 2701 1204 2834 1271; x_wconf 91' lang='lat' dir='ltr'>agat</span> <span class='ocrx_word' id='word_1_160' title='bbox 2864 1201 2913 1256; x_wconf 90' lang='lat' dir='ltr'>si</span> <span class='ocrx_word' id='word_1_161' title='bbox 2943 1204 3564 1274; x_wconf 55' lang='lat' dir='ltr'>queraturjnetfabile</span> <span class='ocrx_word' id='word_1_162' title='bbox 3592 1211 3649 1262; x_wconf 90' lang='lat' dir='ltr'>et</span> <span class='ocrx_word' id='word_1_163' title='bbox 3680 1220 3903 1278; x_wconf 81' lang='lat' dir='ltr'>supra</span> 
     </span>
    </p>
   </div>
   <div class='ocr_carea' id='block_1_27' title="bbox 2212 1284 3903 1351">
    <p class='ocr_par' dir='ltr' id='par_1_27' title="bbox 2212 1284 3903 1351">
     <span class='ocr_line' id='line_1_27' title="bbox 2212 1284 3903 1351; baseline 0.005 -12"><span class='ocrx_word' id='word_1_164' title='bbox 2212 1284 2534 1341; x_wconf 88' lang='lat' dir='ltr'>humanum</span> <span class='ocrx_word' id='word_1_165' title='bbox 2569 1288 2811 1343; x_wconf 89' lang='lat' dir='ltr'>modum</span> <span class='ocrx_word' id='word_1_166' title='bbox 2842 1288 2951 1344; x_wconf 92' lang='lat' dir='ltr'>hoc</span> <span class='ocrx_word' id='word_1_167' title='bbox 2980 1307 3112 1347; x_wconf 88' lang='lat' dir='ltr'>esse</span> <span class='ocrx_word' id='word_1_168' title='bbox 3139 1291 3379 1349; x_wconf 86' lang='lat' dir='ltr'>sciatur.</span> <span class='ocrx_word' id='word_1_169' title='bbox 3413 1292 3577 1350; x_wconf 88' lang='lat' dir='ltr'>Unde</span> <span class='ocrx_word' id='word_1_170' title='bbox 3624 1307 3903 1351; x_wconf 79' lang='lat' dir='ltr'>necesse</span> 
     </span>
    </p>
   </div>
   <div class='ocr_carea' id='block_1_28' title="bbox 2212 1374 3903 1453">
    <p class='ocr_par' dir='ltr' id='par_1_28' title="bbox 2212 1374 3903 1453">
     <span class='ocr_line' id='line_1_28' title="bbox 2212 1374 3903 1453; baseline 0.005 -24"><span class='ocrx_word' id='word_1_171' title='bbox 2212 1378 2300 1430; x_wconf 89' lang='lat' dir='ltr'>est</span> <span class='ocrx_word' id='word_1_172' title='bbox 2330 1374 2424 1446; x_wconf 91' lang='lat' dir='ltr'>pie</span> <span class='ocrx_word' id='word_1_173' title='bbox 2455 1376 2725 1432; x_wconf 85' lang='lat' dir='ltr'>credatur</span> <span class='ocrx_word' id='word_1_174' title='bbox 2752 1381 2808 1432; x_wconf 90' lang='lat' dir='ltr'>et</span> <span class='ocrx_word' id='word_1_175' title='bbox 2839 1377 3216 1452; x_wconf 83' lang='lat' dir='ltr'>intelligatur,</span> <span class='ocrx_word' id='word_1_176' title='bbox 3260 1398 3332 1438; x_wconf 89' lang='lat' dir='ltr'>ne</span> <span class='ocrx_word' id='word_1_177' title='bbox 3362 1382 3411 1438; x_wconf 87' lang='lat' dir='ltr'>si</span> <span class='ocrx_word' id='word_1_178' title='bbox 3443 1382 3619 1453; x_wconf 88' lang='lat' dir='ltr'>impie</span> <span class='ocrx_word' id='word_1_179' title='bbox 3659 1383 3903 1439; x_wconf 78' lang='lat' dir='ltr'>discu-</span> 
     </span>
    </p>
   </div>
   <div class='ocr_carea' id='block_1_29' title="bbox 2210 1463 3902 1542">
    <p class='ocr_par' dir='ltr' id='par_1_29' title="bbox 2210 1463 3902 1542">
     <span class='ocr_line' id='line_1_29' title="bbox 2210 1463 3902 1542; baseline 0.004 -24"><span class='ocrx_word' id='word_1_180' title='bbox 2210 1463 2373 1531; x_wconf 87' lang='lat' dir='ltr'>titur,</span> <span class='ocrx_word' id='word_1_181' title='bbox 2425 1464 2772 1520; x_wconf 79' lang='lat' dir='ltr'>oﬂ‘endatur.</span> <span class='ocrx_word' id='word_1_182' title='bbox 2824 1466 3018 1523; x_wconf 89' lang='lat' dir='ltr'>Potest</span> <span class='ocrx_word' id='word_1_183' title='bbox 3058 1471 3257 1524; x_wconf 86' lang='lat' dir='ltr'>tamen</span> <span class='ocrx_word' id='word_1_184' title='bbox 3300 1469 3519 1540; x_wconf 84' lang='lat' dir='ltr'>anima,</span> <span class='ocrx_word' id='word_1_185' title='bbox 3564 1475 3902 1542; x_wconf 86' lang='lat' dir='ltr'>quantum</span> 
     </span>
    </p>
   </div>
   <div class='ocr_carea' id='block_1_30' title="bbox 2211 1554 3903 1628">
    <p class='ocr_par' dir='ltr' id='par_1_30' title="bbox 2211 1554 3903 1628">
     <span class='ocr_line' id='line_1_30' title="bbox 2211 1554 3903 1628; baseline 0.005 -22"><span class='ocrx_word' id='word_1_186' title='bbox 2211 1556 2487 1608; x_wconf 70' lang='lat' dir='ltr'>creatura:</span> <span class='ocrx_word' id='word_1_187' title='bbox 2551 1554 2904 1623; x_wconf 89' lang='lat' dir='ltr'>conceditur,</span> <span class='ocrx_word' id='word_1_188' title='bbox 2975 1555 3289 1628; x_wconf 62' lang='lat' dir='ltr'>praedicare</span> <span class='ocrx_word' id='word_1_189' title='bbox 3344 1558 3569 1615; x_wconf 88' lang='lat' dir='ltr'>homini</span> <span class='ocrx_word' id='word_1_190' title='bbox 3621 1562 3903 1615; x_wconf 84' lang='lat' dir='ltr'>tantum</span> 
     </span>
    </p>
   </div>
   <div class='ocr_carea' id='block_1_31' title="bbox 2210 1641 3901 1719">
    <p class='ocr_par' dir='ltr' id='par_1_31' title="bbox 2210 1641 3901 1719">
     <span class='ocr_line' id='line_1_31' title="bbox 2210 1641 3901 1719; baseline 0.005 -22"><span class='ocrx_word' id='word_1_191' title='bbox 2210 1641 2492 1697; x_wconf 82' lang='lat' dir='ltr'>artificem</span> <span class='ocrx_word' id='word_1_192' title='bbox 2543 1641 2850 1714; x_wconf 86' lang='lat' dir='ltr'>Spiritum,</span> <span class='ocrx_word' id='word_1_193' title='bbox 2895 1648 2961 1700; x_wconf 88' lang='lat' dir='ltr'>ut</span> <span class='ocrx_word' id='word_1_194' title='bbox 3008 1661 3078 1700; x_wconf 83' lang='lat' dir='ltr'>ex</span> <span class='ocrx_word' id='word_1_195' title='bbox 3124 1644 3227 1701; x_wconf 91' lang='lat' dir='ltr'>illa</span> <span class='ocrx_word' id='word_1_196' title='bbox 3272 1646 3901 1719; x_wconf 74' lang='lat' dir='ltr'>quantulumcunque</span> 
     </span>
    </p>
   </div>
   <div class='ocr_carea' id='block_1_32' title="bbox 2212 1730 3897 1802">
    <p class='ocr_par' dir='ltr' id='par_1_32' title="bbox 2212 1730 3897 1802">
     <span class='ocr_line' id='line_1_32' title="bbox 2212 1730 3897 1802; baseline 0.004 -17"><span class='ocrx_word' id='word_1_197' title='bbox 2212 1739 2404 1785; x_wconf 84' lang='lat' dir='ltr'>mente</span> <span class='ocrx_word' id='word_1_198' title='bbox 2434 1730 2724 1802; x_wconf 82' lang='lat' dir='ltr'>concipiat</span> <span class='ocrx_word' id='word_1_199' title='bbox 2772 1731 3084 1788; x_wconf 78' lang='lat' dir='ltr'>ineﬂ‘abilis</span> <span class='ocrx_word' id='word_1_200' title='bbox 3133 1733 3467 1791; x_wconf 80' lang='lat' dir='ltr'>diffusionis</span> <span class='ocrx_word' id='word_1_201' title='bbox 3512 1734 3675 1791; x_wconf 90' lang='lat' dir='ltr'>illius</span> <span class='ocrx_word' id='word_1_202' title='bbox 3724 1751 3897 1791; x_wconf 81' lang='lat' dir='ltr'>con-</span> 
     </span>
    </p>
   </div>
   <div class='ocr_carea' id='block_1_33' title="bbox 446 1818 3895 1894">
    <p class='ocr_par' dir='ltr' id='par_1_33' title="bbox 446 1818 3895 1894">
     <span class='ocr_line' id='line_1_33' title="bbox 446 1818 3895 1894; baseline 0 -15"><span class='ocrx_word' id='word_1_203' title='bbox 446 1828 585 1879; x_wconf 91' lang='lat' dir='ltr'>sunt</span> <span class='ocrx_word' id='word_1_204' title='bbox 614 1827 670 1878; x_wconf 90' lang='lat' dir='ltr'>et</span> <span class='ocrx_word' id='word_1_205' title='bbox 699 1827 890 1888; x_wconf 89' lang='lat' dir='ltr'>erunt,</span> <span class='ocrx_word' id='word_1_206' title='bbox 925 1820 1495 1894; x_wconf 72' lang='lat' dir='ltr'>prmordinavithse</span> <span class='ocrx_word' id='word_1_207' title='bbox 1526 1826 1850 1893; x_wconf 74' lang='lat' dir='ltr'>martyrum</span> <span class='ocrx_word' id='word_1_208' title='bbox 1873 1822 2024 1877; x_wconf 90' lang='lat' dir='ltr'>rosis</span> <span class='ocrx_word' id='word_1_209' title='bbox 2044 1825 2102 1876; x_wconf 90' lang='lat' dir='ltr'>et</span> <span class='ocrx_word' id='word_1_210' title='bbox 2134 1882 2171 1894; x_wconf 78' lang='lat'><em>_</em></span> <span class='ocrx_word' id='word_1_211' title='bbox 2203 1818 2641 1891; x_wconf 88' lang='lat' dir='ltr'>jecturam,qua</span> <span class='ocrx_word' id='word_1_212' title='bbox 2673 1820 2779 1883; x_wconf 81' lang='lat' dir='ltr'>fiat</span> <span class='ocrx_word' id='word_1_213' title='bbox 2801 1818 2852 1876; x_wconf 89' lang='lat' dir='ltr'>ei</span> <span class='ocrx_word' id='word_1_214' title='bbox 2884 1820 3100 1893; x_wconf 89' lang='lat' dir='ltr'>aliquis</span> <span class='ocrx_word' id='word_1_215' title='bbox 3131 1822 3351 1893; x_wconf 89' lang='lat' dir='ltr'>gradus</span> <span class='ocrx_word' id='word_1_216' title='bbox 3381 1822 3454 1878; x_wconf 90' lang='lat' dir='ltr'>ad</span> <span class='ocrx_word' id='word_1_217' title='bbox 3483 1822 3573 1879; x_wconf 85' lang='lat' dir='ltr'>vel</span> <span class='ocrx_word' id='word_1_218' title='bbox 3604 1822 3895 1880; x_wconf 84' lang='lat' dir='ltr'>tenuiter</span> 
     </span>
    </p>
   </div>
   <div class='ocr_carea' id='block_1_34' title="bbox 446 1882 3889 1984">
    <p class='ocr_par' dir='ltr' id='par_1_34' title="bbox 446 1882 3889 1984">
     <span class='ocr_line' id='line_1_34' title="bbox 446 1882 3889 1984; baseline -0 -16"><span class='ocrx_word' id='word_1_219' title='bbox 446 1913 849 1968; x_wconf 89' lang='lat' dir='ltr'>confcssorum</span> <span class='ocrx_word' id='word_1_220' title='bbox 878 1882 1032 1965; x_wconf 35' lang='lat' dir='ltr'>&#39;li‘liis</span> <span class='ocrx_word' id='word_1_221' title='bbox 1064 1882 1412 1982; x_wconf 44' lang='lat' dir='ltr'>paradisum.</span> <span class='ocrx_word' id='word_1_222' title='bbox 1453 1882 1720 1965; x_wconf 67' lang='lat' dir='ltr'>Ecclesia:</span> <span class='ocrx_word' id='word_1_223' title='bbox 1754 1910 2092 1982; x_wconf 90' lang='lat' dir='ltr'>compingit.</span> <span class='ocrx_word' id='word_1_224' title='bbox 2128 1882 2174 1945; x_wconf 78' lang='grc' dir='ltr'><strong>Β</strong></span> <span class='ocrx_word' id='word_1_225' title='bbox 2204 1882 2580 1978; x_wconf 78' lang='lat' dir='ltr'>cogitandum</span> <span class='ocrx_word' id='word_1_226' title='bbox 2611 1882 3263 1981; x_wconf 71' lang='lat' dir='ltr'>incomprehehsibilem</span> <span class='ocrx_word' id='word_1_227' title='bbox 3293 1909 3608 1968; x_wconf 83' lang='lat' dir='ltr'>Salvatoris</span> <span class='ocrx_word' id='word_1_228' title='bbox 3650 1914 3889 1984; x_wconf 87' lang='lat' dir='ltr'>potou-</span> 
     </span>
    </p>
   </div>
   <div class='ocr_carea' id='block_1_35' title="bbox 450 1998 2095 2089">
    <p class='ocr_par' dir='ltr' id='par_1_35' title="bbox 450 1998 2095 2089">
     <span class='ocr_line' id='line_1_35' title="bbox 450 1998 2095 2089; baseline -0.002 -33"><span class='ocrx_word' id='word_1_229' title='bbox 450 2004 575 2075; x_wconf 84' lang='lat' dir='ltr'>ipse</span> <span class='ocrx_word' id='word_1_230' title='bbox 605 2000 863 2089; x_wconf 86' lang='lat' dir='ltr'>denique</span> <span class='ocrx_word' id='word_1_231' title='bbox 888 1998 1379 2089; x_wconf 84' lang='lat' dir='ltr'>evangelistarum</span> <span class='ocrx_word' id='word_1_232' title='bbox 1418 2003 1477 2054; x_wconf 89' lang='lat' dir='ltr'>et</span> <span class='ocrx_word' id='word_1_233' title='bbox 1513 2000 2095 2089; x_wconf 9' lang='lat' dir='ltr'>apostolorum,goni-</span> 
     </span>
    </p>
   </div>
   <div class='ocr_carea' id='block_1_36' title="bbox 447 2086 2092 2161">
    <p class='ocr_par' dir='ltr' id='par_1_36' title="bbox 447 2086 2092 2161">
     <span class='ocr_line' id='line_1_36' title="bbox 447 2086 2092 2161; baseline -0.002 -16"><span class='ocrx_word' id='word_1_234' title='bbox 447 2092 729 2161; x_wconf 87' lang='lat' dir='ltr'>niumque</span> <span class='ocrx_word' id='word_1_235' title='bbox 760 2088 1211 2143; x_wconf 86' lang='lat' dir='ltr'>orthodoxorum</span> <span class='ocrx_word' id='word_1_236' title='bbox 1245 2086 1501 2143; x_wconf 80' lang='lat' dir='ltr'>calamos</span> <span class='ocrx_word' id='word_1_237' title='bbox 1525 2093 1582 2143; x_wconf 91' lang='lat' dir='ltr'>et</span> <span class='ocrx_word' id='word_1_238' title='bbox 1607 2087 1835 2143; x_wconf 89' lang='lat' dir='ltr'>animos</span> <span class='ocrx_word' id='word_1_239' title='bbox 1861 2086 2092 2156; x_wconf 87' lang='lat' dir='ltr'>imbuit,</span> 
     </span>
    </p>
   </div>
   <div class='ocr_carea' id='block_1_37' title="bbox 447 2177 2141 2249">
    <p class='ocr_par' dir='ltr' id='par_1_37' title="bbox 447 2177 2141 2249">
     <span class='ocr_line' id='line_1_37' title="bbox 447 2177 2141 2249; baseline 0.001 -16"><span class='ocrx_word' id='word_1_240' title='bbox 447 2179 597 2235; x_wconf 83' lang='lat' dir='ltr'>vexit</span> <span class='ocrx_word' id='word_1_241' title='bbox 627 2183 683 2233; x_wconf 92' lang='lat' dir='ltr'>et</span> <span class='ocrx_word' id='word_1_242' title='bbox 734 2177 1017 2249; x_wconf 57' lang='lat' dir='ltr'>praeduxit</span> <span class='ocrx_word' id='word_1_243' title='bbox 1046 2181 1487 2247; x_wconf 85' lang='lat' dir='ltr'>ut,quoeunque</span> <span class='ocrx_word' id='word_1_244' title='bbox 1522 2177 1630 2232; x_wconf 87' lang='lat' dir='ltr'>iret</span> <span class='ocrx_word' id='word_1_245' title='bbox 1659 2178 1786 2245; x_wconf 77' lang='lat' dir='ltr'>ejus</span> <span class='ocrx_word' id='word_1_246' title='bbox 1818 2177 2093 2248; x_wconf 85' lang='lat' dir='ltr'>impetus,</span> <span class='ocrx_word' id='word_1_247' title='bbox 2120 2214 2141 2235; x_wconf 69' lang='grc' dir='ltr'><strong>ο</strong></span> 
     </span>
    </p>
   </div>
   <div class='ocr_carea' id='block_1_38' title="bbox 445 2264 2092 2339">
    <p class='ocr_par' dir='ltr' id='par_1_38' title="bbox 445 2264 2092 2339">
     <span class='ocr_line' id='line_1_38' title="bbox 445 2264 2092 2339; baseline -0.003 -15"><span class='ocrx_word' id='word_1_248' title='bbox 445 2268 585 2324; x_wconf 90' lang='lat' dir='ltr'>illuc</span> <span class='ocrx_word' id='word_1_249' title='bbox 614 2272 671 2322; x_wconf 92' lang='lat' dir='ltr'>et</span> <span class='ocrx_word' id='word_1_250' title='bbox 699 2266 810 2339; x_wconf 89' lang='lat' dir='ltr'>ipsi</span> <span class='ocrx_word' id='word_1_251' title='bbox 840 2267 1223 2337; x_wconf 76' lang='lat' dir='ltr'>graderentur</span> <span class='ocrx_word' id='word_1_252' title='bbox 1253 2270 1563 2337; x_wconf 89' lang='lat' dir='ltr'>sequentes</span> <span class='ocrx_word' id='word_1_253' title='bbox 1594 2268 1883 2337; x_wconf 87' lang='lat' dir='ltr'>eum.lpse</span> <span class='ocrx_word' id='word_1_254' title='bbox 1914 2264 2092 2336; x_wconf 86' lang='lat' dir='ltr'>Spiri-</span> 
     </span>
    </p>
   </div>
   <div class='ocr_carea' id='block_1_39' title="bbox 448 2352 2096 2424">
    <p class='ocr_par' dir='ltr' id='par_1_39' title="bbox 448 2352 2096 2424">
     <span class='ocr_line' id='line_1_39' title="bbox 448 2352 2096 2424; baseline -0.004 -11"><span class='ocrx_word' id='word_1_255' title='bbox 448 2364 541 2413; x_wconf 90' lang='lat' dir='ltr'>tus</span> <span class='ocrx_word' id='word_1_256' title='bbox 570 2357 698 2411; x_wconf 68' lang='lat' dir='ltr'>vitze</span> <span class='ocrx_word' id='word_1_257' title='bbox 731 2360 820 2410; x_wconf 91' lang='lat' dir='ltr'>est</span> <span class='ocrx_word' id='word_1_258' title='bbox 848 2354 907 2409; x_wconf 90' lang='lat' dir='ltr'>in</span> <span class='ocrx_word' id='word_1_259' title='bbox 942 2354 1101 2419; x_wconf 87' lang='lat' dir='ltr'>rotis,</span> <span class='ocrx_word' id='word_1_260' title='bbox 1134 2352 1190 2407; x_wconf 91' lang='lat' dir='ltr'>in</span> <span class='ocrx_word' id='word_1_261' title='bbox 1226 2353 1544 2424; x_wconf 91' lang='lat' dir='ltr'>Seripturis</span> <span class='ocrx_word' id='word_1_262' title='bbox 1570 2353 1836 2409; x_wconf 86' lang='lat' dir='ltr'>videlicet</span> <span class='ocrx_word' id='word_1_263' title='bbox 1860 2353 2096 2409; x_wconf 89' lang='lat' dir='ltr'>canoni-</span> 
     </span>
    </p>
   </div>
   <div class='ocr_carea' id='block_1_40' title="bbox 447 2441 2094 2512">
    <p class='ocr_par' dir='ltr' id='par_1_40' title="bbox 447 2441 2094 2512">
     <span class='ocr_line' id='line_1_40' title="bbox 447 2441 2094 2512; baseline -0.002 -11"><span class='ocrx_word' id='word_1_264' title='bbox 447 2447 550 2512; x_wconf 91' lang='lat' dir='ltr'>cis,</span> <span class='ocrx_word' id='word_1_265' title='bbox 586 2449 651 2499; x_wconf 89' lang='lat' dir='ltr'>ut</span> <span class='ocrx_word' id='word_1_266' title='bbox 679 2460 811 2499; x_wconf 90' lang='lat' dir='ltr'>eum</span> <span class='ocrx_word' id='word_1_267' title='bbox 846 2441 1064 2497; x_wconf 85' lang='lat' dir='ltr'>sanctis</span> <span class='ocrx_word' id='word_1_268' title='bbox 1096 2441 1451 2496; x_wconf 85' lang='lat' dir='ltr'>animalibus</span> <span class='ocrx_word' id='word_1_269' title='bbox 1470 2442 1843 2497; x_wconf 90' lang='lat' dir='ltr'>currentibus</span> <span class='ocrx_word' id='word_1_270' title='bbox 1874 2446 2094 2508; x_wconf 90' lang='lat' dir='ltr'>eant,et</span> 
     </span>
    </p>
   </div>
   <div class='ocr_carea' id='block_1_41' title="bbox 446 2514 2091 2599">
    <p class='ocr_par' dir='ltr' id='par_1_41' title="bbox 446 2514 2091 2599">
     <span class='ocr_line' id='line_1_41' title="bbox 446 2514 2091 2599; baseline -0.003 -9"><span class='ocrx_word' id='word_1_271' title='bbox 446 2550 578 2591; x_wconf 88' lang='lat' dir='ltr'>cum</span> <span class='ocrx_word' id='word_1_272' title='bbox 612 2532 905 2588; x_wconf 86' lang='lat' dir='ltr'>stantibus</span> <span class='ocrx_word' id='word_1_273' title='bbox 940 2534 1112 2599; x_wconf 86' lang='lat' dir='ltr'>stent,</span> <span class='ocrx_word' id='word_1_274' title='bbox 1148 2534 1365 2585; x_wconf 86' lang='lat' dir='ltr'>etcum</span> <span class='ocrx_word' id='word_1_275' title='bbox 1408 2514 1647 2586; x_wconf 72' lang='lat' dir='ltr'>elevatis</span> <span class='ocrx_word' id='word_1_276' title='bbox 1692 2548 1725 2586; x_wconf 91' lang='lat' dir='ltr'>a</span> <span class='ocrx_word' id='word_1_277' title='bbox 1770 2535 1924 2585; x_wconf 89' lang='lat' dir='ltr'>terra</span> <span class='ocrx_word' id='word_1_278' title='bbox 1977 2529 2091 2586; x_wconf 89' lang='lat' dir='ltr'>ele-</span> 
     </span>
    </p>
   </div>
   <div class='ocr_carea' id='block_1_42' title="bbox 444 2617 2092 2692">
    <p class='ocr_par' dir='ltr' id='par_1_42' title="bbox 444 2617 2092 2692">
     <span class='ocr_line' id='line_1_42' title="bbox 444 2617 2092 2692; baseline -0.002 -14"><span class='ocrx_word' id='word_1_279' title='bbox 444 2621 817 2692; x_wconf 89' lang='lat' dir='ltr'>ventur,quia</span> <span class='ocrx_word' id='word_1_280' title='bbox 846 2620 1019 2674; x_wconf 88' lang='lat' dir='ltr'>verba</span> <span class='ocrx_word' id='word_1_281' title='bbox 1049 2636 1249 2674; x_wconf 90' lang='lat' dir='ltr'>eorum</span> <span class='ocrx_word' id='word_1_282' title='bbox 1281 2617 1524 2690; x_wconf 86' lang='lat' dir='ltr'>spiritus</span> <span class='ocrx_word' id='word_1_283' title='bbox 1554 2623 1611 2673; x_wconf 91' lang='lat' dir='ltr'>et</span> <span class='ocrx_word' id='word_1_284' title='bbox 1641 2618 1757 2672; x_wconf 82' lang='lat' dir='ltr'>vita</span> <span class='ocrx_word' id='word_1_285' title='bbox 1780 2623 1939 2674; x_wconf 91' lang='lat' dir='ltr'>sunt.</span> <span class='ocrx_word' id='word_1_286' title='bbox 1965 2619 2092 2690; x_wconf 90' lang='lat' dir='ltr'>Ipse</span> 
     </span>
    </p>
   </div>
   <div class='ocr_carea' id='block_1_43' title="bbox 445 2706 2092 2779">
    <p class='ocr_par' dir='ltr' id='par_1_43' title="bbox 445 2706 2092 2779">
     <span class='ocr_line' id='line_1_43' title="bbox 445 2706 2092 2779; baseline -0.004 -12"><span class='ocrx_word' id='word_1_287' title='bbox 445 2728 543 2767; x_wconf 87' lang='lat' dir='ltr'>eas</span> <span class='ocrx_word' id='word_1_288' title='bbox 574 2710 656 2766; x_wconf 90' lang='lat' dir='ltr'>sic</span> <span class='ocrx_word' id='word_1_289' title='bbox 688 2709 954 2775; x_wconf 85' lang='lat' dir='ltr'>vivifieat,</span> <span class='ocrx_word' id='word_1_290' title='bbox 990 2712 1054 2762; x_wconf 92' lang='lat' dir='ltr'>ut</span> <span class='ocrx_word' id='word_1_291' title='bbox 1083 2708 1351 2763; x_wconf 88' lang='lat' dir='ltr'>homines</span> <span class='ocrx_word' id='word_1_292' title='bbox 1383 2724 1613 2779; x_wconf 90' lang='lat' dir='ltr'>quoque</span> <span class='ocrx_word' id='word_1_293' title='bbox 1658 2724 1759 2779; x_wconf 89' lang='lat' dir='ltr'>per</span> <span class='ocrx_word' id='word_1_294' title='bbox 1790 2706 1919 2762; x_wconf 87' lang='lat' dir='ltr'>illas</span> <span class='ocrx_word' id='word_1_295' title='bbox 1948 2707 2092 2762; x_wconf 85' lang='lat' dir='ltr'>vivi-</span> 
     </span>
    </p>
   </div>
   <div class='ocr_carea' id='block_1_44' title="bbox 447 2795 2090 2870">
    <p class='ocr_par' dir='ltr' id='par_1_44' title="bbox 447 2795 2090 2870">
     <span class='ocr_line' id='line_1_44' title="bbox 447 2795 2090 2870; baseline -0.002 -15"><span class='ocrx_word' id='word_1_296' title='bbox 447 2803 595 2855; x_wconf 84' lang='lat' dir='ltr'>ficet.</span> <span class='ocrx_word' id='word_1_297' title='bbox 626 2798 758 2853; x_wconf 86' lang='lat' dir='ltr'>Sine</span> <span class='ocrx_word' id='word_1_298' title='bbox 790 2814 906 2870; x_wconf 89' lang='lat' dir='ltr'>quo</span> <span class='ocrx_word' id='word_1_299' title='bbox 937 2814 1050 2852; x_wconf 91' lang='lat' dir='ltr'>non</span> <span class='ocrx_word' id='word_1_300' title='bbox 1093 2796 1285 2852; x_wconf 90' lang='lat' dir='ltr'>solum</span> <span class='ocrx_word' id='word_1_301' title='bbox 1326 2813 1440 2850; x_wconf 91' lang='lat' dir='ltr'>non</span> <span class='ocrx_word' id='word_1_302' title='bbox 1486 2797 1723 2867; x_wconf 89' lang='lat' dir='ltr'>prodest</span> <span class='ocrx_word' id='word_1_303' title='bbox 1768 2795 2090 2868; x_wconf 88' lang='lat' dir='ltr'>quidquam</span> 
     </span>
    </p>
   </div>
   <div class='ocr_carea' id='block_1_45' title="bbox 444 2885 2091 2957">
    <p class='ocr_par' dir='ltr' id='par_1_45' title="bbox 444 2885 2091 2957">
     <span class='ocr_line' id='line_1_45' title="bbox 444 2885 2091 2957; baseline -0.003 -13"><span class='ocrx_word' id='word_1_304' title='bbox 444 2904 644 2944; x_wconf 89' lang='lat' dir='ltr'>earum</span> <span class='ocrx_word' id='word_1_305' title='bbox 678 2886 891 2955; x_wconf 88' lang='lat' dir='ltr'>littera,</span> <span class='ocrx_word' id='word_1_306' title='bbox 924 2887 1024 2941; x_wconf 90' lang='lat' dir='ltr'>sed</span> <span class='ocrx_word' id='word_1_307' title='bbox 1058 2886 1299 2957; x_wconf 89' lang='lat' dir='ltr'>insuper</span> <span class='ocrx_word' id='word_1_308' title='bbox 1328 2885 1561 2952; x_wconf 89' lang='lat' dir='ltr'>occidit,</span> <span class='ocrx_word' id='word_1_309' title='bbox 1593 2888 1658 2939; x_wconf 90' lang='lat' dir='ltr'>ut</span> <span class='ocrx_word' id='word_1_310' title='bbox 1695 2901 1828 2940; x_wconf 86' lang='lat' dir='ltr'>caro</span> <span class='ocrx_word' id='word_1_311' title='bbox 1876 2885 2091 2941; x_wconf 81' lang='lat' dir='ltr'>Christi</span> 
     </span>
    </p>
   </div>
   <div class='ocr_carea' id='block_1_46' title="bbox 445 2974 2091 3046">
    <p class='ocr_par' dir='ltr' id='par_1_46' title="bbox 445 2974 2091 3046">
     <span class='ocr_line' id='line_1_46' title="bbox 445 2974 2091 3046; baseline -0.004 -12"><span class='ocrx_word' id='word_1_312' title='bbox 445 2977 757 3034; x_wconf 88' lang='lat' dir='ltr'>carnaliter</span> <span class='ocrx_word' id='word_1_313' title='bbox 784 2975 1092 3031; x_wconf 89' lang='lat' dir='ltr'>intellecta.</span> <span class='ocrx_word' id='word_1_314' title='bbox 1131 2976 1258 3046; x_wconf 85' lang='lat' dir='ltr'>ipse</span> <span class='ocrx_word' id='word_1_315' title='bbox 1282 2991 1514 3046; x_wconf 89' lang='lat' dir='ltr'>quoque</span> <span class='ocrx_word' id='word_1_316' title='bbox 1544 2975 1773 3029; x_wconf 90' lang='lat' dir='ltr'>decreta</span> <span class='ocrx_word' id='word_1_317' title='bbox 1813 2974 2091 3046; x_wconf 89' lang='lat' dir='ltr'>apostoli-</span> 
     </span>
    </p>
   </div>
   <div class='ocr_carea' id='block_1_47' title="bbox 446 3063 2088 3134">
    <p class='ocr_par' dir='ltr' id='par_1_47' title="bbox 446 3063 2088 3134">
     <span class='ocr_line' id='line_1_47' title="bbox 446 3063 2088 3134; baseline -0.003 -12"><span class='ocrx_word' id='word_1_318' title='bbox 446 3082 647 3122; x_wconf 89' lang='lat' dir='ltr'>eorum</span> <span class='ocrx_word' id='word_1_319' title='bbox 679 3065 958 3131; x_wconf 89' lang='lat' dir='ltr'>virorum,</span> <span class='ocrx_word' id='word_1_320' title='bbox 994 3079 1362 3134; x_wconf 89' lang='lat' dir='ltr'>canonesque</span> <span class='ocrx_word' id='word_1_321' title='bbox 1394 3066 1728 3118; x_wconf 87' lang='lat' dir='ltr'>sanctorum</span> <span class='ocrx_word' id='word_1_322' title='bbox 1765 3063 1995 3118; x_wconf 85' lang='lat' dir='ltr'>Patrum</span> <span class='ocrx_word' id='word_1_323' title='bbox 2030 3063 2088 3118; x_wconf 91' lang='lat' dir='ltr'>in</span> 
     </span>
    </p>
   </div>
   <div class='ocr_carea' id='block_1_48' title="bbox 447 3152 2085 3225">
    <p class='ocr_par' dir='ltr' id='par_1_48' title="bbox 447 3152 2085 3225">
     <span class='ocr_line' id='line_1_48' title="bbox 447 3152 2085 3225; baseline -0.002 -15"><span class='ocrx_word' id='word_1_324' title='bbox 447 3154 690 3211; x_wconf 88' lang='lat' dir='ltr'>diversis</span> <span class='ocrx_word' id='word_1_325' title='bbox 740 3152 1002 3209; x_wconf 88' lang='lat' dir='ltr'>conciliis</span> <span class='ocrx_word' id='word_1_326' title='bbox 1050 3153 1118 3207; x_wconf 92' lang='lat' dir='ltr'>ad</span> <span class='ocrx_word' id='word_1_327' title='bbox 1169 3152 1590 3224; x_wconf 89' lang='lat' dir='ltr'>corrcptionem</span> <span class='ocrx_word' id='word_1_328' title='bbox 1621 3158 1679 3206; x_wconf 90' lang='lat' dir='ltr'>et</span> <span class='ocrx_word' id='word_1_329' title='bbox 1716 3152 2085 3225; x_wconf 85' lang='lat' dir='ltr'>disciplinam</span> 
     </span>
    </p>
   </div>
   <div class='ocr_carea' id='block_1_49' title="bbox 2209 1995 3885 2071">
    <p class='ocr_par' dir='ltr' id='par_1_49' title="bbox 2209 1995 3885 2071">
     <span class='ocr_line' id='line_1_49' title="bbox 2209 1995 3885 2071; baseline 0.004 -20"><span class='ocrx_word' id='word_1_330' title='bbox 2209 1996 2370 2051; x_wconf 90' lang='lat' dir='ltr'>tiam.</span> <span class='ocrx_word' id='word_1_331' title='bbox 2405 1995 2612 2051; x_wconf 89' lang='lat' dir='ltr'>Anima</span> <span class='ocrx_word' id='word_1_332' title='bbox 2638 1997 2878 2070; x_wconf 84' lang='lat' dir='ltr'>quippe,</span> <span class='ocrx_word' id='word_1_333' title='bbox 2913 2002 2979 2053; x_wconf 91' lang='lat' dir='ltr'>ut</span> <span class='ocrx_word' id='word_1_334' title='bbox 3008 1998 3215 2055; x_wconf 89' lang='lat' dir='ltr'>beatus</span> <span class='ocrx_word' id='word_1_335' title='bbox 3258 1998 3620 2071; x_wconf 82' lang='lat' dir='ltr'>Augustinus</span> <span class='ocrx_word' id='word_1_336' title='bbox 3649 2005 3885 2057; x_wconf 82' lang='lat' dir='ltr'>sancto</span> 
     </span>
    </p>
   </div>
   <div class='ocr_carea' id='block_1_50' title="bbox 2205 2084 3881 2161">
    <p class='ocr_par' dir='ltr' id='par_1_50' title="bbox 2205 2084 3881 2161">
     <span class='ocr_line' id='line_1_50' title="bbox 2205 2084 3881 2161; baseline 0.005 -23"><span class='ocrx_word' id='word_1_337' title='bbox 2205 2084 2553 2157; x_wconf 84' lang='lat' dir='ltr'>llieronymo</span> <span class='ocrx_word' id='word_1_338' title='bbox 2584 2085 2847 2142; x_wconf 89' lang='lat' dir='ltr'>scribens</span> <span class='ocrx_word' id='word_1_339' title='bbox 2878 2087 2977 2154; x_wconf 90' lang='lat' dir='ltr'>ait,</span> <span class='ocrx_word' id='word_1_340' title='bbox 3013 2110 3040 2136; x_wconf 90' lang='grc'>‹‹</span> <span class='ocrx_word' id='word_1_341' title='bbox 3069 2104 3171 2159; x_wconf 92' lang='lat' dir='ltr'>per</span> <span class='ocrx_word' id='word_1_342' title='bbox 3211 2091 3401 2144; x_wconf 88' lang='lat' dir='ltr'>totum</span> <span class='ocrx_word' id='word_1_343' title='bbox 3450 2104 3665 2161; x_wconf 89' lang='lat' dir='ltr'>corpus</span> <span class='ocrx_word' id='word_1_344' title='bbox 3695 2090 3881 2161; x_wconf 88' lang='lat' dir='ltr'>quod</span> 
     </span>
    </p>
   </div>
   <div class='ocr_carea' id='block_1_51' title="bbox 2204 2172 3883 2249">
    <p class='ocr_par' dir='ltr' id='par_1_51' title="bbox 2204 2172 3883 2249">
     <span class='ocr_line' id='line_1_51' title="bbox 2204 2172 3883 2249; baseline 0.004 -22"><span class='ocrx_word' id='word_1_345' title='bbox 2204 2172 2427 2228; x_wconf 91' lang='lat' dir='ltr'>animat</span> <span class='ocrx_word' id='word_1_346' title='bbox 2458 2190 2573 2228; x_wconf 91' lang='lat' dir='ltr'>non</span> <span class='ocrx_word' id='word_1_347' title='bbox 2603 2172 2772 2230; x_wconf 91' lang='lat' dir='ltr'>locali</span> <span class='ocrx_word' id='word_1_348' title='bbox 2804 2173 3136 2244; x_wconf 84' lang='lat' dir='ltr'>ditl‘usione,</span> <span class='ocrx_word' id='word_1_349' title='bbox 3160 2176 3260 2232; x_wconf 90' lang='lat' dir='ltr'>sed</span> <span class='ocrx_word' id='word_1_350' title='bbox 3294 2177 3546 2249; x_wconf 87' lang='lat' dir='ltr'>quadam</span> <span class='ocrx_word' id='word_1_351' title='bbox 3577 2177 3744 2235; x_wconf 84' lang='lat' dir='ltr'>vitali</span> <span class='ocrx_word' id='word_1_352' title='bbox 3773 2177 3883 2234; x_wconf 86' lang='lat' dir='ltr'>in-</span> 
     </span>
    </p>
   </div>
   <div class='ocr_carea' id='block_1_52' title="bbox 2204 2261 3878 2338">
    <p class='ocr_par' dir='ltr' id='par_1_52' title="bbox 2204 2261 3878 2338">
     <span class='ocr_line' id='line_1_52' title="bbox 2204 2261 3878 2338; baseline 0.005 -25"><span class='ocrx_word' id='word_1_353' title='bbox 2204 2261 2985 2334; x_wconf 62' lang='lat' dir='ltr'>tentione§porrigitur.Nam</span> <span class='ocrx_word' id='word_1_354' title='bbox 3007 2280 3111 2337; x_wconf 88' lang='lat' dir='ltr'>per</span> <span class='ocrx_word' id='word_1_355' title='bbox 3139 2281 3343 2321; x_wconf 89' lang='lat' dir='ltr'>omnes</span> <span class='ocrx_word' id='word_1_356' title='bbox 3373 2266 3501 2337; x_wconf 86' lang='lat' dir='ltr'>ejus</span> <span class='ocrx_word' id='word_1_357' title='bbox 3531 2265 3878 2338; x_wconf 86' lang='lat' dir='ltr'>particulas</span> 
     </span>
    </p>
   </div>
   <div class='ocr_carea' id='block_1_53' title="bbox 2204 2350 3877 2424">
    <p class='ocr_par' dir='ltr' id='par_1_53' title="bbox 2204 2350 3877 2424">
     <span class='ocr_line' id='line_1_53' title="bbox 2204 2350 3877 2424; baseline 0.004 -20"><span class='ocrx_word' id='word_1_358' title='bbox 2204 2350 2532 2421; x_wconf 61' lang='lat' dir='ltr'>totajsimul</span> <span class='ocrx_word' id='word_1_359' title='bbox 2564 2351 2759 2419; x_wconf 87' lang='lat' dir='ltr'>adest;</span> <span class='ocrx_word' id='word_1_360' title='bbox 2795 2368 2899 2409; x_wconf 92' lang='lat' dir='ltr'>nec</span> <span class='ocrx_word' id='word_1_361' title='bbox 2929 2353 3123 2409; x_wconf 90' lang='lat' dir='ltr'>minor</span> <span class='ocrx_word' id='word_1_362' title='bbox 3161 2354 3220 2409; x_wconf 88' lang='lat' dir='ltr'>in</span> <span class='ocrx_word' id='word_1_363' title='bbox 3272 2354 3620 2424; x_wconf 78' lang='lat' dir='ltr'>minoribus,</span> <span class='ocrx_word' id='word_1_364' title='bbox 3654 2372 3772 2412; x_wconf 89' lang='lat' dir='ltr'>nec</span> <span class='ocrx_word' id='word_1_365' title='bbox 3808 2355 3877 2410; x_wconf 89' lang='lat' dir='ltr'>in</span> 
     </span>
    </p>
   </div>
   <div class='ocr_carea' id='block_1_54' title="bbox 2203 2438 3875 2511">
    <p class='ocr_par' dir='ltr' id='par_1_54' title="bbox 2203 2438 3875 2511">
     <span class='ocr_line' id='line_1_54' title="bbox 2203 2438 3875 2511; baseline 0.005 -19"><span class='ocrx_word' id='word_1_366' title='bbox 2203 2438 2527 2510; x_wconf 73' lang='lat' dir='ltr'>majoribus</span> <span class='ocrx_word' id='word_1_367' title='bbox 2558 2440 2767 2511; x_wconf 86' lang='lat' dir='ltr'>major,</span> <span class='ocrx_word' id='word_1_368' title='bbox 2799 2442 2899 2497; x_wconf 88' lang='lat' dir='ltr'>sed</span> <span class='ocrx_word' id='word_1_369' title='bbox 2931 2440 3146 2498; x_wconf 89' lang='lat' dir='ltr'>alicubi</span> <span class='ocrx_word' id='word_1_370' title='bbox 3176 2442 3485 2511; x_wconf 87' lang='lat' dir='ltr'>intensius,</span> <span class='ocrx_word' id='word_1_371' title='bbox 3516 2442 3734 2499; x_wconf 85' lang='lat' dir='ltr'>alicubi</span> <span class='ocrx_word' id='word_1_372' title='bbox 3771 2460 3875 2501; x_wconf 87' lang='lat' dir='ltr'>re-</span> 
     </span>
    </p>
   </div>
   <div class='ocr_carea' id='block_1_55' title="bbox 2202 2527 3877 2605">
    <p class='ocr_par' dir='ltr' id='par_1_55' title="bbox 2202 2527 3877 2605">
     <span class='ocr_line' id='line_1_55' title="bbox 2202 2527 3877 2605; baseline 0.003 -22"><span class='ocrx_word' id='word_1_373' title='bbox 2202 2527 2529 2597; x_wconf 88' lang='lat' dir='ltr'>missius,et</span> <span class='ocrx_word' id='word_1_374' title='bbox 2556 2529 2615 2584; x_wconf 91' lang='lat' dir='ltr'>in</span> <span class='ocrx_word' id='word_1_375' title='bbox 2647 2530 2923 2586; x_wconf 88' lang='lat' dir='ltr'>omnibus</span> <span class='ocrx_word' id='word_1_376' title='bbox 2952 2535 3094 2598; x_wconf 84' lang='lat' dir='ltr'>tota,</span> <span class='ocrx_word' id='word_1_377' title='bbox 3125 2535 3184 2587; x_wconf 91' lang='lat' dir='ltr'>et</span> <span class='ocrx_word' id='word_1_378' title='bbox 3211 2530 3271 2586; x_wconf 89' lang='lat' dir='ltr'>in</span> <span class='ocrx_word' id='word_1_379' title='bbox 3302 2530 3554 2605; x_wconf 80' lang='lat' dir='ltr'>singulis</span> <span class='ocrx_word' id='word_1_380' title='bbox 3585 2535 3709 2588; x_wconf 86' lang='lat' dir='ltr'>tota</span> <span class='ocrx_word' id='word_1_381' title='bbox 3743 2537 3877 2590; x_wconf 83' lang='lat' dir='ltr'>est.</span> 
     </span>
    </p>
   </div>
   <div class='ocr_carea' id='block_1_56' title="bbox 2202 2617 3872 2691">
    <p class='ocr_par' dir='ltr' id='par_1_56' title="bbox 2202 2617 3872 2691">
     <span class='ocr_line' id='line_1_56' title="bbox 2202 2617 3872 2691; baseline 0.003 -19"><span class='ocrx_word' id='word_1_382' title='bbox 2202 2617 2398 2689; x_wconf 88' lang='lat' dir='ltr'>Neque</span> <span class='ocrx_word' id='word_1_383' title='bbox 2419 2617 2575 2674; x_wconf 88' lang='lat' dir='ltr'>enim</span> <span class='ocrx_word' id='word_1_384' title='bbox 2606 2618 2774 2676; x_wconf 89' lang='lat' dir='ltr'>aliter</span> <span class='ocrx_word' id='word_1_385' title='bbox 2795 2619 2949 2691; x_wconf 90' lang='lat' dir='ltr'>quod</span> <span class='ocrx_word' id='word_1_386' title='bbox 2975 2619 3054 2676; x_wconf 88' lang='lat' dir='ltr'>sit</span> <span class='ocrx_word' id='word_1_387' title='bbox 3083 2620 3139 2674; x_wconf 93' lang='lat' dir='ltr'>in</span> <span class='ocrx_word' id='word_1_388' title='bbox 3172 2635 3412 2691; x_wconf 90' lang='lat' dir='ltr'>corpore</span> <span class='ocrx_word' id='word_1_389' title='bbox 3437 2624 3626 2677; x_wconf 89' lang='lat' dir='ltr'>totum</span> <span class='ocrx_word' id='word_1_390' title='bbox 3648 2621 3872 2689; x_wconf 83' lang='lat' dir='ltr'>sentit,</span> 
     </span>
    </p>
   </div>
   <div class='ocr_carea' id='block_1_57' title="bbox 2202 2706 3872 2783">
    <p class='ocr_par' dir='ltr' id='par_1_57' title="bbox 2202 2706 3872 2783">
     <span class='ocr_line' id='line_1_57' title="bbox 2202 2706 3872 2783; baseline 0.004 -23"><span class='ocrx_word' id='word_1_391' title='bbox 2202 2710 2397 2762; x_wconf 90' lang='lat' dir='ltr'>tamen</span> <span class='ocrx_word' id='word_1_392' title='bbox 2428 2710 2551 2761; x_wconf 91' lang='lat' dir='ltr'>tota</span> <span class='ocrx_word' id='word_1_393' title='bbox 2579 2706 2927 2763; x_wconf 86' lang='lat' dir='ltr'>sentit.Nam</span> <span class='ocrx_word' id='word_1_394' title='bbox 2950 2724 3083 2763; x_wconf 91' lang='lat' dir='ltr'>eum</span> <span class='ocrx_word' id='word_1_395' title='bbox 3105 2707 3312 2783; x_wconf 84' lang='lat' dir='ltr'>exiguo</span> <span class='ocrx_word' id='word_1_396' title='bbox 3333 2712 3553 2781; x_wconf 87' lang='lat' dir='ltr'>puncto</span> <span class='ocrx_word' id='word_1_397' title='bbox 3582 2708 3641 2764; x_wconf 91' lang='lat' dir='ltr'>in</span> <span class='ocrx_word' id='word_1_398' title='bbox 3673 2726 3872 2767; x_wconf 83' lang='lat' dir='ltr'>carne</span> 
     </span>
    </p>
   </div>
   <div class='ocr_carea' id='block_1_58' title="bbox 2200 2794 3862 2869">
    <p class='ocr_par' dir='ltr' id='par_1_58' title="bbox 2200 2794 3862 2869">
     <span class='ocr_line' id='line_1_58' title="bbox 2200 2794 3862 2869; baseline 0.004 -20"><span class='ocrx_word' id='word_1_399' title='bbox 2200 2794 2330 2850; x_wconf 83' lang='lat' dir='ltr'>viva</span> <span class='ocrx_word' id='word_1_400' title='bbox 2354 2795 2575 2867; x_wconf 89' lang='lat' dir='ltr'>aliquid</span> <span class='ocrx_word' id='word_1_401' title='bbox 2608 2796 3162 2869; x_wconf 90' lang='lat' dir='ltr'>tangitur,quamvis</span> <span class='ocrx_word' id='word_1_402' title='bbox 3192 2796 3355 2853; x_wconf 92' lang='lat' dir='ltr'>locus</span> <span class='ocrx_word' id='word_1_403' title='bbox 3386 2797 3483 2853; x_wconf 93' lang='lat' dir='ltr'>ille</span> <span class='ocrx_word' id='word_1_404' title='bbox 3512 2814 3628 2855; x_wconf 85' lang='lat' dir='ltr'>non</span> <span class='ocrx_word' id='word_1_405' title='bbox 3651 2798 3862 2856; x_wconf 88' lang='lat' dir='ltr'>solum</span> 
     </span>
    </p>
   </div>
   <div class='ocr_carea' id='block_1_59' title="bbox 2201 2882 3862 2959">
    <p class='ocr_par' dir='ltr' id='par_1_59' title="bbox 2201 2882 3862 2959">
     <span class='ocr_line' id='line_1_59' title="bbox 2201 2882 3862 2959; baseline 0.003 -21"><span class='ocrx_word' id='word_1_406' title='bbox 2201 2884 2381 2939; x_wconf 89' lang='lat' dir='ltr'>totius</span> <span class='ocrx_word' id='word_1_407' title='bbox 2410 2882 2669 2957; x_wconf 90' lang='lat' dir='ltr'>corporis</span> <span class='ocrx_word' id='word_1_408' title='bbox 2701 2902 2815 2941; x_wconf 91' lang='lat' dir='ltr'>non</span> <span class='ocrx_word' id='word_1_409' title='bbox 2847 2886 2942 2955; x_wconf 92' lang='lat' dir='ltr'>sit,</span> <span class='ocrx_word' id='word_1_410' title='bbox 2957 2887 3059 2942; x_wconf 91' lang='lat' dir='ltr'>sed</span> <span class='ocrx_word' id='word_1_411' title='bbox 3088 2886 3182 2942; x_wconf 81' lang='lat' dir='ltr'>vix</span> <span class='ocrx_word' id='word_1_412' title='bbox 3210 2886 3268 2942; x_wconf 89' lang='lat' dir='ltr'>in</span> <span class='ocrx_word' id='word_1_413' title='bbox 3300 2903 3537 2959; x_wconf 89' lang='lat' dir='ltr'>corpore</span> <span class='ocrx_word' id='word_1_414' title='bbox 3557 2886 3862 2956; x_wconf 89' lang='lat' dir='ltr'>videatur,</span> 
     </span>
    </p>
   </div>
   <div class='ocr_carea' id='block_1_60' title="bbox 2201 2972 3857 3047">
    <p class='ocr_par' dir='ltr' id='par_1_60' title="bbox 2201 2972 3857 3047">
     <span class='ocr_line' id='line_1_60' title="bbox 2201 2972 3857 3047; baseline 0.004 -20"><span class='ocrx_word' id='word_1_415' title='bbox 2201 2972 2459 3027; x_wconf 88' lang='lat' dir='ltr'>animam</span> <span class='ocrx_word' id='word_1_416' title='bbox 2515 2977 2695 3028; x_wconf 90' lang='lat' dir='ltr'>totam</span> <span class='ocrx_word' id='word_1_417' title='bbox 2757 2991 2870 3030; x_wconf 91' lang='lat' dir='ltr'>non</span> <span class='ocrx_word' id='word_1_418' title='bbox 2918 2973 3078 3031; x_wconf 87' lang='lat' dir='ltr'>latet.</span> <span class='ocrx_word' id='word_1_419' title='bbox 3140 2972 3341 3047; x_wconf 86' lang='lat' dir='ltr'>Neque</span> <span class='ocrx_word' id='word_1_420' title='bbox 3394 2975 3452 3030; x_wconf 92' lang='lat' dir='ltr'>id</span> <span class='ocrx_word' id='word_1_421' title='bbox 3498 2975 3655 3047; x_wconf 89' lang='lat' dir='ltr'>quod</span> <span class='ocrx_word' id='word_1_422' title='bbox 3709 2992 3857 3034; x_wconf 86' lang='lat' dir='ltr'>sen-</span> 
     </span>
    </p>
   </div>
   <div class='ocr_carea' id='block_1_61' title="bbox 2201 3062 3855 3135">
    <p class='ocr_par' dir='ltr' id='par_1_61' title="bbox 2201 3062 3855 3135">
     <span class='ocr_line' id='line_1_61' title="bbox 2201 3062 3855 3135; baseline 0.001 -17"><span class='ocrx_word' id='word_1_423' title='bbox 2201 3062 2342 3118; x_wconf 89' lang='lat' dir='ltr'>titur</span> <span class='ocrx_word' id='word_1_424' title='bbox 2372 3079 2475 3134; x_wconf 90' lang='lat' dir='ltr'>per</span> <span class='ocrx_word' id='word_1_425' title='bbox 2500 3062 2760 3135; x_wconf 89' lang='lat' dir='ltr'>corporis</span> <span class='ocrx_word' id='word_1_426' title='bbox 2791 3066 3001 3119; x_wconf 89' lang='lat' dir='ltr'>cuneta</span> <span class='ocrx_word' id='word_1_427' title='bbox 3029 3063 3326 3135; x_wconf 87' lang='lat' dir='ltr'>discurrit,</span> <span class='ocrx_word' id='word_1_428' title='bbox 3359 3064 3462 3120; x_wconf 89' lang='lat' dir='ltr'>sed</span> <span class='ocrx_word' id='word_1_429' title='bbox 3496 3063 3574 3120; x_wconf 90' lang='lat' dir='ltr'>ibi</span> <span class='ocrx_word' id='word_1_430' title='bbox 3606 3069 3855 3121; x_wconf 88' lang='lat' dir='ltr'>tantum</span> 
     </span>
    </p>
   </div>
   <div class='ocr_carea' id='block_1_62' title="bbox 2199 3150 3862 3225">
    <p class='ocr_par' dir='ltr' id='par_1_62' title="bbox 2199 3150 3862 3225">
     <span class='ocr_line' id='line_1_62' title="bbox 2199 3150 3862 3225; baseline 0.001 -18"><span class='ocrx_word' id='word_1_431' title='bbox 2199 3151 2450 3207; x_wconf 91' lang='lat' dir='ltr'>sentitur</span> <span class='ocrx_word' id='word_1_432' title='bbox 2480 3150 2577 3206; x_wconf 89' lang='lat' dir='ltr'>ubi</span> <span class='ocrx_word' id='word_1_433' title='bbox 2610 3153 2695 3219; x_wconf 70' lang='lat' dir='ltr'>ﬁt.</span> <span class='ocrx_word' id='word_1_434' title='bbox 2726 3151 2888 3207; x_wconf 87' lang='lat' dir='ltr'>Unde</span> <span class='ocrx_word' id='word_1_435' title='bbox 2917 3168 3052 3225; x_wconf 89' lang='lat' dir='ltr'>ergo</span> <span class='ocrx_word' id='word_1_436' title='bbox 3092 3154 3164 3208; x_wconf 89' lang='lat' dir='ltr'>ad</span> <span class='ocrx_word' id='word_1_437' title='bbox 3204 3157 3387 3209; x_wconf 88' lang='lat' dir='ltr'>totam</span> <span class='ocrx_word' id='word_1_438' title='bbox 3420 3170 3553 3209; x_wconf 85' lang='lat' dir='ltr'>mox</span> <span class='ocrx_word' id='word_1_439' title='bbox 3582 3153 3862 3225; x_wconf 81' lang='lat' dir='ltr'>pervenit</span> 
     </span>
    </p>
   </div>
   <div class='ocr_carea' id='block_1_63' title="bbox 446 3240 3857 3314">
    <p class='ocr_par' dir='ltr' id='par_1_63' title="bbox 446 3240 3857 3314">
     <span class='ocr_line' id='line_1_63' title="bbox 446 3240 3857 3314; baseline -0.001 -14"><span class='ocrx_word' id='word_1_440' title='bbox 446 3243 823 3300; x_wconf 89' lang='lat' dir='ltr'>ecclesiarum</span> <span class='ocrx_word' id='word_1_441' title='bbox 857 3242 953 3296; x_wconf 91' lang='lat' dir='ltr'>Dei</span> <span class='ocrx_word' id='word_1_442' title='bbox 985 3240 1335 3314; x_wconf 81' lang='lat' dir='ltr'>generaliter</span> <span class='ocrx_word' id='word_1_443' title='bbox 1371 3245 1428 3295; x_wconf 89' lang='lat' dir='ltr'>et</span> <span class='ocrx_word' id='word_1_444' title='bbox 1474 3240 1801 3312; x_wconf 89' lang='lat' dir='ltr'>specialiter</span> <span class='ocrx_word' id='word_1_445' title='bbox 1831 3240 2087 3312; x_wconf 90' lang='lat' dir='ltr'>promul-</span> <span class='ocrx_word' id='word_1_446' title='bbox 2122 3244 2163 3310; x_wconf 84' lang='lat' dir='ltr'>C</span> <span class='ocrx_word' id='word_1_447' title='bbox 2204 3242 2360 3313; x_wconf 88' lang='lat' dir='ltr'>quod</span> <span class='ocrx_word' id='word_1_448' title='bbox 2393 3258 2507 3295; x_wconf 90' lang='lat' dir='ltr'>non</span> <span class='ocrx_word' id='word_1_449' title='bbox 2535 3240 2592 3295; x_wconf 91' lang='lat' dir='ltr'>in</span> <span class='ocrx_word' id='word_1_450' title='bbox 2625 3245 2745 3295; x_wconf 90' lang='lat' dir='ltr'>toto</span> <span class='ocrx_word' id='word_1_451' title='bbox 2768 3242 2850 3308; x_wconf 80' lang='lat' dir='ltr'>fit,</span> <span class='ocrx_word' id='word_1_452' title='bbox 2886 3241 2994 3297; x_wconf 89' lang='lat' dir='ltr'>nisi</span> <span class='ocrx_word' id='word_1_453' title='bbox 3028 3241 3167 3313; x_wconf 90' lang='lat' dir='ltr'>quia</span> <span class='ocrx_word' id='word_1_454' title='bbox 3188 3245 3245 3297; x_wconf 88' lang='lat' dir='ltr'>et</span> <span class='ocrx_word' id='word_1_455' title='bbox 3273 3241 3354 3297; x_wconf 91' lang='lat' dir='ltr'>ibi</span> <span class='ocrx_word' id='word_1_456' title='bbox 3373 3246 3463 3298; x_wconf 89' lang='lat' dir='ltr'>est</span> <span class='ocrx_word' id='word_1_457' title='bbox 3492 3245 3613 3298; x_wconf 88' lang='lat' dir='ltr'>tota</span> <span class='ocrx_word' id='word_1_458' title='bbox 3635 3242 3734 3297; x_wconf 93' lang='lat' dir='ltr'>ubi</span> <span class='ocrx_word' id='word_1_459' title='bbox 3760 3242 3857 3310; x_wconf 83' lang='lat' dir='ltr'>ﬁt,</span> 
     </span>
    </p>
   </div>
   <div class='ocr_carea' id='block_1_64' title="bbox 446 3329 2088 3405">
    <p class='ocr_par' dir='ltr' id='par_1_64' title="bbox 446 3329 2088 3405">
     <span class='ocr_line' id='line_1_64' title="bbox 446 3329 2088 3405; baseline -0.002 -18"><span class='ocrx_word' id='word_1_460' title='bbox 446 3332 622 3405; x_wconf 88' lang='lat' dir='ltr'>gavit,</span> <span class='ocrx_word' id='word_1_461' title='bbox 656 3335 968 3387; x_wconf 89' lang='lat' dir='ltr'>attestante</span> <span class='ocrx_word' id='word_1_462' title='bbox 1000 3331 1163 3385; x_wconf 57' lang='lat' dir='ltr'>beato</span> <span class='ocrx_word' id='word_1_463' title='bbox 1199 3347 1350 3402; x_wconf 89' lang='lat' dir='ltr'>papa</span> <span class='ocrx_word' id='word_1_464' title='bbox 1379 3330 1651 3397; x_wconf 91' lang='lat' dir='ltr'>Damaso,</span> <span class='ocrx_word' id='word_1_465' title='bbox 1677 3329 1777 3401; x_wconf 90' lang='lat' dir='ltr'>qui</span> <span class='ocrx_word' id='word_1_466' title='bbox 1809 3329 1943 3384; x_wconf 89' lang='lat' dir='ltr'>hinc</span> <span class='ocrx_word' id='word_1_467' title='bbox 1972 3331 2088 3384; x_wconf 88' lang='lat' dir='ltr'>Au-</span> 
     </span>
    </p>
   </div>
   <div class='ocr_carea' id='block_1_65' title="bbox 448 3418 2089 3492">
    <p class='ocr_par' dir='ltr' id='par_1_65' title="bbox 448 3418 2089 3492">
     <span class='ocr_line' id='line_1_65' title="bbox 448 3418 2089 3492; baseline -0.003 -15"><span class='ocrx_word' id='word_1_468' title='bbox 448 3421 589 3477; x_wconf 91' lang='lat' dir='ltr'>relio</span> <span class='ocrx_word' id='word_1_469' title='bbox 631 3419 1077 3492; x_wconf 77' lang='lat' dir='ltr'>Carthaginensi</span> <span class='ocrx_word' id='word_1_470' title='bbox 1122 3418 1558 3489; x_wconf 88' lang='lat' dir='ltr'>archiepiscopo</span> <span class='ocrx_word' id='word_1_471' title='bbox 1586 3419 1668 3473; x_wconf 87' lang='lat' dir='ltr'>sic</span> <span class='ocrx_word' id='word_1_472' title='bbox 1696 3418 1902 3474; x_wconf 90' lang='lat' dir='ltr'>scribit</span> <span class='ocrx_word' id='word_1_473' title='bbox 1932 3419 2041 3489; x_wconf 83' lang='lat' dir='ltr'>(2t)</span> <span class='ocrx_word' id='word_1_474' title='bbox 2076 3434 2089 3472; x_wconf 89' lang='lat'><strong>:</strong></span> 
     </span>
    </p>
   </div>
   <div class='ocr_carea' id='block_1_66' title="bbox 448 3506 2094 3580">
    <p class='ocr_par' dir='ltr' id='par_1_66' title="bbox 448 3506 2094 3580">
     <span class='ocr_line' id='line_1_66' title="bbox 448 3506 2094 3580; baseline 0.002 -20"><span class='ocrx_word' id='word_1_475' title='bbox 448 3534 475 3560; x_wconf 89' lang='grc'><strong>‹‹</strong></span> <span class='ocrx_word' id='word_1_476' title='bbox 509 3509 829 3565; x_wconf 76' lang='lat' dir='ltr'>Violatores</span> <span class='ocrx_word' id='word_1_477' title='bbox 857 3507 1179 3564; x_wconf 88' lang='lat' dir='ltr'>voluntarie</span> <span class='ocrx_word' id='word_1_478' title='bbox 1210 3524 1499 3562; x_wconf 89' lang='lat' dir='ltr'>canonum</span> <span class='ocrx_word' id='word_1_479' title='bbox 1531 3508 1783 3580; x_wconf 84' lang='lat' dir='ltr'>graviter</span> <span class='ocrx_word' id='word_1_480' title='bbox 1812 3523 1846 3561; x_wconf 90' lang='lat' dir='ltr'>a</span> <span class='ocrx_word' id='word_1_481' title='bbox 1876 3506 2094 3563; x_wconf 89' lang='lat' dir='ltr'>sanctis</span> 
     </span>
    </p>
   </div>
   <div class='ocr_carea' id='block_1_67' title="bbox 446 3595 2091 3670">
    <p class='ocr_par' dir='ltr' id='par_1_67' title="bbox 446 3595 2091 3670">
     <span class='ocr_line' id='line_1_67' title="bbox 446 3595 2091 3670; baseline -0.004 -14"><span class='ocrx_word' id='word_1_482' title='bbox 446 3597 1096 3670; x_wconf 83' lang='lat' dir='ltr'>Patribusjudicantur,</span> <span class='ocrx_word' id='word_1_483' title='bbox 1129 3601 1185 3652; x_wconf 90' lang='lat' dir='ltr'>et</span> <span class='ocrx_word' id='word_1_484' title='bbox 1216 3615 1249 3651; x_wconf 87' lang='lat' dir='ltr'>a</span> <span class='ocrx_word' id='word_1_485' title='bbox 1280 3602 1480 3651; x_wconf 91' lang='lat' dir='ltr'>saneto</span> <span class='ocrx_word' id='word_1_486' title='bbox 1529 3596 1975 3668; x_wconf 79' lang='lat' dir='ltr'>Spiritu,.pujus</span> <span class='ocrx_word' id='word_1_487' title='bbox 2004 3595 2091 3650; x_wconf 89' lang='lat' dir='ltr'>in-</span> 
     </span>
    </p>
   </div>
   <div class='ocr_carea' id='block_1_68' title="bbox 448 3684 2092 3755">
    <p class='ocr_par' dir='ltr' id='par_1_68' title="bbox 448 3684 2092 3755">
     <span class='ocr_line' id='line_1_68' title="bbox 448 3684 2092 3755; baseline -0.004 -10"><span class='ocrx_word' id='word_1_488' title='bbox 448 3689 665 3745; x_wconf 88' lang='lat' dir='ltr'>stinctu</span> <span class='ocrx_word' id='word_1_489' title='bbox 698 3704 763 3742; x_wconf 92' lang='lat' dir='ltr'>ac</span> <span class='ocrx_word' id='word_1_490' title='bbox 805 3687 957 3741; x_wconf 90' lang='lat' dir='ltr'>dono</span> <span class='ocrx_word' id='word_1_491' title='bbox 980 3686 1179 3741; x_wconf 86' lang='lat' dir='ltr'>dictati</span> <span class='ocrx_word' id='word_1_492' title='bbox 1211 3691 1373 3751; x_wconf 88' lang='lat' dir='ltr'>sunt,</span> <span class='ocrx_word' id='word_1_493' title='bbox 1407 3685 1784 3751; x_wconf 84' lang='lat' dir='ltr'>damnantur,</span> <span class='ocrx_word' id='word_1_494' title='bbox 1815 3684 2092 3755; x_wconf 89' lang='lat' dir='ltr'>quoniam</span> 
     </span>
    </p>
   </div>
   <div class='ocr_carea' id='block_1_69' title="bbox 447 3772 2093 3847">
    <p class='ocr_par' dir='ltr' id='par_1_69' title="bbox 447 3772 2093 3847">
     <span class='ocr_line' id='line_1_69' title="bbox 447 3772 2093 3847; baseline -0.003 -16"><span class='ocrx_word' id='word_1_495' title='bbox 447 3776 857 3847; x_wconf 89' lang='lat' dir='ltr'>blasphemare</span> <span class='ocrx_word' id='word_1_496' title='bbox 888 3774 1171 3847; x_wconf 89' lang='lat' dir='ltr'>Spiritum</span> <span class='ocrx_word' id='word_1_497' title='bbox 1205 3778 1475 3830; x_wconf 89' lang='lat' dir='ltr'>sanctum</span> <span class='ocrx_word' id='word_1_498' title='bbox 1506 3790 1621 3829; x_wconf 89' lang='lat' dir='ltr'>non</span> <span class='ocrx_word' id='word_1_499' title='bbox 1657 3773 1975 3845; x_wconf 86' lang='lat' dir='ltr'>incongrue</span> <span class='ocrx_word' id='word_1_500' title='bbox 2012 3772 2093 3826; x_wconf 87' lang='lat' dir='ltr'>vi-</span> 
     </span>
    </p>
   </div>
   <div class='ocr_carea' id='block_1_70' title="bbox 447 3862 2096 3938">
    <p class='ocr_par' dir='ltr' id='par_1_70' title="bbox 447 3862 2096 3938">
     <span class='ocr_line' id='line_1_70' title="bbox 447 3862 2096 3938; baseline -0.003 -16"><span class='ocrx_word' id='word_1_501' title='bbox 447 3866 680 3933; x_wconf 90' lang='lat' dir='ltr'>dentur,</span> <span class='ocrx_word' id='word_1_502' title='bbox 704 3863 803 3938; x_wconf 91' lang='lat' dir='ltr'>qui</span> <span class='ocrx_word' id='word_1_503' title='bbox 833 3868 1037 3919; x_wconf 90' lang='lat' dir='ltr'>contra</span> <span class='ocrx_word' id='word_1_504' title='bbox 1062 3864 1298 3919; x_wconf 90' lang='lat' dir='ltr'>eosdem</span> <span class='ocrx_word' id='word_1_505' title='bbox 1321 3880 1718 3928; x_wconf 87' lang='lat' dir='ltr'>eanones,non</span> <span class='ocrx_word' id='word_1_506' title='bbox 1753 3862 2096 3918; x_wconf 85' lang='lat' dir='ltr'>necessitate</span> 
     </span>
    </p>
   </div>
   <div class='ocr_carea' id='block_1_71' title="bbox 447 3949 2098 4027">
    <p class='ocr_par' dir='ltr' id='par_1_71' title="bbox 447 3949 2098 4027">
     <span class='ocr_line' id='line_1_71' title="bbox 447 3949 2098 4027; baseline -0.004 -17"><span class='ocrx_word' id='word_1_507' title='bbox 447 3952 867 4027; x_wconf 87' lang='lat' dir='ltr'>compulsi,sed</span> <span class='ocrx_word' id='word_1_508' title='bbox 898 3952 1243 4021; x_wconf 89' lang='lat' dir='ltr'>libenter,ut</span> <span class='ocrx_word' id='word_1_509' title='bbox 1272 3953 1573 4025; x_wconf 67' lang='lat' dir='ltr'>praefixum</span> <span class='ocrx_word' id='word_1_510' title='bbox 1602 3956 1710 4018; x_wconf 89' lang='lat' dir='ltr'>est,</span> <span class='ocrx_word' id='word_1_511' title='bbox 1742 3949 1964 4023; x_wconf 87' lang='lat' dir='ltr'>aliquid</span> <span class='ocrx_word' id='word_1_512' title='bbox 1996 3954 2098 4005; x_wconf 88' lang='lat' dir='ltr'>aut</span> 
     </span>
    </p>
   </div>
   <div class='ocr_carea' id='block_1_72' title="bbox 448 4042 2097 4117">
    <p class='ocr_par' dir='ltr' id='par_1_72' title="bbox 448 4042 2097 4117">
     <span class='ocr_line' id='line_1_72' title="bbox 448 4042 2097 4117; baseline -0.003 -18"><span class='ocrx_word' id='word_1_513' title='bbox 448 4049 712 4117; x_wconf 88' lang='lat' dir='ltr'>proterve</span> <span class='ocrx_word' id='word_1_514' title='bbox 760 4047 943 4115; x_wconf 90' lang='lat' dir='ltr'>agunt</span> <span class='ocrx_word' id='word_1_515' title='bbox 990 4046 1092 4098; x_wconf 90' lang='lat' dir='ltr'>aut</span> <span class='ocrx_word' id='word_1_516' title='bbox 1140 4042 1301 4113; x_wconf 80' lang='lat' dir='ltr'>loqui</span> <span class='ocrx_word' id='word_1_517' title='bbox 1351 4044 1735 4113; x_wconf 71' lang='lat' dir='ltr'>praesumunt,</span> <span class='ocrx_word' id='word_1_518' title='bbox 1769 4043 1871 4095; x_wconf 87' lang='lat' dir='ltr'>aut</span> <span class='ocrx_word' id='word_1_519' title='bbox 1910 4042 2097 4095; x_wconf 88' lang='lat' dir='ltr'>facere</span> 
     </span>
    </p>
   </div>
   <div class='ocr_carea' id='block_1_73' title="bbox 448 4128 2101 4203">
    <p class='ocr_par' dir='ltr' id='par_1_73' title="bbox 448 4128 2101 4203">
     <span class='ocr_line' id='line_1_73' title="bbox 448 4128 2101 4203; baseline -0.004 -14"><span class='ocrx_word' id='word_1_520' title='bbox 448 4132 782 4189; x_wconf 86' lang='lat' dir='ltr'>volentibus</span> <span class='ocrx_word' id='word_1_521' title='bbox 834 4134 1040 4203; x_wconf 89' lang='lat' dir='ltr'>sponte</span> <span class='ocrx_word' id='word_1_522' title='bbox 1098 4129 1493 4185; x_wconf 86' lang='lat' dir='ltr'>consentiunt.</span> <span class='ocrx_word' id='word_1_523' title='bbox 1542 4128 1698 4183; x_wconf 84' lang='lat' dir='ltr'>Talis</span> <span class='ocrx_word' id='word_1_524' title='bbox 1752 4128 1909 4183; x_wconf 88' lang='lat' dir='ltr'>enim</span> <span class='ocrx_word' id='word_1_525' title='bbox 1959 4145 2101 4199; x_wconf 68' lang='lat' dir='ltr'>prae-</span> 
     </span>
    </p>
   </div>
   <div class='ocr_carea' id='block_1_74' title="bbox 450 4216 2096 4294">
    <p class='ocr_par' dir='ltr' id='par_1_74' title="bbox 450 4216 2096 4294">
     <span class='ocr_line' id='line_1_74' title="bbox 450 4216 2096 4294; baseline -0.004 -17"><span class='ocrx_word' id='word_1_526' title='bbox 450 4221 706 4294; x_wconf 89' lang='lat' dir='ltr'>sumptio</span> <span class='ocrx_word' id='word_1_527' title='bbox 726 4220 1035 4274; x_wconf 87' lang='lat' dir='ltr'>manifeste</span> <span class='ocrx_word' id='word_1_528' title='bbox 1049 4234 1231 4272; x_wconf 90' lang='lat' dir='ltr'>unum</span> <span class='ocrx_word' id='word_1_529' title='bbox 1250 4234 1437 4290; x_wconf 90' lang='lat' dir='ltr'>genus</span> <span class='ocrx_word' id='word_1_530' title='bbox 1455 4221 1542 4273; x_wconf 91' lang='lat' dir='ltr'>est</span> <span class='ocrx_word' id='word_1_531' title='bbox 1560 4216 2096 4288; x_wconf 88' lang='lat' dir='ltr'>blasphemautium</span> 
     </span>
    </p>
   </div>
   <div class='ocr_carea' id='block_1_75' title="bbox 448 4305 2095 4382">
    <p class='ocr_par' dir='ltr' id='par_1_75' title="bbox 448 4305 2095 4382">
     <span class='ocr_line' id='line_1_75' title="bbox 448 4305 2095 4382; baseline -0.002 -18"><span class='ocrx_word' id='word_1_532' title='bbox 448 4310 730 4382; x_wconf 86' lang='lat' dir='ltr'>Spiritum</span> <span class='ocrx_word' id='word_1_533' title='bbox 753 4307 1573 4377; x_wconf 85' lang='lat' dir='ltr'>sanctum.0uoniam,utjam</span> <span class='ocrx_word' id='word_1_534' title='bbox 1598 4305 1963 4377; x_wconf 69' lang='lat' dir='ltr'>prazlibatum</span> <span class='ocrx_word' id='word_1_535' title='bbox 1986 4310 2095 4373; x_wconf 83' lang='lat' dir='ltr'>est,</span> 
     </span>
    </p>
   </div>
   <div class='ocr_carea' id='block_1_76' title="bbox 449 4394 2098 4469">
    <p class='ocr_par' dir='ltr' id='par_1_76' title="bbox 449 4394 2098 4469">
     <span class='ocr_line' id='line_1_76' title="bbox 449 4394 2098 4469; baseline -0.003 -14"><span class='ocrx_word' id='word_1_536' title='bbox 449 4403 651 4455; x_wconf 89' lang='lat' dir='ltr'>contra</span> <span class='ocrx_word' id='word_1_537' title='bbox 675 4414 810 4453; x_wconf 89' lang='lat' dir='ltr'>eum</span> <span class='ocrx_word' id='word_1_538' title='bbox 844 4396 964 4469; x_wconf 88' lang='lat' dir='ltr'>agit</span> <span class='ocrx_word' id='word_1_539' title='bbox 992 4397 1161 4467; x_wconf 87' lang='lat' dir='ltr'>cujus</span> <span class='ocrx_word' id='word_1_540' title='bbox 1194 4396 1323 4450; x_wconf 88' lang='lat' dir='ltr'>nisu</span> <span class='ocrx_word' id='word_1_541' title='bbox 1366 4401 1424 4451; x_wconf 88' lang='lat' dir='ltr'>et</span> <span class='ocrx_word' id='word_1_542' title='bbox 1452 4394 1640 4466; x_wconf 87' lang='lat' dir='ltr'>gratia</span> <span class='ocrx_word' id='word_1_543' title='bbox 1687 4394 1864 4449; x_wconf 89' lang='lat' dir='ltr'>iidem</span> <span class='ocrx_word' id='word_1_544' title='bbox 1910 4395 2098 4450; x_wconf 88' lang='lat' dir='ltr'>sancti</span> 
     </span>
    </p>
   </div>
   <div class='ocr_carea' id='block_1_77' title="bbox 450 4482 2098 4556">
    <p class='ocr_par' dir='ltr' id='par_1_77' title="bbox 450 4482 2098 4556">
     <span class='ocr_line' id='line_1_77' title="bbox 450 4482 2098 4556; baseline -0.003 -11"><span class='ocrx_word' id='word_1_545' title='bbox 450 4487 591 4545; x_wconf 90' lang='lat' dir='ltr'>editi</span> <span class='ocrx_word' id='word_1_546' title='bbox 623 4490 761 4543; x_wconf 87' lang='lat' dir='ltr'>sunt</span> <span class='ocrx_word' id='word_1_547' title='bbox 789 4502 1059 4541; x_wconf 88' lang='lat' dir='ltr'>canones.</span> <span class='ocrx_word' id='word_1_548' title='bbox 1094 4484 1388 4540; x_wconf 85' lang='lat' dir='ltr'>Uiabolica</span> <span class='ocrx_word' id='word_1_549' title='bbox 1416 4500 1549 4539; x_wconf 91' lang='lat' dir='ltr'>vero</span> <span class='ocrx_word' id='word_1_550' title='bbox 1586 4482 1848 4555; x_wconf 87' lang='lat' dir='ltr'>nequitia</span> <span class='ocrx_word' id='word_1_551' title='bbox 1878 4482 2098 4556; x_wconf 89' lang='lat' dir='ltr'>pleros-</span> 
     </span>
    </p>
   </div>
   <div class='ocr_carea' id='block_1_78' title="bbox 451 4573 2097 4651">
    <p class='ocr_par' dir='ltr' id='par_1_78' title="bbox 451 4573 2097 4651">
     <span class='ocr_line' id='line_1_78' title="bbox 451 4573 2097 4651; baseline -0.002 -17"><span class='ocrx_word' id='word_1_552' title='bbox 451 4593 565 4651; x_wconf 87' lang='lat' dir='ltr'>que</span> <span class='ocrx_word' id='word_1_553' title='bbox 590 4574 885 4633; x_wconf 89' lang='lat' dir='ltr'>subtiliter</span> <span class='ocrx_word' id='word_1_554' title='bbox 916 4573 1113 4630; x_wconf 89' lang='lat' dir='ltr'>fallere</span> <span class='ocrx_word' id='word_1_555' title='bbox 1141 4573 1310 4637; x_wconf 86' lang='lat' dir='ltr'>solet,</span> <span class='ocrx_word' id='word_1_556' title='bbox 1344 4577 1400 4628; x_wconf 89' lang='lat' dir='ltr'>et</span> <span class='ocrx_word' id='word_1_557' title='bbox 1442 4573 1524 4628; x_wconf 92' lang='lat' dir='ltr'>ita</span> <span class='ocrx_word' id='word_1_558' title='bbox 1564 4573 1955 4645; x_wconf 85' lang='lat' dir='ltr'>quorumdam</span> <span class='ocrx_word' id='word_1_559' title='bbox 1986 4574 2097 4632; x_wconf 90' lang='lat' dir='ltr'>im-</span> 
     </span>
    </p>
   </div>
   <div class='ocr_carea' id='block_1_79' title="bbox 452 4661 2103 4741">
    <p class='ocr_par' dir='ltr' id='par_1_79' title="bbox 452 4661 2103 4741">
     <span class='ocr_line' id='line_1_79' title="bbox 452 4661 2103 4741; baseline -0.001 -19"><span class='ocrx_word' id='word_1_560' title='bbox 452 4666 845 4741; x_wconf 85' lang='lat' dir='ltr'>prudentiam,</span> <span class='ocrx_word' id='word_1_561' title='bbox 878 4680 982 4737; x_wconf 90' lang='lat' dir='ltr'>per</span> <span class='ocrx_word' id='word_1_562' title='bbox 1012 4662 1460 4719; x_wconf 88' lang='lat' dir='ltr'>similitudinem</span> <span class='ocrx_word' id='word_1_563' title='bbox 1512 4661 1746 4736; x_wconf 89' lang='lat' dir='ltr'>pietatis</span> <span class='ocrx_word' id='word_1_564' title='bbox 1776 4663 2103 4735; x_wconf 67' lang='lat' dir='ltr'>saepissime</span> 
     </span>
    </p>
   </div>
   <div class='ocr_carea' id='block_1_80' title="bbox 452 4751 2100 4828">
    <p class='ocr_par' dir='ltr' id='par_1_80' title="bbox 452 4751 2100 4828">
     <span class='ocr_line' id='line_1_80' title="bbox 452 4751 2100 4828; baseline -0.002 -16"><span class='ocrx_word' id='word_1_565' title='bbox 452 4756 668 4824; x_wconf 85' lang='lat' dir='ltr'>illudit,</span> <span class='ocrx_word' id='word_1_566' title='bbox 692 4760 757 4811; x_wconf 90' lang='lat' dir='ltr'>ut</span> <span class='ocrx_word' id='word_1_567' title='bbox 788 4772 891 4828; x_wconf 89' lang='lat' dir='ltr'>pro</span> <span class='ocrx_word' id='word_1_568' title='bbox 917 4752 1255 4809; x_wconf 86' lang='lat' dir='ltr'>salubribus</span> <span class='ocrx_word' id='word_1_569' title='bbox 1291 4751 1557 4808; x_wconf 88' lang='lat' dir='ltr'>nocitura</span> <span class='ocrx_word' id='word_1_570' title='bbox 1588 4752 1960 4824; x_wconf 86' lang='lat' dir='ltr'>persuadeat.</span> <span class='ocrx_word' id='word_1_571' title='bbox 2007 4753 2100 4809; x_wconf 81' lang='lat' dir='ltr'>Id-</span> 
     </span>
    </p>
   </div>
   <div class='ocr_carea' id='block_1_81' title="bbox 451 4842 2098 4915">
    <p class='ocr_par' dir='ltr' id='par_1_81' title="bbox 451 4842 2098 4915">
     <span class='ocr_line' id='line_1_81' title="bbox 451 4842 2098 4915; baseline -0.003 -13"><span class='ocrx_word' id='word_1_572' title='bbox 451 4848 604 4902; x_wconf 91' lang='lat' dir='ltr'>circo</span> <span class='ocrx_word' id='word_1_573' title='bbox 635 4862 842 4901; x_wconf 88' lang='lat' dir='ltr'>norma</span> <span class='ocrx_word' id='word_1_574' title='bbox 871 4858 1170 4899; x_wconf 85' lang='lat' dir='ltr'>sacrorum</span> <span class='ocrx_word' id='word_1_575' title='bbox 1215 4858 1505 4897; x_wconf 88' lang='lat' dir='ltr'>canonum</span> <span class='ocrx_word' id='word_1_576' title='bbox 1550 4842 1646 4914; x_wconf 88' lang='lat' dir='ltr'>qui</span> <span class='ocrx_word' id='word_1_577' title='bbox 1699 4847 1839 4898; x_wconf 89' lang='lat' dir='ltr'>sunt</span> <span class='ocrx_word' id='word_1_578' title='bbox 1889 4843 2098 4915; x_wconf 91' lang='lat' dir='ltr'>spiritu</span> 
     </span>
    </p>
   </div>
   <div class='ocr_carea' id='block_1_82' title="bbox 452 4931 2098 5003">
    <p class='ocr_par' dir='ltr' id='par_1_82' title="bbox 452 4931 2098 5003">
     <span class='ocr_line' id='line_1_82' title="bbox 452 4931 2098 5003; baseline -0.004 -10"><span class='ocrx_word' id='word_1_579' title='bbox 452 4936 551 4993; x_wconf 90' lang='lat' dir='ltr'>Dei</span> <span class='ocrx_word' id='word_1_580' title='bbox 584 4934 825 5003; x_wconf 90' lang='lat' dir='ltr'>conditi,</span> <span class='ocrx_word' id='word_1_581' title='bbox 858 4937 915 4989; x_wconf 89' lang='lat' dir='ltr'>et</span> <span class='ocrx_word' id='word_1_582' title='bbox 948 4932 1124 4988; x_wconf 86' lang='lat' dir='ltr'>totius</span> <span class='ocrx_word' id='word_1_583' title='bbox 1158 4931 1360 4987; x_wconf 89' lang='lat' dir='ltr'>mundi</span> <span class='ocrx_word' id='word_1_584' title='bbox 1393 4931 1717 4988; x_wconf 88' lang='lat' dir='ltr'>reverentia</span> <span class='ocrx_word' id='word_1_585' title='bbox 1755 4932 2098 5000; x_wconf 88' lang='lat' dir='ltr'>consecrati,</span> 
     </span>
    </p>
   </div>
   <div class='ocr_carea' id='block_1_83' title="bbox 454 5021 2103 5094">
    <p class='ocr_par' dir='ltr' id='par_1_83' title="bbox 454 5021 2103 5094">
     <span class='ocr_line' id='line_1_83' title="bbox 454 5021 2103 5094; baseline -0.004 -12"><span class='ocrx_word' id='word_1_586' title='bbox 454 5026 702 5084; x_wconf 86' lang='lat' dir='ltr'>ﬁdeliter</span> <span class='ocrx_word' id='word_1_587' title='bbox 732 5042 766 5080; x_wconf 90' lang='lat' dir='ltr'>a</span> <span class='ocrx_word' id='word_1_588' title='bbox 798 5022 966 5080; x_wconf 88' lang='lat' dir='ltr'>nobis</span> <span class='ocrx_word' id='word_1_589' title='bbox 997 5021 1235 5077; x_wconf 89' lang='lat' dir='ltr'>scienda</span> <span class='ocrx_word' id='word_1_590' title='bbox 1264 5027 1321 5077; x_wconf 90' lang='lat' dir='ltr'>et</span> <span class='ocrx_word' id='word_1_591' title='bbox 1351 5021 1661 5094; x_wconf 89' lang='lat' dir='ltr'>diligenter</span> <span class='ocrx_word' id='word_1_592' title='bbox 1694 5022 1993 5077; x_wconf 86' lang='lat' dir='ltr'>tractanda</span> <span class='ocrx_word' id='word_1_593' title='bbox 2015 5024 2103 5077; x_wconf 86' lang='lat' dir='ltr'>est</span> 
     </span>
    </p>
   </div>
   <div class='ocr_carea' id='block_1_84' title="bbox 452 5111 2100 5184">
    <p class='ocr_par' dir='ltr' id='par_1_84' title="bbox 452 5111 2100 5184">
     <span class='ocr_line' id='line_1_84' title="bbox 452 5111 2100 5184; baseline -0.005 -12"><span class='ocrx_word' id='word_1_594' title='bbox 452 5114 869 5183; x_wconf 87' lang='lat' dir='ltr'>auctoritas,ne</span> <span class='ocrx_word' id='word_1_595' title='bbox 899 5112 1311 5184; x_wconf 89' lang='lat' dir='ltr'>quoquomodo</span> <span class='ocrx_word' id='word_1_596' title='bbox 1343 5116 1679 5168; x_wconf 87' lang='lat' dir='ltr'>sanctorum</span> <span class='ocrx_word' id='word_1_597' title='bbox 1715 5111 1949 5165; x_wconf 87' lang='lat' dir='ltr'>Patrum</span> <span class='ocrx_word' id='word_1_598' title='bbox 1983 5114 2100 5165; x_wconf 88' lang='lat' dir='ltr'>sta-</span> 
     </span>
    </p>
   </div>
   <div class='ocr_carea' id='block_1_85' title="bbox 453 5198 2101 5275">
    <p class='ocr_par' dir='ltr' id='par_1_85' title="bbox 453 5198 2101 5275">
     <span class='ocr_line' id='line_1_85' title="bbox 453 5198 2101 5275; baseline -0.004 -16"><span class='ocrx_word' id='word_1_599' title='bbox 453 5208 582 5259; x_wconf 90' lang='lat' dir='ltr'>tuta</span> <span class='ocrx_word' id='word_1_600' title='bbox 610 5204 832 5275; x_wconf 90' lang='lat' dir='ltr'>absque</span> <span class='ocrx_word' id='word_1_601' title='bbox 848 5200 1168 5258; x_wconf 81' lang='lat' dir='ltr'>inevitabili</span> <span class='ocrx_word' id='word_1_602' title='bbox 1186 5200 1708 5272; x_wconf 85' lang='lat' dir='ltr'>necessitate,quod</span> <span class='ocrx_word' id='word_1_603' title='bbox 1724 5198 2101 5268; x_wconf 88' lang='lat' dir='ltr'>absit,trans-</span> 
     </span>
    </p>
   </div>
   <div class='ocr_carea' id='block_1_86' title="bbox 454 5283 2101 5366">
    <p class='ocr_par' dir='ltr' id='par_1_86' title="bbox 454 5283 2101 5366">
     <span class='ocr_line' id='line_1_86' title="bbox 454 5283 2101 5366; baseline -0.003 -18"><span class='ocrx_word' id='word_1_604' title='bbox 454 5293 813 5366; x_wconf 86' lang='lat' dir='ltr'>grediamur,</span> <span class='ocrx_word' id='word_1_605' title='bbox 843 5290 946 5346; x_wconf 91' lang='lat' dir='ltr'>sed</span> <span class='ocrx_word' id='word_1_606' title='bbox 979 5283 1319 5346; x_wconf 81' lang='lat' dir='ltr'>fidelissime</span> <span class='ocrx_word' id='word_1_607' title='bbox 1351 5305 1453 5362; x_wconf 91' lang='lat' dir='ltr'>per</span> <span class='ocrx_word' id='word_1_608' title='bbox 1482 5305 1550 5344; x_wconf 89' lang='lat' dir='ltr'>ea</span> <span class='ocrx_word' id='word_1_609' title='bbox 1582 5288 1934 5362; x_wconf 90' lang='lat' dir='ltr'>gradientes,</span> <span class='ocrx_word' id='word_1_610' title='bbox 1967 5304 2101 5343; x_wconf 90' lang='lat' dir='ltr'>cum</span> 
     </span>
    </p>
   </div>
   <div class='ocr_carea' id='block_1_87' title="bbox 454 5377 2103 5455">
    <p class='ocr_par' dir='ltr' id='par_1_87' title="bbox 454 5377 2103 5455">
     <span class='ocr_line' id='line_1_87' title="bbox 454 5377 2103 5455; baseline -0.001 -18"><span class='ocrx_word' id='word_1_611' title='bbox 454 5381 538 5437; x_wconf 86' lang='lat' dir='ltr'>eis</span> <span class='ocrx_word' id='word_1_612' title='bbox 568 5381 668 5455; x_wconf 91' lang='lat' dir='ltr'>qui</span> <span class='ocrx_word' id='word_1_613' title='bbox 700 5396 800 5437; x_wconf 93' lang='lat' dir='ltr'>eos</span> <span class='ocrx_word' id='word_1_614' title='bbox 828 5380 1109 5435; x_wconf 90' lang='lat' dir='ltr'>instinctu</span> <span class='ocrx_word' id='word_1_615' title='bbox 1141 5379 1531 5437; x_wconf 87' lang='lat' dir='ltr'>condiderunt</span> <span class='ocrx_word' id='word_1_616' title='bbox 1568 5378 1782 5451; x_wconf 88' lang='lat' dir='ltr'>divino,</span> <span class='ocrx_word' id='word_1_617' title='bbox 1818 5377 2103 5436; x_wconf 87' lang='lat' dir='ltr'>mercedis</span> 
     </span>
    </p>
   </div>
   <div class='ocr_carea' id='block_1_88' title="bbox 2159 4617 2205 4680">
    <p class='ocr_par' dir='ltr' id='par_1_88' title="bbox 2159 4617 2205 4680">
     <span class='ocr_line' id='line_1_88' title="bbox 2159 4617 2205 4680; baseline 0 0"><span class='ocrx_word' id='word_1_618' title='bbox 2159 4617 2205 4680; x_wconf 88' lang='lat' dir='ltr'><strong>D</strong></span> 
     </span>
    </p>
   </div>
   <div class='ocr_carea' id='block_1_89' title="bbox 2204 3329 3864 3387">
    <p class='ocr_par' dir='ltr' id='par_1_89' title="bbox 2204 3329 3864 3387">
     <span class='ocr_line' id='line_1_89' title="bbox 2204 3329 3864 3387; baseline 0.002 -4"><span class='ocrx_word' id='word_1_619' title='bbox 2204 3346 2307 3384; x_wconf 90' lang='lat' dir='ltr'>nec</span> <span class='ocrx_word' id='word_1_620' title='bbox 2339 3334 2405 3384; x_wconf 87' lang='lat' dir='ltr'>ut</span> <span class='ocrx_word' id='word_1_621' title='bbox 2435 3332 2555 3384; x_wconf 89' lang='lat' dir='ltr'>tota</span> <span class='ocrx_word' id='word_1_622' title='bbox 2585 3330 2683 3384; x_wconf 91' lang='lat' dir='ltr'>ubi</span> <span class='ocrx_word' id='word_1_623' title='bbox 2712 3329 2776 3383; x_wconf 81' lang='lat' dir='ltr'>ﬁt</span> <span class='ocrx_word' id='word_1_624' title='bbox 2807 3334 3012 3385; x_wconf 63' lang='lat' dir='ltr'>caetera</span> <span class='ocrx_word' id='word_1_625' title='bbox 3040 3329 3295 3386; x_wconf 83' lang='lat' dir='ltr'>deserit?</span> <span class='ocrx_word' id='word_1_626' title='bbox 3326 3330 3543 3386; x_wconf 86' lang='lat' dir='ltr'>Vivunt</span> <span class='ocrx_word' id='word_1_627' title='bbox 3587 3331 3747 3386; x_wconf 89' lang='lat' dir='ltr'>enim</span> <span class='ocrx_word' id='word_1_628' title='bbox 3793 3335 3864 3387; x_wconf 84' lang='lat' dir='ltr'>et</span> 
     </span>
    </p>
   </div>
   <div class='ocr_carea' id='block_1_90' title="bbox 2202 3416 3858 3488">
    <p class='ocr_par' dir='ltr' id='par_1_90' title="bbox 2202 3416 3858 3488">
     <span class='ocr_line' id='line_1_90' title="bbox 2202 3416 3858 3488; baseline 0.001 -16"><span class='ocrx_word' id='word_1_629' title='bbox 2202 3417 2300 3472; x_wconf 87' lang='lat' dir='ltr'>illa</span> <span class='ocrx_word' id='word_1_630' title='bbox 2326 3434 2392 3472; x_wconf 90' lang='lat' dir='ltr'>ea</span> <span class='ocrx_word' id='word_1_631' title='bbox 2423 3421 2725 3488; x_wconf 66' lang='lat' dir='ltr'>praesente,</span> <span class='ocrx_word' id='word_1_632' title='bbox 2760 3417 2858 3471; x_wconf 87' lang='lat' dir='ltr'>ubi</span> <span class='ocrx_word' id='word_1_633' title='bbox 2887 3416 3033 3472; x_wconf 87' lang='lat' dir='ltr'>nihil</span> <span class='ocrx_word' id='word_1_634' title='bbox 3065 3416 3179 3473; x_wconf 83' lang='lat' dir='ltr'>tale</span> <span class='ocrx_word' id='word_1_635' title='bbox 3212 3417 3426 3474; x_wconf 88' lang='lat' dir='ltr'>factum</span> <span class='ocrx_word' id='word_1_636' title='bbox 3456 3422 3563 3474; x_wconf 88' lang='lat' dir='ltr'>est.</span> <span class='ocrx_word' id='word_1_637' title='bbox 3599 3419 3763 3483; x_wconf 89' lang='lat' dir='ltr'>Quod</span> <span class='ocrx_word' id='word_1_638' title='bbox 3800 3418 3858 3476; x_wconf 86' lang='lat' dir='ltr'>si</span> 
     </span>
    </p>
   </div>
   <div class='ocr_carea' id='block_1_91' title="bbox 2202 3504 3859 3579">
    <p class='ocr_par' dir='ltr' id='par_1_91' title="bbox 2202 3504 3859 3579">
     <span class='ocr_line' id='line_1_91' title="bbox 2202 3504 3859 3579; baseline 0.003 -20"><span class='ocrx_word' id='word_1_639' title='bbox 2202 3506 2450 3573; x_wconf 82' lang='lat' dir='ltr'>ﬁeret,et</span> <span class='ocrx_word' id='word_1_640' title='bbox 2476 3510 2792 3577; x_wconf 90' lang='lat' dir='ltr'>utrumque</span> <span class='ocrx_word' id='word_1_641' title='bbox 2812 3504 2989 3561; x_wconf 88' lang='lat' dir='ltr'>simul</span> <span class='ocrx_word' id='word_1_642' title='bbox 3011 3507 3193 3577; x_wconf 80' lang='lat' dir='ltr'>fieret,</span> <span class='ocrx_word' id='word_1_643' title='bbox 3208 3505 3387 3562; x_wconf 89' lang='lat' dir='ltr'>simul</span> <span class='ocrx_word' id='word_1_644' title='bbox 3411 3510 3732 3579; x_wconf 88' lang='lat' dir='ltr'>utrumque</span> <span class='ocrx_word' id='word_1_645' title='bbox 3759 3513 3859 3565; x_wconf 90' lang='lat' dir='ltr'>to-</span> 
     </span>
    </p>
   </div>
   <div class='ocr_carea' id='block_1_92' title="bbox 2203 3594 3859 3667">
    <p class='ocr_par' dir='ltr' id='par_1_92' title="bbox 2203 3594 3859 3667">
     <span class='ocr_line' id='line_1_92' title="bbox 2203 3594 3859 3667; baseline 0.001 -17"><span class='ocrx_word' id='word_1_646' title='bbox 2203 3599 2324 3650; x_wconf 88' lang='lat' dir='ltr'>tam</span> <span class='ocrx_word' id='word_1_647' title='bbox 2354 3594 2570 3667; x_wconf 87' lang='lat' dir='ltr'>pariter</span> <span class='ocrx_word' id='word_1_648' title='bbox 2600 3611 2714 3651; x_wconf 90' lang='lat' dir='ltr'>non</span> <span class='ocrx_word' id='word_1_649' title='bbox 2747 3594 2968 3650; x_wconf 87' lang='lat' dir='ltr'>lateret.</span> <span class='ocrx_word' id='word_1_650' title='bbox 3003 3595 3251 3652; x_wconf 89' lang='lat' dir='ltr'>Proinde</span> <span class='ocrx_word' id='word_1_651' title='bbox 3280 3600 3337 3651; x_wconf 90' lang='lat' dir='ltr'>et</span> <span class='ocrx_word' id='word_1_652' title='bbox 3360 3594 3418 3651; x_wconf 89' lang='lat' dir='ltr'>in</span> <span class='ocrx_word' id='word_1_653' title='bbox 3449 3596 3727 3653; x_wconf 85' lang='lat' dir='ltr'>omnibus</span> <span class='ocrx_word' id='word_1_654' title='bbox 3770 3596 3859 3652; x_wconf 89' lang='lat' dir='ltr'>si-</span> 
     </span>
    </p>
   </div>
   <div class='ocr_carea' id='block_1_93' title="bbox 2206 3683 3857 3757">
    <p class='ocr_par' dir='ltr' id='par_1_93' title="bbox 2206 3683 3857 3757">
     <span class='ocr_line' id='line_1_93' title="bbox 2206 3683 3857 3757; baseline 0.002 -20"><span class='ocrx_word' id='word_1_655' title='bbox 2206 3683 2326 3738; x_wconf 88' lang='lat' dir='ltr'>mul</span> <span class='ocrx_word' id='word_1_656' title='bbox 2351 3687 2408 3738; x_wconf 90' lang='lat' dir='ltr'>et</span> <span class='ocrx_word' id='word_1_657' title='bbox 2436 3684 2494 3737; x_wconf 91' lang='lat' dir='ltr'>in</span> <span class='ocrx_word' id='word_1_658' title='bbox 2526 3683 2779 3756; x_wconf 89' lang='lat' dir='ltr'>singulis</span> <span class='ocrx_word' id='word_1_659' title='bbox 2810 3683 3113 3756; x_wconf 90' lang='lat' dir='ltr'>particulis</span> <span class='ocrx_word' id='word_1_660' title='bbox 3131 3686 3390 3757; x_wconf 91' lang='lat' dir='ltr'>corporis</span> <span class='ocrx_word' id='word_1_661' title='bbox 3420 3686 3512 3742; x_wconf 88' lang='lat' dir='ltr'>sui</span> <span class='ocrx_word' id='word_1_662' title='bbox 3531 3689 3651 3741; x_wconf 89' lang='lat' dir='ltr'>tota</span> <span class='ocrx_word' id='word_1_663' title='bbox 3669 3683 3857 3741; x_wconf 90' lang='lat' dir='ltr'>simul</span> 
     </span>
    </p>
   </div>
   <div class='ocr_carea' id='block_1_94' title="bbox 2203 3771 3858 3844">
    <p class='ocr_par' dir='ltr' id='par_1_94' title="bbox 2203 3771 3858 3844">
     <span class='ocr_line' id='line_1_94' title="bbox 2203 3771 3858 3844; baseline 0.001 -17"><span class='ocrx_word' id='word_1_664' title='bbox 2203 3787 2333 3827; x_wconf 90' lang='lat' dir='ltr'>esse</span> <span class='ocrx_word' id='word_1_665' title='bbox 2365 3788 2479 3827; x_wconf 91' lang='lat' dir='ltr'>non</span> <span class='ocrx_word' id='word_1_666' title='bbox 2511 3776 2729 3843; x_wconf 91' lang='lat' dir='ltr'>posset,</span> <span class='ocrx_word' id='word_1_667' title='bbox 2763 3772 2812 3826; x_wconf 88' lang='lat' dir='ltr'>si</span> <span class='ocrx_word' id='word_1_668' title='bbox 2849 3789 2952 3844; x_wconf 89' lang='lat' dir='ltr'>per</span> <span class='ocrx_word' id='word_1_669' title='bbox 2989 3771 3122 3829; x_wconf 89' lang='lat' dir='ltr'>illas</span> <span class='ocrx_word' id='word_1_670' title='bbox 3170 3774 3252 3829; x_wconf 87' lang='lat' dir='ltr'>ita</span> <span class='ocrx_word' id='word_1_671' title='bbox 3302 3774 3751 3839; x_wconf 72' lang='lat' dir='ltr'>diffunderetur,</span> <span class='ocrx_word' id='word_1_672' title='bbox 3783 3777 3858 3829; x_wconf 89' lang='lat' dir='ltr'>ut</span> 
     </span>
    </p>
   </div>
   <div class='ocr_carea' id='block_1_95' title="bbox 2204 3859 3855 3934">
    <p class='ocr_par' dir='ltr' id='par_1_95' title="bbox 2204 3859 3855 3934">
     <span class='ocr_line' id='line_1_95' title="bbox 2204 3859 3855 3934; baseline 0.002 -20"><span class='ocrx_word' id='word_1_673' title='bbox 2204 3859 2469 3915; x_wconf 87' lang='lat' dir='ltr'>videmus</span> <span class='ocrx_word' id='word_1_674' title='bbox 2496 3874 2736 3932; x_wconf 86' lang='lat' dir='ltr'>corpora</span> <span class='ocrx_word' id='word_1_675' title='bbox 2764 3859 2978 3916; x_wconf 77' lang='lat' dir='ltr'>diffusa</span> <span class='ocrx_word' id='word_1_676' title='bbox 3006 3878 3107 3934; x_wconf 90' lang='lat' dir='ltr'>per</span> <span class='ocrx_word' id='word_1_677' title='bbox 3135 3861 3326 3934; x_wconf 89' lang='lat' dir='ltr'>spatia</span> <span class='ocrx_word' id='word_1_678' title='bbox 3352 3862 3614 3919; x_wconf 87' lang='lat' dir='ltr'>locorum</span> <span class='ocrx_word' id='word_1_679' title='bbox 3655 3862 3855 3917; x_wconf 89' lang='lat' dir='ltr'>mino-</span> 
     </span>
    </p>
   </div>
   <div class='ocr_carea' id='block_1_96' title="bbox 2206 3948 3854 4024">
    <p class='ocr_par' dir='ltr' id='par_1_96' title="bbox 2206 3948 3854 4024">
     <span class='ocr_line' id='line_1_96' title="bbox 2206 3948 3854 4024; baseline 0.001 -21"><span class='ocrx_word' id='word_1_680' title='bbox 2206 3948 2367 4005; x_wconf 90' lang='lat' dir='ltr'>ribus</span> <span class='ocrx_word' id='word_1_681' title='bbox 2418 3949 2543 4004; x_wconf 91' lang='lat' dir='ltr'>suis</span> <span class='ocrx_word' id='word_1_682' title='bbox 2572 3950 2843 4022; x_wconf 88' lang='lat' dir='ltr'>partibus</span> <span class='ocrx_word' id='word_1_683' title='bbox 2872 3949 3102 4007; x_wconf 89' lang='lat' dir='ltr'>minora</span> <span class='ocrx_word' id='word_1_684' title='bbox 3130 3967 3434 4023; x_wconf 90' lang='lat' dir='ltr'>occupare,</span> <span class='ocrx_word' id='word_1_685' title='bbox 3462 3955 3522 4007; x_wconf 85' lang='lat' dir='ltr'>et</span> <span class='ocrx_word' id='word_1_686' title='bbox 3549 3948 3854 4024; x_wconf 88' lang='lat' dir='ltr'>ampliori-</span> 
     </span>
    </p>
   </div>
   <div class='ocr_carea' id='block_1_97' title="bbox 2204 4038 3855 4119">
    <p class='ocr_par' dir='ltr' id='par_1_97' title="bbox 2204 4038 3855 4119">
     <span class='ocr_line' id='line_1_97' title="bbox 2204 4038 3855 4119; baseline 0.001 -26"><span class='ocrx_word' id='word_1_687' title='bbox 2204 4039 2317 4093; x_wconf 89' lang='lat' dir='ltr'>bus</span> <span class='ocrx_word' id='word_1_688' title='bbox 2348 4038 2653 4110; x_wconf 88' lang='lat' dir='ltr'>ampliora.</span> <span class='ocrx_word' id='word_1_689' title='bbox 2690 4061 2718 4089; x_wconf 90' lang='grc'><strong>››</strong></span> <span class='ocrx_word' id='word_1_690' title='bbox 2749 4038 2878 4094; x_wconf 67' lang='lat' dir='ltr'>Haec</span> <span class='ocrx_word' id='word_1_691' title='bbox 2905 4039 2986 4096; x_wconf 87' lang='lat' dir='ltr'>ita</span> <span class='ocrx_word' id='word_1_692' title='bbox 3014 4039 3137 4095; x_wconf 82' lang='lat' dir='ltr'>fieri</span> <span class='ocrx_word' id='word_1_693' title='bbox 3177 4041 3249 4095; x_wconf 90' lang='lat' dir='ltr'>ab</span> <span class='ocrx_word' id='word_1_694' title='bbox 3289 4040 3506 4111; x_wconf 88' lang='lat' dir='ltr'>anima,</span> <span class='ocrx_word' id='word_1_695' title='bbox 3539 4055 3673 4096; x_wconf 88' lang='lat' dir='ltr'>cum</span> <span class='ocrx_word' id='word_1_696' title='bbox 3707 4038 3855 4119; x_wconf 81' lang='lat' dir='ltr'>tanti</span> 
     </span>
    </p>
   </div>
   <div class='ocr_carea' id='block_1_98' title="bbox 2205 4127 3856 4199">
    <p class='ocr_par' dir='ltr' id='par_1_98' title="bbox 2205 4127 3856 4199">
     <span class='ocr_line' id='line_1_98' title="bbox 2205 4127 3856 4199; baseline 0.001 -17"><span class='ocrx_word' id='word_1_697' title='bbox 2205 4127 2460 4185; x_wconf 90' lang='lat' dir='ltr'>doctoris</span> <span class='ocrx_word' id='word_1_698' title='bbox 2514 4127 2825 4199; x_wconf 87' lang='lat' dir='ltr'>sententia,</span> <span class='ocrx_word' id='word_1_699' title='bbox 2891 4131 3019 4184; x_wconf 88' lang='lat' dir='ltr'>tum</span> <span class='ocrx_word' id='word_1_700' title='bbox 3082 4128 3425 4199; x_wconf 88' lang='lat' dir='ltr'>quotidiana</span> <span class='ocrx_word' id='word_1_701' title='bbox 3495 4127 3856 4199; x_wconf 84' lang='lat' dir='ltr'>experientia</span> 
     </span>
    </p>
   </div>
   <div class='ocr_carea' id='block_1_99' title="bbox 2206 4221 2454 4273">
    <p class='ocr_par' dir='ltr' id='par_1_99' title="bbox 2206 4221 2454 4273">
     <span class='ocr_line' id='line_1_99' title="bbox 2206 4221 2454 4273; baseline 0 -1"><span class='ocrx_word' id='word_1_702' title='bbox 2206 4221 2454 4273; x_wconf 81' lang='lat' dir='ltr'>constat.</span> 
     </span>
    </p>
   </div>
   <div class='ocr_carea' id='block_1_100' title="bbox 2280 4302 3854 4379">
    <p class='ocr_par' dir='ltr' id='par_1_100' title="bbox 2280 4302 3854 4379">
     <span class='ocr_line' id='line_1_100' title="bbox 2280 4302 3854 4379; baseline 0 -18"><span class='ocrx_word' id='word_1_703' title='bbox 2280 4305 2444 4362; x_wconf 89' lang='lat' dir='ltr'>Unde</span> <span class='ocrx_word' id='word_1_704' title='bbox 2463 4306 2598 4379; x_wconf 89' lang='lat' dir='ltr'>quis</span> <span class='ocrx_word' id='word_1_705' title='bbox 2617 4306 2875 4362; x_wconf 82' lang='lat' dir='ltr'>ﬁdelium</span> <span class='ocrx_word' id='word_1_706' title='bbox 2897 4303 3162 4359; x_wconf 86' lang='lat' dir='ltr'>dubitare</span> <span class='ocrx_word' id='word_1_707' title='bbox 3181 4304 3310 4374; x_wconf 90' lang='lat' dir='ltr'>jam</span> <span class='ocrx_word' id='word_1_708' title='bbox 3337 4302 3549 4375; x_wconf 89' lang='lat' dir='ltr'>poterit</span> <span class='ocrx_word' id='word_1_709' title='bbox 3566 4302 3854 4376; x_wconf 87' lang='lat' dir='ltr'>Spiritum</span> 
     </span>
    </p>
   </div>
   <div class='ocr_carea' id='block_1_101' title="bbox 2208 4391 3854 4467">
    <p class='ocr_par' dir='ltr' id='par_1_101' title="bbox 2208 4391 3854 4467">
     <span class='ocr_line' id='line_1_101' title="bbox 2208 4391 3854 4467; baseline 0.001 -16"><span class='ocrx_word' id='word_1_710' title='bbox 2208 4400 2476 4451; x_wconf 89' lang='lat' dir='ltr'>sanctum</span> <span class='ocrx_word' id='word_1_711' title='bbox 2498 4395 2667 4467; x_wconf 88' lang='lat' dir='ltr'>longe</span> <span class='ocrx_word' id='word_1_712' title='bbox 2686 4392 3036 4451; x_wconf 80' lang='lat' dir='ltr'>ineﬂ‘abilius</span> <span class='ocrx_word' id='word_1_713' title='bbox 3056 4391 3516 4449; x_wconf 78' lang='lat' dir='ltr'>sanctificatione</span> <span class='ocrx_word' id='word_1_714' title='bbox 3546 4409 3654 4450; x_wconf 83' lang='lat' dir='ltr'>sua</span> <span class='ocrx_word' id='word_1_715' title='bbox 3669 4397 3854 4452; x_wconf 89' lang='lat' dir='ltr'>totam</span> 
     </span>
    </p>
   </div>
   <div class='ocr_carea' id='block_1_102' title="bbox 2209 4477 3863 4557">
    <p class='ocr_par' dir='ltr' id='par_1_102' title="bbox 2209 4477 3863 4557">
     <span class='ocr_line' id='line_1_102' title="bbox 2209 4477 3863 4557; baseline 0.001 -18"><span class='ocrx_word' id='word_1_716' title='bbox 2209 4483 2433 4557; x_wconf 88' lang='lat' dir='ltr'>replere</span> <span class='ocrx_word' id='word_1_717' title='bbox 2462 4482 2799 4547; x_wconf 89' lang='lat' dir='ltr'>Ecclesiam,</span> <span class='ocrx_word' id='word_1_718' title='bbox 2836 4484 2901 4535; x_wconf 91' lang='lat' dir='ltr'>ut</span> <span class='ocrx_word' id='word_1_719' title='bbox 2931 4496 3035 4551; x_wconf 93' lang='lat' dir='ltr'>pro</span> <span class='ocrx_word' id='word_1_720' title='bbox 3064 4477 3348 4551; x_wconf 81' lang='lat' dir='ltr'>qualitate</span> <span class='ocrx_word' id='word_1_721' title='bbox 3370 4480 3778 4539; x_wconf 88' lang='lat' dir='ltr'>ministrorum</span> <span class='ocrx_word' id='word_1_722' title='bbox 3797 4487 3863 4541; x_wconf 80' lang='lat' dir='ltr'>et.</span> 
     </span>
    </p>
   </div>
   <div class='ocr_carea' id='block_1_103' title="bbox 2210 4568 3857 4644">
    <p class='ocr_par' dir='ltr' id='par_1_103' title="bbox 2210 4568 3857 4644">
     <span class='ocr_line' id='line_1_103' title="bbox 2210 4568 3857 4644; baseline -0.001 -15"><span class='ocrx_word' id='word_1_723' title='bbox 2210 4589 2407 4630; x_wconf 88' lang='lat' dir='ltr'>rerum</span> <span class='ocrx_word' id='word_1_724' title='bbox 2439 4568 2832 4644; x_wconf 86' lang='lat' dir='ltr'>ejus,singula</span> <span class='ocrx_word' id='word_1_725' title='bbox 2852 4585 2979 4641; x_wconf 83' lang='lat' dir='ltr'>quae</span> <span class='ocrx_word' id='word_1_726' title='bbox 3001 4568 3085 4624; x_wconf 93' lang='lat' dir='ltr'>illi</span> <span class='ocrx_word' id='word_1_727' title='bbox 3116 4574 3549 4628; x_wconf 88' lang='lat' dir='ltr'>connectuntur</span> <span class='ocrx_word' id='word_1_728' title='bbox 3563 4577 3622 4628; x_wconf 89' lang='lat' dir='ltr'>et</span> <span class='ocrx_word' id='word_1_729' title='bbox 3641 4572 3857 4630; x_wconf 88' lang='lat' dir='ltr'>deben-</span> 
     </span>
    </p>
   </div>
   <div class='ocr_carea' id='block_1_104' title="bbox 2215 4658 3857 4718">
    <p class='ocr_par' dir='ltr' id='par_1_104' title="bbox 2215 4658 3857 4718">
     <span class='ocr_line' id='line_1_104' title="bbox 2215 4658 3857 4718; baseline 0 0"><span class='ocrx_word' id='word_1_730' title='bbox 2215 4670 2310 4718; x_wconf 91' lang='lat' dir='ltr'>tur</span> <span class='ocrx_word' id='word_1_731' title='bbox 2341 4659 2702 4717; x_wconf 83' lang='lat' dir='ltr'>sanetiﬁcet?</span> <span class='ocrx_word' id='word_1_732' title='bbox 2728 4658 3004 4715; x_wconf 88' lang='lat' dir='ltr'>Estenim</span> <span class='ocrx_word' id='word_1_733' title='bbox 3028 4658 3314 4716; x_wconf 90' lang='lat' dir='ltr'>clericalis</span> <span class='ocrx_word' id='word_1_734' title='bbox 3334 4661 3475 4717; x_wconf 92' lang='lat' dir='ltr'>ordo</span> <span class='ocrx_word' id='word_1_735' title='bbox 3510 4662 3571 4716; x_wconf 88' lang='lat' dir='ltr'>in</span> <span class='ocrx_word' id='word_1_736' title='bbox 3601 4660 3857 4718; x_wconf 88' lang='lat' dir='ltr'>Ecclesia</span> 
     </span>
    </p>
   </div>
   <div class='ocr_carea' id='block_1_105' title="bbox 2211 4748 3856 4824">
    <p class='ocr_par' dir='ltr' id='par_1_105' title="bbox 2211 4748 3856 4824">
     <span class='ocr_line' id='line_1_105' title="bbox 2211 4748 3856 4824; baseline -0.001 -17"><span class='ocrx_word' id='word_1_737' title='bbox 2211 4751 2561 4824; x_wconf 71' lang='lat' dir='ltr'>praacipuus,</span> <span class='ocrx_word' id='word_1_738' title='bbox 2590 4753 2872 4820; x_wconf 88' lang='lat' dir='ltr'>tanquam</span> <span class='ocrx_word' id='word_1_739' title='bbox 2903 4748 2961 4804; x_wconf 90' lang='lat' dir='ltr'>in</span> <span class='ocrx_word' id='word_1_740' title='bbox 2993 4748 3182 4820; x_wconf 90' lang='lat' dir='ltr'>capite</span> <span class='ocrx_word' id='word_1_741' title='bbox 3211 4749 3465 4818; x_wconf 90' lang='lat' dir='ltr'>oeuli,de</span> <span class='ocrx_word' id='word_1_742' title='bbox 3493 4766 3607 4822; x_wconf 91' lang='lat' dir='ltr'>quo</span> <span class='ocrx_word' id='word_1_743' title='bbox 3636 4750 3719 4806; x_wconf 90' lang='lat' dir='ltr'>ait</span> <span class='ocrx_word' id='word_1_744' title='bbox 3746 4750 3856 4806; x_wconf 89' lang='lat' dir='ltr'>Do-</span> 
     </span>
    </p>
   </div>
   <div class='ocr_carea' id='block_1_106' title="bbox 2210 4836 3854 4912">
    <p class='ocr_par' dir='ltr' id='par_1_106' title="bbox 2210 4836 3854 4912">
     <span class='ocr_line' id='line_1_106' title="bbox 2210 4836 3854 4912; baseline -0.002 -16"><span class='ocrx_word' id='word_1_745' title='bbox 2210 4841 2405 4896; x_wconf 90' lang='lat' dir='ltr'>minus</span> <span class='ocrx_word' id='word_1_746' title='bbox 2437 4855 2451 4893; x_wconf 90' lang='lat'>:</span> <span class='ocrx_word' id='word_1_747' title='bbox 2488 4861 2515 4889; x_wconf 92' lang='grc'>‹‹</span> <span class='ocrx_word' id='word_1_748' title='bbox 2548 4838 2654 4901; x_wconf 88' lang='lat' dir='ltr'>Qui</span> <span class='ocrx_word' id='word_1_749' title='bbox 2686 4838 2942 4911; x_wconf 90' lang='lat' dir='ltr'>tetigerit</span> <span class='ocrx_word' id='word_1_750' title='bbox 2988 4855 3110 4907; x_wconf 90' lang='lat' dir='ltr'>vos,</span> <span class='ocrx_word' id='word_1_751' title='bbox 3143 4839 3332 4912; x_wconf 89' lang='lat' dir='ltr'>tangit</span> <span class='ocrx_word' id='word_1_752' title='bbox 3372 4837 3653 4911; x_wconf 85' lang='lat' dir='ltr'>pupillam</span> <span class='ocrx_word' id='word_1_753' title='bbox 3700 4836 3854 4894; x_wconf 89' lang='lat' dir='ltr'>oculi</span> 
     </span>
    </p>
   </div>
   <div class='ocr_carea' id='block_1_107' title="bbox 2210 4926 3852 5000">
    <p class='ocr_par' dir='ltr' id='par_1_107' title="bbox 2210 4926 3852 5000">
     <span class='ocr_line' id='line_1_107' title="bbox 2210 4926 3852 5000; baseline 0 -16"><span class='ocrx_word' id='word_1_754' title='bbox 2210 4929 2320 4984; x_wconf 90' lang='lat' dir='ltr'>mei</span> <span class='ocrx_word' id='word_1_755' title='bbox 2339 4927 2519 4999; x_wconf 84' lang='lat' dir='ltr'>(Zach.</span> <span class='ocrx_word' id='word_1_756' title='bbox 2555 4944 2616 4994; x_wconf 85' lang='grc' dir='ltr'>ιι,</span> <span class='ocrx_word' id='word_1_757' title='bbox 2646 4926 2724 4998; x_wconf 88' lang='grc'><strong>8).</strong></span> <span class='ocrx_word' id='word_1_758' title='bbox 2761 4949 2787 4976; x_wconf 86' lang='grc'><strong>››</strong></span> <span class='ocrx_word' id='word_1_759' title='bbox 2814 4928 2915 4983; x_wconf 89' lang='lat' dir='ltr'>Est</span> <span class='ocrx_word' id='word_1_760' title='bbox 2944 4933 3001 4983; x_wconf 93' lang='lat' dir='ltr'>et</span> <span class='ocrx_word' id='word_1_761' title='bbox 3030 4927 3254 4984; x_wconf 90' lang='lat' dir='ltr'>laicalis</span> <span class='ocrx_word' id='word_1_762' title='bbox 3284 4932 3540 5000; x_wconf 85' lang='lat' dir='ltr'>potestas</span> <span class='ocrx_word' id='word_1_763' title='bbox 3564 4930 3852 4999; x_wconf 88' lang='lat' dir='ltr'>tanquam</span> 
     </span>
    </p>
   </div>
   <div class='ocr_carea' id='block_1_108' title="bbox 2211 5016 3855 5091">
    <p class='ocr_par' dir='ltr' id='par_1_108' title="bbox 2211 5016 3855 5091">
     <span class='ocr_line' id='line_1_108' title="bbox 2211 5016 3855 5091; baseline 0.001 -18"><span class='ocrx_word' id='word_1_764' title='bbox 2211 5022 2411 5091; x_wconf 89' lang='lat' dir='ltr'>peetus</span> <span class='ocrx_word' id='word_1_765' title='bbox 2442 5020 2499 5073; x_wconf 91' lang='lat' dir='ltr'>et</span> <span class='ocrx_word' id='word_1_766' title='bbox 2526 5016 2766 5073; x_wconf 90' lang='lat' dir='ltr'>brachia</span> <span class='ocrx_word' id='word_1_767' title='bbox 2793 5017 2864 5072; x_wconf 90' lang='lat' dir='ltr'>ad</span> <span class='ocrx_word' id='word_1_768' title='bbox 2896 5016 3285 5074; x_wconf 89' lang='lat' dir='ltr'>obediendum</span> <span class='ocrx_word' id='word_1_769' title='bbox 3316 5021 3374 5072; x_wconf 89' lang='lat' dir='ltr'>et</span> <span class='ocrx_word' id='word_1_770' title='bbox 3419 5016 3855 5074; x_wconf 76' lang='lat' dir='ltr'>defendendum</span> 
     </span>
    </p>
   </div>
   <div class='ocr_carea' id='block_1_109' title="bbox 2210 5104 3853 5179">
    <p class='ocr_par' dir='ltr' id='par_1_109' title="bbox 2210 5104 3853 5179">
     <span class='ocr_line' id='line_1_109' title="bbox 2210 5104 3853 5179; baseline 0 -16"><span class='ocrx_word' id='word_1_771' title='bbox 2210 5106 2530 5164; x_wconf 90' lang='lat' dir='ltr'>Ecclesiam</span> <span class='ocrx_word' id='word_1_772' title='bbox 2562 5106 2755 5164; x_wconf 90' lang='lat' dir='ltr'>valida</span> <span class='ocrx_word' id='word_1_773' title='bbox 2783 5112 2839 5162; x_wconf 88' lang='lat' dir='ltr'>et</span> <span class='ocrx_word' id='word_1_774' title='bbox 2866 5110 3081 5163; x_wconf 82' lang='lat' dir='ltr'>exerta.</span> <span class='ocrx_word' id='word_1_775' title='bbox 3114 5106 3217 5163; x_wconf 89' lang='lat' dir='ltr'>Est</span> <span class='ocrx_word' id='word_1_776' title='bbox 3243 5104 3452 5162; x_wconf 88' lang='lat' dir='ltr'>deinde</span> <span class='ocrx_word' id='word_1_777' title='bbox 3480 5105 3696 5179; x_wconf 90' lang='lat' dir='ltr'>vulgus</span> <span class='ocrx_word' id='word_1_778' title='bbox 3725 5110 3853 5163; x_wconf 86' lang='lat' dir='ltr'>tan-</span> 
     </span>
    </p>
   </div>
   <div class='ocr_carea' id='block_1_110' title="bbox 2211 5194 3854 5270">
    <p class='ocr_par' dir='ltr' id='par_1_110' title="bbox 2211 5194 3854 5270">
     <span class='ocr_line' id='line_1_110' title="bbox 2211 5194 3854 5270; baseline 0.001 -18"><span class='ocrx_word' id='word_1_779' title='bbox 2211 5212 2389 5270; x_wconf 90' lang='lat' dir='ltr'>quam</span> <span class='ocrx_word' id='word_1_780' title='bbox 2417 5195 2695 5252; x_wconf 89' lang='lat' dir='ltr'>inferiora</span> <span class='ocrx_word' id='word_1_781' title='bbox 2723 5194 2812 5253; x_wconf 89' lang='lat' dir='ltr'>vel</span> <span class='ocrx_word' id='word_1_782' title='bbox 2843 5201 3102 5253; x_wconf 81' lang='lat' dir='ltr'>extrema</span> <span class='ocrx_word' id='word_1_783' title='bbox 3140 5195 3405 5252; x_wconf 88' lang='lat' dir='ltr'>membra</span> <span class='ocrx_word' id='word_1_784' title='bbox 3445 5194 3854 5253; x_wconf 84' lang='lat' dir='ltr'>ecclesiasticis</span> 
     </span>
    </p>
   </div>
   <div class='ocr_carea' id='block_1_111' title="bbox 2212 5284 3857 5359">
    <p class='ocr_par' dir='ltr' id='par_1_111' title="bbox 2212 5284 3857 5359">
     <span class='ocr_line' id='line_1_111' title="bbox 2212 5284 3857 5359; baseline -0.001 -16"><span class='ocrx_word' id='word_1_785' title='bbox 2212 5291 2270 5343; x_wconf 88' lang='lat' dir='ltr'>et</span> <span class='ocrx_word' id='word_1_786' title='bbox 2312 5285 2695 5343; x_wconf 69' lang='lat' dir='ltr'>saecularibus</span> <span class='ocrx_word' id='word_1_787' title='bbox 2747 5286 3137 5359; x_wconf 88' lang='lat' dir='ltr'>potestatibus</span> <span class='ocrx_word' id='word_1_788' title='bbox 3195 5286 3410 5358; x_wconf 91' lang='lat' dir='ltr'>pariter</span> <span class='ocrx_word' id='word_1_789' title='bbox 3462 5284 3769 5343; x_wconf 88' lang='lat' dir='ltr'>subditum</span> <span class='ocrx_word' id='word_1_790' title='bbox 3802 5288 3857 5342; x_wconf 87' lang='lat' dir='ltr'>et</span> 
     </span>
    </p>
   </div>
   <div class='ocr_carea' id='block_1_112' title="bbox 2211 5374 3856 5451">
    <p class='ocr_par' dir='ltr' id='par_1_112' title="bbox 2211 5374 3856 5451">
     <span class='ocr_line' id='line_1_112' title="bbox 2211 5374 3856 5451; baseline -0.001 -16"><span class='ocrx_word' id='word_1_791' title='bbox 2211 5376 2731 5451; x_wconf 87' lang='lat' dir='ltr'>pernecessarium.</span> <span class='ocrx_word' id='word_1_792' title='bbox 2764 5376 2942 5434; x_wconf 88' lang='lat' dir='ltr'>Porro</span> <span class='ocrx_word' id='word_1_793' title='bbox 2990 5376 3049 5433; x_wconf 87' lang='lat' dir='ltr'>in</span> <span class='ocrx_word' id='word_1_794' title='bbox 3097 5374 3323 5450; x_wconf 87' lang='lat' dir='ltr'>capillis</span> <span class='ocrx_word' id='word_1_795' title='bbox 3370 5374 3577 5449; x_wconf 88' lang='lat' dir='ltr'>capitis</span> <span class='ocrx_word' id='word_1_796' title='bbox 3626 5391 3856 5449; x_wconf 80' lang='lat' dir='ltr'>posses-</span> 
     </span>
    </p>
   </div>
   <div class='ocr_carea' id='block_1_113' title="bbox 527 5573 3855 5657">
    <p class='ocr_par' dir='ltr' id='par_1_113' title="bbox 527 5573 3855 5657">
     <span class='ocr_line' id='line_1_113' title="bbox 527 5573 3855 5657; baseline 0.001 -25"><span class='ocrx_word' id='word_1_797' title='bbox 527 5576 636 5645; x_wconf 83' lang='grc'>(21)</span> <span class='ocrx_word' id='word_1_798' title='bbox 668 5574 828 5657; x_wconf 58' lang='lat' dir='ltr'>lianc</span> <span class='ocrx_word' id='word_1_799' title='bbox 857 5575 1096 5636; x_wconf 86' lang='lat' dir='ltr'>Damasi</span> <span class='ocrx_word' id='word_1_800' title='bbox 1126 5579 1198 5636; x_wconf 91' lang='lat' dir='ltr'>ad</span> <span class='ocrx_word' id='word_1_801' title='bbox 1215 5580 1534 5657; x_wconf 41' lang='lat' dir='ltr'>Aurelium</span> <span class='ocrx_word' id='word_1_802' title='bbox 1564 5580 2085 5655; x_wconf 77' lang='lat' dir='ltr'>Carthaginonsem</span> <span class='ocrx_word' id='word_1_803' title='bbox 2113 5580 2452 5657; x_wconf 84' lang='lat' dir='ltr'>episcopum</span> <span class='ocrx_word' id='word_1_804' title='bbox 2487 5576 2797 5654; x_wconf 87' lang='lat' dir='ltr'>epistolam</span> <span class='ocrx_word' id='word_1_805' title='bbox 2844 5591 2975 5635; x_wconf 86' lang='lat' dir='ltr'>esse</span> <span class='ocrx_word' id='word_1_806' title='bbox 3021 5574 3285 5652; x_wconf 86' lang='lat' dir='ltr'>spuriam</span> <span class='ocrx_word' id='word_1_807' title='bbox 3324 5578 3383 5632; x_wconf 88' lang='lat' dir='ltr'>et</span> <span class='ocrx_word' id='word_1_808' title='bbox 3425 5573 3855 5649; x_wconf 83' lang='lat' dir='ltr'>supposititiam</span> 
     </span>
    </p>
   </div>
   <div class='ocr_carea' id='block_1_114' title="bbox 460 5643 1322 5706">
    <p class='ocr_par' dir='ltr' id='par_1_114' title="bbox 460 5643 1322 5706">
     <span class='ocr_line' id='line_1_114' title="bbox 460 5643 1322 5706; baseline 0.009 -8"><span class='ocrx_word' id='word_1_809' title='bbox 460 5643 832 5701; x_wconf 79' lang='lat' dir='ltr'>consentiunt</span> <span class='ocrx_word' id='word_1_810' title='bbox 863 5662 1066 5704; x_wconf 87' lang='lat' dir='ltr'>omnes</span> <span class='ocrx_word' id='word_1_811' title='bbox 1092 5651 1322 5706; x_wconf 90' lang='lat' dir='ltr'>eruditi.</span> 
     </span>
    </p>
   </div>
  </div>
