4004 6210
188 377 359 438 Η89·

777 368 1198 437 ADVERSUS
1247 363 1719 434 SIMONlACOS
1768 366 1970 429 LIBRI
2019 360 2244 428 TRES.
2279 401 2355 411 -—
2386 362 2615 430 LIBER
2659 362 3020 432 TERTIUS.

3447 376 3615 445 1190:

182 507 386 564 siones
416 506 704 576 Ecclesia,
738 506 798 562 in
819 504 1121 578 unguibus
1151 507 1345 559 autem
1368 500 1454 557 vel
1486 500 1694 573 reliqui
1716 517 1836 556 cor-
1870 504 1928 569 Α(
1954 496 2094 567 haec,
2120 499 2410 571 principes
2433 500 2644 557 domus
2657 501 2856 572 Jacob,
2870 506 2923 559 et
2927 504 2950 574 j
2963 504 3158 560 udices
3183 507 3394 565 domus
3420 510 3599 566 Israel

188 596 351 670 poris
381 596 517 669 pilis
548 595 859 652 facultates
880 592 1080 651 saeculi
1102 609 1218 649 non
1240 591 1561 663 incongrue
1591 593 1843 663 possunt

186 686 396 757 accipi.
439 686 595 751 Quas
639 684 742 759 qui
772 685 1086 741 indiscrete
1124 680 1211 737 vel
1252 679 1536 737 violenter
1572 678 1841 735 exteriori

188 774 418 831 homini
447 774 650 843 demit,
682 786 922 831 necesse
950 776 1040 828 est
1057 770 1309 843 graviter
1322 769 1578 826 offendat
1604 767 1843 824 interio-

190 880 317 920 rem
349 880 452 936 pro
482 862 703 935 injuria
720 858 1220 919 dehonestationis
1240 857 1325 914 vel
1342 856 1840 930 praesumptionis.

191 953 355 1018 Quod
389 970 504 1009 non
528 951 924 1008 dubitandum
936 952 1026 1005 est
1043 949 1229 1004 facere
1252 946 1531 1019 Spiritum
1547 951 1838 1015 sanctum,

193 1040 295 1113 qui
310 1040 366 1096 in
382 1040 760 1099 universitate
780 1038 1047 1095 Ecclesiae
1062 1037 1235 1108 longe
1255 1034 1625 1109 praestantius
1648 1037 1846 1091 anima

193 1131 392 1186 omnia
421 1134 696 1203 operatur
716 1129 774 1185 in
793 1126 1370 1195 omnibus,dividens
1391 1124 1640 1197 singulis
1671 1130 1846 1197 prout

193 1218 338 1285 vult,
372 1224 429 1276 et
453 1219 816 1276 annuntians
846 1214 1155 1289 discipulis
1188 1213 1372 1270 multa
1393 1231 1519 1286 qua:
1551 1217 1685 1270 ante
1712 1228 1845 1287 pas-

195 1307 422 1365 sionem
451 1308 667 1364 Christi
691 1324 805 1363 non
824 1308 1094 1379 poterant
1114 1308 1368 1376 portare.
1399 1302 1562 1359 Unde
1581 1302 1735 1359 sicut
1757 1320 1844 1359 re-

198 1397 437 1453 cedente
462 1397 680 1464 anima,
715 1412 849 1451 mox
878 1395 1089 1451 fetores
1110 1397 1167 1449 et
1199 1409 1425 1449 vermes
1446 1408 1658 1464 corpus
1680 1409 1846 1449 occu-

200 1489 360 1558 pant,
396 1485 494 1558 qui
524 1484 668 1542 illud
707 1501 843 1541 cum
884 1482 1141 1539 maxima
1188 1481 1494 1538 hominum
1543 1481 1845 1539 abomina-

199 1574 357 1631 tione
388 1578 446 1630 et
474 1573 868 1647 ahjectionein
892 1570 1187 1646 pulverem
1209 1570 1557 1637 dissolvunt,
1580 1570 1665 1627 sic
1686 1574 1742 1627 et
1755 1586 1848 1628 res

201 1662 632 1729 ecclesiasticae,
663 1661 965 1719 recedente
989 1661 1062 1716 ab
1092 1661 1179 1717 eis
1222 1676 1330 1715 sua
1363 1659 1846 1728 sanctiﬁcatione,

204 1764 342 1806 mox
370 1752 700 1808 daemonum
724 1750 844 1823 juri
874 1765 1007 1806 cum
1039 1766 1275 1805 summa
1309 1747 1716 1805 maledictione
1747 1748 1847 1805 Dei

201 1844 258 1896 et
288 1844 628 1897 sanctorum
676 1840 912 1897 Patrum
942 1837 1153 1894 relictae
1194 1837 1553 1910 dispereunt.
1586 1838 1846 1910 Quapro-

200 1932 348 2000 pter,
383 1930 711 1986 secundum
741 1928 893 2001 quod
924 1927 1210 1984 Dominus
1231 1926 1289 1982 in
1310 1924 1621 1999 Evangelio
1638 1926 1718 1981 ait
1748 1926 1849 1983 ho-

202 2016 365 2085 mini,
397 2018 744 2075 divisionem
776 2016 1133 2073 hzereditatis
1162 2015 1415 2088 exigenti
1447 2032 1460 2070 :
1493 2038 1523 2065 «
1556 2014 1758 2071 Videte
1789 2020 1847 2071 et

201 2112 394 2162 cavete
423 2107 497 2162 ab
523 2106 684 2162 omni
715 2105 959 2163 avaritia
977 2108 1127 2176 (Luc.
1153 2122 1255 2173 xu,
1293 2104 1400 2175 15).
1430 2128 1450 2154 ι
1472 2104 1516 2160 Ο
1546 2121 1645 2160 vos
1675 2103 1845 2161 divisi

201 2195 501 2264 divisores,
535 2200 591 2251 et
621 2195 857 2251 tandem
888 2194 977 2251 vel
1010 2209 1141 2251 sero
1170 2192 1472 2249 individua
1518 2192 1693 2249 dividi
1728 2210 1844 2250 non

202 2301 372 2356 posse
398 2284 1005 2359 cognoscite,jamque
1035 2282 1390 2340 divisoribus
1430 2280 1609 2339 nolite
1641 2283 1844 2355 aquie-

199 2388 382 2444 scere,
414 2372 463 2429 si
492 2373 703 2445 cupitis
748 2373 1061 2429 animabus
1106 2372 1318 2429 vestris
1355 2376 1412 2428 et
1439 2368 1672 2428 illorum
1705 2390 1844 2428 con-

195 2460 408 2518 sulere.
432 2461 650 2534 Nempe
670 2463 969 2535 sequendo
986 2477 1113 2534 quea
1126 2461 1415 2528 videntur,
1440 2466 1497 2517 et
1516 2461 1844 2534 spernendo

194 2564 322 2622 qum
368 2565 487 2608 non
528 2550 819 2620 videntur,
853 2550 1146 2607 calamum
1176 2551 1311 2609 vani
1352 2549 1589 2607 honoris
1619 2555 1843 2624 tempo-

192 2639 395 2695 raliter
422 2640 754 2712 capescitis,
779 2657 885 2696 nec
907 2655 1197 2712 supremae
1216 2639 1602 2695 beatitudinis
1626 2639 1845 2712 aulam,

188 2732 293 2785 aut
337 2733 607 2785 extremae
666 2729 1031 2786 miseriis”...
1084 2733 1216 2802 post
1290 2728 1591 2785 modicum
1658 2729 1842 2801 respi-

187 2817 343 2874 citis.

259 2907 398 2971 Qum
429 2907 479 2964 si
504 2906 761 2964 maxima
791 2924 926 2980 pars
946 2910 1204 2963 vestrum
1227 2907 1555 2964 Christiano
1584 2906 1724 2963 talia
1754 2924 1841 2963 re-

188 2999 468 3052 tractaret
495 2996 1098 3070 animomequaquani
1129 2996 1237 3053 hoc
1267 3001 1427 3052 tanto
1460 2995 1724 3053 Ecclesiae
1748 2997 1846 3069 ju-

179 3084 337 3159 giter
365 3091 682 3159 angeretur
711 3085 886 3142 malo.
922 3086 1056 3157 Sed,
1089 3086 1233 3158 proh
1266 3085 1456 3142 dolor!
1493 3102 1527 3141 a
1560 3085 1723 3142 laicis
1753 3086 1840 3141 di-

178 3173 515 3247 gnitatibus
563 3173 1017 3231 ecclesiasticam
1065 3174 1409 3247 dignitatem
1459 3175 1672 3247 adepti,
1705 3191 1839 3231 cum

1954 586 2052 660 qui
2083 587 2505 644 abominamini
2530 590 2846 662 judicium,
2881 595 2939 646 et
2968 593 3166 650 omnia
3195 601 3351 652 recta.
3374 615 3599 669 perver-

1951 675 2097 740 titis,
2151 677 2252 747 qui
2285 676 2582 734 :editicatis
2614 679 2749 734 Sion
2783 680 2839 734 in
2884 682 3294 753 sanguinibus,
3331 694 3389 743 et
3436 688 3598 744 Jeru-

1951 763 2133 821 salem
2182 766 2242 820 in
2276 764 2601 838 iniquitate.
2642 768 2942 842 Principes
2972 772 3100 843 ejus
3145 773 3203 829 in
3251 778 3597 833 muneribus

1944 853 2309 923 judicabant,
2334 859 2390 910 et
2419 856 2748 912 sacerdotes
2770 859 2897 929 ejus
2922 858 2977 913 in
3000 864 3269 917 mercede
3289 866 3593 937 docebant,

1951 947 2008 997 et
2046 943 2336 1015 prophetae
2373 945 2500 1015 ejus
2538 944 2597 999 in
2630 948 2874 1016 pecunia
2920 948 3279 1019 divinabant,
3331 959 3386 1010 et
3418 973 3594 1028 super

1952 1030 2263 1087 Dominum
2305 1034 2765 1104 rcquiescehant,
2815 1037 3111 1095 dicentes:
3162 1042 3438 1115 Nunquid
3481 1064 3592 1102 non

1952 1119 2232 1176 Dominus
2256 1121 2314 1176 in
2338 1125 2529 1178 medio
2560 1128 2866 1180 nostrum?
2887 1128 3009 1182 Non
3035 1131 3264 1185 venient
3294 1151 3470 1204 super
3491 1152 3595 1192 nos

1957 1208 2128 1265 mala.
2162 1214 2401 1281 Propter
2428 1212 2537 1267 hoc
2568 1229 2747 1268 causa
2767 1216 3089 1272 vestriSion
3122 1222 3287 1290 quasi
3311 1240 3448 1295 ager
3466 1243 3592 1280 ara-

1955 1297 2133 1367 bitur,
2164 1303 2220 1354 et
2243 1300 2569 1356 Jerusalem
2604 1303 2770 1373 quasi
2802 1321 3041 1361 acervus
3075 1307 3335 1380 lapidum
3380 1314 3508 1383 erit,
3540 1322 3597 1370 et

1959 1403 2127 1443 mons
2159 1387 2359 1460 templi
2392 1389 2450 1443 in
2483 1389 2709 1446 excelsa
2740 1392 3019 1449 silvarum
3053 1397 3230 1467 (Mich.
3268 1417 3349 1468 ιιι,
3387 1402 3463 1474 9),
3494 1425 3521 1453 ››

2559 1552 2786 1609 CAPUT
2825 1555 2992 1614 XXX.

1960 1639 2351 1711 Recapitulatio
2380 1640 2446 1695 dc
2473 1641 2809 1711 depositione
2847 1645 3224 1706 hmrctz'corum
3255 1656 3303 1708 et
3332 1658 3598 1712 sententia
3672 1644 3683 1649 ”

2508 1714 2805 1771 Ezechielis
2836 1719 2895 1772 in
2924 1735 3028 1775 eos.

2027 1837 2171 1893 Ilinc
2185 1838 2309 1909 jam
2327 1836 2462 1893 licet
2476 1840 2729 1895 maxima
2749 1859 2815 1897 ex
2828 1850 2991 1914 parte
3004 1846 3231 1917 spicula
3249 1850 3602 1909 adversario-

1956 1945 2086 1983 rum
2118 1927 2420 1983 catholicis
2449 1930 2673 2000 objecta
2703 1931 2947 1989 Domino
2995 1937 3247 1994 donante
3294 1947 3394 1995 aut
3429 1960 3597 2015 repu-

1952 2016 2119 2072 lerim
2164 2020 2266 2071 aut
2296 2018 2677 2086 decusseriin,
2710 2026 2811 2076 aut
2841 2028 2992 2079 certe
3037 2028 3373 2097 retuderim,
3407 2032 3601 2088 adhuc

1952 2108 2147 2160 tamen
2180 2105 2236 2160 in
2287 2106 2442 2163 calce
2475 2107 2607 2163 libri
2656 2109 2834 2181 hujus
2885 2115 3315 2173 retundendam
3347 2120 3603 2178 arbitror

1952 2194 2244 2267 spiculum
2266 2195 2407 2250 illud
2429 2196 2609 2254 nimio
2631 2199 2815 2254 toxico
2834 2200 3147 2274 imbutum,
3172 2223 3287 2278 quo
3306 2209 3599 2266 obstinato

1955 2283 2257 2356 impetitur
2277 2284 2668 2343 ecclesiastica
2683 2290 2900 2361 regula,
2918 2301 3208 2363 quatenus
3221 2297 3269 2352 si
3284 2299 3454 2369 juxta
3468 2318 3594 2356 eam

1953 2372 3445 2458 conscquiturhzereticosdeponendos,conscquatur
3461 2409 3600 2464 quo-

1953 2463 2244 2535 quejuxta
2260 2465 2641 2520 assertionem
2655 2466 2890 2523 illorum
2903 2472 3138 2528 eosdem
3156 2478 3402 2547 gratiam
3418 2463 3599 2537 eccle-

1953 2551 2251 2608 siasticam
2271 2553 2532 2624 adeptos,
2551 2573 2583 2609 a
2597 2556 2766 2627 cujus
2788 2560 3130 2617 ascensione
3148 2568 3212 2617 ut
3232 2565 3601 2638 deponantur

1952 2640 2025 2696 sit
2073 2657 2327 2697 necesse.
2363 2642 2724 2715 Quapropter
2770 2645 2905 2701 hinc
2939 2666 3168 2722 quoque
3214 2656 3599 2717 trutinatores

1952 2730 2257 2786 verborum
2281 2732 2514 2787 interim
2548 2733 3169 2811 patienterinterrogo,
3199 2759 3233 2797 a
3261 2760 3377 2814 quo
3407 2751 3590 2819 gradu

1951 2819 2157 2874 divinae
2188 2821 2387 2892 gratiae
2403 2822 2786 2893 deponantur,
2804 2826 3018 2896 quibus
3038 2827 3352 2889 Psalmista
3382 2837 3467 2894 sic
3488 2839 3597 2897 ini-

1951 2913 2221 2978 precatur
2252 2926 2265 2964 :
2301 2932 2329 2959 «
2364 2909 2636 2983 Disperge
2658 2910 2786 2968 illos
2818 2913 2873 2969 in
2900 2915 3109 2972 virtute
3139 2924 3259 2991 tua,
3292 2929 3349 2979 et
3375 2925 3598 2999 depone

1948 3011 2068 3067 eos,
2104 3001 2391 3069 protector
2411 3016 2600 3067 meus,
2631 3000 2874 3058 Domine
2898 3027 2925 3053 ››
2945 3005 3119 3075 (Ρδαι.
3146 3026 3300 3080 Lxm,
3332 3015 3595 3085 l2).Ouin

1950 3087 2124 3179 etiam
2157 3099 2329 3179 a‘quo
2341 3089 2527 3179 gradu
2544 3089 2939 3149 ecclesiastico
2956 3095 3324 3167 deponantur
3342 3121 3444 3176 pro
3467 3126 3498 3179 q
3512 3111 3595 3163 ui-

1950 3175 2060 3232 bus
2078 3176 2363 3233 catholica
2379 3177 2437 3232 in
2457 3178 2548 3233 die
2566 3179 2877 3237 Dominica:
2896 3186 3194 3244 Passionis
3208 3190 3291 3246 sic
3304 3175 3594 3264 precatur:

170 3263 709 3334 qutacanonicam
733 3263 1136 3319 auctoritatem
1153 3263 1430 3320 deberent
1446 3280 1579 3319 cum
1602 3263 1726 3320 suis
1748 3281 1843 3320 au-
1876 3253 1918 3320 C
1953 3288 1980 3316 ‹‹
2014 3264 2395 3337 Omnipotens
2427 3269 2780 3340 sempiterne
2810 3272 2983 3341 Deus,
3018 3275 3117 3346 qui
3150 3253 3339 3336 salvas
3370 3253 3596 3353 omnes,

176 3351 452 3408 ctoribus
482 3356 540 3408 et
569 3352 898 3408 fautoribus
930 3369 1044 3407 non
1075 3351 1267 3408 solum
1312 3353 1725 3409 communione
1755 3352 1845 3409 al-

177 3441 367 3509 taris,
390 3441 491 3497 sed
514 3446 572 3497 et
602 3441 871 3514 ingressu
905 3440 1163 3498 ecclesiae
1195 3442 1433 3514 privari,
1471 3442 1725 3515 primum
1760 3442 1844 3499 lo-

176 3547 325 3586 cum
376 3530 437 3586 in
495 3547 583 3596 ea,
646 3535 703 3586 et
747 3529 1242 3603 dispensationem
1315 3536 1841 3598 sacramentorum,

176 3618 406 3674 Christi
444 3619 827 3691 omniumque
862 3619 1119 3691 regimen
1178 3622 1354 3692 atque
1397 3619 1841 3692 dispositionem

177 3708 620 3780 adipiscuntur,
653 3708 824 3780 cujus
854 3707 1029 3764 etiam
1054 3707 1259 3764 limina
1286 3709 1620 3781 contingere
1651 3708 1843 3780 prohi-

179 3797 425 3864 bentur,
458 3799 675 3869 utputa
696 3796 913 3869 perjuri
935 3795 1319 3869 principibus,
1353 3796 1567 3870 quibus
1598 3796 1656 3852 in
1679 3799 1844 3854 tanta

183 3886 650 3959 praesumptione
695 3884 961 3942 infideles
992 3889 1094 3942 aut
1122 3885 1497 3942 consentiunt
1533 3890 1636 3942 aut
1666 3886 1840 3943 insis-

183 3978 353 4043 tunt;
389 3972 679 4048 sacrilegi,
725 3975 884 4031 fures
931 3979 988 4031 et
1029 3974 1284 4031 latrones
1332 3975 1470 4043 Deo,
1510 3974 1603 4031 cui
1638 3980 1843 4033 sancta

142 4062 152 4069 ’
186 4081 300 4121 sua
331 4063 607 4119 furantur
634 4066 692 4119 et
720 4062 1001 4119 violenter
1046 4062 1368 4136 diripiunt;
1413 4062 1717 4121 homicidae
1749 4066 1838 4122 in-

184 4167 370 4225 super
409 4151 766 4224 pauperibus
815 4152 1052 4224 Christi,
1104 4168 1354 4225 quorum
1403 4153 1757 4225 patrimonia
1784 4158 1841 4212 et

184 4241 474 4315 pecunias
508 4240 781 4299 fraudant
802 4246 863 4299 et
880 4241 1004 4298 suis
1023 4242 1231 4299 usibus
1251 4241 1576 4312 vindicant;
1609 4260 1837 4301 excom-

184 4329 476 4386 municati
528 4335 639 4387 Deo
670 4335 727 4387 et
768 4332 1044 4388 omnibus
1085 4331 1306 4387 sanctis
1334 4331 1463 4403 ejus
1507 4333 1836 4405 praeteritis,

185 4417 576 4492 praesentibus
632 4423 691 4476 et
736 4420 971 4487 futuris,
1027 4437 1280 4493 quorum
1333 4420 1705 4493 disciplinam
1737 4423 1837 4479 de-

184 4512 433 4564 struunt
462 4513 519 4565 et
547 4508 879 4577 conciliant,
913 4526 1062 4582 quos
1111 4508 1504 4567 scandalizare
1551 4515 1610 4568 et
1657 4512 1835 4569 oﬂ‘en-

188 4596 331 4653 dere
362 4615 474 4653 non
507 4602 730 4655 curant.
763 4598 870 4663 Qui
896 4613 1026 4655 vere
1039 4599 1167 4670 jam
1191 4615 1305 4655 non
1328 4603 1466 4655 sunt
1486 4599 1738 4656 habendi
1771 4606 1836 4658 ut
1867 4626 1913 4690 D

185 4684 285 4741 alii
322 4685 476 4742 intra
497 4687 1251 4760 Ecclesiumiudiscipli’nati
1281 4687 1617 4753 Christiani,
1642 4690 1742 4746 sed
1777 4695 1840 4746 ut

183 4790 318 4830 vere
366 4774 844 4846 blaspheinantes
891 4776 1176 4850 Spiritum
1235 4781 1506 4833 sanctum
1557 4776 1834 4847 hieretici,

183 4863 331 4919 dum
365 4869 631 4936 proterve
661 4870 718 4921 et
757 4865 1078 4922 voluntarie
1128 4866 1643 4940 transgrediuntur
1685 4866 1840 4939 leges

183 4952 555 5025 conscriptas
585 4957 641 5011 et
661 4955 1027 5027 subscriptas
1057 4953 1239 5028 digito
1268 4955 1389 5011 Dei.
1417 4955 1673 5020 Quorum
1706 4972 1840 5029 pec-

185 5040 339 5096 catis
366 5042 810 5100 communicant
843 5042 1044 5116 procul
1087 5043 1266 5099 dubio
1306 5044 1587 5116 primates
1633 5049 1690 5101 et
1720 5061 1840 5101 me-

183 5128 552 5202 tropolitani,
577 5130 676 5203 qui
700 5131 920 5188 talibus
945 5136 1004 5187 et
1016 5131 1143 5189 sine
1166 5133 1446 5189 canonica
1475 5133 1843 5191 discussione

182 5235 406 5276 manus
435 5218 769 5292 imponunt,
804 5219 1155 5277 reclamante
1183 5220 1460 5293 Apostolo
1484 5222 1543 5277 in
1586 5222 1844 5295 Epistola

182 5307 257 5361 ad
292 5305 693 5364 Timotheum.
718 5308 934 5365 Taliter
948 5308 1226 5365 nimirum
1247 5309 1455 5366 talium
1484 5310 1840 5386 principum,

180 5396 685 5469 saeerdctumque
703 5401 760 5453 et
784 5398 1079 5455 fautorum
1109 5397 1344 5455 illorum
1375 5414 1553 5457 causa
1582 5402 1720 5474 quid
1738 5404 1842 5460 Ec-

180 5483 370 5542 clesia
397 5483 575 5542 etiam
592 5485 899 5543 visibiliter
919 5503 1342 5561 nonnunquam
1364 5490 1641 5563 patiatur,
1675 5508 1844 5567 aper-

176 5575 235 5633 te
286 5573 519 5633 indicat
565 5573 821 5634 Micbeas
868 5574 1153 5653 propheta
1199 5591 1215 5635 :
1263 5598 1293 5630 «
1332 5579 1562 5657 Audite,
1628 5580 1840 5661 inquit,

1954 3357 2011 3409 et
2042 3354 2336 3410 neminem
2357 3355 2440 3410 vis
2474 3356 2681 3428 perire,
2710 3361 2927 3432 respice
2959 3364 3028 3418 ad
3062 3366 3290 3424 animas
3313 3371 3598 3431 diabolica

1954 3443 2717 3533 fraudedeceptas,ut,omni
2736 3448 3005 3506 haeretica
3019 3455 3299 3523 pravitate
3311 3459 3568 3531 deposita
3584 3510 3595 3533 ,

1953 3531 2276 3587 errantium
2308 3534 2484 3589 corda
2515 3535 2883 3607 resipiscant,
2916 3544 2971 3594 et
2992 3540 3063 3595 ad
3088 3543 3342 3599 veritatis
3365 3552 3475 3603 tua:
3510 3531 3595 3606 re;

1952 3620 2128 3675 deant
2159 3619 2464 3676 unitatem.
2502 3645 2529 3671 ››
2563 3623 2704 3678 Ecce
2728 3624 2819 3678 hic
2835 3626 3120 3684 catholica
3151 3638 3316 3704 rogat
3338 3640 3401 3690 ut
3421 3635 3595 3694 ha're-

1950 3708 2066 3798 tica
2096 3707 2349 3780 pravitas
2372 3709 2773 3798 abanimabus
2806 3713 3095 3772 diabolica
3114 3719 3316 3776 fraude
3338 3724 3598 3798 deceptis

1951 3797 2303 3869 deportetur.
2337 3796 2651 3854 Psalmista
2679 3817 2912 3873 quoque
2942 3805 3234 3877 superius,
3278 3815 3343 3866 ut
3375 3796 3594 3872 inimici

1950 3886 2078 3958 ejus
2109 3886 2489 3959 deponantur.
2525 3889 2586 3944 In
2619 3907 2737 3961 qua
2765 3891 2965 3963 utique
2985 3894 3344 3966 depositione
3368 3903 3593 3961 nullam

1950 3975 2373 4048 depositionem
2397 3976 2468 4032 ab
2491 3977 2740 4050 alicujus
2752 3972 2949 4052 gratim
2973 3982 3059 4038 vel
3083 3985 3386 4059 dignitatis
3408 3993 3592 4049 excel-

1949 4065 2127 4123 lentia
2158 4082 2334 4138 quam
2361 4066 2524 4139 prius
2557 4066 2869 4126 habuerint
2897 4070 3223 4146 intelligere
3254 4094 3592 4150 possumus,

1948 4155 2061 4212 nisi
2084 4153 2268 4212 solam
2286 4157 2801 4229 praesumptionem
2815 4159 3591 4243 haereticzefalsitatisguam

1948 4246 2059 4303 sub
2092 4246 2282 4317 specie
2312 4245 2880 4305 catholiceeveritatis
2901 4250 3010 4306 sibi
3044 4256 3420 4324 pertinaciter
3435 4278 3592 4318 arro-

1946 4338 2107 4408 gant.
2142 4334 2235 4390 Sic
2258 4338 2315 4390 et
2332 4336 2654 4392 Simoniani
2680 4355 2782 4394 seu
2804 4338 3050 4412 quilibet
3066 4341 3315 4402 haeretici
3334 4363 3465 4403 cum
3491 4353 3591 4405 «te-

1946 4424 2081 4497 poni
2120 4424 2558 4494 jubentur,non
2597 4426 2669 4482 ab
2702 4426 2900 4501 aliqua
2928 4430 3332 4491 ecclesiasticae
3361 4438 3593 4495 ordina-

1944 4513 2120 4569 tionis
2150 4513 2337 4586 gratia
2359 4532 2536 4587 quam
2553 4515 2836 4575 hactenus
2855 4518 3108 4577 habeant
3137 4524 3347 4596 deponi
3377 4527 3591 4597 juben-

1944 4604 2203 4670 tur;sed
2244 4604 2423 4661 etiam
2454 4606 2525 4661 ab
2568 4606 2834 4663 exteriori
2886 4610 3030 4666 facie
3065 4602 3590 4675 ecclesiasticoruni

1947 4692 2393 4764 graduum,qua
2408 4695 2478 4749 ad
2499 4695 2882 4766 perditionem
2902 4716 3070 4755 suam
3093 4702 3412 4776 populique
3434 4706 3591 4762 Chri-

1949 4780 2125 4835 stiani
2147 4781 2548 4852 deceptionem
2574 4801 2676 4856 per
2697 4786 3082 4858 imposturam
3103 4792 3443 4849 abutuntur.
3468 4796 3595 4859 Qui-

1952 4868 2061 4923 bus
2093 4868 2342 4924 maxime
2375 4872 2557 4942 aptari
2582 4879 2771 4943 potest
2793 4876 2991 4932 fabula
3010 4879 3081 4933 de
3097 4881 3279 4937 asello
3300 4882 3448 4954 pelle
3481 4885 3593 4940 leo-

1950 4956 2043 5011 nis
2076 4956 2301 5023 induto,
2326 4959 2425 5029 qui
2447 4968 2826 5034 prmsumpto,
2851 4982 2952 5020 seu
2971 4970 3125 5037 quod
3151 4971 3345 5041 aptius
3359 4973 3536 5030 dicit'u
3549 4994 3593 5042 r,

1951 5044 2224 5101 simulato
2255 5044 2486 5101 leonino
2518 5048 2731 5119 vigore,
2766 5053 3043 5109 turbabat
3063 5058 3304 5127 pavidas
3326 5076 3429 5131 per
3459 5080 3597 5120 rura

1951 5151 2105 5202 oves,
2139 5150 2272 5190 cum
2302 5133 2381 5189 nil
2404 5136 2641 5191 omnino
2672 5136 2914 5195 leonina:
2943 5142 3322 5214 fortitudinis,
3356 5158 3596 5223 excepto

1951 5241 2097 5281 vano
2127 5228 2363 5294 terrore,
2394 5241 2462 5280 ex
2492 5222 2584 5279 his
2605 5227 2828 5284 exuviis
2857 5229 2944 5285 vel
2975 5231 3180 5301 spoliis
3211 5233 3321 5288 sibi
3352 5236 3439 5291 vel
3470 5222 3590 5294 cui-

1952 5331 2128 5386 quam
2161 5312 2458 5386 acquirere
2484 5315 2755 5385 potuerit.
2789 5316 2892 5371 Cui
2926 5317 3066 5373 dum
3099 5322 3357 5378 rusticus
3378 5325 3591 5395 pellem

1951 5401 2136 5461 leonis
2167 5403 2434 5473 detraxit,
2468 5402 2547 5458 nil
2572 5421 2814 5476 prorsus
2845 5405 3086 5462 leonina:
3112 5410 3380 5480 potentia:
3412 5429 3591 5485 quam

1952 5508 2019 5550 ex
2047 5491 2196 5566 pelle
2216 5491 2316 5549 illa
2346 5492 2665 5567 accepisset
2694 5498 2796 5551 aut
2824 5494 3065 5554 haberet
3090 5498 3145 5559 ei
3172 5498 3420 5558 detraxit
3444 5520 3458 5574 ;
3489 5504 3596 5563 sed

1954 5582 2136 5645 solam
2169 5600 2343 5659 quam
2368 5600 2434 5643 ex
2466 5583 2568 5644 illa
2599 5583 2887 5663 hypocrisi
2921 5590 3286 5649 contraxerat
3314 5607 3597 5667 praesqu
