3970 6218
411 352 556 415 1191

1460 336 1864 402 HUMBElt'l‘l
1909 341 1972 401 S.
2024 342 2092 400 Β.
2141 338 2208 400 E.
2259 334 2747 403 CARDINALIS.

3648 333 3821 401 1192

407 485 682 559 ptioncm,
715 477 864 534 sicut
888 473 1075 531 eidem
1119 472 1295 529 asello
1336 474 1593 529 rusticus
1642 473 1782 528 dum
1831 471 2041 544 spolia-
2066 471 2125 540 Α
2150 471 2382 543 ligetur,
2412 490 2516 529 nec
2546 473 2705 530 calor
2734 474 3106 547 postmodum
3139 469 3389 533 resolvat
3412 475 3566 548 quod
3588 473 3819 530 humor

404 580 531 630 tum
562 571 841 629 cerneret,
864 563 1079 619 dixisse
1113 562 1296 617 fertur
1330 578 1342 617 :

558 675 799 725 Forsitan
830 672 1043 732 ignaros
1073 668 1280 716 imitate
1314 681 1585 716 murmure
1618 666 1752 732 fallis
1780 682 1792 714 :

625 738 693 785 At
723 729 875 792 mihi,
905 732 994 795 qui
1022 732 1312 794 quondam,
1343 744 1553 791 semper
1582 729 1773 777 asellus
1802 730 1924 779 eris.

475 836 573 889 Est
603 847 839 903 quoque
875 828 1031 884 aliud
1065 828 1220 899 quod
1252 826 1310 881 in
1337 825 1438 881 illa
1467 826 1726 881 oratione
1765 827 2044 897 poscitur,

401 923 642 987 scilicet,
675 927 738 975 ut
770 918 1017 975 haeretici
1045 926 1099 972 ct
1130 915 1487 972 schismatici
1519 915 1587 970 ad
1609 915 1871 970 veritatis
1901 916 2044 971 divi-

400 1031 483 1068 na:
519 1011 757 1065 redeant
790 1009 1091 1063 unitatem.
1136 1007 1196 1061 In
1230 1006 1401 1074 cujus
1432 1020 1665 1075 quoque
1713 1004 2044 1076 praefatione

399 1116 707 1155 monemur
728 1114 892 1153 orare
929 1112 1029 1167 pro
1062 1092 1221 1165 ipsis.
1257 1096 1320 1147 ut
1350 1093 1504 1147 Deus
1530 1109 1595 1147 ac
1641 1093 1921 1148 Dominus
1944 1111 2043 1149 no-

397 1194 515 1243 ster
545 1205 642 1243 eos
676 1187 748 1241 ab
772 1185 1065 1241 erroribus
1088 1180 1372 1235 universis
1400 1180 1470 1235 ad
1494 1185 1756 1236 sanctam
1796 1188 2042 1237 matrem

398 1276 714 1332 Ecclesiam
764 1271 1108 1329 catholicam
1140 1273 1312 1339 atque
1351 1268 1728 1339 apostolicam
1778 1286 2045 1325 revocare

397 1365 691 1437 dignetur.
712 1363 873 1418 Unde
894 1359 1023 1414 luce
1045 1356 1260 1413 clarius
1281 1362 1508 1412 constat
1530 1357 1583 1411 in
1610 1356 1830 1413 unitate
1854 1358 2042 1414 Eccle-

395 1453 492 1508 siae
524 1450 817 1508 catholicae
850 1454 1023 1519 atque
1044 1445 1369 1518 apostolicae
1386 1463 1501 1501 non
1523 1448 1749 1511 adesse,
1773 1448 1841 1502 ad
1866 1464 2039 1518 quam

396 1546 458 1596 ut
489 1543 827 1595 revocentur
855 1542 911 1592 et
942 1537 1199 1601 redeant,
1234 1534 1304 1589 ab
1338 1535 1540 1590 eadem
1576 1534 1883 1590 universali
1932 1537 2040 1591 Ec-

392 1628 564 1684 clesia
595 1628 978 1697 oratur.Ergo
1002 1624 1323 1679 Simoniani
1348 1623 1851 1680 authaereticinon
1881 1629 2039 1691 sunt,

391 1724 448 1774 et
479 1718 535 1772 in
568 1715 822 1772 Ecclesia
852 1721 1008 1779 sunt,
1042 1718 1145 1768 aut
1174 1718 1325 1768 certe
1347 1712 1597 1768 haeretici
1623 1718 1781 1780 sunt,
1810 1719 2044 1769 etextra

393 1805 702 1862 Ecclesiam
735 1808 892 1860 sunt.
930 1803 1103 1857 Porro
1136 1802 1186 1857 si
1210 1802 1269 1856 in
1302 1800 1560 1857 Ecclesia
1581 1808 1743 1869 sunt,
1771 1803 2036 1858 catholici
2072 1841 2116 1905 Β

390 1900 547 1962 sunt,
572 1898 746 1965 atque
769 1892 1025 1963 accipere
1048 1896 1295 1962 possunt
1316 1891 1597 1963 Spiritum
1618 1896 1909 1959 sanctum,
1934 1892 2041 1947 sic-

390 1985 649 2057 quejam
680 1981 933 2036 haeretici
966 1997 1069 2035 nec
1103 1980 1353 2035 habendi
1389 1997 1491 2034 nec
1523 1980 1753 2036 dicendi
1784 1985 1943 2036 sunt.
1978 1981 2035 2035 Si

390 2078 583 2129 autem
600 2074 775 2126 uextra
806 2068 1120 2125 Ecclesiam
1155 2074 1313 2136 sunt,
1346 2074 1500 2123 certe
1526 2074 1627 2124 aut
1656 2069 1906 2124 hmrctici
1940 2073 2040 2124 aut

391 2160 602 2235 pagani
635 2164 794 2226 sunt,
819 2165 874 2214 et
907 2160 1103 2214 ideoac
1118 2159 1310 2229 cipere
1328 2175 1441 2211 non
1477 2164 1725 2230 possunt
1754 2158 2035 2229 Spiritum

389 2255 677 2314 sanctum,
713 2250 852 2320 quia
882 2253 1043 2303 extra
1074 2246 1392 2302 Ecclesium
1446 2264 1558 2300 non
1593 2250 1783 2318 potest
1832 2246 2034 2318 accipi,

389 2342 743 2413 protestante
775 2336 1022 2392 Domino
1070 2334 1343 2406 superius
1376 2351 1388 2387 :
1425 2334 1594 2404 cujus
1629 2332 1827 2405 procul
1861 2334 2037 2403 dubio

388 2428 760 2494 sententiam,
803 2443 936 2480 cum
980 2440 1183 2480 omnes
1232 2422 1557 2488 orthodoxi,
1609 2428 1733 2476 tum
1766 2422 2037 2495 egregius

389 2518 633 2588 Prosper
678 2518 914 2571 secutus
965 2511 1045 2568 ait
1087 2529 1100 2567 :
1147 2534 1175 2561 «
1226 2512 1389 2567 Sicut
1433 2511 1920 2567 considerandum
1949 2515 2039 2566 est

389 2606 528 2678 quid
577 2609 634 2660 ct
678 2604 771 2659 cui
822 2620 1051 2667 voveas,
1098 2600 1179 2655 ita
1206 2600 1383 2656 etiam
1426 2599 1914 2655 considerandum
1947 2604 2039 2656 est

388 2696 483 2750 ubi
519 2711 723 2749 voveas
757 2710 769 2747 :
806 2691 944 2763 quia
974 2690 1089 2745 veri
1127 2688 1395 2745 sacrificii
1443 2688 1604 2744 locus
1652 2693 1812 2744 extra
1841 2687 2035 2744 Eccle-

388 2785 536 2840 siam
568 2780 913 2837 catholicam
945 2797 1061 2835 non
1092 2784 1200 2835 est.
1233 2802 1260 2827 ››
1293 2778 1457 2842 Quod
1488 2796 1654 2834 versu
1679 2794 1912 2850 quoque
1942 2778 2037 2833 de-

389 2874 617 2929 clarans
647 2870 847 2927 subdit
875 2886 890 2924 :

451 2995 603 3045 Norit

514 3055 688 3107 Unum
719 3056 912 3105 divinis
944 3056 1177 3103 cultibus
1207 3069 1323 3103 esse
1356 3055 1545 3111 locum,

453 3122 507 3169 lu
543 3124 654 3169 toto
688 3120 886 3167 nlundo
922 3132 1079 3180 quem
1113 3131 1238 3164 vera
1276 3116 1504 3180 Ecclesia
1533 3116 1751 3178 praebet,

510 3185 576 3231 Et
603 3183 717 3231 sine
747 3194 855 3243 quo
886 3180 1086 3229 nullum
1118 3179 1336 3241 justitiae
1375 3184 1454 3227 est
1482 3180 1748 3227 meritum.

632 2994 720 3056 qui
753 2994 929 3042 reddit
958 2992 1183 3041 Domino
1216 2992 1303 3054 pia
1333 2995 1456 3056 vota
1482 2992 1727 3049 Tonanti,

458 3310 520 3364 In
548 3305 764 3377 quibus
783 3303 952 3377 plane
978 3302 1339 3376 praedicatur,
1356 3318 1459 3355 nec
1479 3318 1670 3356 veram
1693 3301 2028 3370 Ecclesiam,

388 3413 491 3452 nec
523 3411 722 3450 verum
773 3391 1148 3457 sacrificium,
1194 3406 1299 3443 nec
1340 3388 1457 3443 veri
1496 3386 1766 3443 sacrificii
1818 3387 2029 3455 locum,

386 3502 489 3541 nec
511 3483 772 3538 divinum
804 3480 1027 3535 cultum
1051 3478 1470 3533 convincentur
1500 3477 1730 3544 habere,
1752 3478 1904 3533 sicut
1927 3494 2032 3532 nec

386 3573 483 3630 alii
516 3569 789 3627 hmrctici.
823 3568 969 3634 Quid
995 3584 1130 3639 ergo
1164 3565 1378 3638 pariter
1408 3565 1664 3620 habent?
1695 3564 1887 3620 Solam
1924 3565 2031 3620 fal-

386 3664 619 3719 sitatem
652 3659 996 3729 cultumque
1025 3655 1473 3710 daemoniacum.
1508 3653 1618 3709 Sed
1650 3658 1798 3720 esto,
1821 3654 2034 3710 dicitur

389 3753 544 3825 apud
575 3766 673 3806 eos
705 3747 1081 3812 sacrificium,
1101 3744 1490 3800 sacerdotium
1514 3746 1571 3798 et
1596 3748 1802 3799 caetera
1832 3743 2031 3799 catho-

387 3843 634 3898 licorum
667 3840 1034 3894 sacramenta
1060 3838 1118 3890 et
1150 3832 1419 3905 insignia.
1449 3832 1537 3898 Et,
1572 3849 1603 3887 ο
1634 3848 1811 3903 quam
1848 3831 2034 3887 multa

386 3932 682 3995 dicuntur,
702 3945 828 4000 quae
849 3925 1087 3981 omnino
1114 3922 1194 3979 nil
1219 3938 1417 3978 earum
1442 3936 1634 3975 rerum
1662 3937 1911 3992 quarum
1936 3937 2032 3976 νος

387 4019 614 4077 cabulis
662 4017 1019 4085 indicantur,
1053 4013 1113 4068 in
1164 4027 1227 4066 se
1276 4010 1487 4065 habere
1530 4009 2032 4081 comprobantur?

389 4110 551 4177 Quod
581 4123 714 4163 cum
747 4099 1279 4177 superiusubertim
1313 4102 1704 4154 monstratum
1737 4098 1832 4168 sit,
1856 4098 2029 4154 etiam

388 4216 457 4255 ex
500 4196 692 4252 verbis
744 4190 1060 4249 Ezechielis
1104 4188 1392 4261 prophetae
1441 4188 1753 4242 monstrari
1800 4187 2030 4258 poterit,

392 4286 491 4343 ubi
521 4284 663 4339 dicit
700 4278 1187 4361 prophetantibus
1217 4278 1289 4332 de
1327 4277 1499 4332 corde
1528 4293 1634 4332 suo
1668 4292 1680 4331 :
1715 4299 1741 4326 ‹‹
1772 4275 1868 4330 Vae
1901 4293 2030 4349 pro-

390 4374 580 4450 phetis
623 4368 1063 4443 insipientibus,
1113 4389 1139 4416 ››
1173 4370 1279 4421 ctc.
1313 4382 1482 4438 usque
1522 4388 1550 4415 ‹‹
1582 4369 1639 4421 et
1667 4364 1862 4420 scietis
1895 4382 2032 4437 quo-

390 4465 547 4521 niam
574 4478 680 4534 ego
702 4458 984 4516 Dominus
1014 4455 1233 4529 (Ezech.
1261 4473 1385 4523 xm,
1407 4456 1482 4527 3).
1512 4476 1540 4504 ››

880 4568 891 4579 ’
985 4565 1217 4623 CAPUT
1249 4563 1443 4621 XXXI.

424 4667 499 4722 De
531 4661 772 4736 propriis
820 4657 1159 4736 dictionibus
1207 4650 1924 4736 in.supradicti‘prophetae
1948 4657 2000 4708 et

713 4733 856 4788 beati
886 4729 1128 4801 Gregorii
1175 4727 1348 4781 vertis
1389 4726 1710 4795 subjunctis.

461 4846 596 4910 Quae
630 4840 923 4914 prophetae
955 4836 1129 4890 verba
1161 4831 1374 4887 idcirco
1406 4830 1534 4887 istic
1569 4831 1826 4892 seriatim
1880 4830 2033 4887 insc-

390 4935 641 4998 ruimus,
676 4928 816 5003 quia
844 4924 1072 4983 etiamsi
1099 4921 1212 4978 alia
1232 4922 1523 4988 deessent,
1559 4920 1677 4975 haec
1695 4920 1820 4976 sola
1838 4922 2037 4975 confu-

392 5023 594 5082 tationi
626 5017 1030 5076 haereticorum
1061 5016 1119 5068 et
1150 5011 1437 5084 praecipue
1480 5009 1902 5080 objectionibus
1946 5008 2035 5064 Si-

391 5112 803 5170 monianorum
829 5104 1186 5161 sufficerent.
1210 5099 1279 5154 Ut
1303 5098 1459 5155 cnim
1484 5103 1691 5154 caetera
1723 5097 2035 5169 praemissae

389 5200 708 5277 prophetiae
741 5193 1276 5270 praetermittamus,
1314 5189 1466 5260 quod
1500 5186 1691 5244 solum
1727 5188 1860 5277 inde
1893 5204 2037 5260 prae-

390 5275 539 5349 senti
574 5306 759 5361 operae
792 5290 879 5342 cst
910 5282 1160 5356 pretium
1202 5282 1612 5334 summotenus
1657 5275 2035 5347 attingamus,

388 5379 656 5439 videlicet
683 5376 964 5448 parietem
986 5389 1020 5427 a
1040 5369 1254 5442 populo
1276 5368 1620 5423 aedificatum
1648 5364 1940 5438 prophetae
1971 5363 2038 5418 li-

392 5470 557 5527 niant
586 5468 810 5537 absque
841 5461 1041 5535 paleis.
1072 5458 1372 5531 Siquidem
1407 5455 1618 5513 lateres
1650 5456 1706 5511 in
1742 5452 2041 5510 nonnullis

390 5553 705 5629 provinciis
736 5555 793 5608 et
825 5548 1076 5605 maxime
1120 5545 1373 5605 Orientis
1417 5545 1500 5602 sie
1532 5543 1945 5611 conficiuntur,
1979 5545 2043 5600 ut

391 5643 515 5706 luto
536 5640 712 5716 paleae
734 5637 1189 5707 admisceantur,
1213 5635 1430 5708 quibus
1452 5633 1610 5693 lutea
1632 5631 1905 5696 materies
1932 5631 2045 5694 col-

2156 561 2602 633 conglutinarat.
2631 564 2790 620 Unde
2813 568 2869 620 et
2889 565 3027 637 ipsae
3049 564 3225 638 paleas
3248 564 3379 621 istic
3406 566 3818 636 temperatura

2156 650 2450 719 dicuntur,
2484 652 2623 724 quia
2652 658 3093 725 contemperant
3133 652 3477 710 dissolubile
3505 651 3701 708 lutum
3734 667 3816 706 ne

2156 739 2496 796 resolvatur.
2530 740 2786 812 Populus
2817 758 2953 814 ergo
2979 759 3106 798 sese
3130 742 3187 796 in
3219 742 3497 815 parietem
3529 740 3810 807 aedificat,

2155 829 2296 883 dum
2328 828 2579 886 Ecclesia
2601 830 2815 886 Christi
2841 831 2961 885 ﬁeri
2992 831 3234 887 laborat.
3260 831 3371 887 Sed
3394 849 3427 886 a
3448 829 3815 903 pseudopro-

2157 917 2368 988 phetis,
2402 918 2686 974 haereticis
2706 919 2945 989 scilicet,
2969 920 3108 991 quia
3130 920 3252 975 luto
3271 918 3588 976 visibilium
3610 934 3814 974 sacra-

2156 1011 2484 1062 mentorum
2517 1007 2642 1062 sine
2675 1013 3067 1080 temperatura
3096 1008 3407 1065 invisibilis
3438 1007 3634 1081 gratiae
3666 1005 3811 1061 lini-

2152 1097 2269 1160 tur,
2303 1111 2548 1149 casurus
2575 1099 2681 1151 est.
2716 1096 2823 1160 Qui
2853 1097 3110 1167 profecto
3140 1097 3351 1170 paries,
3385 1114 3501 1153 non
3532 1112 3661 1152 esse
3694 1112 3811 1168 pa-

2153 1180 2267 1236 ries
2287 1181 2515 1250 dicitur,
2533 1188 2591 1237 et
2611 1183 2785 1239 litura
2806 1200 2921 1239 non
2939 1183 3136 1254 litura,
3157 1189 3213 1240 et
3228 1184 3522 1257 prophetae
3536 1202 3650 1240 non
3675 1201 3811 1256 pro-

2154 1269 2360 1340 phetae,
2393 1274 2452 1325 et
2479 1270 2778 1327 vivificatae
2809 1272 3017 1326 animae
3050 1290 3161 1327 non
3198 1274 3475 1339 viventes,
3508 1276 3564 1327 et
3595 1270 3810 1327 morti-

2154 1358 2333 1414 ficatae
2368 1376 2482 1415 non
2506 1359 2838 1415 morientes.
2864 1359 2971 1415 Ubi
2989 1360 3163 1415 etiam
3183 1359 3418 1416 illorum
3451 1378 3622 1433 poma
3649 1376 3805 1432 prae-

2151 1446 2384 1515 dicitur,
2421 1448 2519 1520 qui
2552 1464 2649 1503 cor
2670 1448 2841 1519 justi,
2871 1465 3043 1521 quem
3076 1454 3227 1504 Deus
3256 1465 3371 1504 non
3404 1448 3800 1515 contristavit,

2151 1537 2517 1605 contristent,
2550 1540 2607 1592 et
2637 1553 2850 1592 manus
2880 1537 3044 1608 impii
3079 1554 3147 1593 ne
3168 1541 3487 1594 revertatur
3511 1554 3543 1592 a
3563 1536 3657 1595 via
3687 1553 3807 1593 sua

2153 1624 2308 1680 mala
2337 1630 2392 1680 et
2420 1625 2573 1681 vivat
2603 1626 2816 1697 (Ezech.
2849 1643 2973 1692 xm,
3003 1628 3116 1694 2'2);
3143 1625 3490 1681 confortant.
3513 1624 3678 1690 Quod
3701 1640 3806 1679 au-

2148 1717 2264 1769 tem
2287 1731 2377 1770 res
2400 1713 2717 1769 visibilium
2731 1718 3393 1785 sacramentorum,quae
3406 1714 3560 1785 apud
3573 1712 3809 1767 haereti-

2151 1819 2249 1857 cos
2280 1802 2711 1859 Christianismi
2730 1802 3123 1870 inveniuntur,
3147 1819 3263 1858 non
3280 1801 3471 1857 solum
3488 1800 3807 1857 detrimen-

2148 1895 2207 1945 ta
2236 1892 2334 1946 sed
2368 1897 2426 1946 et
2455 1896 2710 1947 stercora
2741 1891 2879 1960 sint,
2914 1908 2983 1947 ex
3021 1891 3211 1947 verbis
3250 1889 3510 1962 Apostoli
3559 1889 3633 1945 ad
3661 1888 3799 1944 Phi-

2148 1980 2184 2034 li
2195 1996 2443 2051 ppenses
2470 1981 2831 2048 ostendatur,
2875 1981 2970 2035 ubi
3006 1980 3291 2036 sacrificia
3329 1983 3388 2035 et
3418 1978 3799 2035 caeremonias

2148 2086 2273 2140 quae
2306 2070 2457 2140 apud
2483 2068 2779 2124 haereticos
2810 2068 3100 2124 Judaismi
3126 2072 3256 2140 post
3284 2067 3619 2141 passionem
3634 2066 3801 2123 Chri-

2149 2158 2221 2212 sti
2273 2158 2754 2226 observabantur,
2804 2158 3007 2228 quanti
3048 2158 3213 2230 prius
3251 2156 3468 2224 fecerit,
3511 2156 3797 2229 quantive

2148 2246 2680 2317 impraesentiarum
2735 2246 2929 2316 faciat,
2978 2246 3272 2317 praedicat,
3305 2245 3506 2301 dicens
3539 2244 3802 2301 :Secun-

2148 2336 2287 2389 dum
2331 2334 2623 2406 justitiam
2674 2351 2800 2406 quae
2847 2335 2905 2389 in
2939 2333 3064 2407 lege
3106 2339 3215 2404 est,
3257 2337 3630 2391 conversatus
3662 2351 3801 2390 sum

2147 2423 2272 2478 sine
2304 2422 2559 2494 querela.
2594 2423 2703 2477 Sed
2738 2440 2865 2495 quae
2897 2423 3042 2478 mihi
3075 2423 3308 2479 fuerunt
3339 2422 3523 2491 lucra,
3554 2423 3676 2478 haec
3705 2440 3803 2480 ar-

2149 2510 2399 2567 bitratus
2421 2528 2552 2566 sum
2584 2516 2818 2584 propter
2837 2512 3133 2568 Christum
3152 2512 3523 2568 detrimenta.
3551 2512 3799 2567 Verum-

2147 2604 2343 2656 tamen
2376 2605 2433 2655 et
2462 2600 2732 2656 existimo
2749 2601 2948 2657 omnia
2970 2601 3385 2656 detrimentum
3408 2616 3535 2657 esse
3558 2604 3800 2674 propter

2145 2689 2499 2744 eminentem
2527 2689 2831 2746 scientiam
2853 2690 2993 2745 Jesu
3023 2689 3235 2746 Christi
3261 2689 3489 2745 Domini
3507 2690 3642 2755 mei,
3665 2707 3799 2763 pro-

2144 2782 2232 2834 ter
2273 2795 2446 2849 quem
2492 2778 2691 2834 omnia
2737 2779 3154 2835 detrimentum
3204 2778 3308 2834 feci
3353 2782 3411 2834 et
3448 2777 3701 2834 arbitror
3728 2783 3798 2834 ut

2144 2870 2415 2934 stercora,
2443 2866 2814 2925 utChristum
2838 2867 3199 2924 lucrifaciam
3223 2868 3494 2941 (Phil.m,
3514 2867 3592 2938 6).
3624 2890 3651 2916 »
3678 2867 3800 2923 Do-

2145 2956 2342 3011 minus
2373 2972 2604 3028 quoque
2638 2973 2740 3028 per
2777 2955 3126 3011 Malachiam
3168 2955 3483 3012 Judaicum
3526 2955 3794 3012 sacerdo-

2142 3044 2287 3099 tium
2323 3046 2640 3116 reprobans
2657 3045 2738 3100 ait
2773 3061 2786 3099 :
2830 3068 2842 3093 ‹
2870 3045 3011 3099 Ecce
3032 3060 3137 3116 ego
3151 3044 3454 3117 projiciam
3479 3044 3641 3100 vobis
3664 3044 3802 3100 bra-

2141 3133 2337 3188 chium
2361 3140 2416 3188 et
2446 3134 2781 3206 dispergam
2814 3150 2987 3205 super
3017 3134 3242 3189 vultum
3275 3137 3533 3189 vestrum
3561 3138 3790 3191 stercus

2091 3214 2106 3273 1
2146 3221 2584 3277 solemnitatum
2612 3226 2954 3289 vestrarum,
2974 3225 3029 3276 et
3041 3226 3304 3277 assumet
3319 3239 3419 3279 vos
3438 3238 3637 3278 secum
3659 3221 3801 3295 (Ma-

2142 3310 2268 3365 lach
2304 3354 2316 3366 .
2358 3329 2418 3379 ιι,
2452 3312 2528 3381 3).
2561 3332 2588 3361 »
2641 3310 2800 3375 Quod
2848 3309 3462 3383 heatusllyeronymus
3496 3327 3794 3382 exponens

2142 3400 2343 3455 subdit
2372 3416 2385 3455 :
2423 3424 2449 3449 «
2484 3398 2629 3464 Quia
2660 3400 2728 3453 ad
2765 3398 3098 3454 sacerdotes
3129 3398 3386 3470 loquitur
3415 3415 3428 3453 :
3465 3397 3801 3470 Projiciam,

2142 3487 2351 3559 inquit,
2387 3486 2442 3541 in
2471 3487 2644 3543 facies
2669 3490 2890 3542 vestras
2921 3503 2988 3542 ea
3004 3504 3133 3559 quae
3157 3486 3448 3545 sanctiora
3476 3488 3697 3560 putatis
3729 3488 3792 3544 in

2144 3577 2269 3649 lege
2286 3581 2341 3632 et
2372 3575 2533 3631 vobis
2563 3593 2597 3630 a
2626 3575 2741 3632 Deo
2773 3592 2875 3648 pro
2906 3576 3185 3631 virtutum
3210 3592 3454 3633 munere
3484 3592 3552 3632 ex
3579 3576 3793 3634 hostiis

2142 3665 2486 3720 condonata.
2510 3668 2751 3719 Armum
2765 3664 2943 3733 enim,
2960 3664 3017 3719 id
3032 3668 3121 3721 est
3133 3664 3464 3731 brachium,
3479 3670 3534 3721 et
3556 3669 3787 3738 pectus-

2142 3752 2361 3821 culum,
2393 3753 2749 3825 etlinguam,
2771 3757 2828 3809 et
2854 3752 3263 3822 ventriculum,
3287 3757 3345 3809 et
3364 3770 3432 3809 ea
3452 3770 3578 3826 quae
3603 3752 3661 3808 in
3686 3753 3786 3809 Le-

2141 3841 2312 3900 vitico
2343 3842 2776 3912 describuntur,
2810 3842 3173 3916 accipiebant
3187 3858 3255 3898 ex
3279 3842 3490 3898 hostiis
3521 3842 3788 3898 sacerdo-

2140 3936 2249 3987 tes.
2278 3931 2413 3995 Quae
2443 3931 2642 3987 omnia
2656 3948 2760 4004 pro
2783 3931 3037 4004 peccatis
3055 3948 3257 3988 eorum
3272 3947 3334 3987 se
3359 3931 3630 4003 abjicere,
3653 3935 3711 3985 et
3727 3930 3787 3985 in

2141 4021 2315 4078 facies
2345 4021 2714 4078 sacerdotum
2760 4022 2989 4078 mittere
3030 4023 3392 4077 contestatur
3424 4038 3437 4075 :
3474 4024 3537 4074 ut
3564 4018 3788 4075 scilicet

2141 4111 2287 4167 tales
2318 4111 2438 4167 sint
2466 4111 2568 4183 qui
2598 4111 2851 4167 offerunt
2878 4110 3018 4167 talia
3047 4108 3243 4181 qualia
3271 4112 3329 4163 et
3358 4106 3461 4162 illa
3489 4123 3616 4177 quae
3647 4106 3787 4163 offe-

2141 4205 2375 4267 runtur,
2395 4202 2463 4257 Et
2490 4205 2754 4258 assumet
2782 4216 2903 4268 vos,
2936 4197 3145 4269 inquit,
3179 4212 3400 4261 secum,
3431 4195 3487 4250 id
3519 4198 3607 4250 est
3634 4198 3789 4251 ster-

2142 4308 2247 4347 cus
2267 4291 2702 4347 solemnitatum
2724 4292 3072 4351 vestrarum,
3105 4290 3170 4340 ut
3201 4285 3444 4340 fetentes
3475 4283 3648 4340 facies
3670 4302 3786 4357 pu-

2140 4381 2295 4437 trida
2315 4379 2585 4437 stercoris
2610 4376 3014 4434 commistione
3034 4374 3362 4429 turbentur.
3395 4395 3422 4424 »
3455 4374 3538 4429 Ad
3572 4373 3695 4430 hac
3717 4390 3786 4431 ex

2142 4470 2336 4527 verbis
2377 4485 2610 4542 quoque
2668 4466 2819 4522 beati
2868 4463 3149 4536 Gregorii,
3198 4463 3370 4534 cujus
3432 4463 3784 4537 improprias

2064 4579 2111 4644 D
2145 4559 2430 4615 dictiones
2470 4573 2571 4629 pro
2626 4553 2877 4627 prepriis
2935 4552 3269 4608 defensores
3318 4552 3782 4610 Simoniacorum

2143 4648 2457 4721 accipiunt,
2475 4643 2799 4700 ostenditur
2818 4657 2994 4713 quam
3028 4639 3215 4697 multa
3244 4640 3559 4714 improprie
3588 4642 3784 4699 dican-

2116 4742 2261 4794 'tur.
2294 4737 2391 4791 Ait
2417 4734 2572 4791 enim
2618 4732 2674 4788 in
2704 4735 2952 4787 tractatu
3002 4730 3299 4803 Evangelii
3348 4731 3736 4805 Theophaniaa
3767 4750 3781 4789 :

2153 4851 2180 4879 ‹‹
2211 4825 2420 4883 Omnia
2461 4823 2744 4879 elementa
2773 4824 3068 4877 auctorem
3103 4838 3276 4878 suum
3320 4821 3546 4877 venisse
3576 4824 3787 4877 testata

2147 4921 2305 4973 sunt.
2342 4914 2411 4970 Ut
2439 4911 2595 4968 enim
2628 4911 2700 4966 de
2730 4910 2813 4966 eis
2843 4910 3124 4982 quiddam
3151 4927 3253 4965 usu
3278 4909 3534 4965 humano
3562 4909 3783 4981 loquar,

2148 5008 2328 5062 Deum
2364 5003 2521 5058 hunc
2570 5000 2699 5056 coili
2736 5016 2865 5056 esse
2910 5003 3325 5073 cognoverunt,
3373 4998 3513 5070 quia
3558 4998 3783 5055 stellam

2148 5092 2416 5168 protinus
2449 5090 2755 5146 miserunt.
2790 5089 2948 5144 Mare
2973 5087 3258 5161 cognovit,
3279 5086 3418 5159 quia
3436 5086 3547 5142 sub
3573 5087 3783 5159 plantis

2146 5184 2273 5254 ejus
2306 5198 2369 5237 se
2397 5178 2671 5236 calcabile
2702 5178 2967 5252 praebuit.
3009 5178 3189 5233 Terra
3234 5175 3522 5248 cognovit,
3553 5175 3692 5247 quia
3721 5193 3783 5233 eo

2149 5270 2430 5327 moriente
2461 5267 2832 5326 contremuit.
2867 5265 2963 5323 Sol
2995 5265 3282 5339 cognovit,
3313 5264 3452 5337 quia
3482 5264 3632 5321 lucis
3669 5282 3781 5321 suae

2151 5360 2344 5418 radios
2395 5358 2720 5416 abscondit.
2774 5356 2926 5413 Saxa
2971 5360 3031 5412 et
3078 5356 3326 5429 parietes
3373 5359 3780 5427 cognoverunt,

2147 5450 2288 5525 quia
2315 5456 2577 5524 tempore
2610 5447 2817 5504 mortis
2846 5447 2976 5519 ejus
2996 5445 3184 5502 scissa
3213 5448 3369 5502 sunt.
3396 5443 3664 5514 Infernus
3692 5460 3780 5501 co-

2150 5540 2363 5615 gnovit,
2412 5538 2551 5613 quia
2597 5537 2703 5595 hos
2747 5553 2896 5611 quos
2928 5535 3162 5593 tenebat
3201 5538 3463 5592 mortuos
3514 5532 3780 5590 reddidit.

2153 5636 2219 5691 Et
2262 5634 2460 5690 tamen
2511 5628 2667 5687 hunc
2720 5642 2896 5703 quem
2948 5625 3131 5684 Deum
3180 5622 3378 5705 omnia
3425 5620 3787 5685 insensibilia
