3970 6218
162 388 321 449 1193

757 382 1172 448 ADVERSUS
1222 386 1688 451 SIMONIACOS
1732 382 1939 450 LIBRI
1987 388 2208 450 TRES.
2238 424 2311 433 —
2338 386 2570 451 LIBER
2613 388 2971 453 TERTIUS.

3408 391 3563 453 1194

158 520 449 577 elementa
480 522 810 584 senserunt,
840 518 1031 573 adhuc
1086 518 1408 574 inﬁdelium
1467 521 1805 577 Judaeorum
1835 520 1892 586 Α
1921 520 2398 588 habent,etsinon
2422 522 2493 578 ad
2520 526 2914 590 suam,tamen
2937 522 3009 578 ad
3034 520 3283 578 aliorum
3308 521 3559 582 salutem

156 608 336 665 corda
364 608 550 663 Deum
581 622 711 662 esse
759 606 1002 661 minime
1049 615 1428 677 cognoscunt,
1463 612 1516 663 et
1575 609 1811 665 duriora

154 699 314 755 saxis
327 696 514 754 scindi
535 696 607 752 ad
625 694 1027 767 pmnitentiam
1046 696 1532 768 nolunt,eumque
1548 697 1810 754 conﬁteri

152 788 469 859 abnegant,
503 801 678 857 quem
708 783 1019 851 elementa,
1054 788 1118 839 ut
1174 784 1451 853 diximus,
1491 790 1594 841 aut
1624 786 1809 859 signis

150 880 256 932 aut
287 873 674 931 scissionihus
705 873 888 929 Deum
912 872 1238 929 clamant.»
1263 873 1461 945 Itaque
1484 874 1808 930 Simoniani

150 980 478 1036 eorumque
504 962 784 1019 obstinati
805 961 1142 1017 defensores
1164 976 1397 1017 necesse
1418 966 1506 1017 est
1519 963 1810 1018 fateantur

148 1055 391 1110 beatum
425 1050 767 1123 Gregorium
802 1049 929 1105 istic
978 1050 1297 1122 improprie
1347 1049 1625 1106 locutum.
1659 1050 1809 1107 Alio-

151 1142 319 1214 quin,
350 1140 402 1197 si
434 1141 745 1196 attendunt
767 1139 999 1211 proprie
1021 1139 1549 1206 locutum,necesse
1571 1143 1659 1194 est
1680 1155 1808 1211 pro-

153 1233 432 1287 ﬁteantur
461 1244 597 1284 eum
630 1228 812 1284 fuisse
845 1226 1255 1294 Manicheeum,
1289 1226 1389 1298 qui
1432 1226 1805 1283 insensibiles

153 1324 392 1387 res,rion
426 1318 617 1373 solum
650 1317 911 1373 animam
932 1316 1306 1381 vitalem,sed
1338 1315 1673 1371 sensualem
1701 1315 1805 1370 ha-

152 1411 292 1467 bere
322 1405 631 1463 crediderit
660 1410 717 1461 et
766 1404 1189 1477 praedicaverit.
1231 1405 1393 1469 Quod
1445 1404 1488 1458 si
1548 1404 1803 1475 proﬁteri

156 1500 390 1566 timent,
422 1494 661 1551 necesse
695 1497 783 1548 est
811 1492 1118 1549 nobiscum
1149 1493 1538 1548 conﬁteantur
1565 1492 1802 1548 tandem

154 1604 264 1643 nec
296 1584 492 1649 ccelos,
523 1598 628 1639 nec
661 1598 843 1649 mare,
875 1597 981 1636 nec
1030 1586 1266 1648 terram,
1297 1597 1401 1637 nec
1451 1580 1655 1647 solem,
1698 1596 1803 1635 nec

157 1692 321 1743 saxa,
355 1689 460 1729 nec
505 1671 771 1744 parietes,
804 1686 908 1726 nec
958 1670 1248 1725 infernum
1304 1670 1643 1742 cognovisse
1700 1673 1803 1725 aut

156 1763 449 1819 clamasse
474 1776 645 1815 suum
668 1763 983 1823 auctorem,
1018 1775 1121 1814 nec
1145 1757 1348 1814 fecisse
1370 1759 1428 1812 in
1451 1757 1800 1829 obsequium

154 1852 285 1950 ejjus
318 1847 517 1947 omnia
538 1846 639 1945 illa
657 1864 782 1947 quae
801 1847 1190 1947 praedicantur
1212 1847 1418 1953 fecisse
1443 1864 1456 1901 :
1485 1846 1581 1946 sed
1605 1863 1803 1918 repen-
1834 1888 1881 1953 Β

154 1940 278 1994 tina
306 1941 364 1993 et
394 1936 678 1992 inusitata
715 1935 1125 1991 immutatione
1168 1935 1255 1991 vel
1304 1934 1683 1991 concussione
1712 1935 1802 1990 sui

154 2026 453 2099 cognitum
477 2025 550 2080 ab
573 2023 908 2079 hominibus
942 2029 1000 2079 et
1032 2025 1412 2096 praedicatum
1441 2033 1565 2079 cata
1615 2028 1806 2095 trapon

157 2114 687 2187 metonymian,per
702 2129 876 2184 quem
905 2113 961 2168 id
983 2114 1138 2185 quod
1173 2114 1236 2167 ﬁt
1258 2112 1408 2169 solet
1436 2113 1683 2168 indicari
1705 2112 1806 2169 illo

158 2223 272 2277 quo
307 2202 552 2272 ﬁt,velut
584 2202 758 2257 homo
791 2202 1003 2256 dicitur
1031 2200 1306 2274 pulvis,et
1329 2200 1538 2256 emtum
1563 2205 1806 2256 aer.Hoc

162 2292 707 2361 nihilominustropo
728 2290 881 2345 Deus
905 2290 1245 2362 cognovisse
1267 2290 1403 2361 quid
1430 2289 1803 2355 dicitur,cum

159 2383 339 2437 ofﬁcit
363 2384 424 2436 ut
453 2381 524 2434 ab
555 2379 896 2435 hominibus
928 2379 985 2433 id
1037 2383 1444 2449 cognoscatur.
1486 2378 1602 2432 Hoc
1632 2378 1803 2450 spiri-

159 2468 378 2524 tualem
411 2466 658 2539 gratiam
681 2466 767 2521 vel
807 2466 1140 2521 columbam
1166 2466 1558 2521 vendiboatus
1592 2466 1803 2537 Grego-

160 2558 285 2613 rius
316 2556 550 2621 latetur,
574 2571 709 2610 cum
738 2556 909 2610 vendi
944 2559 1200 2626 putatur.
1231 2555 1554 2626 Siquidem,
1592 2558 1653 2609 ut
1682 2555 1804 2626 ipse

154 2646 507 2713 asserit,usu
540 2644 800 2700 humano
828 2644 1241 2709 locutus,sicut
1272 2645 1637 2701 insensibilia
1668 2661 1802 2700 sen-

149 2736 313 2803 tisse,
342 2736 427 2791 sic
459 2737 515 2790 et
545 2732 925 2789 invendibilia
952 2733 1121 2788 vendi
1153 2738 1241 2787 est
1271 2735 1665 2789 concionatus.

716 2838 948 2895 CAPUT
989 2839 1201 2895 XXXII.

151 2938 229 2989 De
259 2931 577 2988 criminosis
607 2929 902 3001 catholicis
913 2930 1173 3001 promotis
1205 2930 1283 2984 vel
1302 2936 1420 3000 post
1450 2930 1637 3001 lapsis,
1660 2937 1710 2984 et
1739 2928 1805 2984 de

427 3002 760 3065 ministerio,
792 3004 845 3054 et
872 2999 938 3054 de
967 2999 1533 3070 depositione’eorum'.

222 3094 425 3164 Itaque
454 3089 547 3144 his
576 3092 634 3144 et
663 3087 796 3143 aliis
818 3087 1268 3159 quampluribus
1291 3089 1653 3159 argumentis
1674 3105 1806 3144 con-

150 3186 266 3239 stat
295 3180 670 3236 Simonianos
701 3177 781 3232 nil
831 3176 1238 3233 ecclesiasticae
1299 3177 1603 3250 dignitatis
1647 3178 1803 3233 obti-

1919 609 2350 681 perﬁciendam.
2413 610 2479 665 Et
2509 609 2678 666 adest
2707 626 2842 682 ergo
2897 609 2983 666 eis
3013 609 3266 683 Spiritus
3320 616 3564 671 sanctus

1920 698 2412 765 ministrantibus,
2446 702 2503 754 et
2548 699 2714 755 abest
2760 698 3351 770 transgredientibus.
3378 701 3563 759 Adest

1917 787 2073 843 enim
2104 786 2431 843 ministerio
2457 787 2611 859 quod
2632 787 2765 843 ﬁdei
2795 803 2997 843 eorum
3021 804 3054 843 a
3074 786 3345 845 ﬁdelibus
3375 789 3562 846 credi-

1916 881 2041 932 tum
2073 875 2435 947 recognoscit
2460 894 2472 943 ;
2507 876 2670 931 abest
2700 874 2995 946 iniquitati
3016 890 3217 932 eorum
3241 892 3420 948 quam
3442 894 3561 935 non

1918 966 2232 1037 cognoscit.
2255 965 2539 1036 Dignatur
2560 965 2763 1019 adesse
2786 964 2844 1019 in
2869 965 3254 1022 sacramentis
3296 964 3421 1022 suis
3447 966 3560 1023 sibi

1917 1053 2393 1126 obsequentibus,
2427 1056 2483 1108 et
2521 1053 2872 1125 dedignatur
2923 1053 3127 1109 adesse
3183 1053 3245 1108 in
3276 1055 3559 1126 pravitate

1916 1159 2147 1198 morum
2179 1143 2286 1197 sibi
2320 1141 2747 1197 resistentibus.
2785 1141 2984 1211 Itaque
3041 1141 3561 1217 quantulacunque

1916 1232 2027 1286 ﬁde
2046 1231 2235 1286 cordis
2258 1246 2459 1285 eorum
2483 1228 2734 1301 Spiritus
2756 1229 3560 1290 sanctusinvitatusministe-

1914 1322 1997 1376 rio
2020 1320 2136 1376 oris
2162 1322 2218 1375 et
2246 1335 2527 1374 manuum
2551 1334 2753 1373 eorum
2768 1316 3199 1375 sanctiﬁcandis
3222 1319 3293 1374 ad
3316 1336 3558 1379 suorum

1916 1410 2167 1467 salutem
2200 1407 2375 1463 rebus
2424 1406 2771 1471 infunditur,
2825 1405 2926 1461 sed
2979 1406 3223 1477 perﬁdia
3269 1407 3557 1466 scelerum

1914 1498 2172 1555 offensus
2194 1496 2265 1552 ad
2287 1493 2836 1551 condemnationem
2860 1492 3275 1550 sceleratorum
3289 1511 3560 1568 provoca-

1912 1586 2142 1651 tur.Qui
2174 1584 2452 1657 quoniam
2475 1582 2725 1639 ministri
2760 1584 2901 1637 sunt
2922 1585 2977 1637 et
2998 1580 3558 1651 scelerati,ministe-

1912 1677 2066 1733 rium
2097 1690 2299 1731 eorum
2332 1672 2598 1744 suscipit,
2622 1670 2841 1726 scelera
2871 1669 3117 1743 despicit
3145 1674 3204 1726 et
3232 1671 3439 1743 punit;
3480 1673 3559 1730 sit

1911 1764 2198 1823 ministris
2229 1778 2485 1834 praesens
2515 1764 2580 1815 ut
2610 1759 2685 1815 sit
2716 1758 3012 1815 sceleratis
3066 1759 3299 1816 absens.
3332 1760 3556 1826 Quibus

1912 1871 2052 1911 sane
2118 1851 2303 1924 aptari
2358 1852 2548 1922 potest
2604 1847 2891 1903 sententia
2949 1845 3051 1902 illa
3084 1848 3380 1920 prophetae
3438 1866 3557 1922 qua

1916 1942 2160 1999 Domino
2192 1939 2333 1994 dicit
2364 1957 2376 1993 :
2406 1961 2431 1986 ››
2462 1938 2645 2009 Prope
2677 1953 2737 1991 es
2771 1940 2832 1991 tu
2863 1935 2948 1991 ori
2978 1951 3203 2007 eorum,
3234 1940 3292 1992 et
3318 1936 3492 2010 longe
3521 1954 3556 1995 a

1916 2031 2152 2087 renibus
2184 2044 2385 2085 eorum
2418 2029 2545 2095 (Jer.
2578 2043 2678 2093 xu,
2728 2026 2803 2098 2).
2858 2047 2885 2075 ››
2936 2024 3239 2097 Siquidem
3297 2026 3553 2098 Spiritus

1916 2124 2154 2176 sanctus
2175 2118 2234 2173 in
2258 2116 2532 2172 cordibus
2554 2113 2759 2170 talium
2783 2113 3190 2170 ministrorum
3202 2113 3357 2182 ﬁdei,
3382 2115 3554 2186 cujus

1914 2213 2003 2263 est
2033 2203 2931 2278 auctor,peresidens,secundum
2954 2202 3137 2258 Deum
3159 2202 3421 2274 postulat
3451 2220 3555 2276 pro

1915 2297 2137 2353 sanctis
2152 2300 2205 2351 et
2222 2295 2495 2366 impetrat
2518 2291 2803 2363 quidquid
2828 2291 3154 2347 secundum
3176 2291 3363 2348 Deum
3383 2308 3558 2364 expe-

1916 2387 2000 2441 dit
2029 2386 2131 2440 eis.
2165 2384 2327 2447 Quod
2388 2398 2584 2437 revera
2648 2380 3016 2435 metonimz‘cos
3047 2379 3263 2435 dicitur
3319 2395 3489 2452 agere
3540 2396 3555 2435 :

1914 2476 2051 2548 quia
2082 2472 2373 2545 postulare
2396 2471 2533 2526 facit
2559 2474 2615 2524 et
2646 2469 3116 2540 impetrare,eum
3146 2467 3271 2540 ipse
3292 2484 3426 2523 cum
3449 2468 3555 2524 Pa-

1914 2569 1999 2620 tre
2029 2568 2084 2618 ct
2114 2562 2255 2617 Filio
2287 2559 2699 2631 postuletur,et
2727 2558 2904 2613 donet
2931 2556 3106 2612 etiam
3139 2572 3241 2629 per
3284 2556 3555 2613 ministe-

1912 2654 2065 2710 rium
2097 2649 2427 2707 criminosis
2453 2667 2464 2715 ;
2490 2648 2590 2704 sed
2624 2652 2819 2702 tamen
2852 2632 3155 2702 catholicis
3186 2662 3221 2701 a
3248 2644 3551 2709 catholicis

1912 2741 2350 2815 impositum,ut
2380 2736 2712 2793 necessitati
2743 2734 2831 2791 vel
2862 2734 3103 2791 utilitati
3130 2733 3551 2792 catholicorum

1914 2848 2017 2905 pro
2049 2836 2307 2901 tempore
2339 2831 2396 2882 et
2416 2826 2539 2882 loco
2572 2824 2934 2881 consulatur.
2958 2823 3113 2887 Quos
3136 2822 3417 2879 nimirum
3448 2824 3555 2880 mi-

1915 2916 2262 2985 nistros,etsi
2281 2914 2529 2988 plurima
2550 2912 2705 2969 mala
2736 2911 3324 2981 accusant,nonnulla
3354 2916 3553 2969 tamen

1912 3011 2064 3065 bona
2092 3008 2392 3073 excusant,
2436 3004 2580 3059 ﬁdes
2612 3002 2851 3071 scilicet,
2886 3019 3012 3074 quas
3042 3019 3145 3075 pro
3177 3002 3414 3058 modulo
3446 3019 3553 3059 suo

1910 3097 2034 3171 spei
2067 3099 2123 3152 et
2152 3093 2457 3151 charitatis
2488 3109 2668 3164 capax
2697 3095 2785 3147 est
2810 3109 2823 3159 ;
2856 3095 2982 3147 tum
3010 3092 3327 3147 necessitas
3359 3095 3418 3147 et
3447 3091 3557 3148 uti-

1913 3187 2068 3251 litas,
2129 3182 2353 3238 devotio
2383 3197 2616 3253 quoque
2648 3197 2751 3236 seu
2782 3180 2983 3252 petitio
3027 3178 3317 3247 Ecclesiae,
3347 3178 3558 3237 deinde

153 3267 652 3340 nuissc,quamvi8
679 3282 882 3322 eorum
916 3266 1252 3321 defensores
1282 3266 1657 3337 impudenter
1678 3283 1801 3338 ρει·-
1831 3250 1873 3319 (ἶ
1913 3274 2166 3347 gratuita
2182 3250 2470 3328 ordinatio
2493 3250 2699 3324 abillis
2721 3250 2821 3339 qui
2842 3268 3238 3341 gratuitoeam
3258 3284 3553 3341 accepere.

153 3359 399 3414 suadere
430 3357 693 3412 laborent
723 3356 1002 3411 honorem
1053 3356 1114 3409 in
1145 3354 1229 3410 eis
1260 3358 1560 3427 acceptum
1592 3354 1803 3426 perdu-

154 3448 424 3513 rare,nisi
460 3448 730 3501 Romanae
760 3450 817 3500 et
848 3444 1181 3517 apostolicae
1214 3444 1369 3499 sedis
1401 3443 1667 3511 antistes,
1702 3448 1803 3499 aut

155 3534 589 3607 metropolitani
619 3551 819 3590 eorum
870 3532 1384 3605 comprovinciales
1414 3531 1669 3603 episcopi
1703 3547 1801 3587 eos

149 3622 514 3697 synodaliter
541 3623 1138 3694 dejiciant.Quomodo
1160 3622 1316 3676 enim
1336 3621 1397 3675 in
1423 3620 1506 3675 eis
1530 3621 1803 3692 perdura-
1826 3652 1833 3655 -

153 3731 213 3769 re
236 3715 434 3786 potest
454 3711 608 3784 quod
632 3710 968 3767 nullatenus
1000 3715 1301 3783 acceptum
1350 3710 1483 3765 est?
1515 3710 1676 3775 Quod
1706 3725 1801 3765 ve-

153 3821 216 3860 ro
247 3803 620 3874 subjungunt
676 3801 785 3857 hoc
827 3802 1001 3858 etiam
1055 3802 1126 3856 de
1183 3800 1410 3856 cunctis
1460 3798 1803 3855 criminibus

153 3893 648 3949 considerandum
706 3896 819 3960 est,
877 3895 941 3945 ut
992 3891 1042 3947 si
1101 3890 1400 3961 presbyter
1450 3886 1803 3943 adulterium

154 3982 358 4038 fecerit
413 3981 757 4052 deponatur,
816 3978 1080 4035 noverint
1164 3978 1274 4033 hoc
1355 3976 1526 4048 longe
1584 3975 1805 4030 haben-

150 4072 293 4127 dum
328 4072 386 4126 et
409 4068 1002 4142 agendum.Denique
1022 4068 1083 4122 in
1107 4071 1337 4122 tantum
1359 4063 1614 4121 haeretici
1643 4063 1807 4119 diffe-

149 4164 290 4216 runt
320 4176 353 4215 a
384 4157 783 4226 catholicis,ut
813 4155 1249 4229 quantumlibet
1308 4154 1657 4210 criminosus
1718 4168 1808 4208 ca-

149 4249 408 4305 tholicus
429 4247 719 4318 acceptior
741 4246 817 4301 sit
836 4247 950 4302 Deo
972 4250 1029 4301 et
1054 4242 1413 4301 tolerabilior
1442 4240 1807 4325 hominibus,

155 4354 334 4416 quam
353 4335 789 4409 quantumlibet
793 4337 1015 4407 justus,
1039 4335 1087 4389 si
1103 4333 1217 4389 dici
1242 4336 1455 4404 potest,
1480 4329 1805 4387 haereticus.

153 4427 320 4483 Unde
340 4424 661 4482 catholicus
679 4423 855 4480 etiam
874 4424 1228 4479 criminosus
1259 4420 1544 4493 quidquid
1572 4418 1708 4474 boni
1732 4417 1812 4473 fa-

155 4516 236 4571 cit
260 4514 350 4570 vel
382 4514 578 4581 habet,
611 4512 814 4585 procul
845 4513 1022 4568 dubio
1055 4513 1278 4567 bonum
1310 4514 1399 4566 est
1421 4508 1629 4565 merito
1651 4505 1807 4573 ﬁdei,

1910 3363 2136 3430 Quibus
2168 3361 2217 3416 si
2250 3361 2412 3415 deest
2442 3359 2569 3413 vitae
2590 3356 2925 3411 innocentia
2954 3355 3281 3412 secundum
3312 3355 3554 3413 canoni-

1909 3468 2037 3508 cam
2069 3448 2464 3520 disciplinam,
2497 3446 2664 3500 adest
2692 3449 2889 3499 tamen
2920 3444 3273 3514 obedientia,
3303 3444 3390 3500 vel
3424 3444 3555 3502 sola

1909 3539 2198 3614 promotio
2220 3537 2292 3591 ad
2321 3533 2713 3590 ministerium
2731 3531 3190 3589 ecclesiasticum
3211 3532 3338 3587 sine
3355 3531 3556 3605 aliqua

1908 3627 2217 3685 venalitate
2247 3623 2569 3679 secundum
2596 3622 2796 3677 datam
2826 3621 2898 3676 ab
2930 3620 3056 3692 ipso
3104 3620 3351 3676 Domino
3405 3620 3553 3678 Jesu

1910 3717 2139 3775 Christo
2165 3712 2448 3787 regulam,
2480 3728 2596 3784 qua
2626 3710 2826 3782 utique
2848 3710 3118 3765 ﬁrmatur
3137 3725 3206 3765 ex
3225 3712 3387 3781 parte
3409 3726 3551 3784 una,

1911 3807 2086 3863 etiam
2112 3804 2162 3860 si
2192 3802 2526 3858 inﬁrmatur
2545 3817 2614 3855 ex
2641 3799 2841 3855 altera.
2867 3801 3001 3865 Qua:
3026 3798 3329 3855 Dominica
3354 3798 3561 3871 regula

1916 3897 1967 3951 si
1997 3890 2544 3964 abesset,nilgratiaa
2568 3887 3053 3962 quis,quamlibet
3074 3887 3219 3943 alias
3248 3887 3561 3959 innocens,

1914 3985 2052 4040 dare
2080 3985 2137 4038 et
2166 3980 2428 4053 accipere
2446 3976 2877 4053 posset.Liquet
2897 3992 3032 4049 ergo
3062 3976 3171 4032 hac
3200 3974 3323 4032 sola
3353 3975 3561 4049 regula

1917 4073 2095 4129 etiam
2126 4088 2333 4144 pravos
2365 4070 2436 4125 ad
2469 4067 2689 4140 aliquid
2722 4066 3065 4140 dirigi,dum
3088 4066 3141 4122 ei
3162 4062 3557 4123 consentiunt.

1916 4168 1975 4219 et
2007 4160 2250 4218 sineilla
2281 4160 2453 4215 etiam
2476 4175 2592 4214 non
2624 4173 2831 4231 parum
2852 4161 3039 4212 rectos
3062 4153 3384 4229 depravari,
3417 4154 3562 4211 dum

1919 4252 1990 4307 ab
2021 4267 2089 4306 ea
2115 4247 2487 4306 dissentiunt.
2540 4248 2901 4319 QuaprOpter
2957 4245 3017 4301 in
3068 4243 3357 4301 ministris
3386 4242 3562 4299 modo

1917 4356 2035 4412 quo
2065 4338 2288 4394 dictum
2313 4341 2402 4393 est
2430 4334 2731 4410 promotis,
2762 4333 2854 4390 vel
2883 4338 3014 4408 post
3043 4332 3471 4408 promotionem
3500 4330 3564 4390 in

1918 4428 2155 4500 aliquod
2185 4427 2406 4483 crimen
2459 4424 2642 4497 l‘apsis
2697 4426 2969 4496 acceptus
3017 4422 3205 4479 honor
3262 4422 3563 4494 perdurat,

1921 4516 2184 4592 quandiu
2214 4531 2415 4572 eorum
2447 4513 2647 4585 culpas
2676 4512 2935 4569 Ecclesia
2963 4515 3066 4567 aut
3092 4512 3324 4585 ignorat
3350 4513 3452 4566 aut
3476 4509 3566 4566 di-

155 4605 285 4660 sine
313 4620 430 4675 qua
460 4619 576 4658 non
609 4602 913 4658 est.Porro
937 4601 1242 4657 haereticus
1266 4598 1494 4656 etiamsi
1519 4596 1808 4686 habeatur
1838 4620 1882 4686 ο
1915 4606 2243 4673 είωυιειβι
2260 4607 2495 4676 propter
2515 4601 2826 4657 utilitatem
2840 4600 3228 4669 aliorumﬁub
3270 4599 3570 4671 spepmni-

147 4694 376 4764 justus,
405 4691 693 4764 quidquid
734 4690 870 4747 boni
920 4691 1107 4746 facere
1156 4688 1242 4743 vel
1277 4688 1488 4744 habere
1517 4684 1803 4750 videatur,

155 4780 362 4861 procul
395 4780 574 4835 dubio
610 4778 831 4834 malum
863 4784 951 4834 est
982 4779 1188 4834 merito
1222 4776 1475 4850 perﬁdia:
1509 4791 1647 4840 suae,
1674 4788 1807 4827 cum

157 4887 278 4942 qua
306 4869 593 4941 quidquid
626 4868 761 4924 facit
780 4871 1081 4939 peccatum
1104 4871 1214 4923 est.
1246 4866 1406 4932 Quod
1440 4861 1708 4935 superius
1729 4863 1814 4915 tot

157 4959 514 5014 testimoniis
536 4961 765 5012 constat
787 4960 1199 5019 monstratum,
1224 4958 1289 5009 ut
1310 4954 1404 5008 hic
1436 4969 1550 5008 non
1584 4950 1659 5006 sit
1681 4948 1815 5004 inde

157 5045 386 5102 diutius
411 5046 871 5102 dicendum.Aut
901 5045 1060 5100 enim
1090 5044 1507 5115 ignoratis,aut
1536 5038 1815 5095 dissimu-

154 5136 290 5192 latis
315 5151 419 5192 seu
451 5134 734 5208 neglectis
760 5134 1033 5189 humanae
1087 5131 1421 5203 fragilitatis
1469 5127 1815 5185 criminibus

154 5225 247 5282 vel
280 5225 534 5296 peccatis
553 5240 978 5294 nonnunquam
1002 5220 1308 5279 sacerdotii
1334 5218 1589 5291 dignitas
1611 5232 1814 5272 conce-

158 5315 320 5370 ditur
346 5314 634 5386 indignis,
668 5329 922 5384 quorum
956 5309 1320 5385 promotione
1349 5312 1451 5363 aut
1482 5304 1817 5363 necessitati

156 5403 247 5459 vel
283 5402 525 5458 utilitati
556 5401 960 5474 proximorum
991 5399 1051 5455 in
1103 5397 1392 5454 catholica
1423 5413 1525 5469 pro
1554 5400 1818 5468 tempore

158 5490 490 5550 consulitur
518 5490 609 5546 vel
629 5489 915 5547 voluntati
939 5486 1393 5546 obsecundatur.
1414 5485 1661 5549 Quibus,
1680 5482 1820 5555 quia

156 5578 296 5638 ﬁdei
325 5579 624 5637 catholica:
657 5577 1175 5647 sunt,credendum
1199 5575 1457 5644 est,dum
1480 5587 1821 5645 promoven-

157 5675 256 5729 tur
286 5687 320 5728 a
348 5666 677 5737 catholicis,
711 5666 961 5724 conferri
993 5663 1278 5740 Spiritum
1336 5666 1604 5721 sanctum
1647 5674 1818 5736 quem

490 5814 754 5877 ΡΑ-ηοι.
802 5810 1059 5876 CXLIII.

1920 4695 2144 4754 tudinis
2176 4692 2384 4748 talium
2414 4691 2639 4746 tolerat.
2698 4689 2926 4745 Talium
2957 4688 3241 4761 depositio
3298 4686 3567 4758 quandiu

1923 4788 1994 4843 ab
2016 4785 2134 4840 illis
2156 4777 2935 4853 quoruminterestqualihet
2955 4776 3257 4832 occasione
3278 4773 3565 4844 differtur,

1925 4872 2184 4930 ofﬁcium
2208 4885 2322 4939 quo
2340 4869 2464 4938 jam
2486 4865 2865 4938 indignisunt
2883 4863 3202 4935 adimplere
3222 4861 3572 4934 permittun-

1924 4969 2043 5027 tur,
2069 4963 2376 5028 totumque
2409 4954 2564 5025 quod
2597 4954 2667 5009 ab
2700 4953 2782 5009 eis
2812 4952 3046 5007 interim
3081 4952 3145 5006 ﬁt
3164 4967 3268 5022 pro
3299 4948 3570 5007 ministe-

1926 5053 2011 5108 rio
2042 5048 2205 5122 prius
2237 5043 2349 5100 sibi
2381 5041 2717 5109 commisso,
2749 5041 2837 5096 vel
2858 5043 3059 5113 postea
3088 5038 3396 5122 permisso,
3431 5055 3571 5095 san-

1926 5114 2088 5197 ctum
2142 5135 2409 5191 habetur.
2438 5131 2599 5193 Quod
2625 5129 2894 5201 quamvis
2913 5128 3058 5200 ipsis
3084 5128 3155 5184 ad
3179 5114 3574 5200 pmnam,aliis

1924 5234 2120 5286 tamen
2144 5222 2372 5298 proﬁcit
2393 5221 2464 5276 ad
2485 5216 2859 5274 vitam.Tales
2883 5233 3015 5273 vere
3039 5218 3414 5289 deponuntur
3434 5232 3573 5273 cum

1927 5319 2325 5391 deponuntur,
2349 5310 2487 5383 quia
2506 5308 2613 5365 etsi
2636 5323 2751 5362 non
2774 5305 3001 5373 merito,
3032 5306 3226 5363 ofﬁcio
3256 5311 3453 5364 tamen
3475 5321 3572 5361 ve-

1928 5425 2053 5465 ram
2079 5402 2503 5479 promotionem
2525 5396 2805 5453 habuisse
2825 5395 3301 5452 noscuntur.Nec
3332 5411 3467 5452 cum
3488 5392 3573 5450 eis

1932 5497 2307 5569 deponuntur
2338 5495 2437 5548 aut
2467 5490 2822 5546 damnantur
2850 5487 3140 5557 quotquot
3169 5484 3241 5540 ab
3299 5485 3385 5543 eis
3441 5485 3576 5540 ante

1931 5601 2101 5642 suam
2119 5582 2543 5657 depositionem
2564 5575 2837 5634 canonice
2857 5577 3401 5649 promoventur,aut
3419 5589 3576 5654 qua-

1934 5690 2047 5753 que
2073 5673 2145 5732 ab
2178 5672 2264 5733 eis
2295 5669 2572 5731 eatholice
2602 5666 3108 5727 administrantur.

3179 5790 3264 5871 38
