3970 6218
360 288 513 347 “95

914 416 1150 472 CAPUT
1191 416 1434 473 XXXIII.

358 509 442 560 De
470 504 938 577 qualibuscuon
962 508 1222 577 promotis
1272 525 1305 561 a
1348 508 1701 573 Simoniam's,
1733 515 1785 561 ct
1814 508 2001 578 repul-

692 579 844 632 sione
872 578 1184 648 objectz'om's
1212 578 1674 633 adversariorum.

431 681 545 736 Sed
575 699 691 738 non
724 682 808 738 sic
855 683 1021 755 impii
1069 682 1410 749 Simoniani,
1444 700 1559 739 non
1615 682 1719 749 sic,
1751 700 2002 754 quorum

360 770 648 843 depositio
681 789 796 827 non
823 776 913 827 est
941 772 1124 827 habiti
1146 772 1382 827 honoris
1413 772 1786 842 privatio,sed
1820 772 2006 829 simu-

362 858 492 914 late
516 859 606 915 vel
636 862 933 917 estimate
957 860 1337 933 promotionis
1358 859 1601 915 detectio
1630 860 1717 915 vel
1749 861 2009 917 confuta-

361 948 465 1004 tio.
502 948 660 1013 Quos
690 966 822 1005 cum
854 951 1040 1004 multa
1070 950 1189 1005 sint
1217 966 1341 1020 que
1375 948 1840 1019 accusent,nulla
1868 956 2008 1006 sunt

364 1052 492 1108 que
523 1043 820 1094 excusent.
854 1042 1053 1109 Neque
1081 1038 1235 1092 enim
1284 1036 1343 1090 in
1388 1053 1611 1105 eorum,
1648 1042 1714 1092 ut
1744 1042 2005 1110 putatur,

365 1125 731 1183 ordinatione
754 1126 1084 1182 necessitati
1106 1130 1207 1180 aut
1235 1123 1468 1179 utilitati
1502 1125 1763 1182 Ecclesie
1796 1145 2005 1183 consu-

364 1212 527 1285 litur,
564 1232 667 1271 nec
696 1215 982 1271 devotioni
1015 1218 1115 1268 aut
1146 1212 1410 1283 petitioni
1458 1215 1871 1284 acquiescitur,
1905 1217 2004 1271 sed

365 1302 474 1357 soli
506 1304 757 1357 avaritie
818 1303 1089 1373 utrinque
1138 1302 1489 1372 providetur.
1524 1302 1637 1358 Nec
1688 1305 2009 1359 attenditur

366 1391 510 1444 ﬁdes
541 1392 827 1446 catholica
857 1395 960 1444 aut
990 1390 1253 1445 doctrina
1282 1391 1733 1462 apostolica,sed
1768 1393 2010 1463 perfidia

364 1478 633 1530 heretica
667 1484 723 1531 et
753 1477 991 1531 ambitio
1020 1477 1370 1541 Simoniana,
1406 1497 1507 1533 nec
1538 1480 1734 1550 aliqua
1762 1481 1888 1535 vite
1922 1482 2007 1536 in-

362 1565 650 1631 nocentia,
685 1567 784 1619 sed
817 1565 940 1619 sola
988 1566 1254 1636 pecunia.
1292 1567 1451 1621 Unde
1500 1569 1671 1623 etiam
1706 1572 1861 1640 quod
1895 1588 2009 1626 non

365 1652 476 1706 nisi
510 1653 692 1722 gratis
724 1653 849 1707 dari
881 1658 938 1708 et
984 1654 1165 1726 accipi
1216 1660 1425 1727 potest,
1457 1659 1706 1713 vendere
1736 1663 1791 1714 et
1820 1675 2012 1715 emere

364 1741 735 1841 stude.nt.Cui
765 1758 901 1814 ergo
926 1743 983 1797 in
1022 1744 1240 1799 talibus
1262 1746 1728 1802 ordinationibus
1761 1748 2012 1804 consuli-
2043 1786 2090 1850 B

364 1830 599 1896 tur,nisi
631 1832 883 1886 avaritia:
914 1834 1164 1887 duorum
1186 1835 1414 1906 ?Neque
1443 1836 1598 1891 enim
1631 1838 1790 1909 prior
1811 1855 2012 1893 eorum

367 1919 532 1991 prius
562 1924 664 1975 aut
686 1937 788 1991 pro
813 1926 925 1977 Deo
948 1928 1048 1977 aut
1070 1940 1172 1995 pro
1195 1924 1457 1996 proximo
1482 1943 1721 1981 manum
1743 1927 2015 1983 admovet

370 2012 471 2065 aut
488 2026 551 2064 os
583 2009 787 2079 aperit,
823 2027 1000 2081 quam
1034 2011 1177 2067 alter
1207 2030 1449 2069 manum
1482 2016 1780 2088 marsupio
1811 2017 2012 2071 admo-

367 2098 513 2153 verit
541 2102 641 2153 aut
697 2116 762 2153 os
819 2101 1196 2171 promissioni
1246 2104 1555 2174 aperuerit.
1591 2105 1658 2157 Et
1689 2121 1804 2175 qua
1829 2105 2015 2159 fronte

370 2187 655 2242 astruitur
685 2190 1117 2258 quantumlibet
1155 2192 1353 2260 justos
1407 2192 1673 2247 homines
1712 2193 1798 2247 vel
1830 2193 2015 2264 gratis

370 2293 541 2349 posse
571 2277 832 2347 accipere
861 2277 1082 2348 aliquid
1116 2280 1314 2349 gratim
1351 2298 1384 2333 a
1414 2281 1649 2347 talibus,
1684 2282 1900 2351 quibus
1934 2282 2012 2335 nil

370 2366 504 2421 ﬁdei
555 2365 915 2431 Christiane,
967 2367 1065 2421 sed
1130 2372 1314 2421 totum
1372 2370 1627 2439 perfidiae
1686 2371 2014 2425 demonice

371 2457 747 2527 cooperatum
779 2454 959 2510 fuisse
990 2459 1091 2509 aut
1121 2457 1417 2526 cooperari
1466 2458 1879 2529 dignoscitur?
1906 2460 2012 2522 Qui

369 2544 477 2599 etsi
508 2544 816 2599 videantur
846 2544 1139 2598 interdum
1186 2542 1414 2615 aliquos
1445 2546 1627 2617 gratis
1658 2563 2012 2618 promovere,

369 2637 599 2690 constat
628 2649 726 2688 cos
759 2649 872 2687 non
894 2631 1075 2703 gratis
1098 2631 1156 2686 id
1189 2649 1384 2703 agere;
1412 2635 1511 2689 sed
1535 2639 1635 2689 aut
1666 2636 2015 2707 obsequium

371 2739 597 2789 eorum,
630 2726 731 2777 aut
781 2720 1031 2777 aliorum
1091 2723 1342 2778 favorem
1403 2723 1757 2779 seculariter
1788 2729 2015 2781 tantum

372 2812 685 2883 requirere.
731 2811 864 2873 Quae
896 2812 1011 2865 duo
1044 2811 1091 2865 si
1125 2812 1316 2883 palam
1349 2812 1586 2879 absunt,
1619 2813 1790 2867 datur
1819 2818 2017 2869 tamen

374 2900 583 2971 conjici
611 2916 710 2954 eos
742 2900 799 2955 in
832 2900 1105 2972 gratuita,
1138 2904 1202 2955 ut
1230 2905 1491 2972 putatur,
1524 2903 1886 2973 promotione
1915 2921 2019 2959 no-

376 2990 586 3046 bilium
618 2992 719 3043 aut
736 2988 1139 3061 religiosarum
1163 2992 1683 3061 personarum,sibi
1708 2992 1885 3047 etiam
1916 3011 2017 3049 au-

376 3078 578 3151 cupari
609 3077 863 3134 favorem
896 3096 999 3134 seu
1031 3080 1435 3135 auctoritatem
1466 3086 1769 3147 eorum,ut
1788 3084 1915 3154 jam
1947 3085 2019 3139 ah

1450 287 1861 349 HUMBERTI
1906 288 1969 348 S.
2016 287 2087 347 Β.
2135 286 2206 348 Ε.
2251 287 2744 352 CARDINALIS‘.

2032 420 2088 485 Α
2117 434 2231 489 que
2260 420 2415 490 quod
2444 424 2576 476 ante
2608 420 2842 477 illorum
2863 421 3283 494 depositionem
3314 422 3566 494 promoti
3584 423 3657 477 ab
3675 423 3766 479 eis

3603 289 3767 355 1196

2114 524 2231 563 non
2264 514 2504 580 pereant
2535 527 2637 581 pro
2668 510 3170 575 eis.Quamobrem
3200 515 3425 568 constat
3456 512 3769 584 premissa

2115 599 2620 669 argumentatione
2643 599 2724 655 nil
2763 600 3120 657 defensionis
3144 600 3444 673 provisum
3467 600 3771 673 acephalis

2115 700 2220 740 nec
2242 703 2444 742 eorum
2476 687 2635 756 filiis,
2668 688 2809 760 quia
2837 693 3032 762 caput,
3060 690 3120 745 id
3165 693 3257 746 est
3291 689 3550 746 officium
3580 688 3770 746 eccle-

2116 774 2423 831 siasticum
2456 792 2561 833 nec
2610 777 2830 834 habent
2876 795 2982 835 nec
3027 778 3360 836 habuerunt
3407 794 3522 850 quo
3547 776 3769 851 privari

2117 864 2367 935 possint.
2398 866 2708 938 Superﬂua
2745 867 2904 923 enim
2935 867 3026 924 lex
3052 884 3182 924 esse
3238 866 3621 937 convincitur,
3649 883 3773 940 qua

2117 951 2249 1023 quis
2281 952 2497 1023 privari
2526 970 2592 1009 eo
2624 955 2779 1025 quod
2813 972 2930 1011 non
2968 956 3146 1012 habet
3193 956 3471 1013 sancitur.
3507 954 3647 1012 Tale
3675 957 3771 1011 est

2116 1040 2273 1095 enim
2306 1057 2372 1096 ac
2402 1041 2450 1096 si
2483 1042 2743 1097 dicatur:
2777 1044 2836 1098 Si
2862 1045 2997 1116 quis
3018 1044 3340 1101 decollatus
3365 1044 3476 1100 hoc
3494 1043 3584 1102 vel
3616 1042 3764 1099 illud

2116 1128 2334 1198 fecerit,
2386 1131 2576 1200 capite
2630 1130 2907 1201 privetur.
2950 1132 3241 1189 Nimirum
3299 1132 3622 1189 decollatus
3677 1135 3771 1188 est

2116 1216 2311 1271 omnis
2371 1216 2697 1285 hereticus,
2744 1218 2951 1274 heresi
3010 1237 3119 1275 sua
3174 1239 3209 1276 a
3262 1222 3450 1293 capite
3498 1219 3772 1277 Ecclesia

2117 1302 2344 1358 Christo
2362 1304 2690 1372 abscissus;
2715 1310 2771 1359 et
2792 1310 3082 1377 quotquot
3111 1307 3387 1379 deinceps
3411 1309 3483 1363 ab
3513 1308 3598 1364 eis
3629 1323 3779 1381 pro-

2118 1391 2333 1446 moveri
2360 1392 2821 1448 videntur.Unde
2841 1398 2898 1449 et
2927 1395 3140 1449 mortui
3173 1412 3207 1449 a
3240 1395 3490 1450 mortuis
3513 1412 3781 1451 nascun-

2119 1484 2305 1546 tur,ae
2338 1497 2439 1552 per
2456 1481 2565 1535 hoc
2596 1482 2675 1536 nil
2711 1482 2821 1537 nisi
2842 1483 3217 1537 morticinum
3242 1483 3312 1537 ab
3337 1482 3420 1536 eis
3452 1482 3784 1552 quisquam

2120 1571 2517 1641 consequitur,
2545 1571 2761 1641 quibus
2807 1571 2948 1643 quid
2980 1572 3278 1627 auferatur
3304 1571 3362 1626 in
3395 1587 3503 1627 sua
3531 1570 3786 1641 deposi-

2118 1658 2297 1723 tione,
2327 1662 2837 1730 premonstratum
2864 1663 2952 1714 est
2982 1661 3232 1715 abunde.

2692 1766 2918 1820 CAPUT
2964 1765 3199 1820 XXXIV.

2122 1857 2453 1925 Argumenta
2483 1870 2552 1909 ea:
2583 1855 2875 1909 mundanis
2923 1855 3128 1924 legibus
3167 1857 3355 1909 contra
3398 1856 3782 1925 promovente:

2562 1927 2645 1981 vel
2669 1929 2940 1997 promotos
2967 1927 3325 1980 Simoniacos.

2198 2017 2396 2085 Itaque
2448 2032 2552 2070 suo
2611 2015 2871 2085 ipsorum
2926 2013 3151 2085 judicio
3203 2017 3434 2069 constat
3483 2011 3779 2067 actionem

2125 2103 2333 2158 horum
2366 2104 2737 2158 defensorum
2771 2102 3362 2173 infirmatam.Neque
3392 2088 3547 2155 enim
3581 2099 3783 2171 agitur

2123 2208 2255 2245 cum
2285 2190 2383 2245 illo
2416 2206 2590 2261 quem
2642 2190 3071 2245 defendendum
3123 2188 3399 2260 suscepit,
3433 2189 3532 2243 sed
3573 2191 3783 2243 contra

2122 2279 2309 2333 illum.
2343 2280 2488 2333 Nam
2519 2279 2660 2333 dum
2693 2278 2957 2333 laborant
2987 2279 3232 2350 probare
3256 2277 3563 2349 acephalos
3596 2280 3780 2346 caput

2124 2368 2234 2422 sibi
2272 2368 2482 2424 habere
2514 2371 2687 2439 atque
2715 2375 3074 2438 gestare,seu
3090 2369 3224 2438 jure
3254 2366 3567 2422 decollatos
3599 2382 3783 2438 gene-

2125 2473 2251 2513 rare
2284 2472 2472 2527 posse,
2520 2456 2879 2528 superfluam
2933 2456 3499 2529 argumentationem
3549 2471 3618 2509 ex
3646 2469 3783 2509 ace-

2125 2544 2336 2616 phalis,
2369 2544 2524 2615 quod
2557 2548 2732 2616 caput
2762 2549 2996 2616 portent
3041 2548 3098 2600 et
3146 2548 3423 2616 generent
3452 2548 3781 2615 antequam

2125 2632 3045 2705 decollentur,concepcre,etpost
3067 2632 3300 2705 longam
3326 2631 3782 2704 parturitionem

2126 2722 2477 2777 abortientes
2498 2724 2569 2777 de
2588 2740 2702 2778 sue
2746 2722 3073 2793 iniquitatis
3107 2721 3276 2777 vulva
3289 2720 3779 2793 projecere.Unde

2127 2811 2363 2882 explosa
2392 2811 2517 2877 hac,
2552 2816 2617 2866 ut
2645 2827 2776 2866 vere
2806 2810 3030 2880 frivola,
3064 2829 3097 2865 a
3147 2810 3475 2881 conjunctis
3502 2826 3694 2865 cause
3716 2813 3777 2865 et

2128 2898 2534 2954 consimilibus
2565 2904 2876 2954 sumantur
2905 2900 3426 2971 argumenta.Ager
3444 2903 3535 2954 est
3560 2898 3777 2970 aliquis

2129 2986 2447 3059 qui,judice
2469 2988 3068 3059 corruptoapecunia,
3091 2987 3451 3044 favoreillius
3483 2991 3539 3042 et
3567 2986 3776 3058 iniqua

2131 3076 2420 3132 sententia
2471 3076 2693 3132 obtinet
2724 3076 2913 3132 aliena
2970 3077 3203 3148 predia.
3240 3076 3406 3132 Hunc
3463 3076 3512 3132 si
3569 3079 3776 3148 postea

379 3150 471 3224 eis
495 3168 746 3240 promoti
794 3168 913 3222 sint
968 3186 1087 3222 sue
1144 3169 1527 3239 promotionis
1586 3150 1930 3241 securiores;
1963 3179 2019 3230 et
2049 3150 2091 3216 C
2122 3166 2324 3236 justus
2348 3166 2529 3236 judcx
2557 3167 2846 3221 detectum
2878 3165 3014 3221 inde
3035 3165 3312 3236 ejiciat,et
3334 3164 3511 3237 priori
3533 3165 3775 3221 domino

379 3257 757 3329 promovendi
789 3257 861 3312 ad
892 3257 1205 3311 emendum
1237 3257 1623 3329 promptiores
1670 3260 1899 3333 ipsique
1947 3265 2017 3319 ad

375 3346 747 3402 vendendum
778 3346 1139 3401 audaciores.
1173 3346 1266 3401 Sic
1297 3350 1399 3401 aut
1435 3363 1691 3417 presens
1722 3350 2017 3419 negotium

376 3434 449 3489 ab
480 3432 598 3489 illis
627 3438 945 3500 exercetur,
978 3438 1081 3490 aut
1110 3452 1176 3490 ex
1208 3436 1477 3506 praesenti
1500 3437 1859 3507 preteritum
1888 3456 2019 3496 con-

372 3524 664 3589 ﬁrmatur,
696 3527 796 3577 aut
850 3529 1003 3578 certe
1047 3524 1313 3579 futurum
1360 3524 1655 3579 invitatur.
1703 3528 1743 3580 A
1800 3528 2016 3598 quibus

372 3612 648 3669 omnibus
680 3629 990 3668 munerum
1024 3612 1326 3684 speciebus
1356 3613 1489 3668 licet
1512 3614 1867 3670 excutiende
1897 3617 2016 3672 sint

369 3718 584 3757 manus
616 3702 1179 3770 ecclesiasticorum;
1212 3706 1410 3758 tamen
1441 3708 1574 3758 ante
1622 3705 1820 3759 omnia
1850 3722 1884 3760 a
1913 3722 2012 3778 pe-

367 3790 697 3863 cunia,que
731 3791 1078 3846 nominatim
1106 3791 1179 3846 ab
1206 3791 1467 3862 apostolo
1494 3796 1661 3847 Petro
1684 3795 2009 3865 reprobata,

365 3883 424 3935 et
452 3878 580 3952 ipso
608 3881 842 3936 Simone
872 3881 1039 3953 Mago
1087 3881 1199 3935 fuit
1246 3881 1541 3936 damnata.
1575 3882 1856 3939 Preterea
1893 3902 2010 3939 non

364 3972 605 4041 putatur
630 3970 953 4026 absurdum
987 3970 1117 4025 istic
1148 3986 1377 4041 quoque
1434 3970 1729 4025 obviatum
1774 3972 1857 4028 ire
1911 3972 2008 4029 alii

364 4056 856 4131 a'rgumentationi
886 4058 1378 4129 vaniloquiorum.
1409 4058 1588 4113 Aiunt
1615 4060 1771 4115 enim
1800 4077 1813 4115 :

434 4148 723 4203 OBJECTIO.
752 4147 864 4202 Lex
894 4146 1315 4218 imperatorum
1347 4147 1534 4201 sancit
1566 4152 1630 4202 ut
1660 4149 1708 4203 si
1742 4149 1875 4220 quis
1897 4150 2006 4206 hoc

359 4235 449 4292 vel
508 4235 651 4290 illud
710 4235 930 4299 fecerit,
958 4236 1144 4305 capite
1200 4235 1504 4306 plectatur.
1559 4237 1757 4292 Evenit
1808 4243 2000 4295 autem

360 4329 429 4380 ut
461 4324 672 4396 aliquis
689 4323 985 4379 secularis
1007 4325 1227 4378 crimen
1248 4323 1394 4378 illud
1407 4324 1865 4399 committat,pro
1888 4345 2004 4399 quo

360 4413 487 4487 lege
520 4413 659 4468 data
686 4413 873 4484 capite
904 4412 1075 4484 plecti
1134 4413 1360 4468 debeat.
1395 4414 1555 4478 Quod
1614 4414 1797 4470 donec
1818 4418 2003 4487 judex

2127 3254 2215 3309 vel
2247 3257 2375 3325 ejus
2404 3254 2887 3322 heredibus,sua,
2922 3259 2988 3309 ut
3008 3255 3241 3324 justum
3272 3255 3775 3322 est,cedant,nun-

2128 3344 2265 3415 quid
2300 3348 2505 3410 sortes,
2556 3342 2853 3414 aliquibus
2896 3344 3142 3398 donatas
3201 3347 3303 3398 aut
3342 3343 3627 3410 venditas,
3666 3358 3774 3399 seu

2125 3431 2330 3487 titulos
2360 3431 2447 3487 vel
2482 3431 2809 3486 ministeria
2855 3437 2913 3487 et
2962 3432 3102 3502 jura
3143 3431 3215 3487 ah
3250 3431 3519 3486 invasore
3546 3430 3772 3487 ibidem

2124 3521 2383 3594 prestita
2402 3520 2702 3593 legitimus
2728 3537 3033 3593 possessor
3045 3523 3558 3587 conservat,etnon
3575 3520 3771 3591 potius

2123 3610 2489 3681 sibisuisque
2501 3610 2813 3665 consulens
2833 3626 2901 3665 ea
2918 3610 3052 3665 inde
3084 3609 3476 3665 exterminat?
3496 3608 3771 3681 Alioquin

2122 3701 2170 3755 si
2210 3700 2330 3755 hec
2359 3700 2431 3755 oh
2464 3700 2845 3754 reterentiam
2886 3699 2975 3754 vel
3017 3699 3268 3771 gratiam
3298 3697 3584 3754 invasoris
3614 3705 3770 3769 pre-

2119 3788 2584 3860 termittit,quasi
2610 3787 2706 3843 ille
2723 3788 2879 3858 juste
2904 3788 3122 3861 ibidem
3144 3788 3366 3860 aliquid
3390 3788 3769 3859 disposuerit,

2120 3896 2227 3934 sua
2252 3877 2596 3951 ignaviajus
2619 3894 2790 3933 suum
2815 3878 2928 3933 sibi
2949 3877 3210 3932 infirmat
3238 3881 3294 3933 et
3334 3876 3565 3943 alienat,
3591 3879 3771 3949 atque

2119 3967 2446 4022 adversario
2476 3984 2583 4022 suo
2616 3967 2927 4021 confirmat
2975 3970 3031 4021 et
3068 3969 3316 4021 revocat.
3353 3965 3469 4020 Hoc
3501 3980 3641 4020 sane
3673 3981 3771 4019 ar-

2116 4060 2394 4129 gumento
2425 4056 2661 4126 injuste
2693 4053 3404 4127 acquisitionisjusteque
3426 4052 3769 4110 amissionis

2116 4160 2217 4199 seu
2233 4145 2406 4215 juste
2429 4143 2889 4216 recuperationis
2913 4145 3100 4213 potest
3134 4139 3326 4194 doceri
3345 4138 3484 4209 quid
3516 4155 3549 4192 a
3576 4138 3766 4193 Simo-

2114 4233 2306 4289 nianis
2335 4233 2640 4298 vendatur,
2665 4232 2805 4303 quid
2834 4233 3081 4291 ematur,
3114 4226 3254 4296 quid
3286 4224 3468 4298 gratis
3498 4223 3619 4280 sive
3645 4240 3765 4281 non

2112 4322 2296 4394 gratis
2327 4322 2399 4377 ab
2432 4313 2552 4375 illis
2586 4318 2875 4391 promotis
2906 4314 3256 4381 conferatur,
3294 4311 3434 4383 quid
3482 4311 3542 4367 in
3573 4311 3771 4371 aliena

2112 4411 2481 4483 possessione
2507 4408 2597 4465 vel
2626 4407 2738 4463 sibi
2768 4404 2855 4461 vel
2887 4403 3016 4459 aliis
3036 4400 3296 4473 proﬁcue
3325 4400 3674 4475 disponatur
3706 4408 3767 4461 et

358 4504 529 4575 cujus
553 4502 793 4557 interest
818 4504 1092 4573 perficere
1130 4503 1450 4569 differt,aut
1470 4503 1870 4562 misericordia
1899 4513 2002 4565 aut
2032 4521 2077 4586 υ
2111 4505 2335 4572 agatur.
2366 4497 2689 4569 Siquidem.
2708 4492 2974 4586 (Illi-lqu
3020 4490 3265 4586 invasor‘
3284 4491 3646 4586 proﬁteatur,
3681 4497 3768 4549 8t-

356 4591 1005 4665 negligentia,nunquid
1030 4592 1262 4647 interim
1278 4609 1391 4646 non
1415 4592 1856 4667 vivit‘?Nunquid
1881 4614 1995 4654 non

355 4688 550 4755 caput,
584 4683 736 4755 quod
760 4683 922 4754 juste
953 4683 1123 4737 debet
1152 4681 1434 4750 amittere,
1461 4687 1696 4753 portat?
1728 4689 1993 4758 nunquid

350 4773 665 4842 tandem,si
699 4776 898 4845 postea
926 4772 1194 4844 genuerit
1217 4771 1424 4840 filium,
1446 4771 1599 4827 ﬁlius
1619 4790 1722 4845 pro
1755 4779 1994 4846 paterno

350 4862 594 4920 crimine
625 4862 931 4934 sanguinis
962 4879 1093 4917 reus
1124 4861 1276 4916 erit?
1305 4862 1427 4916 Non
1479 4861 1669 4934 plane.
1707 4866 1989 4930 Quoniam

347 4952 447 5009 ille
476 4954 574 5026 qui
609 4954 828 5009 crimen
878 4953 1191 5023 commisit,
1225 4952 1388 5009 solus
1442 4952 1714 5025 supplicii
1758 4958 1989 5009 senten-

346 5044 492 5100 tiam
525 5046 857 5101 sustinebit.

415 5136 723 5193 Rapunsm.
746 5138 878 5203 Quae
898 5153 1036 5192 sane
1054 5135 1477 5209 argumentatio
1498 5152 1600 5208 pro
1619 5137 1787 5194 nobis
1803 5138 1988 5193 facere

344 5226 901 5297 comprobatur,non
934 5230 1136 5281 contra
1162 5242 1266 5281 nos
1292 5242 1394 5297 pro
1417 5225 1676 5297 cephalis
1698 5226 1984 5293 videlicet,

342 5313 455 5369 hoc
486 5318 575 5369 est
604 5315 894 5386 capitatis,
928 5331 1042 5370 non
1093 5318 1289 5369 autem
1341 5330 1444 5386 pro
1498 5314 1809 5386 acephalis.
1843 5317 1988 5382 Quia

338 5419 474 5459 vero
504 5404 686 5476 gratis
717 5422 750 5459 a
780 5403 1079 5461 catholicis
1110 5403 1380 5474 promoti,
1401 5402 1533 5458 licet
1563 5407 1696 5459 ante
1727 5408 1828 5460 aut
1856 5410 1987 5477 post

339 5492 767 5563 promotionem
800 5510 969 5549 suam
1000 5494 1369 5549 inveniantur
1389 5492 1825 5562 criminosi,non
1859 5496 1986 5553 sine

339 5580 528 5651 capite
548 5581 687 5653 sint,
718 5581 891 5655 paulo
922 5583 1195 5659 superius
1224 5583 1551 5642 ostenditur
1580 5583 1742 5658 satis,
1776 5585 1983 5645 simul-

2105 4590 2356 4642 testante
2385 4584 2497 4640 sibi
2526 4582 2727 4652 iniquo
2764 4578 2983 4651 judice,
3018 4594 3079 4633 se
3120 4578 3423 4647 justitiam
3469 4596 3638 4635 suam
3666 4575 3778 4635 ac!

2105 4675 2345 4746 cepisse,
2379 4671 2672 4738 habuisse,
2705 4673 2763 4725 et
2788 4667 2923 4724 aliis
2974 4670 3225 4726 donasse
3263 4673 3364 4726 aut
3404 4669 3762 4737 vendidisse,

2102 4762 2190 4818 vel
2221 4766 2420 4835 postea
2447 4759 2560 4816 sibi
2590 4757 2846 4814 ablatam
2878 4758 3133 4828 injuste;
3166 4763 3363 4815 tamen
3396 4761 3621 4813 constat
3654 4772 3761 4812 nec

2102 4869 2256 4919 eum,
2292 4868 2395 4907 nec
2424 4847 2719 4921 quoslibet
2748 4864 2852 4920 per
2866 4865 3000 4904 eum
3031 4849 3347 4921 aliquando
3369 4845 3584 4917 aliquid
3612 4861 3760 4915 pre-

2098 4945 2186 4997 ter
2215 4940 2401 4996 solam
2431 4937 2785 5009 injustitiam
2816 4942 2873 4994 et
2918 4938 3332 4994 detrimentum
3353 4949 3525 4990 suum
3564 4932 3620 4986 in
3648 4931 3760 5004 hu-

2090 5029 2352 5102 jusmodi
2385 5028 2583 5084 fundis
2598 5028 2943 5101 acquisisse.
2975 5031 3021 5085 A
3074 5028 3287 5100 quibus
3318 5024 3459 5079 dum
3483 5038 3653 5094 piena
3678 5020 3759 5076 le-

2094 5137 2233 5194 gum
2265 5123 2323 5175 et
2342 5117 2728 5191 multiplicata
2748 5119 3111 5175 restitutione
3142 5115 3632 5190 presumptarum
3673 5126 3758 5166 re-

2096 5228 2226 5265 rum
2253 5209 2506 5278 multati,
2537 5209 2752 5281 pariter
2799 5215 2919 5265 tam
2969 5208 3215 5264 factores
3263 5219 3442 5277 quam
3498 5202 3757 5287 fautores

2092 5301 2547 5372 ejiciuntur,non
2565 5298 2802 5370 justitia
2833 5314 3009 5371 quam
3060 5295 3289 5352 nullam
3320 5294 3379 5349 in
3418 5292 3503 5348 eis
3534 5288 3760 5345 habue-

2091 5390 2357 5457 runt,sed
2385 5389 2509 5446 sola
2547 5387 2841 5459 injustitia
2889 5401 3069 5457 quam
3119 5384 3514 5447 incurrerunt,
3548 5377 3751 5450 privan

2093 5480 2474 5553 tur.Denique
2493 5478 2676 5551 judex
2721 5475 2965 5534 crimine
2993 5474 3241 5549 perjurii
3285 5477 3342 5529 et
3374 5468 3649 5527 falsitatis
3690 5482 3761 5539 pe

2090 5568 2488 5642 penitentiam
2541 5566 2846 5645 cauendus
2929 5563 3207 5640 dejicitur
3280 5563 3579 5624 invasuros
3634 5572 3764 5615 ver-
