3970 6218
164 411 317 481 1201

748 408 1171 479 ADVERSUS
1218 406 1689 477 SIMONIACOS
1734 403 1942 491 LIBRI
1986 406 2210 471 TRES.
2243 440 2321 453 -—
2350 406 2582 471 LIBER
2624 398 2986 469 TERTIUS.

3417 393 3575 465 1202

166 550 286 609 sive
316 546 595 615 innoxiis,
614 560 720 603 nec
733 545 1172 602 necessitasnec
1196 544 1421 601 devotio
1441 543 1813 618 populorum,
1843 537 1899 606 Α
1929 540 2039 597 nisi
2067 546 2131 597 ut
2156 541 2497 598 hominibus
2520 542 2889 597 innotescant
2919 542 2976 595 et
3023 535 3308 611 placeant,
3328 551 3397 594 ex
3426 553 3573 611 prae-

166 640 269 698 sed
284 637 410 696 sola
439 636 691 711 pecunia
711 634 1309 705 commendat.Neque
1322 634 1477 689 enim
1510 633 1696 688 solent
1718 634 1821 688 aut

162 745 296 786 vere
326 731 576 800 possunt
606 744 640 782 a
670 741 733 781 se
764 722 1177 798 promovendis
1209 722 1434 778 dicere:
1483 723 1707 777 Accede
1757 724 1823 776 ut

164 817 585 892 promovearis,
617 815 759 887 quia
807 812 1178 869 necessarius
1204 812 1294 866 vel
1344 810 1727 883 complacitus
1758 827 1819 866 es

166 905 437 964 Ecclesiae
465 905 596 974 ;sed
613 903 756 975 quia
786 900 1001 957 dedisti
1027 904 1129 956 aut
1145 899 1393 956 daturus
1416 918 1476 955 es
1500 899 1667 955 nobis
1690 898 1820 954 soli—

171 997 276 1053 dos
302 999 540 1051 centum
569 992 658 1050 vel
689 989 998 1064 quotlibet.
1024 988 1299 1061 Nunquid
1332 988 1522 1044 adhuc
1554 988 1818 1043 auditum

168 1088 256 1141 est
278 1083 499 1139 dictum
532 1098 567 1137 a
595 1076 1033 1152 quantumlibet
1063 1074 1365 1132 sceleratis
1379 1074 1681 1131 catholicis
1700 1074 1820 1129 cui-

166 1172 309 1229 libet
351 1169 782 1244 promovendo:
834 1166 1054 1221 Accede
1104 1169 1169 1219 ut
1216 1164 1633 1235 promovearis,
1684 1163 1822 1234 quia

171 1259 545 1325 adulterium,
580 1254 906 1329 perjurium
939 1256 995 1307 et
1024 1252 1119 1307 his
1154 1251 1371 1307 similia
1394 1251 1579 1307 fecisti
1602 1251 1814 1305 ‘?Absit!

171 1348 279 1405 Sed
311 1347 449 1419 quid
469 1346 496 1400 ’ἲ
529 1342 908 1401 Necessarius
930 1359 991 1396 es
1017 1340 1819 1413 ministerio,etcomplacitus

174 1437 580 1494 Ecclesiaaﬁec
613 1431 1043 1506 promovendus
1069 1431 1243 1485 dicit:
1285 1431 1367 1485 Da
1398 1431 1541 1485 mihi
1572 1431 1817 1501 gradum

174 1524 653 1590 ecclesiasticum,
687 1521 828 1593 quia
861 1519 1175 1574 fornicator
1192 1524 1289 1574 aut
1325 1518 1640 1589 sacrilegus
1664 1536 1818 1583 sum,

177 1615 275 1672 sed
289 1613 564 1685 quiavolo
577 1627 774 1666 meum
790 1608 1052 1665 Ecclesia:
1067 1609 1166 1664 Dei
1182 1608 1432 1680 praebere
1447 1609 1623 1679 ebscq
1635 1608 1817 1675 uium,

178 1706 242 1757 ut
259 1719 328 1757 ex
343 1701 445 1755 illa
462 1716 683 1755 merear
697 1696 1054 1771 stipendium
1069 1697 1623 1769 debitum.Denique
1637 1697 1823 1751 instar

178 1789 461 1864 principis
491 1788 908 1844 daemoniorum
939 1803 1076 1842 suos
1112 1785 1394 1841 satellites
1429 1785 1819 1858 promoventis

1928 630 2213 687 dicatione
2241 631 2327 687 vel
2361 649 2426 688 ex
2450 630 2773 687 ministerio
2788 646 2895 686 suo
2927 626 3573 700 qurerere.Deindequaa

1927 718 2191 792 ipsorum
2222 737 2393 793 opera
2425 722 2598 785 dicat,
2642 720 2828 793 aperit
2877 718 2992 774 sic:
3047 742 3074 768 ‹‹
3109 717 3368 790 Alligant
3396 732 3577 774 onera

1928 810 2124 880 gravia
2170 814 2227 865 et
2266 809 2681 881 importabilia,
2733 813 2786 864 et
2828 809 3140 881 imponunt
3188 808 3246 863 in
3292 806 3573 863 humeros

1928 897 2258 966 hominum,
2291 899 2465 969 digito
2499 904 2693 955 autem
2726 915 2831 953 suo
2864 897 3070 953 nolunt
3099 914 3167 953 ea
3197 913 3443 952 movere.
3472 894 3573 952 Di-

1926 986 2110 1043 latant
2127 988 2283 1043 enim
2316 988 2670 1061 phylacteria
2688 988 3265 1061 sua,etmagnificant
3281 984 3567 1041 ﬁmbrias.

1926 1077 2141 1132 Amant
2170 1082 2361 1132 autem
2395 1078 2614 1150 primos
2639 1078 2936 1133 recubitus
2959 1079 3018 1132 in
3052 1076 3231 1133 caenis
3259 1080 3316 1132 et
3349 1074 3571 1148 primas

1928 1165 2233 1220 cathedras
2264 1166 2322 1220 in
2354 1167 2689 1238 synagogis,
2721 1171 2777 1221 et
2807 1167 3191 1222 salutationes
3221 1167 3281 1223 in
3314 1165 3461 1235 foro,
3517 1168 3574 1220 et

1926 1255 2117 1309 vocari
2171 1255 2241 1308 ab
2298 1255 2637 1311 hominibus
2680 1256 2866 1310 Rabbi
2923 1256 3245 1325 (Ilrid.,4-7).
3283 1278 3312 1307 »
3351 1255 3573 1321 Quibus

1931 1344 2337 1414 Redemptoris
2395 1345 2575 1399 nostri
2627 1345 2819 1400 verbis
2890 1362 3003 1400 non
3064 1346 3577 1416 reprehenduntur

1930 1434 2082 1504 quod
2113 1451 2290 1489 onera
2323 1436 2733 1489 mandatorum
2756 1434 2853 1488 Dei
2881 1434 3572 1499 imponunthominibus:

1929 1521 2037 1576 hoc
2084 1523 2241 1576 enim
2293 1523 2551 1577 ofﬁcium
2595 1541 2795 1578 eorum
2848 1540 2975 1577 esse
3024 1523 3415 1593 dignoscitur,
3476 1524 3578 1577 sed

1929 1612 2085 1683 quod
2115 1612 2529 1684 importabilia,
2552 1617 2607 1667 et
2638 1613 2791 1683 quod
2816 1630 2883 1667 ea
2912 1611 2998 1666 vel
3031 1611 3277 1665 minima
3309 1628 3419 1666 sua
3438 1627 3581 1682 ope-

1928 1700 2151 1756 ratione
2183 1718 2297 1757 non
2325 1701 2616 1757 alleviant.
2652 1702 2767 1756 Nec
2789 1701 2925 1773 quia
2964 1700 3325 1773 phylacteria
3362 1699 3582 1755 habent

1930 1795 1987 1845 et
2016 1790 2317 1859 fimbrias;
2354 1792 2451 1846 sed
2487 1791 2615 1862 quia
2654 1790 2756 1846 illa
2804 1791 3071 1859 dilatant,
3118 1789 3264 1845 istas
3293 1806 3426 1845 vero
3455 1806 3577 1845 ma-

177 1884 232 1936 et
260 1877 615 1944 coronantis,
633 1881 697 1932 ut
725 1875 956 1947 legitur,
984 1876 1054 1931 ob
1087 1875 1483 1946 deceptionem
1516 1892 1683 1931 suam
1704 1893 1820 1948 qua
1850 1913 1897 1977 B
1930 1880 2210 1949 gnificant
2233 1872 2357 1936 :nec
2388 1880 2526 1952 quia
2558 1881 2731 1951 primi
2755 1880 2912 1935 velut
2938 1878 3205 1950 magistri
3224 1879 3578 1935 recumbunt

175 1969 235 2025 in
257 1963 1415 2038 criminapraecipitantbonos,Simoniaci
1438 1980 1669 2036 quoque
1686 1981 1818 2036 pro-

176 2059 409 2114 movent
437 2053 748 2127 complices
780 2070 939 2110 suos.
974 2056 1231 2119 Quorum
1262 2053 1435 2108 etiam
1456 2053 1823 2125 impudentia

175 2149 337 2203 tanta
353 2148 464 2212 est,
498 2146 564 2199 ut
593 2160 768 2198 suum
800 2145 1027 2198 reatum
1061 2140 1254 2213 palam
1278 2141 1362 2197 sic
1395 2142 1669 2197 omnibus
1684 2158 1821 2215 prai-

178 2235 391 2302 dicent,
421 2231 707 2288 venditori
755 2230 1048 2286 dicentes:
1099 2230 1378 2286 Dedimus
1406 2230 1510 2285 tibi
1542 2232 1817 2303 pretium,

181 2323 258 2380 da
272 2320 440 2378 nobis
450 2321 761 2393 qumsitum
776 2320 1156 2393 gradum,aut
1176 2321 1352 2375 redde
1369 2324 1672 2392 acceptum
1698 2336 1822 2391 pre-

178 2412 350 2469 tium.
368 2412 605 2468 Constat
621 2409 1112 2482 ergo,secundum
1127 2409 1281 2464 beati
1306 2409 1566 2481 Gregorii
1590 2413 1819 2465 senten-

176 2501 341 2567 tiam,
375 2499 531 2573 apud
580 2498 943 2554 Simoniacos
987 2498 1347 2553 remunerari
1405 2499 1564 2567 vitia,
1600 2497 1823 2554 scilicet

177 2588 429 2645 radicem
459 2587 724 2643 omnium
746 2585 1039 2641 malorum
1061 2586 1365 2642 avaritiam
1388 2591 1483 2659 atq
1495 2603 1563 2642 ue
1599 2587 1822 2641 haereti-

178 2694 306 2736 eam
327 2678 632 2749 perfidiam
651 2692 664 2730 :
681 2679 980 2748 quaatanto
995 2675 1261 2747 graviora
1281 2680 1419 2731 sunt
1444 2675 1820 2735 fornicatione

176 2767 267 2824 vel
297 2765 604 2832 adulterio,
628 2764 1093 2837 quantogravius
1116 2769 1204 2821 est
1229 2765 1484 2837 aliquem
1500 2782 1739 2837 peccare
1762 2766 1820 2823 in

176 2857 381 2924 Deum,
413 2871 593 2927 quam
615 2853 675 2909 in
700 2870 910 2926 corpus
936 2870 1111 2908 suum
1138 2859 1237 2909 aut
1267 2853 1325 2909 in
1357 2854 1545 2909 virum
1569 2854 1822 2909 alium.A

179 2945 396 3019 quibus
449 2944 708 3016 profecto
755 2942 1113 2998 Simonianis
1160 2942 1435 2998 laudatur
1464 2948 1728 3015 peccator
1761 2943 1819 2997 in

175 3033 482 3091 desideriis
510 3033 720 3088 animae
745 3048 862 3087 sua:
895 3037 950 3087 et
978 3031 1221 3103 iniquus
1252 3032 1615 3087 benedicitur
1646 3033 1816 3103 (Psal.

175 3142 249 3191 κν
264 3125 341 3194 3).
373 3122 535 3187 Quod
567 3121 722 3176 absit
752 3124 816 3175 ut
843 3137 877 3175 a
907 3120 1210 3175 catholicis
1232 3121 1655 3192 qualibuslibet
1685 3138 1817 3191 aga-

172 3218 293 3283 tnr,
326 3212 501 3269 etiam
532 3226 666 3267 cum
698 3208 999 3264 criminosi
1032 3210 1103 3263 ab
1132 3210 1216 3265 eis
1248 3209 1698 3283 promoventur!

720 3352 955 3408 CAPUT
992 3352 1285 3409 XXXVIII.

267 3445 331 3499 In
360 3458 464 3514 quo
493 3440 760 3498 audiendi
785 3441 897 3496 sint
927 3444 1280 3509 mercenarii,
1307 3452 1357 3498 et
1378 3445 1439 3498 in
1465 3460 1567 3515 quo
1605 3460 1735 3500 non.

252 3568 402 3624 Hinc
423 3567 552 3637 jam
581 3567 653 3621 ab
701 3565 829 3638 ipso
875 3566 1114 3621 Pastore
1159 3584 1296 3622 oves
1345 3568 1576 3623 discant
1622 3568 1679 3623 in
1713 3586 1829 3640 quo

180 3658 365 3715 etiam
391 3653 779 3710 mercenaries
802 3655 1002 3710 audire
1024 3656 1381 3711 debeant.De
1399 3657 1516 3712 illis
1539 3657 1829 3729 siquidem

184 3748 247 3803 in
273 3741 586 3815 Evangelio
618 3743 700 3799 ait
723 3744 964 3818 :«Super
993 3744 1328 3800 cathedram
1354 3746 1535 3819 Moysi
1557 3747 1835 3801 sederunt

184 3834 405 3893 Scriba
434 3837 493 3888 et
513 3831 807 3888 Phariszei.
830 3834 1039 3889 Omnia
1057 3850 1191 3907 ergo
1209 3851 1570 3907 quaecunque
1591 3836 1839 3891 dixerint

182 3924 611 3990 vobis,servate
632 3926 688 3978 et
717 3923 883 3978 facite
914 3924 1125 3995 (Matth.
1144 3940 1305 3990 xxm,
1328 3925 1445 3995 2).»
1474 3926 1618 3980 Ecce
1651 3942 1835 3997 quan-

181 4017 306 4069 tam
341 4009 736 4067 obedientiam
773 4010 899 4067 vult
934 4011 1195 4083 impendi
1235 4014 1612 4069 mercenariis
1660 4015 1835 4070 malis

186 4103 395 4159 Pastor
406 4116 639 4156 summe
650 4100 840 4157 bonus
856 4105 921 4156 ut
934 4102 1091 4157 dicta
1101 4118 1302 4158 eorum
1318 4103 1639 4159 non‘solum
1655 4108 1842 4160 servet

186 4189 447 4264 populus
469 4188 530 4243 in
562 4193 780 4261 mente,
812 4190 909 4245 sed
944 4190 1119 4246 etiam
1168 4191 1460 4264 compleat
1489 4210 1678 4264 opere.
1714 4194 1843 4249 Mox

186 4280 252 4335 in
282 4295 401 4351 quo
431 4294 548 4333 non
580 4278 700 4333 sint
730 4279 1066 4336 attendendi
1098 4281 1483 4353 subjungitzu
1505 4282 1839 4337 Secundum

188 4384 369 4440 opera
398 4382 605 4423 eorum
657 4367 834 4423 nolite
867 4368 1053 4425 facere
1086 4369 1268 4442 (Ibid.,
1301 4371 1375 4443 3).
1406 4393 1433 4421 ››
1494 4372 1681 4435 Quare
1712 4371 1842 4438 hoc,

188 4456 677 4515 Domine?Nonne
708 4458 1031 4530 praecepisti
1062 4459 1184 4515 tuis
1215 4460 1413 4515 omnia
1435 4478 1560 4532 quae
1596 4460 1849 4517 dixerint

1930 1973 2030 2023 aut
2059 1969 2281 2037 sedent,
2342 1986 2442 2024 seu
2494 1969 2843 2037 salutantur,
2896 1968 2983 2023 vel
3043 1968 3225 2024 Rabbi
3270 1971 3572 2036 vocantur,

1932 2058 2030 2112 sed
2056 2058 2193 2130 quia
2215 2057 2335 2113 haec
2358 2062 2589 2114 tantum
2612 2059 2682 2113 ab
2701 2058 2785 2113 eis
2806 2056 3177 2114 amantur.Et
3197 2059 3414 2123 tamen,
3440 2055 3576 2112 licet

1931 2146 2185 2202 ministri
2220 2146 2432 2202 Christi
2454 2146 2599 2203 tales
2621 2147 2739 2203 sint
2768 2150 2833 2202 ut
2855 2146 2935 2202 nil
2961 2145 3195 2211 Christi,
3219 2146 3318 2202 sed
3340 2148 3573 2201 tantum

1931 2236 2126 2292 seaculi
2157 2239 2420 2307 quaerant
2466 2236 2526 2291 in
2587 2236 2911 2292 ministerio
2955 2234 3169 2291 Christi
3199 2228 3352 2306 quod
3386 2232 3573 2289 admi-

1932 2326 2185 2383 nistrant
2209 2344 2222 2393 ;
2248 2324 2373 2382 vult
2402 2329 2596 2381 tamen
2628 2325 2896 2381 Christus
2922 2330 2987 2380 ut
3019 2342 3127 2381 sua
3158 2323 3274 2379 illis
3324 2323 3577 2379 fideliter

1931 2417 2274 2482 reddantur,
2304 2414 2414 2470 hoc
2445 2419 2533 2470 est
2562 2415 2899 2480 audiantur,
2931 2414 3309 2483 honorentur,
3333 2411 3579 2468 decimis

1931 2509 1987 2560 et
2008 2503 2402 2560 oblationibus
2425 2503 2685 2560 fidelium
2700 2502 3279 2567 remunerentur.Qui
3303 2518 3438 2574 ergo
3456 2504 3580 2557 tam

1933 2593 2091 2666 pravi
2124 2597 2262 2648 sunt
2290 2592 2349 2648 in
2383 2596 2697 2664 conspectu
2711 2592 3106 2658 bominum,in
3134 2594 3452 2663 conspectu
3474 2588 3579 2645 Dei

1931 2687 2105 2753 putas
2139 2681 2341 2753 quales
2373 2684 2553 2737 sunt?
2582 2682 2649 2737 Et
2669 2684 2865 2737 tamen
2916 2696 3014 2736 eos
3063 2681 3219 2735 Deus
3249 2682 3305 2734 et
3341 2677 3493 2734 clam
3523 2682 3581 2734 et

1932 2770 2125 2842 palam
2160 2770 2345 2826 malos
2392 2771 2510 2825 sive
2556 2772 2685 2826 ticte
2732 2770 2918 2827 bonos
2965 2769 3195 2835 tolerat,
3227 2772 3284 2824 et
3315 2767 3581 2823 mercede

1931 2876 2107 2930 quam
2141 2863 2411 2931 quaerunt
2460 2876 2573 2914 non
2625 2859 2875 2915 fraudat.
2930 2858 3076 2924 Quia
3123 2857 3280 2914 enim
3322 2855 3579 2912 ministri

1932 2946 2145 3001 Christi
2180 2948 2449 3013 sunt,sed
2482 2964 2597 3002 non
2621 2948 2767 3003 bene
2786 2944 3579 3020 priesunt,simplicihonore,

1931 3035 2204 3107 praesenti
2239 3035 2481 3105 scilicet,
2514 3036 2675 3110 digni
2693 3036 2946 3092 habendi
2967 3036 3278 3091 sunt.Nam
3310 3034 3411 3105 qui
3432 3034 3580 3089 bene

1931 3128 2190 3197 praesunt
2210 3124 2621 3198 presbyteri,ut
2642 3125 2725 3181 ait
2744 3122 3341 3197 Apostolus,«duplici
3362 3121 3580 3177 honore

1933 3214 2093 3286 digni
2129 3215 2440 3281 habentur,
2472 3214 2723 3269 maxime
2771 3216 2870 3285 qui
2919 3213 3186 3268 laborant
3232 3212 3291 3267 in
3321 3210 3494 3267 verbo
3524 3213 3583 3264 et

1852 3283 1895 3349 Ο
1933 3283 2196 3358 doctrina
2226 3304 2273 3374 (I
2301 3304 2435 3359 Tim.
2466 3320 2522 3368 ν,
2557 3283 2858 3373 17).»Dieit
2880 3301 3034 3357 enim
3068 3300 3368 3371 Scriptura
3394 3298 3575 3354 :«Non

1856 3422 1863 3430 -
1938 3392 2259 3448 infrenabis
2292 3410 2357 3448 os
2384 3393 2514 3447 bovi
2538 3390 2835 3447 trituranti
2868 3389 3047 3460 (lbid.,
3070 3390 3156 3459 18)
3183 3407 3195 3456 ;
3233 3411 3259 3435 ››
3293 3391 3348 3442 et
3381 3404 3394 3442 :
3430 3407 3459 3436 «
3485 3385 3577 3440 Di-

1838 3486 1878 3566 ς
1939 3498 2092 3554 gnus
2123 3486 2212 3537 est
2241 3481 2542 3552 operarius
2574 3479 2834 3535 mercede
2858 3495 2963 3532 sua
2995 3478 3141 3549 (Luc.
3167 3476 3302 3546 x,7).
3336 3496 3364 3523 »
3399 3473 3582 3544 Cujus

1941 3570 2203 3642 Apostoli
2235 3569 2524 3625 sententia
2555 3568 2625 3622 de
2644 3565 3015 3622 mercenariis
3038 3565 3085 3620 si
3112 3562 3428 3635 requiritur
3453 3577 3585 3633 quae

1943 3660 2042 3725 sit,
2101 3657 2356 3729 Epistola
2399 3658 2527 3727 ejus
2577 3657 2648 3711 ad
2700 3654 3098 3727 Philippenses
3148 3652 3230 3708 sic
3284 3649 3581 3707 ostendit:

1951 3746 2227 3813 «Quidam
2253 3745 2488 3817 quidem
2513 3742 3038 3818 propterinvidiam
3060 3746 3117 3798 et
3131 3739 3586 3805 contentionem,

1947 3835 2187 3907 quidam
2253 3838 2448 3890 autem
2480 3839 2537 3889 et
2565 3833 3026 3906 propterbonam
3041 3828 3403 3885 voluntatem
3434 3826 3595 3884 Chri-

1948 3929 2105 3979 stum
2156 3922 2491 3995 preedicant,
2548 3921 2787 3995 quidam
2854 3938 2922 3976 ex
2987 3918 3289 3986 charitate,
3341 3915 3594 3971 scientes

1951 4012 2229 4085 quoniam
2261 4012 2320 4066 in
2354 4011 2689 4068 defensione
2719 4007 3013 4081 Evangelii
3035 4006 3428 4081 positussum.
3456 4003 3593 4068 Qui-

1953 4104 2088 4158 dam
2117 4106 2311 4157 autem
2344 4120 2412 4157 ex
2441 4101 2809 4158 contentione
2834 4098 3132 4154 Christum
3151 4094 3464 4152 annuntiat
3478 4109 3596 4149 non

1954 4193 2201 4258 sincere,
2227 4193 2658 4247 existimantem
2686 4204 3023 4263 pressuram
3041 4185 3326 4242 suscitare
3349 4181 3599 4240 vinculis

1956 4282 2125 4337 meis.
2162 4281 2311 4347 Quid
2343 4281 2498 4337 enim
2521 4282 2549 4336 ?
2579 4282 2720 4335 dum
2752 4279 2910 4335 omni
2945 4276 3281 4346 modo,sive
3313 4290 3416 4348 per
3440 4289 3602 4330 occa-

1958 4371 2205 4438 sionem,
2239 4371 2360 4427 sive
2405 4389 2507 4443 per
2551 4370 2855 4426 veritatem
2907 4367 3173 4423 Christus
3199 4363 3602 4430 annuntietur,

1957 4464 2014 4514 et
2042 4460 2101 4513 in
2132 4460 2241 4514 hoc
2271 4461 2518 4532 gaudeo,
2566 4459 2666 4515 sed
2699 4462 2756 4513 et
2794 4456 3079 4531 gaudebo.
3103 4455 3233 4513 Scio
3280 4454 3437 4511 enim
3468 4451 3611 4524 quia

189 4563 425 4606 servare
455 4550 514 4603 et
570 4547 804 4604 facere?
859 4549 1125 4620 Adjecit:
1181 4550 1391 4606 Dicunt
1438 4550 1594 4606 enim
1650 4555 1707 4607 et
1733 4567 1849 4605 non
1958 4548 2070 4603 hoc
2101 4548 2247 4603 mihi
2280 4549 2575 4621 proveniet
2624 4548 2682 4602 in
2731 4547 2981 4602 salutem
3031 4545 3202 4617 (Phil.
3247 4562 3286 4612 ι,
3324 4544 3430 4614 15).
3466 4564 3495 4591 ››
3526 4542 3610 4597 Ex

190 4636 424 4693 faciunt
447 4636 654 4707 (Ibid.).
691 4658 720 4686 »
749 4638 830 4693 Ac
878 4637 927 4693 si
979 4638 1196 4694 diceret
1225 4657 1237 4694 :
1271 4639 1563 4695 Attendite
1595 4639 1734 4712 quia
1762 4639 1851 4695 di-
1883 4656 1930 4722 Β
1960 4654 2076 4709 qua
2098 4636 2538 4692 nimirumtanti
2562 4636 2816 4692 doctoris
2838 4634 3131 4690 sententia
3151 4636 3438 4722 quantum
3460 4645 3612 4722 mer-

188 4729 358 4792 cunt,
390 4728 450 4781 et
482 4724 664 4781 nolite
697 4726 999 4782 attendere
1024 4727 1164 4800 quia
1195 4744 1309 4784 non
1335 4727 1559 4784 faciunt
1591 4729 1744 4800 quod
1774 4729 1856 4783 di-
1883 4717 1921 4722 —
1965 4726 2183 4782 cenarii
2213 4726 2332 4781 sint
2358 4725 2667 4781 necessarii
2701 4725 3049 4780 edocemur:
3085 4723 3155 4777 de
3186 4720 3403 4792 quibus
3433 4717 3611 4773 etiam

187 4818 358 4871 eunt.
409 4813 518 4869 Ubi
567 4809 818 4870 breviter
866 4816 1218 4886 praemonuit
1275 4817 1601 4873 doctrinam
1652 4817 1771 4873 oris
1802 4821 1855 4872 et
1968 4830 2085 4869 non
2118 4814 2346 4869 sincere
2378 4812 2830 4886 praedicantibus
2860 4811 3156 4867 Christum
3188 4809 3238 4864 si
3270 4808 3515 4874 laetatur,
3548 4809 3616 4862 ut

190 4900 598 4960 ministerium
631 4917 833 4957 eorum
858 4905 1064 4974 quoda
1087 4905 1204 4960 Deo
1235 4911 1585 4978 acceperunt
1616 4907 1686 4961 ad
1717 4906 1854 4961 alio—
1969 4903 2088 4959 sive
2124 4901 2364 4970 invidia,
2398 4903 2516 4958 sive
2547 4901 2849 4959 occasione
2880 4899 3244 4971 praedicetur,
3269 4913 3331 4953 se
3362 4894 3616 4968 gaudere

189 5008 335 5047 rum
364 4989 619 5047 salutem
644 4989 1056 5047 honorandum
1088 4997 1145 5048 et
1176 4993 1703 5066 suscipiendum,et
1731 5011 1853 5051 car-
1966 4995 2023 5048 et
2054 4990 2395 5065 gavisurum
2428 4993 2628 5044 tantus
2655 4987 2966 5061 Apostolus
2996 4988 3260 5053 testatur,
3296 4982 3615 5039 dummodo

190 5080 360 5137 nalia
387 5096 591 5135 eorum
622 5094 798 5151 opera
827 5096 953 5152 qua:
983 5098 1017 5136 a
1049 5081 1308 5155 maligno
1340 5083 1562 5140 habent
1590 5086 1659 5140 ad
1689 5101 1856 5141 suam
1968 5079 2239 5135 Christus
2290 5078 2690 5134 annuntietur.
2742 5078 2811 5131 Et
2866 5075 3000 5147 quis
3049 5074 3299 5146 ignorat,
3325 5075 3616 5145 quantum

188 5174 430 5226 tantum
446 5167 835 5240 perditionem
853 5170 1328 5227 cavendam.Sive
1347 5173 1670 5228 secundum
1688 5190 1861 5247 opera
1971 5171 2190 5226 crimen
2216 5167 2295 5222 sit
2315 5166 2578 5222 invidia?
2610 5168 2748 5220 Ecce
2772 5165 2821 5220 si
2842 5164 2930 5218 vel
2962 5180 3064 5233 per
3095 5161 3281 5233 ipsum
3326 5160 3485 5217 velut
3513 5177 3619 5232 P6P

190 5256 700 5315 mercenariorum
720 5259 1864 5329 nonsciantoves,ne,sicutillidicuntet
1974 5256 2403 5314 contentionem
2437 5259 2495 5311 et
2541 5253 2975 5327 derogationem
3021 5251 3309 5306 bonorum
3350 5249 3617 5305 Christus

191 5363 318 5404 non
349 5344 689 5414 faciunt,sie
718 5345 928 5417 etipsaa
952 5349 1025 5403 ab
1039 5347 1122 5403 eis
1147 5348 1458 5404 audiantet
1481 5368 1595 5405 non
1621 5353 1856 5420 faciant,

194 5435 347 5509 quia
374 5433 512 5489 illos
543 5433 858 5489 attendunt
887 5436 1079 5491 dicere
1108 5440 1165 5490 et
1200 5453 1311 5491 non
1348 5437 1554 5494 facere.
1607 5444 1865 5507 Quorum

195 5521 854 5598 operaquaintentione
873 5523 1037 5592 ﬁant,
1067 5524 1358 5580 Dominus
1408 5528 1748 5586 manifestat
1775 5529 1868 5584 di-

196 5611 587 5672 censOmnia
600 5626 776 5683 opera
788 5628 897 5668 sua
912 5612 1131 5668 faciunt
1146 5617 1210 5667 ut
1224 5613 1529 5672 videantur
1539 5618 1612 5674 ab
1626 5618 1874 5675 homini-

197 5702 538 5780 bus(latth.
562 5717 724 5770 χχιιι,
746 5700 987 5771 5).»Ubi
1011 5702 1355 5759 summatim
1369 5706 1631 5765 ostendit
1661 5709 1742 5765 nil
1776 5725 1875 5765 eos

1976 5345 2344 5420 prmdicatur,
2378 5345 2592 5418 gaudet
2622 5340 2950 5415 Apostolus.
2986 5339 3213 5402 Quanta
3256 5338 3465 5395 deinde
3503 5338 3621 5394 im-

1980 5434 2251 5510 perfectio
2315 5434 2680 5490 occasionem
2730 5428 3157 5502 praedicationis
3208 5428 3461 5500 arripere
3517 5442 3622 5499 pro

1981 5525 2164 5582 solius
2195 5524 2453 5597 corporis
2483 5520 2831 5579 commodo?
2858 5520 2923 5573 Et
2954 5522 3145 5574 tamen
3177 5517 3395 5590 gaudet
3411 5514 3623 5573 nihilo-

1984 5616 2180 5673 minus
2210 5616 2279 5671 de
2310 5612 2649 5687 hujusmodi
2679 5607 3088 5687 praedicatione
3118 5605 3452 5680 Apostolus.
3477 5605 3625 5679 Ergo

1988 5723 2090 5765 nec
2114 5708 2349 5779 propter
2374 5686 2587 5762 bonam
2618 5686 3090 5776 praedicationem
3128 5701 3185 5754 et
3231 5694 3628 5755 ministerium
