3970 6218
374 359 530 433 1208

1428 372 1841 440 HUMBERTI
1885 375 1951 439 S.
2000 375 2074 438 R.
2119 373 2191 439 E.
2238 374 2726 444 CARDINALIS.

3619 376 3795 446 1204

372 507 755 561 assumantur
775 502 929 561 mala
957 522 1150 579 Opera,
1196 524 1298 562 nec
1347 513 1585 580 propter
1635 509 1790 565 mala
1841 525 2016 581 opera
2045 509 2100 575 Α
2129 510 2357 567 firmius
2390 511 2648 569 retineri.
2681 514 2747 569 Et
2766 514 2936 585 juxta
2961 512 3217 573 litteram
3238 512 3435 588 itaque
3453 530 3660 572 verum
3686 518 3791 572 est

372 597 823 650 contemnantur
876 600 1088 651 sancta:
1137 598 1567 669 prredicationis
1615 603 1673 654 et
1711 598 2017 654 ministerii

372 682 545 737 bona.
588 683 752 739 Unde
773 702 1008 741 necesse
1038 687 1200 752 est,si
1220 692 1493 758 carpatur
1509 689 1767 759 pendens
1791 688 1860 742 de
1882 703 2018 759 sepe

371 771 574 827 botrus
605 773 762 844 vitis,
793 779 856 829 ut
886 780 1156 830 caveatur
1185 777 1355 848 spina
1384 776 1560 849 scpis.

940 882 1171 938 CAPUT
1203 883 1445 938 XXXIX.

370 969 445 1023 De
474 967 642 1022 malis
669 973 903 1024 scienter
952 973 1033 1025 vel
1080 975 1382 1026 nrsrienter
1428 974 1710 1041 promotis,
1740 976 1788 1025 et
1818 970 1882 1025 (Ie
1907 971 2011 1024 mi-

653 1044 879 1097 nisterio
908 1060 1095 1097 eorum
1124 1046 1389 1099 sententia
1420 1045 1725 1099 I’aschasii.

442 1130 556 1185 Hos
586 1132 742 1185 enim
775 1136 839 1185 ut
888 1133 1171 1187 Dominus
1222 1134 1277 1186 in
1317 1132 1568 1187 Ecclesia
1596 1149 1703 1188 sua
1732 1147 1919 1202 usque
1952 1131 2010 1184 in

370 1222 545 1275 ﬁnem
596 1220 790 1274 smculi
846 1227 1195 1275 monstraret
1246 1223 1491 1287 futuros,
1543 1226 1598 1276 et
1649 1240 1681 1275 a
1714 1220 2009 1289 magistris

369 1308 629 1364 Ecclesia:
662 1309 995 1380 aliquando,
1034 1316 1093 1363 ut
1124 1313 1225 1364 aut
1270 1314 1722 1380 promoveantur
1769 1313 1868 1363 aut
1902 1308 2007 1361 mi-

366 1397 635 1464 nistrent,
671 1398 1150 1461 dissimulandos,
1181 1399 1392 1453 Juctam
1437 1398 1783 1469 sacrilegum
1821 1398 2006 1451 furem

366 1504 700 1560 promovere
730 1487 909 1542 voluit
941 1488 1007 1542 ad
1044 1488 1289 1558 gradum
1323 1486 2006 1557 apostolicum,quamvis

366 1577 439 1633 ab
470 1577 633 1632 initio
681 1577 853 1632 sciret
896 1576 1033 1648 quid
1083 1581 1235 1631 esset
1281 1575 1340 1629 in
1389 1575 1646 1630 homine.
1693 1576 1785 1629 Sic
1817 1574 2003 1630 sancti

366 1666 611 1739 apostoli
668 1684 702 1721 a
758 1670 840 1721 tot
895 1665 1156 1721 millibus
1196 1668 1529 1720 sanctorum
1580 1663 2003 1718 coenobitarum

364 1755 613 1812 electum
636 1755 1190 1827 Nicolaum,Epiruri
1216 1754 1281 1809 de
1312 1770 1467 1825 grege
1492 1768 1737 1823 porcum,
1770 1769 2001 1823 promo-

364 1862 493 1901 vere
540 1847 610 1901 ad
662 1846 1033 1900 diaconatum
1078 1843 1399 1898 nescienter
1448 1846 1510 1895 ut
1546 1842 1627 1895 sic
1660 1840 1905 1896 dicatur.
1940 1843 2003 1895 In
2035 1880 2083 1943 B

366 1935 582 2009 quibus
613 1935 841 1991 duobus
861 1934 1155 1989 evidenter
1173 1931 1659 2004 prazfigurabatur
1678 1931 1825 1986 alios
1847 1930 2004 1998 sciri,

366 2024 512 2082 alios
542 2024 775 2091 nesciri,
807 2024 947 2077 dum
981 2023 1040 2076 in
1091 2020 1347 2076 Ecclesia
1395 2025 1828 2093 promoventur,
1862 2037 2005 2092 quo-

363 2131 496 2170 rum
527 2119 721 2171 tamen
752 2111 1008 2168 officium
1037 2114 1139 2165 aut
1162 2126 1264 2182 pro
1283 2110 1490 2182 seipsis
1519 2111 2006 2183 approbatur,pro

364 2203 496 2260 aliis
528 2203 756 2258 interim
785 2198 1196 2263 toleratur.Qui
1220 2198 1503 2271 quidquid
1534 2199 1591 2255 in
1625 2199 2007 2255 sacramentis

365 2292 575 2347 divinis
591 2306 692 2361 pro
709 2287 897 2342 ofﬁcio
911 2286 1021 2341 sibi
1038 2288 1188 2342 credi
1201 2293 1252 2342 to
1276 2288 1509 2343 interim
1526 2290 2005 2359 agunt,sanctum

362 2385 452 2435 est
474 2384 678 2443 totum,
713 2377 867 2431 sicut
893 2375 1079 2431 Judas
1110 2381 1244 2432 ante
1297 2376 1645 2449 proditionis
1677 2374 2001 2431 conventio-

361 2483 516 2535 nem,
549 2470 605 2520 et
634 2464 905 2520 Nicotaus
935 2469 1067 2521 ante
1090 2483 1206 2521 suae
1230 2464 1640 2520 abominabilis
1663 2469 1831 2518 sectis
1847 2464 2004 2519 adin-

358 2556 709 2611 ventionem.
760 2555 923 2620 Quod
975 2554 1148 2610 etiam
1207 2572 1274 2610 ex
1331 2553 1528 2608 libello
1580 2552 1876 2608 Paschasii
1928 2557 2004 2607 De

359 2662 598 2719 corpore
626 2642 853 2699 Domini
890 2644 1265 2714 approbatur,
1300 2642 1400 2697 ubi
1432 2643 1514 2697 sic
1544 2642 1795 2714 legitur:
1852 2642 2004 2696 Licet

361 2752 494 2791 reus
524 2734 603 2790 sit
644 2733 933 2798 sacerdos,
984 2737 1118 2801 etc.,
1168 2749 1383 2787 munus
1432 2748 1550 2787 suae
1579 2731 1891 2804 largitatis.
1930 2735 2004 2785 De

359 2842 477 2896 qua
506 2822 724 2896 praefati
752 2822 859 2876 viri
891 2822 1278 2888 sententia,ne
1300 2822 1445 2876 forte
1478 2825 1803 2876 restruatur
1832 2819 2002 2876 nobis

357 2911 672 2979 calumnia,
701 2911 839 2983 quia
869 2911 1105 2966 ducitur
1132 2910 1299 2965 hicin
1330 2911 1445 2966 ﬁne
1474 2926 1577 2982 per
1608 2908 2002 2965 ministerium

358 2986 809 3059 criminosorum
824 3000 949 3055 dari
973 3000 1265 3071 Scriptum
1289 2998 1858 3071 sanctum,quamvis
1890 2996 2001 3069 ipsi

360 3109 495 3149 eum
525 3108 640 3146 non
672 3089 943 3157 habeant,
977 3089 1132 3161 quod
1156 3089 1507 3161 interposuit
1527 3088 1585 3142 in
1604 3088 1793 3160 capite
1814 3090 2000 3143 atten-

364 3182 523 3248 dant,
574 3179 673 3233 ubi
723 3178 807 3233 sic
853 3178 1220 3251 hypothetice
1252 3178 1369 3231 ait:
1402 3176 1557 3232 Nihil
1591 3176 1789 3232 minus
1822 3176 1999 3231 habet

2126 602 2500 671 proverbium
2561 602 2850 671 Veritatis,
2903 609 2959 659 et
3006 603 3390 661 nihilominus
3436 620 3639 661 verum
3690 608 3793 662 est

2116 689 2288 759 juxta
2319 689 2702 747 intentionem
2753 692 3021 748 dicentis.
3076 695 3253 750 Fures
3286 693 3579 765 siquidem
3612 699 3671 750 et
3694 693 3789 751 la-

2125 780 2323 833 trones
2354 780 2509 853 apud
2541 780 2809 836 homines
2843 787 2983 837 sunt
3009 783 3109 855 qui
3142 800 3257 839 non
3288 783 3509 839 intrant
3537 784 3596 840 in
3626 782 3789 839 ovile

2124 882 2228 937 per
2251 868 2468 923 ostium
2502 871 2601 924 sed
2636 870 2872 927 aliunde
2904 872 3264 941 ascendunt;
3297 875 3354 928 et
3392 871 3787 929 nihilominus

2124 955 2281 1011 fures
2313 962 2367 1012 et
2396 956 2653 1013 latrones
2684 964 2824 1014 sunt
2854 962 3008 1031 apud
3050 961 3235 1017 Deum
3279 961 3379 1033 qui
3411 977 3526 1017 non
3555 961 3789 1018 intrant

2122 1042 2181 1097 in
2216 1044 2530 1100 Ecclesiam
2564 1062 2667 1116 per
2696 1047 3014 1116 Christum,
3048 1049 3149 1121 qui
3180 1050 3449 1118 est,sicut
3479 1050 3782 1122 praedicat,

2122 1131 2387 1186 Ecclesiae
2419 1132 2658 1199 ostium,
2687 1136 2789 1188 sed
2823 1135 3061 1192 aliunde
3092 1139 3437 1194 ascendunt.
3473 1139 3540 1193 Ili
3573 1137 3782 1211 procul

2121 1220 2298 1275 dubio
2331 1224 2470 1275 sunt
2496 1238 2700 1277 omnes
2733 1222 3007 1291 haeretici,
3040 1226 3225 1279 Judaei
3277 1231 3333 1281 et
3363 1228 3601 1298 pagani.
3654 1227 3781 1299 Ipsi

2118 1309 2272 1363 enim
2294 1309 2509 1380 pariter
2529 1327 2642 1365 non
2660 1310 2883 1366 intrant
2903 1312 2960 1365 in
2992 1311 3308 1368 Ecclesiam
3331 1330 3436 1385 per
3452 1316 3784 1381 Christum,

2118 1413 2293 1467 quem
2326 1402 2538 1469 negant
2567 1398 2626 1453 in
2657 1399 3452 1471 carnevenisse.Siqumritur
3472 1404 3783 1473 quomodo

2115 1501 2319 1541 omnes
2349 1486 2600 1541 hmretici
2632 1491 2847 1558 negent
2879 1486 3177 1543 Christum
3208 1487 3267 1542 in
3298 1504 3473 1544 carne
3510 1490 3775 1559 venisse,

2115 1590 2290 1645 quem
2325 1574 2591 1630 nonnulli
2621 1592 2824 1631 eorum
2849 1577 3205 1631 conﬁtentur
3231 1576 3291 1631 in
3324 1576 3773 1644 carnevenisse,

2113 1664 2403 1719 sententia
2432 1665 2619 1719 sancti
2649 1664 2960 1736 Augustini
2992 1664 3050 1718 in
3082 1665 3253 1720 tertio
3283 1664 3465 1735 hujus
3497 1665 3777 1737 opusculi

2113 1749 2261 1807 libro
2295 1752 2586 1824 relegatur
2618 1752 2773 1808 inde.
2798 1753 2963 1808 Nunc
2980 1752 3247 1808 videatur
3262 1754 3555 1824 quomodo
3573 1770 3783 1809 ascen-

2114 1841 2264 1896 dunt.
2308 1840 2566 1897 aliunde.
2618 1841 2909 1896 Nimirum
2952 1839 3190 1896 aliunde
3233 1841 3576 1910 ascendunt,
3607 1842 3777 1898 verbi

2114 1930 2304 2001 gratia
2331 1930 2552 1997 Ariani,
2568 1931 2669 2002 qui
2701 1930 2785 1985 sic
2800 1946 3183 2002 personarum
3203 1929 3526 1986 trinitatem
3547 1930 3772 1987 discer-

2116 2022 2283 2086 nunt,
2320 2023 2383 2075 ut
2412 2020 2756 2075 substantiis
2788 2036 3021 2091 quoque
3053 2019 3259 2074 divina;
3304 2019 3587 2075 unitatem
3618 2019 3772 2076 divi-

2115 2108 2276 2163 dant.
2310 2107 2559 2163 Aliunde
2590 2106 2931 2176 Sabelliani,
2965 2108 3065 2179 qui
3097 2108 3180 2164 sic
3214 2108 3504 2164 unitatem
3552 2109 3767 2167 divinis

2114 2197 2455 2252 substantiae
2487 2198 2825 2269 pradicant,
2851 2201 2915 2251 ut
2945 2197 3267 2252 trinitatem
3304 2214 3538 2269 quoque
3566 2214 3771 2271 perso-

2114 2302 2322 2340 narum
2358 2286 2741 2340 confundant.
2773 2285 3035 2357 Longum
3068 2290 3177 2355 est,
3226 2290 3284 2341 et
3331 2303 3513 2358 supra
3542 2287 3771 2360 ingenii

2114 2373 2297 2429 nostri
2328 2373 2849 2445 vires,singulatim
2876 2374 3237 2446 reliquarum
3252 2374 3547 2431 haereseon
3569 2380 3771 2447 pestes

2112 2462 3031 2535 revolvere.Unde,praetermissis
3057 2461 3209 2532 aliis,
3235 2462 3582 2530 Simoniani,
3615 2480 3769 2536 quos

2113 2556 2309 2607 noster
2338 2552 2512 2624 pugio
2544 2551 2859 2624 specialius
2891 2552 3143 2624 impetit,
3188 2552 3478 2624 quomodo
3524 2552 3769 2610 aliunde

2112 2642 2428 2696 ascendant
2455 2646 2875 2701 monstremus.
2894 2640 3184 2696 Nimirum
3209 2645 3266 2695 et
3287 2640 3767 2715 ipsi,contempto

2110 2730 2257 2785 ostio
2280 2730 2506 2787 Christo
2528 2734 2585 2785 et
2605 2730 2840 2787 ostiario
2856 2730 3041 2802 ipsius
3062 2730 3280 2803 Spiritu
3302 2734 3504 2786 sancto
3522 2729 3768 2788 aliunde

2114 2821 2463 2888 ascendunt,
2505 2820 2647 2875 dum
2694 2836 2801 2876 sua
2851 2819 3117 2892 pecunia,
3144 2819 3302 2875 velut
3347 2818 3522 2876 scalis
3549 2824 3609 2876 et
3637 2837 3765 2878 ma-

2111 2908 2322 2976 chinis,
2382 2908 2759 2964 Dominicum
2815 2909 3120 2981 parietem,
3155 2908 3498 2964 unanimem
3540 2908 3767 2967 scilicet

2109 2996 2311 3069 populi
2342 2997 2443 3053 Dei
2476 3013 2829 3053 consensum
2873 3001 2932 3053 et
2984 2996 3340 3053 soliditatem
3370 3000 3762 3071 expugnaturi

2111 3085 2478 3152 adoriuntur,
2511 3090 2568 3142 et
2597 3102 2731 3141 eum
2763 3090 2866 3141 aut
2923 3086 3203 3157 reptando
3251 3086 3615 3154 transiliunt,
3660 3092 3765 3145 aut

2110 3174 2434 3246 subigendo
2465 3175 2549 3229 vel
2582 3180 2734 3230 certe
2758 3174 3138 3247 impingendo
3171 3176 3529 3247 irrumpunt.
3561 3177 3764 3249 Neque

361 3271 471 3325 hoc
502 3267 844 3342 mysterium
878 3248 913 3322 εί
937 3248 1147 3340 quovis
1176 3266 1436 3339 indigno,
1470 3266 1518 3320 si
1549 3270 1746 3322 tamen
1780 3268 2007 3338 aposto-
2035 3248 2079 3316 C
2111 3263 2267 3319 enim
2299 3263 2485 3336 legem
2519 3263 2651 3318 ostii
2676 3263 2923 3319 dicentis
2949 3279 3007 3320 :«
3029 3264 3222 3320 Gratis
3252 3248 3760 3338 accipistis,gratis

355 3359 477 3415 lica:
506 3357 848 3430 propaginis
867 3356 1232 3412 institutione
1251 3355 1606 3411 consecratio
1628 3355 1995 3423 exhibeatur;

358 3448 495 3522 quia
525 3464 639 3503 non
673 3464 741 3502 ex
771 3464 856 3512 eo,
891 3447 989 3501 sed
1014 3463 1081 3501 ex
1105 3446 1233 3517 ejus
1255 3444 1491 3500 officioa
1517 3462 1749 3500 summo
1772 3445 2001 3517 pontiﬁ-

354 3554 419 3593 ce
448 3538 635 3611 gratia
665 3552 841 3608 quam
874 3536 1000 3607 ipsa
1030 3535 1256 3589 Veritas
1296 3533 1648 3605 repromisit,
1698 3532 1993 3605 impletur.

353 3627 824 3699 Undeliqueteos
842 3624 1351 3695 habereSpiritum
1374 3626 1642 3677 sanctum
1667 3622 1993 3677 ministerio

350 3718 506 3790 quod
546 3716 875 3789 apostolicae
917 3712 1254 3787 propaginis
1305 3712 1671 3768 institutione
1698 3728 1992 3783 accepere,

349 3823 454 3862 nec
486 3810 679 3861 tamen
711 3804 822 3859 sibi
852 3804 997 3877 ipsis
1027 3803 1495 3858 hahere.llabent
1523 3801 1680 3856 enim
1710 3801 1780 3855 ad
1813 3800 1992 3855 mini-

346 3895 657 3951 strandum
689 3894 822 3948 aliis
853 3895 1023 3959 bona,
1058 3910 1161 3947 nec
1210 3892 1428 3947 habent
1475 3891 1547 3945 ad
1579 3889 1991 3946 declinandum

347 3984 459 4040 sibi
493 3983 665 4039 mala.
701 3984 925 4038 llabent
956 3982 1162 4037 deinde
1194 3981 1265 4036 ad
1298 3981 1443 4035 bene
1474 3980 1851 4046 credendum,
1887 3997 1989 4035 nec

345 4074 562 4130 habent
591 4073 662 4128 ad
694 4073 840 4127 bene
870 4070 1205 4137 vivendum,
1254 4070 1406 4125 sicut
1454 4068 1728 4140 superius
1761 4072 1991 4124 constat

344 4162 575 4219 abunde
608 4164 1022 4227 monstratum,
1054 4164 1111 4213 et
1139 4158 1293 4229 quod
1335 4157 1727 4212 ministerium
1760 4157 1988 4212 hrereti-

342 4266 542 4306 eorum
571 4266 688 4305 non
719 4247 795 4303 sit
823 4247 1058 4316 Christi,
1112 4264 1299 4319 neque
1346 4246 1501 4301 enim
1552 4249 1851 4317 acceptum
1899 4250 1986 4302 est

342 4337 710 4395 institutione
740 4335 1067 4409 apostolicae
1100 4336 1460 4409 propaginis.

971 4425 1200 4481 CAPUT
1237 4425 1349 4480 XL.

426 4517 502 4571 De
522 4515 746 4587 furibus
775 4515 1117 4583 Simoniacis,
1152 4519 1203 4570 et
1233 4513 1468 4587 qualiter
1496 4513 1637 4567 ovile
1664 4513 1890 4568 intrent.

2110 3353 2242 3408 date
2272 3353 2477 3424 (Matth.
2508 3370 2565 3419 χ,
2596 3353 2671 3423 8),
2708 3373 2736 3401 »
2769 3358 3122 3420 reverentur,
3165 3368 3271 3408 nec
3322 3353 3755 3427 beneplacitum

2108 3441 2328 3497 ostiarii
2359 3440 2792 3514 prmstolantur,
2824 3442 2923 3496 sed
2959 3441 3241 3514 praecipiti
3271 3442 3567 3515 prioratus
3596 3446 3759 3517 cupi-

2104 3528 2243 3586 dine
2272 3532 2403 3599 acti,
2437 3530 2659 3603 pariete
2692 3535 3028 3587 transcenso
3060 3530 3145 3586 vel
3179 3532 3431 3587 suffosso
3461 3536 3565 3588 aut
3584 3538 3756 3605 rupto

2105 3636 2236 3676 oves
2268 3619 2508 3693 pessimi
2538 3620 2735 3675 furum
2765 3625 2821 3675 et
2850 3620 3148 3676 latronum
3182 3620 3487 3677 invadunt.
3521 3622 3589 3678 Et
3618 3622 3749 3694 qui-

2103 3710 2233 3764 dem
2267 3709 2703 3765 transcenditur
2734 3710 2805 3765 ab
2861 3708 2977 3766 illis
3029 3709 3221 3783 paries
3252 3708 3421 3766 ovilis
3463 3710 3588 3778 Dei,
3619 3727 3754 3769 cum

2102 3798 2483 3854 saecularibus
2515 3798 2905 3871 potestatibus
2937 3799 3127 3867 abusi,
3181 3799 3498 3872 praevalent
3529 3804 3754 3873 tempo-

2102 3886 2302 3943 raliter
2332 3887 2537 3943 ovibus
2564 3888 2856 3944 dominari
2882 3906 2896 3956 ;
2929 3888 3250 3944 suffoditur
3278 3892 3497 3958 autem,
3529 3889 3629 3945 ubi
3661 3906 3752 3946 ec-

2100 3976 2457 4032 clesiasticas
2506 3993 2788 4049 personas
2833 3978 3221 4034 fundamento
3270 3977 3535 4033 Ecclesia:
3566 3978 3750 4035 cohae-

2100 4070 2291 4122 rentes
2304 4066 2618 4121 extrahunt
2630 4072 2686 4122 et
2717 4067 2831 4122 sibi
2856 4065 3502 4136 attrahunt.Rumpitur
3520 4065 3753 4138 deinde,

2097 4155 2198 4211 ubi
2231 4155 2552 4211 mediocres
2582 4160 2640 4212 et
2670 4154 2851 4211 laicas
2875 4170 3152 4227 personas
3175 4170 3207 4206 a
3237 4152 3517 4207 charitate
3534 4152 3750 4211 Christi

2095 4243 2412 4300 dissociant
2438 4249 2494 4299 et
2524 4243 2633 4299 sibi
2683 4244 3041 4300 consociant.
3097 4248 3135 4297 A
3189 4239 3405 4311 quibus
3434 4243 3492 4295 et
3522 4243 3747 4299 tectum

2096 4331 2405 4402 scinditur,
2436 4334 2536 4389 ubi
2568 4332 2911 4405 praepositos
2963 4329 3227 4385 Ecclesiae
3270 4328 3607 4402 integritate
3654 4332 3749 4388 sui

2095 4422 2271 4477 ofﬁcii
2304 4421 2752 4495 depopulantur.
2789 4420 2916 4475 Sive
2939 4434 3074 4490 ergo
3106 4416 3542 4490 reptando,sive
3571 4421 3752 4478 sull'o-

2095 4511 2329 4578 diendo,
2361 4512 2479 4567 sive
2542 4506 2917 4579 irrumpendo
2974 4505 3032 4561 in
3096 4504 3247 4561 ovile
3304 4506 3553 4579 irruant,
3587 4513 3750 4581 patet

408 4605 555 4659 IIinc
587 4604 725 4677 quia
752 4604 973 4661 dictum
1006 4608 1094 4660 est
1122 4605 1193 4659 de
1218 4602 1591 4659 mercenariis
1620 4600 1773 4656 intra
1793 4600 1983 4658 Eccle-
2009 4619 2060 4686 Β
2095 4602 2347 4673 profecto
2380 4599 2519 4671 quia
2549 4596 2784 4686 aliunde
2808 4612 2985 4667 quam
3018 4612 3120 4667 per
3149 4596 3368 4686 ostium
3397 4597 3743 4655 ascendunt.

337 4694 508 4761 siam,
543 4694 770 4748 dicatur
798 4698 853 4749 et
883 4694 954 4748 de
998 4692 1225 4747 furibus
1272 4695 1432 4746 extra
1464 4689 1796 4745 Ecclesiam.
1831 4692 1980 4755 Quo-

334 4802 467 4841 rum
497 4784 607 4839 hoc
635 4788 723 4839 est
753 4784 1077 4837 maximum
1105 4785 1159 4837 et
1182 4780 1437 4852 primum
1486 4779 1793 4845 indicium,
1826 4781 1981 4852 quod

334 4891 449 4930 non
481 4873 705 4928 intrant
735 4888 836 4945 per
867 4871 1104 4935 ostium,
1131 4870 1231 4925 sed
1260 4868 1494 4924 aliunde
1524 4870 1981 4926 ascendunt.Pro

341 4981 460 5037 qua
490 4962 693 5034 utique
709 4960 1234 5033 transgressioneet
1251 4959 1709 5032 praesumptione
1736 4958 1901 5014 fures
1930 4963 1987 5015 et

326 5053 586 5108 latrones
614 5068 648 5105 a
668 5049 913 5105 Domino
937 5050 1019 5106 sic
1041 5048 1585 5121 pronuntiantur,nt
1613 5048 1981 5120 praemissum

328 5141 505 5197 etiam
528 5142 933 5214 juramentum
962 5140 1035 5195 ob
1069 5139 1176 5194 hoc
1206 5137 1465 5211 legatur:
1505 5161 1525 5187 οι
1560 5139 1771 5206 Amen,
1804 5154 1977 5192 amen

327 5231 455 5287 dico
482 5231 666 5297 vobis,
701 5232 799 5302 qui
820 5247 933 5285 non
950 5229 1244 5300 intratper
1264 5228 1483 5284 ostium
1504 5229 1562 5283 in
1586 5226 1731 5283 ovile
1753 5226 1979 5293 ovium,

326 5320 427 5374 sed
460 5319 726 5375 ascendit
773 5318 1031 5385 aliunde,
1082 5317 1178 5373 ille
1226 5318 1321 5372 fur
1366 5322 1455 5373 est
1503 5316 1650 5372 latro
1674 5317 1876 5386 (Joan.,
1919 5334 1977 5384 Χ,

328 5409 400 5479 1).
432 5428 459 5457 r
496 5407 659 5473 Quod
692 5406 739 5461 si
790 5411 844 5462 et
875 5407 1097 5479 absque
1142 5408 1479 5478 juramento
1526 5404 1786 5474 dixisset,
1844 5404 1977 5476 quis

324 5494 438 5551 nisi
467 5495 717 5550 mendax
748 5499 803 5550 ct
835 5496 1230 5551 Antichristus
1263 5495 1371 5569 ipsi
1398 5494 1639 5550 Veritati
1662 5498 1718 5549 et
1746 5494 1976 5550 Christo

322 5581 586 5649 loquenti
622 5598 737 5634 non
770 5584 1076 5638 crederet?
1109 5583 1218 5639 Sed
1244 5586 1729 5655 cumjuramcnto
1761 5584 1975 5640 idcirco

324 5666 545 5721 curavit
574 5668 852 5737 proﬁteri,
887 5672 1039 5740 quod
1090 5670 1317 5726 volebat
1350 5671 1678 5727 solliicitius
1699 5673 1887 5727 audiri
1918 5678 1972 5728 et

2092 4689 2354 4762 Denique
2375 4691 2476 4743 aut
2498 4684 2809 4742 saaculares
2833 4688 3153 4757 potestates
3173 4685 3360 4757 pretio
3382 4692 3738 4760 expugnant,

2093 4782 2193 4834 aut
2222 4776 2510 4833 inferioris
2559 4772 2784 4829 ordinis
2836 4772 3265 4831 ecclesiasticas
3312 4791 3614 4847 personas,
3646 4782 3749 4834 aut

2096 4883 2295 4923 earum
2346 4863 2708 4938 praepositos,
2757 4867 2860 4919 aut
2909 4867 3064 4919 certe
3113 4863 3422 4920 mediocris
3470 4866 3742 4936 potentias

2092 4956 2291 5012 laicos.
2325 4952 2647 5009 Minoribus
2679 4952 2835 5008 enim
2860 4951 3093 5024 populis
3113 4951 3270 5010 velut
3299 4951 3745 5012 invalidioribus

2091 5044 2293 5101 ovibus
2322 5043 2394 5097 ad
2427 5040 2862 5097 munimentum
2884 5042 2979 5097 sui
3009 5044 3386 5114 opponuntur
3413 5040 3451 5096 ii
3484 5046 3743 5113 quatuor

2090 5133 2342 5199 ordines,
2360 5135 2424 5187 ut
2453 5129 2763 5187 smculares
2784 5131 2903 5187 sint
2917 5131 3001 5187 eis
3025 5147 3230 5187 murus
3246 5133 3448 5186 contra
3465 5129 3745 5191 incursus

2088 5220 2369 5287 visibiles,
2399 5225 2456 5276 et
2486 5219 2868 5277 ecclesiastici
2907 5224 3127 5276 tectum
3158 5223 3363 5276 contra
3390 5218 3738 5279 invisibiles.

2087 5313 2325 5368 Constat
2337 5325 2472 5382 ergo
2491 5308 2714 5365 Simoni
2725 5326 2868 5366 anos
2883 5308 3233 5379 latrones,ut
3246 5307 3743 5381 prmvaleantoves

2087 5404 2343 5457 mactare
2375 5404 2432 5455 et
2471 5399 2733 5471 perdere,
2765 5398 3120 5455 intrinsecus
3151 5398 3480 5455 obtinuisse
3508 5414 3612 5471 per
3643 5416 3740 5457 eos

2089 5491 2188 5565 qui
2221 5491 2556 5546 defensores
2578 5488 2832 5545 adhibiti
2864 5492 3003 5545 sunt
3030 5489 3412 5545 extrinsecus.
3444 5486 3609 5543 Unde
3638 5504 3740 5545 nec

2084 5580 2197 5655 ipsi
2230 5581 2357 5636 sine
2389 5578 2609 5635 ultione
2633 5580 2906 5647 evadunt,
2964 5576 3085 5645 ubi,
3136 5577 3293 5633 velut
3332 5575 3607 5634 imbrices
3639 5581 3738 5635 aut

2083 5671 2308 5744 lapides
2338 5669 2586 5726 aediﬁcio
2618 5665 2921 5736 subtracti,
2954 5668 3082 5738 jam
3111 5682 3288 5739 super
3318 5665 3526 5724 faciem
3571 5670 3732 5723 terra:
