3970 6218
189 410 354 479 1305
419 378 426 393 ’

787 410 1204 480 ADVERSUS
1250 410 1716 479 SIMONIACOS
1762 410 1972 477 LIBRI
2014 414 2237 479 TRES.
2268 446 2345 464 -
2374 415 2607 481 LIBER
2648 408 3009 483 TERTIUS.

3446 404 3603 478 1206

186 546 441 623 neglecti
471 550 531 605 et
576 543 817 603 inutiles
839 546 1040 618 jacent
1068 549 1229 602 extra
1266 546 1479 603 Christi
1506 547 1839 603 aediﬁcium.
1871 546 1927 613 Α
1955 548 2181 617 obesse,
2213 550 2314 605 sed
2346 549 2520 606 etiam
2566 551 2863 622 prodesse,
2924 548 3168 606 Domino
3225 546 3603 617 reclamante,

183 639 297 696 Sed
329 641 388 694 et
410 636 523 710 ipsi
553 635 806 710 parietes
844 639 903 691 et
949 640 1167 690 tectum
1216 636 1540 707 perniciose
1570 637 1839 691 videntur

183 732 364 795 stare,
397 730 500 782 aut
528 740 859 798 superesse,
903 724 1102 796 fugato
1157 723 1294 779 inde
1348 724 1606 792 ostiario,
1657 728 1713 779 et
1741 742 1837 780 ex-

181 815 416 874 stinctis
446 814 671 883 ovibus,
705 831 835 886 qua)
858 812 1277 885 relinquuntur
1306 813 1614 869 solitudini
1637 820 1693 869 et
1724 814 1838 869 rui-

181 922 294 975 nas,
335 904 542 961 bestiis
572 919 810 977 quoque
841 906 899 958 et
936 902 1261 958 immundis
1292 904 1516 958 avibus.

807 1009 1040 1067 CAPUT
1078 1009 1218 1064 XLI.

184 1102 436 1171 Qualiter
464 1098 780 1154 Simoniani
808 1098 1095 1152 imitentur
1120 1097 1312 1171 arcuit
1348 1097 1587 1165 lures,et
1615 1112 1739 1167 qum
1767 1099 1840 1150 sit

463 1187 652 1226 eorum
680 1186 805 1236 vox,
830 1185 993 1241 quam
1023 1184 1139 1222 non
1169 1167 1405 1222 audiunt
1433 1183 1573 1222 oves.

258 1261 404 1317 Hinc
435 1258 838 1315 consideretur
868 1273 1046 1329 quam
1078 1257 1329 1311 maxime
1353 1260 1636 1327 congruat
1664 1255 1837 1310 latro-

188 1350 343 1407 cinio
372 1347 850 1405 Simonianorum
881 1345 1036 1416 quod
1086 1344 1232 1400 solet
1263 1344 1387 1399 fieri
1419 1360 1839 1415 nonnunquam

191 1456 227 1495 a
256 1436 451 1495 saeculi
482 1434 831 1491 latronibus.
850 1432 1376 1504 Nempe,violenter
1400 1432 1545 1487 ovile
1568 1432 1839 1503 ingressi,

190 1527 354 1601 prius
370 1525 678 1583 ostiarium
692 1521 1400 1596 aggrediuntur,eumque
1415 1538 1520 1577 nec
1537 1539 1697 1576 mora
1712 1522 1839 1575 suf-

189 1616 387 1672 focant
406 1618 509 1670 aut
529 1612 792 1685 alligant,
825 1615 891 1665 ut
911 1610 1175 1666 securius
1215 1626 1351 1665 oves
1373 1609 1482 1665 sibi
1518 1610 1756 1682 abigant
1785 1613 1841 1664 et

192 1702 630 1777 perdant.Quod
652 1701 813 1756 nefas
833 1699 1171 1771 quotidiano
1196 1699 1592 1771 experimento
1614 1702 1840 1755 constat

193 1791 322 1849 ﬁeri
343 1809 378 1848 a
419 1788 793 1854 Simonianis,
825 1793 880 1844 et
906 1792 1069 1843 tanto
1096 1789 1368 1860 nequius,
1395 1791 1614 1859 quanto
1645 1788 1840 1843 divina

194 1880 424 1954 potiora
451 1881 590 1935 sunt
617 1876 914 1932 humanis.
947 1876 1230 1947 Equidem
1251 1876 1467 1943 ipsi,ut
1497 1876 1694 1949 plebes
1723 1876 1838 1931 dici

192 1970 421 2043 possint
442 1968 618 2023 libere
630 1966 900 2021 devorare
916 1969 973 2020 et
985 1966 1245 2037 perdere,
1260 1965 1545 2037 Spiritum
1569 1969 1772 2022 sanctu
1782 1981 1839 2020 m

194 2059 256 2114 in
280 2058 363 2114 eis
395 2056 560 2129 prius
590 2056 977 2126 exstinguere,
1012 2058 1113 2110 aut
1144 2053 1407 2109 vinctum
1455 2054 1569 2109 sibi
1602 2058 1843 2109 conten-

196 2148 342 2204 dunt
369 2128 935 2216 mancipare.Nonne
955 2143 1226 2198 videntur
1250 2159 1386 2198 eum
1403 2128 1707 2215 alligatum
1736 2148 1846 2199 tra-

196 2236 354 2305 here,
382 2250 517 2291 cum
559 2234 689 2304 ejus
717 2232 969 2305 gratiam
1014 2232 1321 2287 confidunt
1342 2249 1404 2288 se
1429 2249 1600 2305 posse
1622 2233 1715 2288 cui
1746 2249 1844 2287 vo-

200 2324 417 2381 luerint
444 2326 726 2395 tanquam
756 2320 1046 2394 captivam
1076 2320 1324 2377 vendere
1349 2321 1377 2375 ?
1406 2322 1608 2377 Nonne
1629 2321 1788 2377 velut
1812 2338 1847 2376 a

197 2430 261 2471 se
290 2412 640 2469 exstinctum
674 2408 1115 2482 negligunt,ubi
1147 2426 1252 2465 sua
1286 2410 1530 2480 perﬁdia
1559 2411 1618 2466 in
1642 2411 1846 2467 ovibus

193 2519 341 2575 quas
367 2501 699 2557 viviﬁcabat
727 2498 896 2554 illum
928 2497 1329 2570 exstinguunt.
1354 2498 1656 2571 Exstingui
1689 2499 1845 2555 enim

194 2591 415 2649 dicitur
441 2589 697 2662 Spiritus
726 2591 1129 2655 sanctus,cum
1161 2588 1326 2654 ﬁdes,
1355 2605 1479 2660 quas
1511 2590 1714 2660 utique
1745 2589 1846 2643 do-

191 2697 337 2737 num
372 2678 701 2749 est,cuique
724 2678 851 2749 ipse
881 2675 1172 2749 przesidet,
1206 2692 1443 2733 accessu
1474 2677 1727 2749 perﬁdiae
1755 2694 1847 2732 ex-

203 2766 715 2842 stinguitur.Unde
748 2768 807 2821 et
831 2764 1145 2837 Apostolus
1178 2770 1376 2820 monet
1406 2766 1490 2820 sic
1513 2765 1850 2836 :«Spiritum

206 2858 390 2915 nolite
437 2856 827 2928 exstinguere,
888 2853 1222 2926 prophetias
1282 2853 1456 2909 nolite
1510 2871 1783 2927 spernere
1811 2855 1858 2925 (Ι

209 2949 406 3013 Tim.v,
440 2946 551 3014 10).
585 2966 614 2992 ››
648 2943 1041 3015 Exstinguunt
1070 2941 1240 3014 plane
1272 2943 1555 3015 Spiritum
1581 2947 1853 2999 sanctum

206 3037 369 3093 fures
399 3034 496 3091 isti
527 3037 587 3091 ln
616 3031 841 3099 ovibus,
883 3031 980 3086 ubi
1014 3031 1422 3088 communione
1451 3031 1538 3089 vel
1566 3050 1854 3089 consensu

208 3122 530 3197 impietatis
560 3121 848 3177 oﬂ'ensum
872 3119 1137 3175 recedere
1167 3120 1238 3175 ab
1278 3119 1362 3175 eis
1388 3124 1445 3175 et
1476 3121 1671 3192 fugere
1698 3136 1854 3175 com-

209 3212 475 3288 pellunt:
511 3226 626 3283 quo
656 3209 958 3274 exstincto,
992 3225 1193 3264 omnes
1219 3209 1345 3279 jam
1376 3208 1856 3281 prophetias,hoc

1948 653 2062 691 non
2093 637 2288 695 venire
2301 639 2457 696 fures
2478 638 2593 695 nisi
2618 640 2689 696 ad
2712 639 2914 709 furari,
2945 644 3200 698 mactare
3231 642 3287 695 et
3337 639 3603 711 perdere.

1946 724 2108 781 Unde
2131 726 2231 798 qui
2254 727 2373 783 haec
2395 728 2601 784 solain
2638 745 2699 785 se
2734 729 2973 799 habent,
3006 733 3063 785 et
3092 730 3165 784 ad
3196 728 3317 784 haec
3350 726 3476 784 sola
3505 742 3605 785 ve-

1946 813 2296 886 niunt,quod
2326 818 2547 874 bonum
2579 818 2717 873 dare
2758 817 2960 874 saltem
3003 818 3154 874 bono
3185 817 3424 873 cuilibet
3453 832 3597 888 pos-

1947 909 2105 971 sunt,
2139 904 2251 960 nisi
2282 906 2428 961 forte
2474 906 2884 978 resipiscentes
2934 923 2997 963 se
3031 907 3194 980 prius
3225 905 3600 977 mutaverint,

1947 1001 2001 1049 et
2026 995 2244 1049 bonum
2272 995 2426 1065 quod
2461 994 2591 1050 aliis
2616 996 2754 1050 dare
2783 999 3037 1067 possunt
3074 994 3402 1067 acceperint
3418 993 3599 1058 ?Quo-

1947 1100 2077 1137 rum
2110 1099 2181 1137 ne
2211 1082 2398 1139 dicam
2433 1083 2672 1151 factum,
2700 1084 2799 1139 sed
2826 1084 2954 1155 ipsa
2986 1100 3217 1156 quoque
3258 1100 3366 1139 vox
3394 1099 3600 1141 eorum

1948 1171 2007 1226 in
2039 1174 2267 1226 tantum
2292 1171 2521 1226 funesta
2552 1175 2659 1238 est,
2712 1172 2760 1225 si
2811 1188 2934 1228 eam
2974 1173 3284 1241 audierint,
3318 1189 3432 1228 non
3465 1190 3598 1245 pos-

1948 1259 2067 1314 sint
2100 1276 2211 1313 non
2235 1260 2380 1314 mori
2404 1276 2555 1314 oves.
2576 1260 2854 1330 Denique,
2878 1260 2978 1315 ubi
3005 1276 3133 1315 eam
3159 1261 3473 1331 audierint,
3500 1262 3599 1317 de-

1952 1348 2156 1404 sinunt
2178 1364 2301 1402 esse
2330 1364 2464 1403 oves
2485 1347 2721 1418 Christi,
2754 1347 2880 1418 ipso
2930 1352 3285 1420 protestante
3317 1351 3454 1420 quia
3483 1367 3626 1406 non.

1948 1436 2263 1493 audierunt
2289 1452 2388 1490 eos
2419 1452 2572 1490 oves.
2616 1439 2781 1490 Patet
2810 1452 2944 1507 ergo
2980 1436 3125 1492 tales
3150 1439 3277 1507 jam
3310 1454 3425 1493 non
3456 1438 3597 1493 boni

1948 1524 2199 1598 pastoris
2231 1541 2381 1595 oves,
2406 1541 2531 1595 quae
2573 1523 2887 1579 audierunt
2940 1524 3117 1579 fures.
3148 1530 3215 1579 Et
3250 1525 3390 1596 quid
3417 1526 3603 1580 sunt?

1950 1616 2438 1686 Raptze,mactatze
2470 1630 2505 1668 a
2535 1613 2763 1668 furibus
2797 1618 2853 1667 et
2890 1612 3149 1685 perditae,
3186 1618 3240 1669 et
3271 1612 3488 1669 idcirco
3519 1613 3602 1670 nil

1947 1701 2107 1758 aliud
2133 1703 2260 1772 jam
2288 1717 2467 1773 quam
2517 1700 2811 1756 latronum
2871 1701 3140 1757 victimae.
3176 1702 3402 1766 Quibus
3433 1701 3606 1758 malis

1948 1792 2173 1847 miserae
2203 1807 2319 1845 non
2337 1791 2808 1859 succumberent,
2843 1790 2891 1844 si
2916 1807 3120 1845 eorum
3152 1808 3320 1847 voces
3357 1808 3472 1846 uon
3507 1808 3610 1847 au-

1945 1880 2473 1943 dissent.Quamvis
2495 1879 2652 1933 enim
2667 1878 2921 1935 latrones
2937 1881 3260 1952 irrumpere
3281 1879 3606 1953 aliquando

1953 1970 2025 2025 ad
2045 1986 2178 2025 oves
2204 1968 2569 2041 praevaleant,
2605 1984 2721 2022 non
2746 1971 2944 2023 tamen
2970 1974 3221 2040 possunt
3242 1970 3444 2038 furari,
3480 1986 3604 2025 ma-

1952 2063 2106 2113 ctare
2137 2060 2237 2112 aut
2267 2059 2503 2128 perdere
2537 2055 2786 2121 eas,nisi
2818 2056 2982 2127 prius
3011 2056 3144 2112 illos
3174 2057 3419 2113 audiant
3452 2075 3464 2125 ;
3499 2073 3604 2113 nec

1952 2145 2214 2202 efficiunt
2235 2146 2389 2200 fures
2412 2145 2566 2216 quod
2586 2148 2832 2212 tentant,
2859 2145 3119 2216 quandiu
3152 2162 3285 2201 oves
3317 2146 3402 2201 eis
3432 2145 3601 2201 audi-

1953 2239 2078 2289 tum
2112 2250 2287 2288 suum
2307 2249 2423 2288 non
2447 2233 2915 2288 accommodant.
2950 2237 3104 2300 Quas
3132 2234 3287 2290 enim
3321 2250 3491 2290 neces
3521 2233 3605 2288 Si-

1955 2321 2210 2378 moniani
2235 2320 2930 2393 prmvalerentcatholicis
2951 2323 3180 2389 inferre,
3200 2324 3250 2377 si
3274 2322 3603 2395 praemoniti

1957 2429 1990 2467 a
2015 2412 2165 2466 bono
2186 2413 2415 2482 pastore
2433 2426 2541 2465 suo
2565 2410 2815 2479 Christo,
2841 2412 3172 2483 refugerent
3193 2429 3289 2467 eos
3321 2416 3606 2484 tanquam

1957 2503 2219 2572 pastores
2275 2498 2496 2569 audire,
2543 2513 2835 2570 suumque
2892 2500 3143 2555 favorem
3176 2504 3231 2555 et
3259 2516 3639 2573 consensum,

1958 2586 2175 2644 talibus
2197 2587 2429 2643 furibus
2450 2587 2706 2658 prmbere
2726 2588 2755 2642 ?
2781 2588 3173 2652 Quamobrem
3210 2588 3614 2661 multiplicatio

1958 2682 2016 2732 et
2043 2675 2287 2733 audacia
2308 2677 2503 2731 furum
2529 2681 2587 2731 et
2636 2675 2934 2732 latronum
2967 2677 3221 2733 maxime
3253 2680 3517 2751 provenit
3548 2695 3618 2735 ex

1964 2767 2177 2821 misera
2203 2765 2484 2837 patientia
2526 2765 2745 2831 ovium,
2779 2768 3085 2838 quzsjusto
3109 2768 3203 2823 Dei
3228 2767 3451 2839 judicio
3483 2785 3614 2841 per-

1963 2858 2124 2921 eunt,
2158 2854 2297 2925 quia
2327 2854 2562 2909 duobus
2591 2854 2829 2910 iudiciis
2859 2856 3016 2910 velut
3064 2856 3308 2911 totidem
3361 2857 3614 2914 testibus

1963 2948 2266 3017 praeventas
2300 2947 2357 2999 et
2387 2944 2627 3012 edoctm,
2654 2944 2809 2999 fures
2833 2961 3034 3001 cavere
3065 2950 3166 3001 aut
3198 2945 3497 3019 neglexere
3513 2950 3614 3003 aut

1965 3037 2388 3104 contempsere.
2422 3032 2707 3104 Equidem
2767 3034 2881 3088 duo
2939 3034 3176 3104 indicia,
3209 3036 3425 3106 quibus
3455 3037 3614 3092 fures

1966 3126 2399 3195 cognoscerent,
2426 3122 2550 3176 suis
2583 3122 2775 3177 bonus
2812 3128 3013 3195 pastor
3053 3125 3357 3196 proposuit
3387 3124 3615 3191 ovibus,

1968 3216 2033 3267 ut
2055 3210 2099 3265 si
2128 3210 2271 3267 forte
2292 3227 2476 3265 unum
2500 3211 2625 3266 sine
2647 3212 3006 3267 conscientia
3024 3229 3227 3267 eorum
3246 3216 3302 3267 et
3322 3212 3619 3269 voluntate

209 3280 301 3360 est
333 3280 566 3358 sanctas
580 3298 910 3370 Scripturas
931 3280 1661 3369 aspernantur.Quaieuim
1694 3315 1857 3353 reve-
1887 3280 1931 3347 (ἶ
1971 3301 2350 3372 contingeret,
2383 3298 2631 3354 alterum
2665 3300 3004 3356 devitarcnt.
3039 3302 3109 3356 Et
3137 3301 3302 3373 prius
3333 3302 3618 3357 indicium

209 3390 402 3449 rentia
422 3390 549 3461 jam
572 3386 896 3459 suscipient
926 3385 1173 3442 aliorum
1197 3387 1540 3455 sententias,
1556 3388 1655 3459 qui
1686 3387 1863 3442 etiam

211 3481 405 3554 ipsius
436 3477 633 3550 magni
666 3475 963 3546 Prophetas
994 3479 1051 3530 et
1073 3475 1300 3531 Domini
1322 3476 1737 3548 prophetarum
1764 3476 1865 3531 de-

213 3566 494 3627 cretalem
526 3564 897 3630 sententiam,
929 3580 1066 3635 qua,
1089 3564 1445 3621 institutioni
1478 3568 1867 3621 sacramento-

214 3673 356 3715 rum
386 3669 626 3710 suorum
658 3652 1051 3717 subscribens,
1104 3652 1221 3708 ait:
1256 3675 1283 3702 «
1315 3653 1506 3708 Gratis
1540 3652 1867 3725 accepistis,

216 3746 407 3822 gratis
436 3744 569 3800 date
597 3742 813 3812 (Matth.
848 3760 904 3810 x,
951 3743 1029 3813 8),
1062 3764 1091 3791 »
1142 3745 1265 3797 tam
1319 3741 1693 3813 pertinaciter
1738 3759 1870 3798 con-

220 3834 456 3893 culcant
475 3832 504 3887 ?
530 3830 698 3887 Tales
727 3831 839 3886 etsi
871 3831 1142 3888 videntur
1188 3830 1343 3886 intra
1380 3829 1692 3886 Ecclesiam
1721 3848 1869 3898 esse,

223 3923 366 3998 quia
397 3920 679 3976 nimirum
701 3923 761 3975 et
789 3919 948 3975 fures
971 3935 1104 3974 cum
1137 3918 1698 3986 furantur,videntur
1722 3918 1876 3974 intra

226 4009 509 4077 ovile.Qui
541 4009 744 4080 utique
776 4008 972 4063 minus
1031 4008 1580 4077 condemnarentur,
1615 4007 1662 4063 si
1715 4011 1878 4063 extra

230 4096 991 4157 furarentur.NonneJudzei
1014 4099 1073 4151 et
1096 4096 1305 4169 pagani
1329 4096 1647 4167 aliquando
1672 4096 1876 4151 viden-

228 4194 329 4247 tur
356 4189 513 4244 intra
559 4184 894 4242 materiales
950 4183 1217 4241 Ecclesiae
1267 4184 1517 4255 parietes
1535 4185 1561 4237 ἱ)
1588 4185 1653 4239 Et
1682 4188 1878 4240 tamen

230 4277 434 4351 quales
466 4273 1262 4342 intrant,tales,exeunt;imo
1295 4274 1520 4345 pejores
1553 4277 1692 4329 sunt
1720 4275 1883 4329 intus

233 4384 303 4425 ex
322 4365 778 4439 praesumptione
790 4380 897 4418 sua
908 4367 965 4419 et
985 4366 1484 4419 sacramentorum
1507 4361 1723 4433 injuria
1738 4361 1879 4417 alio~

234 4470 484 4526 rumque
513 4451 1175 4516 contaminatione.Quze
1208 4450 1362 4507 enim
1408 4467 1541 4523 pars
1566 4450 1722 4506 fideli
1749 4467 1884 4506 cum

237 4542 456 4599 infideli
478 4543 505 4597 ?
536 4543 611 4614 (II
639 4542 763 4597 Cor.
800 4559 875 4610 vx,
908 4543 1018 4613 15,)
1049 4543 1149 4614 qui
1184 4546 1403 4608 tamen,
1438 4540 1695 4612 quandiu
1727 4540 1887 4596 intus

1972 3390 2169 3445 furum
2201 3394 2255 3443 et
2284 3388 2581 3443 latronum
2613 3390 2962 3460 proponitur
2993 3407 3061 3445 ex
3094 3390 3334 3445 introitu
3367 3391 3426 3445 in
3455 3391 3623 3457 ovile,

1974 3479 2024 3535 si
2055 3495 2170 3533 non
2202 3479 2265 3532 ﬁt
2286 3495 2388 3549 per
2416 3478 2655 3547 ostium,
2693 3478 2793 3532 sed
2844 3478 3098 3533 aliunde.
3131 3477 3397 3533 Alterum
3430 3482 3627 3534 autem

1976 3570 2032 3623 et
2060 3565 2353 3639 incognita
2400 3565 2603 3621 ovibus
2646 3582 2804 3634 voce,
2839 3581 3015 3637 quam
3064 3565 3201 3623 hinc
3270 3582 3508 3622 necesse
3540 3571 3634 3622 est

1978 3673 2101 3726 qua:
2124 3655 2200 3709 sit
2228 3653 2479 3709 breviter
2507 3652 2894 3721 inculcemus,
2928 3653 3069 3725 quia
3117 3654 3187 3708 de
3250 3670 3522 3725 perverso
3548 3654 3635 3709 in-

1977 3743 2155 3799 troitu
2187 3741 2546 3798 sufﬁcienter
2592 3741 2950 3797 inculcatum
3002 3746 3261 3814 putatur.
3293 3742 3455 3798 Sicut
3500 3759 3629 3815 vox,

1979 3831 2140 3888 verbi
2169 3830 2378 3903 gratia,
2400 3830 2746 3886 Arianorum
2780 3835 2869 3886 est
2899 3830 3113 3887 Filium
3147 3831 3435 3887 minorem
3464 3833 3635 3889 Patre

1984 3920 2392 3991 asserere,ipso
2425 3919 2571 3975 Filio
2593 3919 2943 3975 reclamante
2962 3936 3013 3975 :«
3031 3922 3148 3994 Ego
3171 3925 3227 3977 et
3248 3926 3417 3977 Pater
3449 3937 3636 3978 unum

1984 4027 2192 4067 sumus
2221 4011 2406 4078 (Joan.
2442 4027 2496 4077 Χ,
2526 4010 2581 4080 7)
2611 4027 2623 4076 ;
2666 4032 2691 4057 ››
2724 4009 2809 4065 sic
2838 4008 3227 4066 nihilominus
3262 4009 3636 4066 Simoniano-

1988 4116 2121 4156 rum
2150 4115 2256 4154 vox
2286 4105 2404 4153 est:
2441 4096 2727 4170 Spiritum
2774 4101 3046 4154 sanctum
3103 4098 3366 4155 venalem
3396 4098 3635 4165 habere,

1990 4190 2341 4246 reclamante
2363 4188 2565 4243 eodem
2589 4188 2761 4258 cujus
2783 4187 3024 4259 spiritus
3046 4192 3135 4244 est
3154 4188 3410 4244 Christo:
3441 4210 3468 4238 «
3495 4188 3641 4244 Gra-

1991 4279 2065 4334 tis
2090 4276 2417 4349 accepistis,
2452 4276 2634 4349 gratis
2668 4276 2798 4332 date
2822 4276 3027 4348 (Matth.
3060 4295 3117 4347 x,
3150 4279 3224 4349 8).
3264 4299 3291 4326 »
3322 4277 3507 4341 Quam
3535 4293 3641 4333 vo-

1993 4384 2119 4423 cem
2142 4365 2355 4421 Christi
2404 4365 2451 4421 si
2476 4369 2840 4438 cognoscunt
2869 4370 2925 4421 et
2972 4366 3167 4422 sciunt
3214 4368 3341 4438 ejus
3372 4383 3528 4435 oves,
3552 4383 3651 4423 ne-

1995 4472 2157 4512 cesse
2186 4460 2276 4510 est
2306 4458 2599 4526 pastorem
2632 4471 2805 4510 suum
2852 4460 3175 4527 sequantur
3203 4460 3262 4512 et
3289 4473 3403 4512 non
3434 4456 3649 4528 furem,

1996 4544 2096 4615 qui
2128 4542 2331 4616 procul
2363 4542 2539 4598 dubio
2586 4542 2815 4598 alienus
2866 4549 2991 4599 est:
3030 4562 3203 4616 quem
3252 4544 3381 4601 ideo
3412 4561 3527 4601 non
3559 4561 3650 4600 se-

239 4633 529 4698 videntur,
564 4630 831 4701 nunquid
865 4648 967 4701 pro
1026 4629 1372 4686 Christianis
1422 4629 1764 4685 habentur?
1793 4630 1887 4685 Sic
1921 4652 1966 4714 D
1997 4637 2263 4704 quuntur
2280 4648 2439 4699 oves,
2462 4632 2561 4687 sed
2589 4631 2824 4703 fugiunt
2842 4632 2911 4686 ab
2937 4649 3024 4697 eo,
3061 4634 3201 4705 quia
3226 4651 3337 4689 non
3371 4638 3655 4689 noverunt

238 4720 440 4795 procul
474 4719 652 4776 dubio
676 4718 1000 4775 Simoniani
1035 4720 1176 4774 dum
1214 4719 1485 4774 videntur
1513 4718 1666 4773 intra
1697 4719 1889 4774 Eccle-

239 4810 411 4879 siam,
433 4812 574 4864 tunc
601 4808 790 4880 magis
811 4807 1161 4879 reprobandi
1182 4811 1239 4864 et
1261 4809 1418 4864 fures
1436 4807 1691 4863 habendi
1724 4812 1884 4863 sunt.

239 4898 349 4966 Qui
380 4896 636 4971 denique
664 4900 804 4951 tunc
834 4897 1106 4952 credendi
1165 4901 1306 4953 sunt
1356 4897 1511 4953 fures
1550 4901 1606 4952 et
1635 4894 1892 4953 latrones

242 5006 360 5044 non
389 5004 451 5043 es
466 5002 551 5055 se,
586 4986 683 5040 ubi
708 4985 1050 5058 probabitur
1069 5002 1284 5058 eosper
1302 4986 1518 5041 ostium
1556 4986 1805 5041 intrasse
1834 4986 1894 5041 in

244 5076 409 5145 ovile,
449 5090 553 5131 nec
604 5073 843 5130 aliunde
891 5076 1248 5130 ascendisse.
1284 5076 1382 5130 Sin
1419 5075 1585 5142 alias,
1620 5091 1724 5130 ucc
1752 5074 1897 5147 ipsis

243 5163 525 5238 exceptis,
558 5179 664 5219 nec
677 5162 1041 5235 quibuslibet
1060 5164 1368 5230 haereticis,
1391 5181 1616 5232 omnes,
1649 5167 1900 5220 testante

242 5253 516 5322 Domino,
551 5256 838 5325 quotquot
893 5257 1101 5325 praeter
1147 5253 1365 5309 ostium
1406 5256 1707 5322 venerunt,
1742 5253 1902 5309 fures

246 5347 390 5401 sunt
419 5346 477 5398 et
506 5341 783 5397 latrones.
819 5342 925 5408 Qui
956 5359 1027 5398 ne
1060 5343 1205 5398 forte
1237 5345 1585 5414 putarentur
1614 5342 1672 5397 in
1706 5341 1902 5414 aliquo

247 5430 619 5500 utiles,sicut
636 5432 1000 5501 mercenarii,
1036 5432 1420 5502 subjunctum
1443 5434 1558 5487 est:
1592 5454 1622 5481 «.
1648 5432 1759 5486 Fur
1788 5448 1902 5487 non

245 5521 405 5579 venit
434 5519 550 5576 nisi
580 5523 647 5575 ut
677 5519 903 5577 furetur
932 5524 989 5576 et
1035 5523 1250 5575 mactet
1296 5524 1353 5575 et
1402 5520 1607 5592 perdat
1634 5520 1812 5592 (Joan.
1845 5538 1902 5589 x,

254 5611 364 5685 10).
397 5632 421 5662 »
446 5608 560 5666 Ubi
591 5612 730 5664 sunt
757 5624 895 5682 ergo
916 5608 1017 5681 qui
1037 5609 1354 5681 praedicant
1374 5609 1541 5667 bonis
1557 5610 1711 5682 quod
1740 5625 1773 5664 a
1791 5625 1909 5665 ma-

249 5701 326 5760 lis
356 5696 715 5757 Simonianis
772 5702 1121 5771 acceperunt
1175 5698 1397 5755 bonum
1456 5715 1573 5755 non
1601 5698 1792 5756 solum
1825 5700 1909 5757 nil

2003 4739 2203 4778 vocem
2226 4720 2843 4791 alienorum,quorum
2868 4738 2931 4776 os
2964 4722 3223 4793 loquitur
3252 4721 3567 4777 vanitatem
3599 4725 3658 4776 et

2002 4812 2235 4867 dextera
2263 4825 2463 4865 eorum
2492 4809 3075 4880 dexterainiquitatis
3098 4812 3481 4883 (Psal.cxmr,
3513 4807 3590 4877 8).
3628 4831 3657 4858 »

2004 4900 2167 4954 Unde
2199 4914 2369 4952 nemo
2413 4913 2475 4951 se
2518 4895 2736 4969 palpet,
2790 4914 2961 4952 nemo
2996 4898 3107 4954 sibi
3163 4897 3233 4953 ad
3292 4897 3657 4953 excusandas

2006 4987 2412 5043 excusationes
2433 4985 2493 5039 in
2514 4986 2765 5056 peccatis
2793 4990 3067 5056 tanquam
3096 4985 3228 5040 folia
3254 4983 3512 5040 ficulneae
3534 4985 3661 5041 suis

2008 5076 2299 5151 pudendis
2323 5073 2850 5145 aptet.Quicunque
2881 5074 3260 5130 auditvocem
3291 5073 3665 5129 Simoniano-

2007 5182 2141 5222 rum
2164 5161 2522 5220 dicentium:
2560 5184 2587 5211 «
2621 5162 2746 5217 Non
2780 5163 2853 5217 do
2883 5162 2989 5217 tibi
3033 5163 3414 5235 baptismum,
3444 5178 3559 5218 non
3593 5163 3667 5219 do

2011 5253 2117 5310 tibi
2145 5250 2406 5324 corporis
2434 5253 2491 5305 et
2518 5249 2828 5322 sanguinis
2851 5251 3067 5306 Christi
3086 5254 3667 5318 sacramentum,uon

2012 5344 2084 5398 do
2113 5342 2218 5397 tibi
2251 5340 2535 5413 Spiritum
2572 5344 2866 5408 sanctum,
2906 5356 3019 5395 non
3070 5340 3142 5395 do
3190 5340 3296 5395 tibi
3347 5339 3674 5412 quemlibet

2011 5431 2261 5504 gradum
2318 5428 2807 5498 ecclesiasticum,
2859 5445 2964 5484 nec
2998 5430 3143 5486 facio
3201 5428 3671 5486 consecrationes

2014 5518 2513 5586 ecclesiarum,vel
2543 5534 2930 5591 quascunque
2955 5518 3101 5576 alias
3133 5518 3673 5576 administrationes

2015 5609 2349 5667 divinorum
2380 5610 2911 5677 sacramentorum,
2946 5609 3061 5666 nisi
3110 5608 3340 5666 dederis
3373 5608 3517 5664 mihi
3550 5623 3684 5681 pre-

2021 5700 2172 5759 tium
2199 5719 2211 5769 ;
2251 5698 2454 5775 procul
2479 5699 2657 5756 dubio
2692 5715 2809 5755 non
2838 5703 2928 5756 est
2961 5700 3083 5758 ovis
3115 5698 3560 5770 Christi,contra
3588 5713 3690 5754 ou-
