  <div class='ocr_page' id='page_1' title='image "/cluster/home/n/w/nwhite01/storage/ocr_20150623/143/uva.x000829790/630.png"; bbox 0 0 3970 6218; ppageno 0'>
   <div class='ocr_carea' id='block_1_1' title="bbox 152 301 307 369">
    <p class='ocr_par' dir='ltr' id='par_1_1' title="bbox 152 301 307 369">
     <span class='ocr_line' id='line_1_1' title="bbox 152 301 307 369; baseline -0.013 0"><span class='ocrx_word' id='word_1_1' title='bbox 152 301 307 369; x_wconf 71' lang='grc'>1209</span> 
     </span>
    </p>
   </div>
   <div class='ocr_carea' id='block_1_2' title="bbox 741 252 2966 367">
    <p class='ocr_par' dir='ltr' id='par_1_2' title="bbox 741 252 2966 367">
     <span class='ocr_line' id='line_1_2' title="bbox 741 252 2966 367; baseline -0.001 -2"><span class='ocrx_word' id='word_1_2' title='bbox 741 298 1153 365; x_wconf 81' lang='lat' dir='ltr'>ADVERSUS</span> <span class='ocrx_word' id='word_1_3' title='bbox 1198 297 1672 367; x_wconf 81' lang='lat' dir='ltr'>SIMONIACOS</span> <span class='ocrx_word' id='word_1_4' title='bbox 1715 252 1921 363; x_wconf 79' lang='lat' dir='ltr'>LlBBI</span> <span class='ocrx_word' id='word_1_5' title='bbox 1965 299 2187 364; x_wconf 78' lang='lat' dir='ltr'>TRES.</span> <span class='ocrx_word' id='word_1_6' title='bbox 2228 301 2563 365; x_wconf 82' lang='lat' dir='ltr'>—LIBER</span> <span class='ocrx_word' id='word_1_7' title='bbox 2604 302 2966 367; x_wconf 81' lang='lat' dir='ltr'>TERTIUS.</span> 
     </span>
    </p>
   </div>
   <div class='ocr_carea' id='block_1_3' title="bbox 3401 304 3562 372">
    <p class='ocr_par' dir='ltr' id='par_1_3' title="bbox 3401 304 3562 372">
     <span class='ocr_line' id='line_1_3' title="bbox 3401 304 3562 372; baseline 0.037 -6"><span class='ocrx_word' id='word_1_8' title='bbox 3401 304 3562 372; x_wconf 75' lang='grc'><strong>1210</strong></span> 
     </span>
    </p>
   </div>
   <div class='ocr_carea' id='block_1_4' title="bbox 151 434 3561 515">
    <p class='ocr_par' dir='ltr' id='par_1_4' title="bbox 151 434 3561 515">
     <span class='ocr_line' id='line_1_4' title="bbox 151 434 3561 515; baseline 0 -18"><span class='ocrx_word' id='word_1_9' title='bbox 151 455 349 497; x_wconf 90' lang='lat' dir='ltr'>meum</span> <span class='ocrx_word' id='word_1_10' title='bbox 377 436 684 511; x_wconf 83' lang='lat' dir='ltr'>gratuito?</span> <span class='ocrx_word' id='word_1_11' title='bbox 730 434 940 491; x_wconf 92' lang='lat' dir='ltr'>Nullus</span> <span class='ocrx_word' id='word_1_12' title='bbox 972 436 1129 490; x_wconf 89' lang='lat' dir='ltr'>enim</span> <span class='ocrx_word' id='word_1_13' title='bbox 1162 436 1219 489; x_wconf 91' lang='lat' dir='ltr'>in</span> <span class='ocrx_word' id='word_1_14' title='bbox 1266 437 1428 492; x_wconf 87' lang='lat' dir='ltr'>vobis</span> <span class='ocrx_word' id='word_1_15' title='bbox 1474 440 1563 491; x_wconf 87' lang='lat' dir='ltr'>est</span> <span class='ocrx_word' id='word_1_16' title='bbox 1611 452 1797 507; x_wconf 90' lang='lat' dir='ltr'>usque</span> <span class='ocrx_word' id='word_1_17' title='bbox 1828 449 1883 515; x_wconf 71' lang='grc' dir='ltr'><strong>Α</strong></span> <span class='ocrx_word' id='word_1_18' title='bbox 1912 436 2141 491; x_wconf 89' lang='lat' dir='ltr'>terdum</span> <span class='ocrx_word' id='word_1_19' title='bbox 2174 436 2297 491; x_wconf 82' lang='lat' dir='ltr'>ﬁeri</span> <span class='ocrx_word' id='word_1_20' title='bbox 2324 455 2336 505; x_wconf 92' lang='lat'><strong>;</strong></span> <span class='ocrx_word' id='word_1_21' title='bbox 2361 436 2767 494; x_wconf 68' lang='lat' dir='ltr'>haereticorum</span> <span class='ocrx_word' id='word_1_22' title='bbox 2802 441 2995 494; x_wconf 88' lang='lat' dir='ltr'>autem</span> <span class='ocrx_word' id='word_1_23' title='bbox 3029 454 3135 494; x_wconf 90' lang='lat' dir='ltr'>nec</span> <span class='ocrx_word' id='word_1_24' title='bbox 3164 455 3267 512; x_wconf 88' lang='lat' dir='ltr'>pro</span> <span class='ocrx_word' id='word_1_25' title='bbox 3298 443 3561 513; x_wconf 86' lang='lat' dir='ltr'>tempore</span> 
     </span>
    </p>
   </div>
   <div class='ocr_carea' id='block_1_5' title="bbox 155 525 1802 591">
    <p class='ocr_par' dir='ltr' id='par_1_5' title="bbox 155 525 1802 591">
     <span class='ocr_line' id='line_1_5' title="bbox 155 525 1802 591; baseline -0.005 -6"><span class='ocrx_word' id='word_1_26' title='bbox 155 530 224 586; x_wconf 89' lang='lat' dir='ltr'>ad</span> <span class='ocrx_word' id='word_1_27' title='bbox 253 531 583 585; x_wconf 85' lang='lat' dir='ltr'>extremum</span> <span class='ocrx_word' id='word_1_28' title='bbox 622 525 1055 591; x_wconf 89' lang='lat' dir='ltr'>ministrorum,</span> <span class='ocrx_word' id='word_1_29' title='bbox 1092 542 1204 579; x_wconf 90' lang='lat' dir='ltr'>non</span> <span class='ocrx_word' id='word_1_30' title='bbox 1254 526 1380 580; x_wconf 90' lang='lat' dir='ltr'>dico</span> <span class='ocrx_word' id='word_1_31' title='bbox 1426 525 1697 580; x_wconf 90' lang='lat' dir='ltr'>sacerdos</span> <span class='ocrx_word' id='word_1_32' title='bbox 1745 528 1802 578; x_wconf 91' lang='lat' dir='ltr'>et</span> 
     </span>
    </p>
   </div>
   <div class='ocr_carea' id='block_1_6' title="bbox 150 613 1796 688">
    <p class='ocr_par' dir='ltr' id='par_1_6' title="bbox 150 613 1796 688">
     <span class='ocr_line' id='line_1_6' title="bbox 150 613 1796 688; baseline -0.009 -12"><span class='ocrx_word' id='word_1_33' title='bbox 150 617 357 684; x_wconf 65' lang='lat' dir='ltr'>ceteri,</span> <span class='ocrx_word' id='word_1_34' title='bbox 389 617 490 672; x_wconf 90' lang='lat' dir='ltr'>sed</span> <span class='ocrx_word' id='word_1_35' title='bbox 523 632 595 670; x_wconf 90' lang='lat' dir='ltr'>ne</span> <span class='ocrx_word' id='word_1_36' title='bbox 615 615 842 688; x_wconf 89' lang='lat' dir='ltr'>janitor</span> <span class='ocrx_word' id='word_1_37' title='bbox 888 613 1145 686; x_wconf 80' lang='lat' dir='ltr'>quidem,</span> <span class='ocrx_word' id='word_1_38' title='bbox 1182 617 1239 667; x_wconf 85' lang='lat' dir='ltr'>et</span> <span class='ocrx_word' id='word_1_39' title='bbox 1290 614 1389 684; x_wconf 85' lang='lat' dir='ltr'>qui</span> <span class='ocrx_word' id='word_1_40' title='bbox 1432 614 1625 683; x_wconf 84' lang='lat' dir='ltr'>ignem</span> <span class='ocrx_word' id='word_1_41' title='bbox 1659 629 1796 683; x_wconf 88' lang='lat' dir='ltr'>sup-</span> 
     </span>
    </p>
   </div>
   <div class='ocr_carea' id='block_1_7' title="bbox 151 700 1801 781">
    <p class='ocr_par' dir='ltr' id='par_1_7' title="bbox 151 700 1801 781">
     <span class='ocr_line' id='line_1_7' title="bbox 151 700 1801 781; baseline -0.005 -18"><span class='ocrx_word' id='word_1_42' title='bbox 151 707 312 781; x_wconf 84' lang='lat' dir='ltr'>ponit</span> <span class='ocrx_word' id='word_1_43' title='bbox 342 705 513 762; x_wconf 91' lang='lat' dir='ltr'>altari</span> <span class='ocrx_word' id='word_1_44' title='bbox 554 705 624 760; x_wconf 88' lang='lat' dir='ltr'>ad</span> <span class='ocrx_word' id='word_1_45' title='bbox 677 703 991 760; x_wconf 91' lang='lat' dir='ltr'>cremanda</span> <span class='ocrx_word' id='word_1_46' title='bbox 1042 702 1402 763; x_wconf 81' lang='lat' dir='ltr'>holocausta,</span> <span class='ocrx_word' id='word_1_47' title='bbox 1466 700 1566 773; x_wconf 85' lang='lat' dir='ltr'>qui</span> <span class='ocrx_word' id='word_1_48' title='bbox 1621 718 1734 756; x_wconf 91' lang='lat' dir='ltr'>non</span> <span class='ocrx_word' id='word_1_49' title='bbox 1768 717 1801 755; x_wconf 93' lang='lat' dir='ltr'>a</span> 
     </span>
    </p>
   </div>
   <div class='ocr_carea' id='block_1_8' title="bbox 153 788 1804 865">
    <p class='ocr_par' dir='ltr' id='par_1_8' title="bbox 153 788 1804 865">
     <span class='ocr_line' id='line_1_8' title="bbox 153 788 1804 865; baseline -0.005 -14"><span class='ocrx_word' id='word_1_50' title='bbox 153 812 243 851; x_wconf 88' lang='lat' dir='ltr'>me</span> <span class='ocrx_word' id='word_1_51' title='bbox 270 794 600 849; x_wconf 86' lang='lat' dir='ltr'>mercedem</span> <span class='ocrx_word' id='word_1_52' title='bbox 633 791 1117 865; x_wconf 87' lang='lat' dir='ltr'>accipiatlaboris</span> <span class='ocrx_word' id='word_1_53' title='bbox 1150 790 1310 845; x_wconf 81' lang='lat' dir='ltr'>sui.»</span> <span class='ocrx_word' id='word_1_54' title='bbox 1342 791 1457 845; x_wconf 85' lang='lat' dir='ltr'>Hoc</span> <span class='ocrx_word' id='word_1_55' title='bbox 1490 794 1685 845; x_wconf 88' lang='lat' dir='ltr'>autem</span> <span class='ocrx_word' id='word_1_56' title='bbox 1719 788 1804 844; x_wconf 88' lang='lat' dir='ltr'>di-</span> 
     </span>
    </p>
   </div>
   <div class='ocr_carea' id='block_1_9' title="bbox 156 879 1803 953">
    <p class='ocr_par' dir='ltr' id='par_1_9' title="bbox 156 879 1803 953">
     <span class='ocr_line' id='line_1_9' title="bbox 156 879 1803 953; baseline -0.004 -14"><span class='ocrx_word' id='word_1_57' title='bbox 156 885 250 952; x_wconf 89' lang='lat' dir='ltr'>cit,</span> <span class='ocrx_word' id='word_1_58' title='bbox 271 883 532 938; x_wconf 89' lang='lat' dir='ltr'>decimas</span> <span class='ocrx_word' id='word_1_59' title='bbox 555 882 897 953; x_wconf 77' lang='lat' dir='ltr'>significans</span> <span class='ocrx_word' id='word_1_60' title='bbox 928 879 1191 936; x_wconf 89' lang='lat' dir='ltr'>omnium</span> <span class='ocrx_word' id='word_1_61' title='bbox 1228 881 1462 952; x_wconf 86' lang='lat' dir='ltr'>frugum</span> <span class='ocrx_word' id='word_1_62' title='bbox 1496 896 1621 951; x_wconf 66' lang='lat' dir='ltr'>qua:</span> <span class='ocrx_word' id='word_1_63' title='bbox 1670 880 1803 933; x_wconf 76' lang='lat' dir='ltr'>olfe-</span> 
     </span>
    </p>
   </div>
   <div class='ocr_carea' id='block_1_10' title="bbox 158 967 1797 1044">
    <p class='ocr_par' dir='ltr' id='par_1_10' title="bbox 158 967 1797 1044">
     <span class='ocr_line' id='line_1_10' title="bbox 158 967 1797 1044; baseline -0.005 -16"><span class='ocrx_word' id='word_1_64' title='bbox 158 977 419 1028; x_wconf 89' lang='lat' dir='ltr'>runtura</span> <span class='ocrx_word' id='word_1_65' title='bbox 447 971 701 1044; x_wconf 79' lang='lat' dir='ltr'>pupulis,</span> <span class='ocrx_word' id='word_1_66' title='bbox 737 987 884 1042; x_wconf 85' lang='lat' dir='ltr'>quas</span> <span class='ocrx_word' id='word_1_67' title='bbox 917 969 1169 1042; x_wconf 87' lang='lat' dir='ltr'>profecto</span> <span class='ocrx_word' id='word_1_68' title='bbox 1201 969 1341 1024; x_wconf 92' lang='lat' dir='ltr'>dum</span> <span class='ocrx_word' id='word_1_69' title='bbox 1370 968 1625 1024; x_wconf 84' lang='lat' dir='ltr'>latrones</span> <span class='ocrx_word' id='word_1_70' title='bbox 1678 967 1797 1023; x_wconf 78' lang='lat' dir='ltr'>exi-</span> 
     </span>
    </p>
   </div>
   <div class='ocr_carea' id='block_1_11' title="bbox 161 1056 1797 1135">
    <p class='ocr_par' dir='ltr' id='par_1_11' title="bbox 161 1056 1797 1135">
     <span class='ocr_line' id='line_1_11' title="bbox 161 1056 1797 1135; baseline -0.004 -19"><span class='ocrx_word' id='word_1_71' title='bbox 161 1066 322 1135; x_wconf 89' lang='lat' dir='ltr'>gunt,</span> <span class='ocrx_word' id='word_1_72' title='bbox 347 1077 463 1115; x_wconf 90' lang='lat' dir='ltr'>non</span> <span class='ocrx_word' id='word_1_73' title='bbox 482 1078 591 1115; x_wconf 89' lang='lat' dir='ltr'>sua</span> <span class='ocrx_word' id='word_1_74' title='bbox 606 1060 935 1132; x_wconf 88' lang='lat' dir='ltr'>requirunt.</span> <span class='ocrx_word' id='word_1_75' title='bbox 961 1058 1183 1131; x_wconf 85' lang='lat' dir='ltr'>Quippe</span> <span class='ocrx_word' id='word_1_76' title='bbox 1206 1059 1419 1130; x_wconf 86' lang='lat' dir='ltr'>quibus</span> <span class='ocrx_word' id='word_1_77' title='bbox 1444 1056 1671 1112; x_wconf 90' lang='lat' dir='ltr'>nullum</span> <span class='ocrx_word' id='word_1_78' title='bbox 1696 1074 1797 1127; x_wconf 90' lang='lat' dir='ltr'>pro</span> 
     </span>
    </p>
   </div>
   <div class='ocr_carea' id='block_1_12' title="bbox 161 1143 1805 1221">
    <p class='ocr_par' dir='ltr' id='par_1_12' title="bbox 161 1143 1805 1221">
     <span class='ocr_line' id='line_1_12' title="bbox 161 1143 1805 1221; baseline -0.005 -15"><span class='ocrx_word' id='word_1_79' title='bbox 161 1150 481 1206; x_wconf 87' lang='lat' dir='ltr'>ministerio</span> <span class='ocrx_word' id='word_1_80' title='bbox 512 1150 707 1205; x_wconf 88' lang='lat' dir='ltr'>divino</span> <span class='ocrx_word' id='word_1_81' title='bbox 740 1166 854 1221; x_wconf 90' lang='lat' dir='ltr'>quo</span> <span class='ocrx_word' id='word_1_82' title='bbox 899 1147 1132 1220; x_wconf 87' lang='lat' dir='ltr'>penitus</span> <span class='ocrx_word' id='word_1_83' title='bbox 1180 1151 1379 1203; x_wconf 92' lang='lat' dir='ltr'>carent</span> <span class='ocrx_word' id='word_1_84' title='bbox 1411 1147 1654 1201; x_wconf 78' lang='lat' dir='ltr'>debetur</span> <span class='ocrx_word' id='word_1_85' title='bbox 1702 1143 1805 1199; x_wconf 88' lang='lat' dir='ltr'>sti-</span> 
     </span>
    </p>
   </div>
   <div class='ocr_carea' id='block_1_13' title="bbox 164 1233 1801 1311">
    <p class='ocr_par' dir='ltr' id='par_1_13' title="bbox 164 1233 1801 1311">
     <span class='ocr_line' id='line_1_13' title="bbox 164 1233 1801 1311; baseline -0.005 -16"><span class='ocrx_word' id='word_1_86' title='bbox 164 1239 457 1311; x_wconf 83' lang='lat' dir='ltr'>pendium,</span> <span class='ocrx_word' id='word_1_87' title='bbox 518 1240 618 1294; x_wconf 91' lang='lat' dir='ltr'>sed</span> <span class='ocrx_word' id='word_1_88' title='bbox 652 1238 841 1294; x_wconf 88' lang='lat' dir='ltr'>solum</span> <span class='ocrx_word' id='word_1_89' title='bbox 867 1254 969 1308; x_wconf 91' lang='lat' dir='ltr'>pro</span> <span class='ocrx_word' id='word_1_90' title='bbox 997 1254 1101 1291; x_wconf 90' lang='lat' dir='ltr'>suo</span> <span class='ocrx_word' id='word_1_91' title='bbox 1123 1235 1447 1303; x_wconf 89' lang='lat' dir='ltr'>latrocinio,</span> <span class='ocrx_word' id='word_1_92' title='bbox 1474 1233 1801 1306; x_wconf 85' lang='lat' dir='ltr'>patibulum</span> 
     </span>
    </p>
   </div>
   <div class='ocr_carea' id='block_1_14' title="bbox 161 1321 1801 1399">
    <p class='ocr_par' dir='ltr' id='par_1_14' title="bbox 161 1321 1801 1399">
     <span class='ocr_line' id='line_1_14' title="bbox 161 1321 1801 1399; baseline -0.005 -16"><span class='ocrx_word' id='word_1_93' title='bbox 161 1328 247 1383; x_wconf 86' lang='lat' dir='ltr'>vel</span> <span class='ocrx_word' id='word_1_94' title='bbox 275 1331 599 1382; x_wconf 80' lang='lat' dir='ltr'>extremum</span> <span class='ocrx_word' id='word_1_95' title='bbox 631 1326 1010 1399; x_wconf 86' lang='lat' dir='ltr'>supplicium.</span> <span class='ocrx_word' id='word_1_96' title='bbox 1037 1325 1145 1389; x_wconf 86' lang='lat' dir='ltr'>Qui</span> <span class='ocrx_word' id='word_1_97' title='bbox 1178 1330 1396 1391; x_wconf 89' lang='lat' dir='ltr'>tamen,</span> <span class='ocrx_word' id='word_1_98' title='bbox 1432 1323 1574 1394; x_wconf 85' lang='lat' dir='ltr'>proh</span> <span class='ocrx_word' id='word_1_99' title='bbox 1600 1322 1764 1377; x_wconf 89' lang='lat' dir='ltr'>dolor</span> <span class='ocrx_word' id='word_1_100' title='bbox 1789 1321 1801 1376; x_wconf 74' lang='grc' dir='ltr'><strong>ι</strong></span> 
     </span>
    </p>
   </div>
   <div class='ocr_carea' id='block_1_15' title="bbox 164 1411 1802 1487">
    <p class='ocr_par' dir='ltr' id='par_1_15' title="bbox 164 1411 1802 1487">
     <span class='ocr_line' id='line_1_15' title="bbox 164 1411 1802 1487; baseline -0.004 -17"><span class='ocrx_word' id='word_1_101' title='bbox 164 1416 459 1471; x_wconf 89' lang='lat' dir='ltr'>multoties</span> <span class='ocrx_word' id='word_1_102' title='bbox 489 1416 783 1487; x_wconf 87' lang='lat' dir='ltr'>accipiunt</span> <span class='ocrx_word' id='word_1_103' title='bbox 813 1432 928 1469; x_wconf 92' lang='lat' dir='ltr'>non</span> <span class='ocrx_word' id='word_1_104' title='bbox 962 1413 1154 1469; x_wconf 87' lang='lat' dir='ltr'>solum</span> <span class='ocrx_word' id='word_1_105' title='bbox 1188 1414 1340 1485; x_wconf 89' lang='lat' dir='ltr'>quod</span> <span class='ocrx_word' id='word_1_106' title='bbox 1380 1412 1594 1467; x_wconf 81' lang='lat' dir='ltr'>Christi</span> <span class='ocrx_word' id='word_1_107' title='bbox 1631 1411 1802 1465; x_wconf 88' lang='lat' dir='ltr'>mini-</span> 
     </span>
    </p>
   </div>
   <div class='ocr_carea' id='block_1_16' title="bbox 163 1501 1803 1576">
    <p class='ocr_par' dir='ltr' id='par_1_16' title="bbox 163 1501 1803 1576">
     <span class='ocr_line' id='line_1_16' title="bbox 163 1501 1803 1576; baseline -0.004 -17"><span class='ocrx_word' id='word_1_108' title='bbox 163 1504 301 1560; x_wconf 85' lang='lat' dir='ltr'>stris</span> <span class='ocrx_word' id='word_1_109' title='bbox 330 1503 626 1576; x_wconf 89' lang='lat' dir='ltr'>reperiunt</span> <span class='ocrx_word' id='word_1_110' title='bbox 656 1505 1021 1575; x_wconf 90' lang='lat' dir='ltr'>deputatum,</span> <span class='ocrx_word' id='word_1_111' title='bbox 1056 1503 1155 1557; x_wconf 88' lang='lat' dir='ltr'>sed</span> <span class='ocrx_word' id='word_1_112' title='bbox 1189 1502 1430 1573; x_wconf 85' lang='lat' dir='ltr'>insuper</span> <span class='ocrx_word' id='word_1_113' title='bbox 1452 1502 1607 1573; x_wconf 88' lang='lat' dir='ltr'>quod</span> <span class='ocrx_word' id='word_1_114' title='bbox 1628 1501 1803 1554; x_wconf 84' lang='lat' dir='ltr'>inter-</span> 
     </span>
    </p>
   </div>
   <div class='ocr_carea' id='block_1_17' title="bbox 167 1588 1799 1657">
    <p class='ocr_par' dir='ltr' id='par_1_17' title="bbox 167 1588 1799 1657">
     <span class='ocr_line' id='line_1_17' title="bbox 167 1588 1799 1657; baseline -0.003 -10"><span class='ocrx_word' id='word_1_115' title='bbox 167 1593 408 1657; x_wconf 89' lang='lat' dir='ltr'>dictum,</span> <span class='ocrx_word' id='word_1_116' title='bbox 442 1609 574 1648; x_wconf 89' lang='lat' dir='ltr'>cum</span> <span class='ocrx_word' id='word_1_117' title='bbox 625 1593 697 1648; x_wconf 90' lang='lat' dir='ltr'>ad</span> <span class='ocrx_word' id='word_1_118' title='bbox 726 1590 809 1646; x_wconf 90' lang='lat' dir='ltr'>nil</span> <span class='ocrx_word' id='word_1_119' title='bbox 840 1591 997 1647; x_wconf 87' lang='lat' dir='ltr'>aliud</span> <span class='ocrx_word' id='word_1_120' title='bbox 1042 1591 1277 1645; x_wconf 81' lang='lat' dir='ltr'>veniant</span> <span class='ocrx_word' id='word_1_121' title='bbox 1308 1594 1363 1646; x_wconf 89' lang='lat' dir='ltr'>et</span> <span class='ocrx_word' id='word_1_122' title='bbox 1406 1591 1653 1656; x_wconf 85' lang='lat' dir='ltr'>valeant,</span> <span class='ocrx_word' id='word_1_123' title='bbox 1690 1588 1799 1643; x_wconf 87' lang='lat' dir='ltr'>nisi</span> 
     </span>
    </p>
   </div>
   <div class='ocr_carea' id='block_1_18' title="bbox 168 1680 1803 1752">
    <p class='ocr_par' dir='ltr' id='par_1_18' title="bbox 168 1680 1803 1752">
     <span class='ocr_line' id='line_1_18' title="bbox 168 1680 1803 1752; baseline -0.003 -16"><span class='ocrx_word' id='word_1_124' title='bbox 168 1684 234 1736; x_wconf 89' lang='lat' dir='ltr'>ut</span> <span class='ocrx_word' id='word_1_125' title='bbox 262 1681 530 1736; x_wconf 81' lang='lat' dir='ltr'>furentur</span> <span class='ocrx_word' id='word_1_126' title='bbox 559 1686 615 1736; x_wconf 88' lang='lat' dir='ltr'>et</span> <span class='ocrx_word' id='word_1_127' title='bbox 639 1685 892 1736; x_wconf 89' lang='lat' dir='ltr'>mactent</span> <span class='ocrx_word' id='word_1_128' title='bbox 922 1685 978 1735; x_wconf 91' lang='lat' dir='ltr'>et</span> <span class='ocrx_word' id='word_1_129' title='bbox 1009 1680 1273 1752; x_wconf 87' lang='lat' dir='ltr'>perdant.</span> <span class='ocrx_word' id='word_1_130' title='bbox 1327 1681 1395 1735; x_wconf 87' lang='lat' dir='ltr'>Et</span> <span class='ocrx_word' id='word_1_131' title='bbox 1426 1680 1559 1751; x_wconf 86' lang='lat' dir='ltr'>quis</span> <span class='ocrx_word' id='word_1_132' title='bbox 1592 1695 1803 1733; x_wconf 89' lang='lat' dir='ltr'>sanum</span> 
     </span>
    </p>
   </div>
   <div class='ocr_carea' id='block_1_19' title="bbox 171 1768 1805 1840">
    <p class='ocr_par' dir='ltr' id='par_1_19' title="bbox 171 1768 1805 1840">
     <span class='ocr_line' id='line_1_19' title="bbox 171 1768 1805 1840; baseline -0.002 -16"><span class='ocrx_word' id='word_1_133' title='bbox 171 1769 406 1840; x_wconf 87' lang='lat' dir='ltr'>sapiens</span> <span class='ocrx_word' id='word_1_134' title='bbox 434 1773 632 1824; x_wconf 86' lang='lat' dir='ltr'>censet</span> <span class='ocrx_word' id='word_1_135' title='bbox 654 1769 991 1840; x_wconf 91' lang='lat' dir='ltr'>hujusmodi</span> <span class='ocrx_word' id='word_1_136' title='bbox 1024 1769 1179 1824; x_wconf 89' lang='lat' dir='ltr'>fures</span> <span class='ocrx_word' id='word_1_137' title='bbox 1200 1774 1255 1824; x_wconf 91' lang='lat' dir='ltr'>et</span> <span class='ocrx_word' id='word_1_138' title='bbox 1275 1768 1529 1823; x_wconf 90' lang='lat' dir='ltr'>latrones</span> <span class='ocrx_word' id='word_1_139' title='bbox 1556 1786 1589 1822; x_wconf 89' lang='lat' dir='ltr'>a</span> <span class='ocrx_word' id='word_1_140' title='bbox 1612 1768 1805 1822; x_wconf 88' lang='lat' dir='ltr'>catho-</span> 
     </span>
    </p>
   </div>
   <div class='ocr_carea' id='block_1_20' title="bbox 167 1856 1805 1929">
    <p class='ocr_par' dir='ltr' id='par_1_20' title="bbox 167 1856 1805 1929">
     <span class='ocr_line' id='line_1_20' title="bbox 167 1856 1805 1929; baseline -0.001 -17"><span class='ocrx_word' id='word_1_141' title='bbox 167 1856 298 1912; x_wconf 90' lang='lat' dir='ltr'>licis</span> <span class='ocrx_word' id='word_1_142' title='bbox 329 1856 682 1924; x_wconf 87' lang='lat' dir='ltr'>tolerandos,</span> <span class='ocrx_word' id='word_1_143' title='bbox 711 1874 853 1929; x_wconf 91' lang='lat' dir='ltr'>quos</span> <span class='ocrx_word' id='word_1_144' title='bbox 898 1857 1182 1925; x_wconf 81' lang='lat' dir='ltr'>Dominus</span> <span class='ocrx_word' id='word_1_145' title='bbox 1220 1862 1416 1913; x_wconf 84' lang='lat' dir='ltr'>censet</span> <span class='ocrx_word' id='word_1_146' title='bbox 1447 1858 1529 1912; x_wconf 90' lang='lat' dir='ltr'>sic</span> <span class='ocrx_word' id='word_1_147' title='bbox 1578 1857 1805 1929; x_wconf 81' lang='lat' dir='ltr'>fugien-</span> 
     </span>
    </p>
   </div>
   <div class='ocr_carea' id='block_1_21' title="bbox 171 1946 1809 2019">
    <p class='ocr_par' dir='ltr' id='par_1_21' title="bbox 171 1946 1809 2019">
     <span class='ocr_line' id='line_1_21' title="bbox 171 1946 1809 2019; baseline 0 -19"><span class='ocrx_word' id='word_1_148' title='bbox 171 1947 296 2013; x_wconf 87' lang='lat' dir='ltr'>dos,</span> <span class='ocrx_word' id='word_1_149' title='bbox 329 1951 395 2001; x_wconf 90' lang='lat' dir='ltr'>ut</span> <span class='ocrx_word' id='word_1_150' title='bbox 418 1950 664 2001; x_wconf 88' lang='lat' dir='ltr'>testetur</span> <span class='ocrx_word' id='word_1_151' title='bbox 693 1963 804 2002; x_wconf 90' lang='lat' dir='ltr'>non</span> <span class='ocrx_word' id='word_1_152' title='bbox 844 1963 970 2003; x_wconf 87' lang='lat' dir='ltr'>esse</span> <span class='ocrx_word' id='word_1_153' title='bbox 1018 1964 1150 2003; x_wconf 88' lang='lat' dir='ltr'>oves</span> <span class='ocrx_word' id='word_1_154' title='bbox 1200 1964 1325 2019; x_wconf 67' lang='lat' dir='ltr'>quae</span> <span class='ocrx_word' id='word_1_155' title='bbox 1375 1946 1464 2001; x_wconf 87' lang='lat' dir='ltr'>vel</span> <span class='ocrx_word' id='word_1_156' title='bbox 1516 1946 1809 2001; x_wconf 88' lang='lat' dir='ltr'>audierint</span> 
     </span>
    </p>
   </div>
   <div class='ocr_carea' id='block_1_22' title="bbox 168 2033 1805 2108">
    <p class='ocr_par' dir='ltr' id='par_1_22' title="bbox 168 2033 1805 2108">
     <span class='ocr_line' id='line_1_22' title="bbox 168 2033 1805 2108; baseline -0.001 -18"><span class='ocrx_word' id='word_1_157' title='bbox 168 2034 297 2091; x_wconf 90' lang='lat' dir='ltr'>illos</span> <span class='ocrx_word' id='word_1_158' title='bbox 317 2034 344 2089; x_wconf 88' lang='lat'><strong>?</strong></span> <span class='ocrx_word' id='word_1_159' title='bbox 377 2033 445 2088; x_wconf 88' lang='lat' dir='ltr'>Et</span> <span class='ocrx_word' id='word_1_160' title='bbox 472 2050 589 2105; x_wconf 88' lang='lat' dir='ltr'>qua</span> <span class='ocrx_word' id='word_1_161' title='bbox 617 2033 804 2090; x_wconf 83' lang='lat' dir='ltr'>fronte</span> <span class='ocrx_word' id='word_1_162' title='bbox 833 2036 1108 2108; x_wconf 64' lang='lat' dir='ltr'>praedicat</span> <span class='ocrx_word' id='word_1_163' title='bbox 1137 2036 1270 2107; x_wconf 88' lang='lat' dir='ltr'>quis</span> <span class='ocrx_word' id='word_1_164' title='bbox 1292 2035 1685 2089; x_wconf 87' lang='lat' dir='ltr'>ministerium</span> <span class='ocrx_word' id='word_1_165' title='bbox 1708 2034 1805 2089; x_wconf 88' lang='lat' dir='ltr'>ho-</span> 
     </span>
    </p>
   </div>
   <div class='ocr_carea' id='block_1_23' title="bbox 171 2119 1809 2195">
    <p class='ocr_par' dir='ltr' id='par_1_23' title="bbox 171 2119 1809 2195">
     <span class='ocr_line' id='line_1_23' title="bbox 171 2119 1809 2195; baseline 0 -19"><span class='ocrx_word' id='word_1_166' title='bbox 171 2137 301 2176; x_wconf 88' lang='lat' dir='ltr'>rum</span> <span class='ocrx_word' id='word_1_167' title='bbox 327 2119 695 2177; x_wconf 87' lang='lat' dir='ltr'>tolerandum</span> <span class='ocrx_word' id='word_1_168' title='bbox 729 2128 785 2178; x_wconf 91' lang='lat' dir='ltr'>et</span> <span class='ocrx_word' id='word_1_169' title='bbox 801 2123 1220 2195; x_wconf 89' lang='lat' dir='ltr'>recipiendum,</span> <span class='ocrx_word' id='word_1_170' title='bbox 1246 2123 1427 2178; x_wconf 89' lang='lat' dir='ltr'>donec</span> <span class='ocrx_word' id='word_1_171' title='bbox 1450 2121 1809 2193; x_wconf 80' lang='lat' dir='ltr'>synodaliter</span> 
     </span>
    </p>
   </div>
   <div class='ocr_carea' id='block_1_24' title="bbox 175 2209 1807 2284">
    <p class='ocr_par' dir='ltr' id='par_1_24' title="bbox 175 2209 1807 2284">
     <span class='ocr_line' id='line_1_24' title="bbox 175 2209 1807 2284; baseline 0.001 -19"><span class='ocrx_word' id='word_1_172' title='bbox 175 2209 551 2281; x_wconf 86' lang='lat' dir='ltr'>deponantur,</span> <span class='ocrx_word' id='word_1_173' title='bbox 582 2214 888 2284; x_wconf 90' lang='lat' dir='ltr'>totumque</span> <span class='ocrx_word' id='word_1_174' title='bbox 910 2214 1063 2284; x_wconf 91' lang='lat' dir='ltr'>quod</span> <span class='ocrx_word' id='word_1_175' title='bbox 1087 2229 1287 2268; x_wconf 90' lang='lat' dir='ltr'>eorum</span> <span class='ocrx_word' id='word_1_176' title='bbox 1312 2211 1634 2267; x_wconf 89' lang='lat' dir='ltr'>ministerio</span> <span class='ocrx_word' id='word_1_177' title='bbox 1666 2211 1807 2266; x_wconf 83' lang='lat' dir='ltr'>inte-</span> 
     </span>
    </p>
   </div>
   <div class='ocr_carea' id='block_1_25' title="bbox 175 2298 1807 2372">
    <p class='ocr_par' dir='ltr' id='par_1_25' title="bbox 175 2298 1807 2372">
     <span class='ocr_line' id='line_1_25' title="bbox 175 2298 1807 2372; baseline 0.001 -20"><span class='ocrx_word' id='word_1_178' title='bbox 175 2298 286 2352; x_wconf 89' lang='lat' dir='ltr'>rim</span> <span class='ocrx_word' id='word_1_179' title='bbox 313 2298 378 2353; x_wconf 79' lang='lat' dir='ltr'>ﬁt</span> <span class='ocrx_word' id='word_1_180' title='bbox 405 2299 463 2354; x_wconf 88' lang='lat' dir='ltr'>in</span> <span class='ocrx_word' id='word_1_181' title='bbox 492 2298 646 2368; x_wconf 90' lang='lat' dir='ltr'>ovili,</span> <span class='ocrx_word' id='word_1_182' title='bbox 680 2300 899 2356; x_wconf 85' lang='lat' dir='ltr'>bonum</span> <span class='ocrx_word' id='word_1_183' title='bbox 930 2319 1059 2358; x_wconf 86' lang='lat' dir='ltr'>esse</span> <span class='ocrx_word' id='word_1_184' title='bbox 1088 2307 1143 2358; x_wconf 92' lang='lat' dir='ltr'>et</span> <span class='ocrx_word' id='word_1_185' title='bbox 1164 2306 1455 2367; x_wconf 86' lang='lat' dir='ltr'>sanctum,</span> <span class='ocrx_word' id='word_1_186' title='bbox 1484 2300 1583 2372; x_wconf 89' lang='lat' dir='ltr'>qui</span> <span class='ocrx_word' id='word_1_187' title='bbox 1616 2299 1807 2356; x_wconf 92' lang='lat' dir='ltr'>solum</span> 
     </span>
    </p>
   </div>
   <div class='ocr_carea' id='block_1_26' title="bbox 170 2386 1809 2462">
    <p class='ocr_par' dir='ltr' id='par_1_26' title="bbox 170 2386 1809 2462">
     <span class='ocr_line' id='line_1_26' title="bbox 170 2386 1809 2462; baseline 0.003 -22"><span class='ocrx_word' id='word_1_188' title='bbox 170 2386 422 2455; x_wconf 83' lang='lat' dir='ltr'>furandi,</span> <span class='ocrx_word' id='word_1_189' title='bbox 445 2389 741 2444; x_wconf 78' lang='lat' dir='ltr'>mactandi</span> <span class='ocrx_word' id='word_1_190' title='bbox 772 2394 830 2445; x_wconf 90' lang='lat' dir='ltr'>et</span> <span class='ocrx_word' id='word_1_191' title='bbox 846 2390 1123 2462; x_wconf 89' lang='lat' dir='ltr'>perdendi</span> <span class='ocrx_word' id='word_1_192' title='bbox 1149 2390 1366 2445; x_wconf 85' lang='lat' dir='ltr'>habent</span> <span class='ocrx_word' id='word_1_193' title='bbox 1383 2389 1809 2445; x_wconf 84' lang='lat' dir='ltr'>ministerium?</span> 
     </span>
    </p>
   </div>
   <div class='ocr_carea' id='block_1_27' title="bbox 170 2474 1805 2547">
    <p class='ocr_par' dir='ltr' id='par_1_27' title="bbox 170 2474 1805 2547">
     <span class='ocr_line' id='line_1_27' title="bbox 170 2474 1805 2547; baseline 0.001 -16"><span class='ocrx_word' id='word_1_194' title='bbox 170 2474 227 2531; x_wconf 87' lang='lat' dir='ltr'>Si</span> <span class='ocrx_word' id='word_1_195' title='bbox 256 2492 387 2547; x_wconf 87' lang='lat' dir='ltr'>ergo</span> <span class='ocrx_word' id='word_1_196' title='bbox 418 2476 639 2532; x_wconf 89' lang='lat' dir='ltr'>bonum</span> <span class='ocrx_word' id='word_1_197' title='bbox 670 2483 726 2534; x_wconf 88' lang='lat' dir='ltr'>et</span> <span class='ocrx_word' id='word_1_198' title='bbox 756 2484 1025 2534; x_wconf 88' lang='lat' dir='ltr'>sanctum</span> <span class='ocrx_word' id='word_1_199' title='bbox 1059 2483 1146 2535; x_wconf 92' lang='lat' dir='ltr'>est</span> <span class='ocrx_word' id='word_1_200' title='bbox 1175 2496 1307 2535; x_wconf 90' lang='lat' dir='ltr'>oves</span> <span class='ocrx_word' id='word_1_201' title='bbox 1352 2478 1565 2534; x_wconf 84' lang='lat' dir='ltr'>Christi</span> <span class='ocrx_word' id='word_1_202' title='bbox 1603 2479 1805 2546; x_wconf 85' lang='lat' dir='ltr'>furari,</span> 
     </span>
    </p>
   </div>
   <div class='ocr_carea' id='block_1_28' title="bbox 169 2567 1805 2639">
    <p class='ocr_par' dir='ltr' id='par_1_28' title="bbox 169 2567 1805 2639">
     <span class='ocr_line' id='line_1_28' title="bbox 169 2567 1805 2639; baseline 0.002 -20"><span class='ocrx_word' id='word_1_203' title='bbox 169 2569 419 2620; x_wconf 85' lang='lat' dir='ltr'>mactare</span> <span class='ocrx_word' id='word_1_204' title='bbox 449 2573 507 2620; x_wconf 87' lang='lat' dir='ltr'>et</span> <span class='ocrx_word' id='word_1_205' title='bbox 535 2568 796 2639; x_wconf 88' lang='lat' dir='ltr'>perdere,</span> <span class='ocrx_word' id='word_1_206' title='bbox 828 2569 1181 2624; x_wconf 81' lang='lat' dir='ltr'>sutl‘erantur</span> <span class='ocrx_word' id='word_1_207' title='bbox 1211 2568 1368 2623; x_wconf 86' lang='lat' dir='ltr'>fures</span> <span class='ocrx_word' id='word_1_208' title='bbox 1426 2572 1482 2624; x_wconf 92' lang='lat' dir='ltr'>et</span> <span class='ocrx_word' id='word_1_209' title='bbox 1526 2567 1805 2634; x_wconf 82' lang='lat' dir='ltr'>latrones,</span> 
     </span>
    </p>
   </div>
   <div class='ocr_carea' id='block_1_29' title="bbox 170 2651 1806 2729">
    <p class='ocr_par' dir='ltr' id='par_1_29' title="bbox 170 2651 1806 2729">
     <span class='ocr_line' id='line_1_29' title="bbox 170 2651 1806 2729; baseline 0.002 -22"><span class='ocrx_word' id='word_1_210' title='bbox 170 2651 266 2725; x_wconf 87' lang='lat' dir='ltr'>qui</span> <span class='ocrx_word' id='word_1_211' title='bbox 295 2652 374 2707; x_wconf 91' lang='lat' dir='ltr'>nil</span> <span class='ocrx_word' id='word_1_212' title='bbox 409 2654 571 2709; x_wconf 87' lang='lat' dir='ltr'>aliud</span> <span class='ocrx_word' id='word_1_213' title='bbox 603 2663 820 2712; x_wconf 90' lang='lat' dir='ltr'>norunt</span> <span class='ocrx_word' id='word_1_214' title='bbox 872 2674 975 2712; x_wconf 89' lang='lat' dir='ltr'>nec</span> <span class='ocrx_word' id='word_1_215' title='bbox 1022 2661 1269 2729; x_wconf 90' lang='lat' dir='ltr'>possunt</span> <span class='ocrx_word' id='word_1_216' title='bbox 1301 2657 1509 2723; x_wconf 87' lang='lat' dir='ltr'>facere,</span> <span class='ocrx_word' id='word_1_217' title='bbox 1560 2656 1806 2711; x_wconf 88' lang='lat' dir='ltr'>Domino</span> 
     </span>
    </p>
   </div>
   <div class='ocr_carea' id='block_1_30' title="bbox 169 2746 1805 2817">
    <p class='ocr_par' dir='ltr' id='par_1_30' title="bbox 169 2746 1805 2817">
     <span class='ocr_line' id='line_1_30' title="bbox 169 2746 1805 2817; baseline 0.003 -20"><span class='ocrx_word' id='word_1_218' title='bbox 169 2746 556 2815; x_wconf 87' lang='lat' dir='ltr'>protestante;</span> <span class='ocrx_word' id='word_1_219' title='bbox 589 2746 683 2801; x_wconf 91' lang='lat' dir='ltr'>cui</span> <span class='ocrx_word' id='word_1_220' title='bbox 715 2746 766 2803; x_wconf 92' lang='lat' dir='ltr'>si</span> <span class='ocrx_word' id='word_1_221' title='bbox 797 2748 928 2817; x_wconf 90' lang='lat' dir='ltr'>quis</span> <span class='ocrx_word' id='word_1_222' title='bbox 976 2749 1150 2802; x_wconf 88' lang='lat' dir='ltr'>audet</span> <span class='ocrx_word' id='word_1_223' title='bbox 1193 2746 1606 2812; x_wconf 88' lang='lat' dir='ltr'>contradicere,</span> <span class='ocrx_word' id='word_1_224' title='bbox 1642 2763 1805 2802; x_wconf 87' lang='lat' dir='ltr'>asse-</span> 
     </span>
    </p>
   </div>
   <div class='ocr_carea' id='block_1_31' title="bbox 170 2832 1807 2907">
    <p class='ocr_par' dir='ltr' id='par_1_31' title="bbox 170 2832 1807 2907">
     <span class='ocr_line' id='line_1_31' title="bbox 170 2832 1807 2907; baseline 0.002 -21"><span class='ocrx_word' id='word_1_225' title='bbox 170 2848 298 2888; x_wconf 88' lang='lat' dir='ltr'>rens</span> <span class='ocrx_word' id='word_1_226' title='bbox 327 2832 488 2889; x_wconf 84' lang='lat' dir='ltr'>fures</span> <span class='ocrx_word' id='word_1_227' title='bbox 518 2839 574 2889; x_wconf 90' lang='lat' dir='ltr'>et</span> <span class='ocrx_word' id='word_1_228' title='bbox 600 2834 855 2893; x_wconf 89' lang='lat' dir='ltr'>latrones</span> <span class='ocrx_word' id='word_1_229' title='bbox 886 2836 1106 2907; x_wconf 90' lang='lat' dir='ltr'>aliquid</span> <span class='ocrx_word' id='word_1_230' title='bbox 1135 2836 1294 2892; x_wconf 87' lang='lat' dir='ltr'>aliud</span> <span class='ocrx_word' id='word_1_231' title='bbox 1325 2835 1460 2891; x_wconf 91' lang='lat' dir='ltr'>boni</span> <span class='ocrx_word' id='word_1_232' title='bbox 1502 2852 1674 2891; x_wconf 89' lang='lat' dir='ltr'>nosse</span> <span class='ocrx_word' id='word_1_233' title='bbox 1706 2838 1807 2890; x_wconf 90' lang='lat' dir='ltr'>aut</span> 
     </span>
    </p>
   </div>
   <div class='ocr_carea' id='block_1_32' title="bbox 171 2923 1804 2996">
    <p class='ocr_par' dir='ltr' id='par_1_32' title="bbox 171 2923 1804 2996">
     <span class='ocr_line' id='line_1_32' title="bbox 171 2923 1804 2996; baseline 0.001 -19"><span class='ocrx_word' id='word_1_234' title='bbox 171 2938 336 2993; x_wconf 86' lang='lat' dir='ltr'>posse</span> <span class='ocrx_word' id='word_1_235' title='bbox 365 2923 577 2989; x_wconf 88' lang='lat' dir='ltr'>facere,</span> <span class='ocrx_word' id='word_1_236' title='bbox 610 2923 937 2996; x_wconf 87' lang='lat' dir='ltr'>disceptare</span> <span class='ocrx_word' id='word_1_237' title='bbox 960 2926 1135 2980; x_wconf 90' lang='lat' dir='ltr'>etiam</span> <span class='ocrx_word' id='word_1_238' title='bbox 1159 2929 1215 2980; x_wconf 90' lang='lat' dir='ltr'>et</span> <span class='ocrx_word' id='word_1_239' title='bbox 1245 2925 1303 2978; x_wconf 92' lang='lat' dir='ltr'>in</span> <span class='ocrx_word' id='word_1_240' title='bbox 1316 2923 1538 2996; x_wconf 91' lang='lat' dir='ltr'>judicio</span> <span class='ocrx_word' id='word_1_241' title='bbox 1569 2928 1804 2979; x_wconf 89' lang='lat' dir='ltr'>conten-</span> 
     </span>
    </p>
   </div>
   <div class='ocr_carea' id='block_1_33' title="bbox 173 3011 1805 3087">
    <p class='ocr_par' dir='ltr' id='par_1_33' title="bbox 173 3011 1805 3087">
     <span class='ocr_line' id='line_1_33' title="bbox 173 3011 1805 3087; baseline 0.001 -21"><span class='ocrx_word' id='word_1_242' title='bbox 173 3011 301 3067; x_wconf 89' lang='lat' dir='ltr'>dere</span> <span class='ocrx_word' id='word_1_243' title='bbox 330 3024 468 3067; x_wconf 84' lang='lat' dir='ltr'>cum</span> <span class='ocrx_word' id='word_1_244' title='bbox 500 3013 747 3068; x_wconf 91' lang='lat' dir='ltr'>Domino</span> <span class='ocrx_word' id='word_1_245' title='bbox 780 3014 1009 3083; x_wconf 84' lang='lat' dir='ltr'>audeat,</span> <span class='ocrx_word' id='word_1_246' title='bbox 1042 3019 1117 3081; x_wconf 89' lang='lat' dir='ltr'>et,</span> <span class='ocrx_word' id='word_1_247' title='bbox 1154 3013 1202 3069; x_wconf 91' lang='lat' dir='ltr'>si</span> <span class='ocrx_word' id='word_1_248' title='bbox 1242 3018 1454 3087; x_wconf 87' lang='lat' dir='ltr'>potest,</span> <span class='ocrx_word' id='word_1_249' title='bbox 1485 3029 1619 3068; x_wconf 90' lang='lat' dir='ltr'>eum</span> <span class='ocrx_word' id='word_1_250' title='bbox 1644 3030 1805 3068; x_wconf 87' lang='lat' dir='ltr'>men-</span> 
     </span>
    </p>
   </div>
   <div class='ocr_carea' id='block_1_34' title="bbox 170 3100 1805 3173">
    <p class='ocr_par' dir='ltr' id='par_1_34' title="bbox 170 3100 1805 3173">
     <span class='ocr_line' id='line_1_34' title="bbox 170 3100 1805 3173; baseline 0.002 -20"><span class='ocrx_word' id='word_1_251' title='bbox 170 3100 337 3155; x_wconf 89' lang='lat' dir='ltr'>titum</span> <span class='ocrx_word' id='word_1_252' title='bbox 381 3110 608 3173; x_wconf 87' lang='lat' dir='ltr'>arguat.</span> <span class='ocrx_word' id='word_1_253' title='bbox 643 3102 703 3158; x_wconf 91' lang='lat' dir='ltr'>Si</span> <span class='ocrx_word' id='word_1_254' title='bbox 734 3108 930 3159; x_wconf 85' lang='lat' dir='ltr'>autem</span> <span class='ocrx_word' id='word_1_255' title='bbox 963 3120 1133 3159; x_wconf 90' lang='lat' dir='ltr'>nemo</span> <span class='ocrx_word' id='word_1_256' title='bbox 1182 3102 1647 3159; x_wconf 86' lang='lat' dir='ltr'>Christianorum</span> <span class='ocrx_word' id='word_1_257' title='bbox 1697 3102 1805 3157; x_wconf 92' lang='lat' dir='ltr'>hoc</span> 
     </span>
    </p>
   </div>
   <div class='ocr_carea' id='block_1_35' title="bbox 1911 525 3562 597">
    <p class='ocr_par' dir='ltr' id='par_1_35' title="bbox 1911 525 3562 597">
     <span class='ocr_line' id='line_1_35' title="bbox 1911 525 3562 597; baseline 0.004 -18"><span class='ocrx_word' id='word_1_258' title='bbox 1911 540 2012 579; x_wconf 90' lang='lat' dir='ltr'>nec</span> <span class='ocrx_word' id='word_1_259' title='bbox 2046 542 2104 580; x_wconf 91' lang='lat' dir='ltr'>re</span> <span class='ocrx_word' id='word_1_260' title='bbox 2136 525 2478 597; x_wconf 89' lang='lat' dir='ltr'>aliquandiu</span> <span class='ocrx_word' id='word_1_261' title='bbox 2512 527 2755 595; x_wconf 83' lang='lat' dir='ltr'>ditl&#39;erri,</span> <span class='ocrx_word' id='word_1_262' title='bbox 2788 528 2889 582; x_wconf 85' lang='lat' dir='ltr'>sed</span> <span class='ocrx_word' id='word_1_263' title='bbox 2925 544 3059 582; x_wconf 82' lang='lat' dir='ltr'>mox</span> <span class='ocrx_word' id='word_1_264' title='bbox 3089 531 3155 583; x_wconf 90' lang='lat' dir='ltr'>ut</span> <span class='ocrx_word' id='word_1_265' title='bbox 3199 528 3562 586; x_wconf 90' lang='lat' dir='ltr'>innotuerint</span> 
     </span>
    </p>
   </div>
   <div class='ocr_carea' id='block_1_36' title="bbox 1910 613 3561 687">
    <p class='ocr_par' dir='ltr' id='par_1_36' title="bbox 1910 613 3561 687">
     <span class='ocr_line' id='line_1_36' title="bbox 1910 613 3561 687; baseline 0.007 -22"><span class='ocrx_word' id='word_1_266' title='bbox 1910 613 2052 669; x_wconf 79' lang='lat' dir='ltr'>fieri.</span> <span class='ocrx_word' id='word_1_267' title='bbox 2090 615 2251 670; x_wconf 88' lang='lat' dir='ltr'>Unde</span> <span class='ocrx_word' id='word_1_268' title='bbox 2294 633 2468 687; x_wconf 84' lang='lat' dir='ltr'>super</span> <span class='ocrx_word' id='word_1_269' title='bbox 2500 615 2650 671; x_wconf 88' lang='lat' dir='ltr'>male</span> <span class='ocrx_word' id='word_1_270' title='bbox 2672 616 3002 672; x_wconf 86' lang='lat' dir='ltr'>viventibus</span> <span class='ocrx_word' id='word_1_271' title='bbox 3024 616 3237 672; x_wconf 88' lang='lat' dir='ltr'>Christi</span> <span class='ocrx_word' id='word_1_272' title='bbox 3272 619 3561 676; x_wconf 88' lang='lat' dir='ltr'>ministris</span> 
     </span>
    </p>
   </div>
   <div class='ocr_carea' id='block_1_37' title="bbox 1910 702 3554 781">
    <p class='ocr_par' dir='ltr' id='par_1_37' title="bbox 1910 702 3554 781">
     <span class='ocr_line' id='line_1_37' title="bbox 1910 702 3554 781; baseline 0.004 -25"><span class='ocrx_word' id='word_1_273' title='bbox 1910 702 2195 757; x_wconf 90' lang='lat' dir='ltr'>catholica</span> <span class='ocrx_word' id='word_1_274' title='bbox 2227 703 2387 775; x_wconf 85' lang='lat' dir='ltr'>plebs</span> <span class='ocrx_word' id='word_1_275' title='bbox 2420 706 2591 759; x_wconf 82' lang='lat' dir='ltr'>debet</span> <span class='ocrx_word' id='word_1_276' title='bbox 2623 705 3058 761; x_wconf 84' lang='lat' dir='ltr'>Catholicorum</span> <span class='ocrx_word' id='word_1_277' title='bbox 3095 710 3431 777; x_wconf 82' lang='lat' dir='ltr'>exspectare</span> <span class='ocrx_word' id='word_1_278' title='bbox 3462 726 3554 781; x_wconf 80' lang='lat' dir='ltr'>sy-</span> 
     </span>
    </p>
   </div>
   <div class='ocr_carea' id='block_1_38' title="bbox 1911 791 3559 866">
    <p class='ocr_par' dir='ltr' id='par_1_38' title="bbox 1911 791 3559 866">
     <span class='ocr_line' id='line_1_38' title="bbox 1911 791 3559 866; baseline 0.004 -22"><span class='ocrx_word' id='word_1_279' title='bbox 1911 791 2150 860; x_wconf 91' lang='lat' dir='ltr'>nodum,</span> <span class='ocrx_word' id='word_1_280' title='bbox 2185 809 2287 847; x_wconf 91' lang='lat' dir='ltr'>nec</span> <span class='ocrx_word' id='word_1_281' title='bbox 2321 793 2589 863; x_wconf 79' lang='lat' dir='ltr'>abjicere,</span> <span class='ocrx_word' id='word_1_282' title='bbox 2627 795 2811 849; x_wconf 89' lang='lat' dir='ltr'>donec</span> <span class='ocrx_word' id='word_1_283' title='bbox 2844 812 2940 850; x_wconf 91' lang='lat' dir='ltr'>eos</span> <span class='ocrx_word' id='word_1_284' title='bbox 2972 794 3210 866; x_wconf 90' lang='lat' dir='ltr'>abjiciat</span> <span class='ocrx_word' id='word_1_285' title='bbox 3254 796 3559 852; x_wconf 87' lang='lat' dir='ltr'>commini-</span> 
     </span>
    </p>
   </div>
   <div class='ocr_carea' id='block_1_39' title="bbox 1912 881 3563 956">
    <p class='ocr_par' dir='ltr' id='par_1_39' title="bbox 1912 881 3563 956">
     <span class='ocr_line' id='line_1_39' title="bbox 1912 881 3563 956; baseline 0.004 -22"><span class='ocrx_word' id='word_1_286' title='bbox 1912 884 2165 935; x_wconf 88' lang='lat' dir='ltr'>strorum</span> <span class='ocrx_word' id='word_1_287' title='bbox 2197 881 2279 951; x_wconf 76' lang='lat' dir='ltr'>vel</span> <span class='ocrx_word' id='word_1_288' title='bbox 2310 884 2724 952; x_wconf 80' lang='lat' dir='ltr'>magistrorum</span> <span class='ocrx_word' id='word_1_289' title='bbox 2758 901 2999 938; x_wconf 89' lang='lat' dir='ltr'>suorum</span> <span class='ocrx_word' id='word_1_290' title='bbox 3034 884 3364 954; x_wconf 88' lang='lat' dir='ltr'>arbitrium,</span> <span class='ocrx_word' id='word_1_291' title='bbox 3390 887 3563 956; x_wconf 85' lang='lat' dir='ltr'>juxta</span> 
     </span>
    </p>
   </div>
   <div class='ocr_carea' id='block_1_40' title="bbox 1911 970 3561 1044">
    <p class='ocr_par' dir='ltr' id='par_1_40' title="bbox 1911 970 3561 1044">
     <span class='ocr_line' id='line_1_40' title="bbox 1911 970 3561 1044; baseline 0.005 -23"><span class='ocrx_word' id='word_1_292' title='bbox 1911 970 2065 1037; x_wconf 85' lang='lat' dir='ltr'>quod</span> <span class='ocrx_word' id='word_1_293' title='bbox 2098 970 2264 1023; x_wconf 89' lang='lat' dir='ltr'>docet</span> <span class='ocrx_word' id='word_1_294' title='bbox 2293 971 2600 1027; x_wconf 86' lang='lat' dir='ltr'>Salomon:</span> <span class='ocrx_word' id='word_1_295' title='bbox 2656 993 2681 1023; x_wconf 74' lang='grc' dir='ltr'>ι</span> <span class='ocrx_word' id='word_1_296' title='bbox 2714 972 2900 1040; x_wconf 85' lang='lat' dir='ltr'>Oculi,</span> <span class='ocrx_word' id='word_1_297' title='bbox 2947 973 3239 1044; x_wconf 89' lang='lat' dir='ltr'>inquiens,</span> <span class='ocrx_word' id='word_1_298' title='bbox 3274 974 3359 1028; x_wconf 93' lang='lat' dir='ltr'>tui</span> <span class='ocrx_word' id='word_1_299' title='bbox 3405 980 3561 1031; x_wconf 88' lang='lat' dir='ltr'>recta</span> 
     </span>
    </p>
   </div>
   <div class='ocr_carea' id='block_1_41' title="bbox 1909 1056 3562 1133">
    <p class='ocr_par' dir='ltr' id='par_1_41' title="bbox 1909 1056 3562 1133">
     <span class='ocr_line' id='line_1_41' title="bbox 1909 1056 3562 1133; baseline 0.006 -24"><span class='ocrx_word' id='word_1_300' title='bbox 1909 1056 2160 1124; x_wconf 84' lang='lat' dir='ltr'>videant,</span> <span class='ocrx_word' id='word_1_301' title='bbox 2196 1062 2251 1112; x_wconf 89' lang='lat' dir='ltr'>et</span> <span class='ocrx_word' id='word_1_302' title='bbox 2282 1058 2570 1130; x_wconf 75' lang='lat' dir='ltr'>palpeme</span> <span class='ocrx_word' id='word_1_303' title='bbox 2602 1064 2713 1115; x_wconf 60' lang='lat' dir='ltr'>tua:</span> <span class='ocrx_word' id='word_1_304' title='bbox 2763 1062 3098 1133; x_wconf 61' lang='lat' dir='ltr'>praecedant</span> <span class='ocrx_word' id='word_1_305' title='bbox 3143 1079 3384 1133; x_wconf 84' lang='lat' dir='ltr'>gressus</span> <span class='ocrx_word' id='word_1_306' title='bbox 3429 1068 3562 1120; x_wconf 89' lang='lat' dir='ltr'>tuos</span> 
     </span>
    </p>
   </div>
   <div class='ocr_carea' id='block_1_42' title="bbox 1914 1144 3559 1223">
    <p class='ocr_par' dir='ltr' id='par_1_42' title="bbox 1914 1144 3559 1223">
     <span class='ocr_line' id='line_1_42' title="bbox 1914 1144 3559 1223; baseline 0.007 -25"><span class='ocrx_word' id='word_1_307' title='bbox 1914 1144 2092 1215; x_wconf 74' lang='lat' dir='ltr'>(Prov.</span> <span class='ocrx_word' id='word_1_308' title='bbox 2148 1164 2224 1213; x_wconf 79' lang='lat' dir='ltr'>IV,</span> <span class='ocrx_word' id='word_1_309' title='bbox 2274 1148 2386 1217; x_wconf 60' lang='lat'>2:3).</span> <span class='ocrx_word' id='word_1_310' title='bbox 2426 1172 2449 1196; x_wconf 90' lang='grc'>››</span> <span class='ocrx_word' id='word_1_311' title='bbox 2512 1148 2668 1203; x_wconf 90' lang='lat' dir='ltr'>Solet</span> <span class='ocrx_word' id='word_1_312' title='bbox 2730 1166 2938 1220; x_wconf 81' lang='lat' dir='ltr'>nempe</span> <span class='ocrx_word' id='word_1_313' title='bbox 2999 1151 3226 1205; x_wconf 83' lang='lat' dir='ltr'>evenire</span> <span class='ocrx_word' id='word_1_314' title='bbox 3284 1155 3349 1205; x_wconf 87' lang='lat' dir='ltr'>ut</span> <span class='ocrx_word' id='word_1_315' title='bbox 3405 1153 3559 1223; x_wconf 90' lang='lat' dir='ltr'>quod</span> 
     </span>
    </p>
   </div>
   <div class='ocr_carea' id='block_1_43' title="bbox 1914 1232 3564 1308">
    <p class='ocr_par' dir='ltr' id='par_1_43' title="bbox 1914 1232 3564 1308">
     <span class='ocr_line' id='line_1_43' title="bbox 1914 1232 3564 1308; baseline 0.005 -21"><span class='ocrx_word' id='word_1_316' title='bbox 1914 1232 2272 1305; x_wconf 77' lang='lat' dir='ltr'>imperfectis</span> <span class='ocrx_word' id='word_1_317' title='bbox 2304 1237 2531 1291; x_wconf 88' lang='lat' dir='ltr'>videtur</span> <span class='ocrx_word' id='word_1_318' title='bbox 2564 1237 2948 1303; x_wconf 81' lang='lat' dir='ltr'>intolerabile,</span> <span class='ocrx_word' id='word_1_319' title='bbox 2987 1239 3258 1308; x_wconf 70' lang='lat' dir='ltr'>perfectis</span> <span class='ocrx_word' id='word_1_320' title='bbox 3300 1240 3564 1295; x_wconf 87' lang='lat' dir='ltr'>videatur</span> 
     </span>
    </p>
   </div>
   <div class='ocr_carea' id='block_1_44' title="bbox 1914 1322 3561 1396">
    <p class='ocr_par' dir='ltr' id='par_1_44' title="bbox 1914 1322 3561 1396">
     <span class='ocr_line' id='line_1_44' title="bbox 1914 1322 3561 1396; baseline 0.005 -20"><span class='ocrx_word' id='word_1_321' title='bbox 1914 1322 2232 1394; x_wconf 76' lang='lat' dir='ltr'>tolerabile,</span> <span class='ocrx_word' id='word_1_322' title='bbox 2268 1329 2321 1378; x_wconf 85' lang='lat' dir='ltr'>et</span> <span class='ocrx_word' id='word_1_323' title='bbox 2352 1344 2381 1379; x_wconf 89' lang='lat' dir='ltr'>e</span> <span class='ocrx_word' id='word_1_324' title='bbox 2415 1327 2703 1380; x_wconf 80' lang='lat' dir='ltr'>contrario</span> <span class='ocrx_word' id='word_1_325' title='bbox 2739 1327 3006 1396; x_wconf 83' lang='lat' dir='ltr'>perfectis</span> <span class='ocrx_word' id='word_1_326' title='bbox 3040 1327 3326 1381; x_wconf 83' lang='lat' dir='ltr'>habeatur</span> <span class='ocrx_word' id='word_1_327' title='bbox 3356 1328 3561 1383; x_wconf 87' lang='lat' dir='ltr'>intole-</span> 
     </span>
    </p>
   </div>
   <div class='ocr_carea' id='block_1_45' title="bbox 1915 1412 3563 1486">
    <p class='ocr_par' dir='ltr' id='par_1_45' title="bbox 1915 1412 3563 1486">
     <span class='ocr_line' id='line_1_45' title="bbox 1915 1412 3563 1486; baseline 0.004 -21"><span class='ocrx_word' id='word_1_328' title='bbox 1915 1412 2095 1468; x_wconf 80' lang='lat' dir='ltr'>rabile</span> <span class='ocrx_word' id='word_1_329' title='bbox 2130 1415 2282 1484; x_wconf 84' lang='lat' dir='ltr'>quod</span> <span class='ocrx_word' id='word_1_330' title='bbox 2311 1415 2664 1486; x_wconf 78' lang='lat' dir='ltr'>imperfectis</span> <span class='ocrx_word' id='word_1_331' title='bbox 2699 1413 3014 1469; x_wconf 78' lang='lat' dir='ltr'>tolerabile.</span> <span class='ocrx_word' id='word_1_332' title='bbox 3042 1416 3162 1478; x_wconf 88' lang='lat' dir='ltr'>Quo</span> <span class='ocrx_word' id='word_1_333' title='bbox 3195 1415 3469 1486; x_wconf 86' lang='lat' dir='ltr'>ambiguo</span> <span class='ocrx_word' id='word_1_334' title='bbox 3492 1434 3563 1471; x_wconf 91' lang='lat' dir='ltr'>ne</span> 
     </span>
    </p>
   </div>
   <div class='ocr_carea' id='block_1_46' title="bbox 1917 1501 3567 1574">
    <p class='ocr_par' dir='ltr' id='par_1_46' title="bbox 1917 1501 3567 1574">
     <span class='ocr_line' id='line_1_46' title="bbox 1917 1501 3567 1574; baseline 0.003 -20"><span class='ocrx_word' id='word_1_335' title='bbox 1917 1501 2059 1555; x_wconf 83' lang='lat' dir='ltr'>forte</span> <span class='ocrx_word' id='word_1_336' title='bbox 2094 1502 2329 1558; x_wconf 82' lang='lat' dir='ltr'>fallatur</span> <span class='ocrx_word' id='word_1_337' title='bbox 2360 1509 2459 1558; x_wconf 89' lang='lat' dir='ltr'>aut</span> <span class='ocrx_word' id='word_1_338' title='bbox 2492 1502 2920 1559; x_wconf 82' lang='lat' dir='ltr'>scandalizetur</span> <span class='ocrx_word' id='word_1_339' title='bbox 2950 1503 3226 1569; x_wconf 76' lang='lat' dir='ltr'>Ecclesia,</span> <span class='ocrx_word' id='word_1_340' title='bbox 3279 1504 3567 1574; x_wconf 82' lang='lat' dir='ltr'>patienter</span> 
     </span>
    </p>
   </div>
   <div class='ocr_carea' id='block_1_47' title="bbox 1914 1591 3566 1663">
    <p class='ocr_par' dir='ltr' id='par_1_47' title="bbox 1914 1591 3566 1663">
     <span class='ocr_line' id='line_1_47' title="bbox 1914 1591 3566 1663; baseline 0.002 -18"><span class='ocrx_word' id='word_1_341' title='bbox 1914 1593 2371 1661; x_wconf 80' lang='lat' dir='ltr'>exspectandum</span> <span class='ocrx_word' id='word_1_342' title='bbox 2424 1596 2511 1647; x_wconf 89' lang='lat' dir='ltr'>est</span> <span class='ocrx_word' id='word_1_343' title='bbox 2542 1597 2597 1647; x_wconf 87' lang='lat' dir='ltr'>et</span> <span class='ocrx_word' id='word_1_344' title='bbox 2660 1593 2975 1663; x_wconf 82' lang='lat' dir='ltr'>sapienter,</span> <span class='ocrx_word' id='word_1_345' title='bbox 3038 1593 3220 1646; x_wconf 90' lang='lat' dir='ltr'>donec</span> <span class='ocrx_word' id='word_1_346' title='bbox 3269 1591 3566 1663; x_wconf 74' lang='lat' dir='ltr'>synodalia</span> 
     </span>
    </p>
   </div>
   <div class='ocr_carea' id='block_1_48' title="bbox 1913 1677 3568 1751">
    <p class='ocr_par' dir='ltr' id='par_1_48' title="bbox 1913 1677 3568 1751">
     <span class='ocr_line' id='line_1_48' title="bbox 1913 1677 3568 1751; baseline 0.002 -19"><span class='ocrx_word' id='word_1_347' title='bbox 1913 1677 2059 1733; x_wconf 90' lang='lat' dir='ltr'>illud</span> <span class='ocrx_word' id='word_1_348' title='bbox 2096 1681 2389 1736; x_wconf 86' lang='lat' dir='ltr'>discernat</span> <span class='ocrx_word' id='word_1_349' title='bbox 2423 1686 2477 1736; x_wconf 90' lang='lat' dir='ltr'>et</span> <span class='ocrx_word' id='word_1_350' title='bbox 2509 1680 2859 1736; x_wconf 82' lang='lat' dir='ltr'>determinet</span> <span class='ocrx_word' id='word_1_351' title='bbox 2905 1681 3212 1736; x_wconf 88' lang='lat' dir='ltr'>sententia.</span> <span class='ocrx_word' id='word_1_352' title='bbox 3249 1683 3433 1747; x_wconf 88' lang='lat' dir='ltr'>Quam</span> <span class='ocrx_word' id='word_1_353' title='bbox 3465 1680 3568 1751; x_wconf 91' lang='lat' dir='ltr'>qui</span> 
     </span>
    </p>
   </div>
   <div class='ocr_carea' id='block_1_49' title="bbox 1915 1769 3569 1842">
    <p class='ocr_par' dir='ltr' id='par_1_49' title="bbox 1915 1769 3569 1842">
     <span class='ocr_line' id='line_1_49' title="bbox 1915 1769 3569 1842; baseline 0.001 -20"><span class='ocrx_word' id='word_1_354' title='bbox 1915 1773 2112 1824; x_wconf 90' lang='lat' dir='ltr'>censet</span> <span class='ocrx_word' id='word_1_355' title='bbox 2141 1770 2592 1840; x_wconf 80' lang='lat' dir='ltr'>exspectandam</span> <span class='ocrx_word' id='word_1_356' title='bbox 2627 1775 2681 1824; x_wconf 90' lang='lat' dir='ltr'>et</span> <span class='ocrx_word' id='word_1_357' title='bbox 2715 1770 2771 1823; x_wconf 90' lang='lat' dir='ltr'>in</span> <span class='ocrx_word' id='word_1_358' title='bbox 2824 1769 3108 1824; x_wconf 64' lang='lat' dir='ltr'>haereticis</span> <span class='ocrx_word' id='word_1_359' title='bbox 3145 1775 3276 1842; x_wconf 90' lang='lat' dir='ltr'>post</span> <span class='ocrx_word' id='word_1_360' title='bbox 3323 1769 3569 1824; x_wconf 87' lang='lat' dir='ltr'>concilia</span> 
     </span>
    </p>
   </div>
   <div class='ocr_carea' id='block_1_50' title="bbox 1918 1858 3566 1928">
    <p class='ocr_par' dir='ltr' id='par_1_50' title="bbox 1918 1858 3566 1928">
     <span class='ocr_line' id='line_1_50' title="bbox 1918 1858 3566 1928; baseline 0 -16"><span class='ocrx_word' id='word_1_361' title='bbox 1918 1858 2096 1912; x_wconf 89' lang='lat' dir='ltr'>semel</span> <span class='ocrx_word' id='word_1_362' title='bbox 2129 1858 2328 1913; x_wconf 88' lang='lat' dir='ltr'>habita</span> <span class='ocrx_word' id='word_1_363' title='bbox 2358 1860 2427 1914; x_wconf 90' lang='lat' dir='ltr'>de</span> <span class='ocrx_word' id='word_1_364' title='bbox 2460 1858 2595 1928; x_wconf 80' lang='lat' dir='ltr'>illis,</span> <span class='ocrx_word' id='word_1_365' title='bbox 2622 1859 2819 1913; x_wconf 88' lang='lat' dir='ltr'>nescio</span> <span class='ocrx_word' id='word_1_366' title='bbox 2846 1876 2919 1913; x_wconf 90' lang='lat' dir='ltr'>an</span> <span class='ocrx_word' id='word_1_367' title='bbox 2944 1858 3276 1913; x_wconf 70' lang='lat' dir='ltr'>(Iatholicus</span> <span class='ocrx_word' id='word_1_368' title='bbox 3299 1875 3429 1913; x_wconf 88' lang='lat' dir='ltr'>vere</span> <span class='ocrx_word' id='word_1_369' title='bbox 3452 1859 3566 1914; x_wconf 91' lang='lat' dir='ltr'>dici</span> 
     </span>
    </p>
   </div>
   <div class='ocr_carea' id='block_1_51' title="bbox 1918 1946 3564 2019">
    <p class='ocr_par' dir='ltr' id='par_1_51' title="bbox 1918 1946 3564 2019">
     <span class='ocr_line' id='line_1_51' title="bbox 1918 1946 3564 2019; baseline 0.001 -18"><span class='ocrx_word' id='word_1_370' title='bbox 1918 1951 2111 2018; x_wconf 86' lang='lat' dir='ltr'>posset</span> <span class='ocrx_word' id='word_1_371' title='bbox 2138 1965 2149 2014; x_wconf 92' lang='lat'>;</span> <span class='ocrx_word' id='word_1_372' title='bbox 2184 1964 2317 2002; x_wconf 89' lang='lat' dir='ltr'>nam</span> <span class='ocrx_word' id='word_1_373' title='bbox 2352 1948 2681 2019; x_wconf 89' lang='lat' dir='ltr'>cuicunque</span> <span class='ocrx_word' id='word_1_374' title='bbox 2714 1946 2988 2019; x_wconf 58' lang='lat' dir='ltr'>qualibet.</span> <span class='ocrx_word' id='word_1_375' title='bbox 3016 1946 3253 2002; x_wconf 82' lang='lat' dir='ltr'>haeresis</span> <span class='ocrx_word' id='word_1_376' title='bbox 3284 1947 3342 2000; x_wconf 91' lang='lat' dir='ltr'>in</span> <span class='ocrx_word' id='word_1_377' title='bbox 3372 1947 3564 2003; x_wconf 84' lang='lat' dir='ltr'>Eccle-</span> 
     </span>
    </p>
   </div>
   <div class='ocr_carea' id='block_1_52' title="bbox 1918 2034 3564 2100">
    <p class='ocr_par' dir='ltr' id='par_1_52' title="bbox 1918 2034 3564 2100">
     <span class='ocr_line' id='line_1_52' title="bbox 1918 2034 3564 2100; baseline 0.001 -10"><span class='ocrx_word' id='word_1_378' title='bbox 1918 2036 2004 2090; x_wconf 87' lang='lat' dir='ltr'>sia</span> <span class='ocrx_word' id='word_1_379' title='bbox 2034 2036 2261 2090; x_wconf 90' lang='lat' dir='ltr'>videtur</span> <span class='ocrx_word' id='word_1_380' title='bbox 2291 2036 2632 2100; x_wconf 88' lang='lat' dir='ltr'>tolerabilis,</span> <span class='ocrx_word' id='word_1_381' title='bbox 2668 2037 2823 2091; x_wconf 88' lang='lat' dir='ltr'>haud</span> <span class='ocrx_word' id='word_1_382' title='bbox 2870 2035 3043 2091; x_wconf 90' lang='lat' dir='ltr'>dubie</span> <span class='ocrx_word' id='word_1_383' title='bbox 3074 2052 3108 2090; x_wconf 92' lang='lat' dir='ltr'>a</span> <span class='ocrx_word' id='word_1_384' title='bbox 3135 2034 3421 2092; x_wconf 90' lang='lat' dir='ltr'>catholica</span> <span class='ocrx_word' id='word_1_385' title='bbox 3449 2035 3564 2091; x_wconf 88' lang='lat' dir='ltr'>fide</span> 
     </span>
    </p>
   </div>
   <div class='ocr_carea' id='block_1_53' title="bbox 1918 2125 2669 2197">
    <p class='ocr_par' dir='ltr' id='par_1_53' title="bbox 1918 2125 2669 2197">
     <span class='ocr_line' id='line_1_53' title="bbox 1918 2125 2669 2197; baseline 0.001 -18"><span class='ocrx_word' id='word_1_386' title='bbox 1918 2125 2282 2197; x_wconf 84' lang='lat' dir='ltr'>naufragavit</span> <span class='ocrx_word' id='word_1_387' title='bbox 2312 2131 2411 2181; x_wconf 89' lang='lat' dir='ltr'>aut</span> <span class='ocrx_word' id='word_1_388' title='bbox 2439 2126 2669 2181; x_wconf 81' lang='lat' dir='ltr'>excidit.</span> 
     </span>
    </p>
   </div>
   <div class='ocr_carea' id='block_1_54' title="bbox 2512 2232 2962 2287">
    <p class='ocr_par' dir='ltr' id='par_1_54' title="bbox 2512 2232 2962 2287">
     <span class='ocr_line' id='line_1_54' title="bbox 2512 2232 2962 2287; baseline -0.002 0"><span class='ocrx_word' id='word_1_389' title='bbox 2512 2232 2744 2287; x_wconf 82' lang='lat' dir='ltr'>CAPUT</span> <span class='ocrx_word' id='word_1_390' title='bbox 2774 2232 2962 2286; x_wconf 79' lang='lat' dir='ltr'>XLIV.</span> 
     </span>
    </p>
   </div>
   <div class='ocr_carea' id='block_1_55' title="bbox 1918 2319 3566 2393">
    <p class='ocr_par' dir='ltr' id='par_1_55' title="bbox 1918 2319 3566 2393">
     <span class='ocr_line' id='line_1_55' title="bbox 1918 2319 3566 2393; baseline -0.002 -16"><span class='ocrx_word' id='word_1_391' title='bbox 1918 2322 2197 2392; x_wconf 64' lang='lat' dir='ltr'>Exemplis</span> <span class='ocrx_word' id='word_1_392' title='bbox 2220 2324 2515 2393; x_wconf 71' lang='lat' dir='ltr'>prepositis</span> <span class='ocrx_word' id='word_1_393' title='bbox 2552 2320 3161 2393; x_wconf 9' lang='lat' dir='ltr'>ostenditurrhmrctz’cos</span> <span class='ocrx_word' id='word_1_394' title='bbox 3208 2336 3308 2374; x_wconf 75' lang='lat' dir='ltr'>nec</span> <span class='ocrx_word' id='word_1_395' title='bbox 3353 2319 3424 2374; x_wconf 81' lang='lat' dir='ltr'>ad</span> <span class='ocrx_word' id='word_1_396' title='bbox 3469 2320 3566 2375; x_wconf 82' lang='lat' dir='ltr'>ho-</span> 
     </span>
    </p>
   </div>
   <div class='ocr_carea' id='block_1_56' title="bbox 1990 2392 3567 2465">
    <p class='ocr_par' dir='ltr' id='par_1_56' title="bbox 1990 2392 3567 2465">
     <span class='ocr_line' id='line_1_56' title="bbox 1990 2392 3567 2465; baseline -0.001 -18"><span class='ocrx_word' id='word_1_397' title='bbox 1990 2410 2113 2465; x_wconf 82' lang='lat' dir='ltr'>ram</span> <span class='ocrx_word' id='word_1_398' title='bbox 2145 2411 2177 2447; x_wconf 88' lang='lat' dir='ltr'>a</span> <span class='ocrx_word' id='word_1_399' title='bbox 2198 2392 2482 2448; x_wconf 74' lang='lat' dir='ltr'>cathetiris</span> <span class='ocrx_word' id='word_1_400' title='bbox 2532 2394 2778 2465; x_wconf 64' lang='lat' dir='ltr'>antiquis</span> <span class='ocrx_word' id='word_1_401' title='bbox 2810 2392 3080 2461; x_wconf 74' lang='lat' dir='ltr'>toleralos,</span> <span class='ocrx_word' id='word_1_402' title='bbox 3114 2399 3164 2445; x_wconf 77' lang='lat' dir='ltr'>et</span> <span class='ocrx_word' id='word_1_403' title='bbox 3202 2393 3567 2446; x_wconf 77' lang='lat' dir='ltr'>mercenaries</span> 
     </span>
    </p>
   </div>
   <div class='ocr_carea' id='block_1_57' title="bbox 1990 2464 2270 2520">
    <p class='ocr_par' dir='ltr' id='par_1_57' title="bbox 1990 2464 2270 2520">
     <span class='ocr_line' id='line_1_57' title="bbox 1990 2464 2270 2520; baseline 0 -1"><span class='ocrx_word' id='word_1_404' title='bbox 1990 2469 2040 2519; x_wconf 80' lang='lat' dir='ltr'>to</span> <span class='ocrx_word' id='word_1_405' title='bbox 2051 2464 2270 2520; x_wconf 62' lang='lat' dir='ltr'>(aratos.</span> 
     </span>
    </p>
   </div>
   <div class='ocr_carea' id='block_1_58' title="bbox 1988 2567 3573 2643">
    <p class='ocr_par' dir='ltr' id='par_1_58' title="bbox 1988 2567 3573 2643">
     <span class='ocr_line' id='line_1_58' title="bbox 1988 2567 3573 2643; baseline -0.003 -17"><span class='ocrx_word' id='word_1_406' title='bbox 1988 2572 2265 2643; x_wconf 86' lang='lat' dir='ltr'>Nunquid</span> <span class='ocrx_word' id='word_1_407' title='bbox 2293 2576 2549 2642; x_wconf 89' lang='lat' dir='ltr'>tempore</span> <span class='ocrx_word' id='word_1_408' title='bbox 2572 2569 2921 2624; x_wconf 87' lang='lat' dir='ltr'>Arianorum</span> <span class='ocrx_word' id='word_1_409' title='bbox 2946 2586 3047 2624; x_wconf 87' lang='lat' dir='ltr'>seu</span> <span class='ocrx_word' id='word_1_410' title='bbox 3077 2567 3324 2624; x_wconf 89' lang='lat' dir='ltr'>aliorum</span> <span class='ocrx_word' id='word_1_411' title='bbox 3346 2568 3573 2624; x_wconf 64' lang='lat' dir='ltr'>htereti-</span> 
     </span>
    </p>
   </div>
   <div class='ocr_carea' id='block_1_59' title="bbox 1918 2656 3571 2729">
    <p class='ocr_par' dir='ltr' id='par_1_59' title="bbox 1918 2656 3571 2729">
     <span class='ocr_line' id='line_1_59' title="bbox 1918 2656 3571 2729; baseline -0.002 -15"><span class='ocrx_word' id='word_1_412' title='bbox 1918 2677 2119 2715; x_wconf 88' lang='lat' dir='ltr'>eorum</span> <span class='ocrx_word' id='word_1_413' title='bbox 2144 2660 2330 2715; x_wconf 86' lang='lat' dir='ltr'>sicubi</span> <span class='ocrx_word' id='word_1_414' title='bbox 2356 2658 2665 2713; x_wconf 83' lang='lat' dir='ltr'>Catholicis</span> <span class='ocrx_word' id='word_1_415' title='bbox 2694 2658 3003 2713; x_wconf 69' lang='lat' dir='ltr'>haereticus</span> <span class='ocrx_word' id='word_1_416' title='bbox 3026 2656 3458 2729; x_wconf 85' lang='lat' dir='ltr'>quilibetdatus</span> <span class='ocrx_word' id='word_1_417' title='bbox 3480 2661 3571 2712; x_wconf 88' lang='lat' dir='ltr'>est</span> 
     </span>
    </p>
   </div>
   <div class='ocr_carea' id='block_1_60' title="bbox 1918 2745 3570 2820">
    <p class='ocr_par' dir='ltr' id='par_1_60' title="bbox 1918 2745 3570 2820">
     <span class='ocr_line' id='line_1_60' title="bbox 1918 2745 3570 2820; baseline -0.002 -17"><span class='ocrx_word' id='word_1_418' title='bbox 1918 2748 2249 2820; x_wconf 88' lang='lat' dir='ltr'>episcopus,</span> <span class='ocrx_word' id='word_1_419' title='bbox 2275 2748 2668 2802; x_wconf 89' lang='lat' dir='ltr'>ministerium</span> <span class='ocrx_word' id='word_1_420' title='bbox 2695 2747 2821 2817; x_wconf 87' lang='lat' dir='ltr'>ejus</span> <span class='ocrx_word' id='word_1_421' title='bbox 2842 2745 3161 2801; x_wconf 89' lang='lat' dir='ltr'>toleravere</span> <span class='ocrx_word' id='word_1_422' title='bbox 3180 2749 3281 2800; x_wconf 88' lang='lat' dir='ltr'>aut</span> <span class='ocrx_word' id='word_1_423' title='bbox 3301 2750 3570 2801; x_wconf 89' lang='lat' dir='ltr'>sanctum</span> 
     </span>
    </p>
   </div>
   <div class='ocr_carea' id='block_1_61' title="bbox 1916 2834 3569 2907">
    <p class='ocr_par' dir='ltr' id='par_1_61' title="bbox 1916 2834 3569 2907">
     <span class='ocr_line' id='line_1_61' title="bbox 1916 2834 3569 2907; baseline -0.001 -15"><span class='ocrx_word' id='word_1_424' title='bbox 1916 2836 2170 2892; x_wconf 89' lang='lat' dir='ltr'>habuere</span> <span class='ocrx_word' id='word_1_425' title='bbox 2194 2836 2483 2903; x_wconf 88' lang='lat' dir='ltr'>catholici,</span> <span class='ocrx_word' id='word_1_426' title='bbox 2528 2851 2835 2907; x_wconf 90' lang='lat' dir='ltr'>quousque</span> <span class='ocrx_word' id='word_1_427' title='bbox 2866 2834 3225 2907; x_wconf 76' lang='lat' dir='ltr'>synodaliter</span> <span class='ocrx_word' id='word_1_428' title='bbox 3254 2835 3569 2906; x_wconf 88' lang='lat' dir='ltr'>deponere-</span> 
     </span>
    </p>
   </div>
   <div class='ocr_carea' id='block_1_62' title="bbox 1916 2923 3574 2996">
    <p class='ocr_par' dir='ltr' id='par_1_62' title="bbox 1916 2923 3574 2996">
     <span class='ocr_line' id='line_1_62' title="bbox 1916 2923 3574 2996; baseline -0.001 -15"><span class='ocrx_word' id='word_1_429' title='bbox 1916 2926 2235 2991; x_wconf 84' lang='lat' dir='ltr'>tur?Quod</span> <span class='ocrx_word' id='word_1_430' title='bbox 2262 2943 2375 2979; x_wconf 92' lang='lat' dir='ltr'>non</span> <span class='ocrx_word' id='word_1_431' title='bbox 2410 2925 2593 2980; x_wconf 84' lang='lat' dir='ltr'>fuisse</span> <span class='ocrx_word' id='word_1_432' title='bbox 2626 2924 2945 2996; x_wconf 90' lang='lat' dir='ltr'>aliquando</span> <span class='ocrx_word' id='word_1_433' title='bbox 2976 2924 3287 2979; x_wconf 79' lang='lat' dir='ltr'>toleratam</span> <span class='ocrx_word' id='word_1_434' title='bbox 3321 2923 3574 2979; x_wconf 86' lang='lat' dir='ltr'>aCatho-</span> 
     </span>
    </p>
   </div>
   <div class='ocr_carea' id='block_1_63' title="bbox 1916 3012 3574 3080">
    <p class='ocr_par' dir='ltr' id='par_1_63' title="bbox 1916 3012 3574 3080">
     <span class='ocr_line' id='line_1_63' title="bbox 1916 3012 3574 3080; baseline -0.001 -12"><span class='ocrx_word' id='word_1_435' title='bbox 1916 3013 2045 3070; x_wconf 91' lang='lat' dir='ltr'>licis</span> <span class='ocrx_word' id='word_1_436' title='bbox 2077 3032 2209 3069; x_wconf 91' lang='lat' dir='ltr'>cum</span> <span class='ocrx_word' id='word_1_437' title='bbox 2244 3032 2311 3069; x_wconf 83' lang='lat' dir='ltr'>ex</span> <span class='ocrx_word' id='word_1_438' title='bbox 2344 3014 2545 3069; x_wconf 87' lang='lat' dir='ltr'>multis</span> <span class='ocrx_word' id='word_1_439' title='bbox 2576 3012 2791 3069; x_wconf 87' lang='lat' dir='ltr'>clareat</span> <span class='ocrx_word' id='word_1_440' title='bbox 2822 3013 3108 3080; x_wconf 91' lang='lat' dir='ltr'>historiis,</span> <span class='ocrx_word' id='word_1_441' title='bbox 3156 3017 3281 3068; x_wconf 90' lang='lat' dir='ltr'>tum</span> <span class='ocrx_word' id='word_1_442' title='bbox 3331 3029 3400 3068; x_wconf 87' lang='lat' dir='ltr'>ex</span> <span class='ocrx_word' id='word_1_443' title='bbox 3450 3013 3574 3067; x_wconf 90' lang='lat' dir='ltr'>Tri-</span> 
     </span>
    </p>
   </div>
   <div class='ocr_carea' id='block_1_64' title="bbox 1918 3102 3573 3176">
    <p class='ocr_par' dir='ltr' id='par_1_64' title="bbox 1918 3102 3573 3176">
     <span class='ocr_line' id='line_1_64' title="bbox 1918 3102 3573 3176; baseline 0 -18"><span class='ocrx_word' id='word_1_444' title='bbox 1918 3104 2149 3176; x_wconf 87' lang='lat' dir='ltr'>pertita,</span> <span class='ocrx_word' id='word_1_445' title='bbox 2174 3120 2301 3175; x_wconf 80' lang='lat' dir='ltr'>quae</span> <span class='ocrx_word' id='word_1_446' title='bbox 2330 3108 2528 3159; x_wconf 86' lang='lat' dir='ltr'>narrat</span> <span class='ocrx_word' id='word_1_447' title='bbox 2559 3120 2770 3175; x_wconf 90' lang='lat' dir='ltr'>pueros</span> <span class='ocrx_word' id='word_1_448' title='bbox 2794 3102 2974 3175; x_wconf 89' lang='lat' dir='ltr'>pilam</span> <span class='ocrx_word' id='word_1_449' title='bbox 3006 3102 3287 3158; x_wconf 90' lang='lat' dir='ltr'>lusoriam</span> <span class='ocrx_word' id='word_1_450' title='bbox 3317 3102 3573 3158; x_wconf 83' lang='lat' dir='ltr'>ﬂammis</span> 
     </span>
    </p>
   </div>
   <div class='ocr_carea' id='block_1_65' title="bbox 165 3185 3571 3265">
    <p class='ocr_par' dir='ltr' id='par_1_65' title="bbox 165 3185 3571 3265">
     <span class='ocr_line' id='line_1_65' title="bbox 165 3185 3571 3265; baseline 0.001 -20"><span class='ocrx_word' id='word_1_451' title='bbox 165 3190 352 3257; x_wconf 86' lang='lat' dir='ltr'>audet,</span> <span class='ocrx_word' id='word_1_452' title='bbox 386 3192 670 3247; x_wconf 87' lang='lat' dir='ltr'>concedat</span> <span class='ocrx_word' id='word_1_453' title='bbox 707 3209 942 3248; x_wconf 89' lang='lat' dir='ltr'>necesse</span> <span class='ocrx_word' id='word_1_454' title='bbox 990 3198 1080 3248; x_wconf 90' lang='lat' dir='ltr'>est</span> <span class='ocrx_word' id='word_1_455' title='bbox 1135 3192 1477 3263; x_wconf 90' lang='lat' dir='ltr'>hujusmodi</span> <span class='ocrx_word' id='word_1_456' title='bbox 1536 3193 1692 3247; x_wconf 85' lang='lat' dir='ltr'>fures</span> <span class='ocrx_word' id='word_1_457' title='bbox 1750 3197 1805 3247; x_wconf 89' lang='lat' dir='ltr'>et</span> <span class='ocrx_word' id='word_1_458' title='bbox 1837 3185 1879 3252; x_wconf 87' lang='lat' dir='ltr'>C</span> <span class='ocrx_word' id='word_1_459' title='bbox 1919 3194 2205 3265; x_wconf 80' lang='lat' dir='ltr'>expiasse,</span> <span class='ocrx_word' id='word_1_460' title='bbox 2239 3193 2377 3264; x_wconf 88' lang='lat' dir='ltr'>quia</span> <span class='ocrx_word' id='word_1_461' title='bbox 2406 3193 2495 3248; x_wconf 91' lang='lat' dir='ltr'>vel</span> <span class='ocrx_word' id='word_1_462' title='bbox 2528 3192 2588 3247; x_wconf 91' lang='lat' dir='ltr'>in</span> <span class='ocrx_word' id='word_1_463' title='bbox 2620 3193 2797 3264; x_wconf 90' lang='lat' dir='ltr'>pedes</span> <span class='ocrx_word' id='word_1_464' title='bbox 2831 3192 2997 3248; x_wconf 90' lang='lat' dir='ltr'>aselli</span> <span class='ocrx_word' id='word_1_465' title='bbox 3026 3209 3142 3264; x_wconf 91' lang='lat' dir='ltr'>quo</span> <span class='ocrx_word' id='word_1_466' title='bbox 3173 3191 3482 3248; x_wconf 63' lang='lat' dir='ltr'>haereticus</span> <span class='ocrx_word' id='word_1_467' title='bbox 3505 3191 3571 3247; x_wconf 93' lang='lat' dir='ltr'>i1-</span> 
     </span>
    </p>
   </div>
   <div class='ocr_carea' id='block_1_66' title="bbox 164 3278 1803 3346">
    <p class='ocr_par' dir='ltr' id='par_1_66' title="bbox 164 3278 1803 3346">
     <span class='ocr_line' id='line_1_66' title="bbox 164 3278 1803 3346; baseline 0.002 -12"><span class='ocrx_word' id='word_1_468' title='bbox 164 3278 410 3335; x_wconf 87' lang='lat' dir='ltr'>latrones</span> <span class='ocrx_word' id='word_1_469' title='bbox 447 3296 565 3335; x_wconf 87' lang='lat' dir='ltr'>non</span> <span class='ocrx_word' id='word_1_470' title='bbox 596 3280 710 3337; x_wconf 89' lang='lat' dir='ltr'>nisi</span> <span class='ocrx_word' id='word_1_471' title='bbox 740 3280 963 3337; x_wconf 90' lang='lat' dir='ltr'>malum</span> <span class='ocrx_word' id='word_1_472' title='bbox 994 3281 1104 3337; x_wconf 88' lang='lat' dir='ltr'>sibi</span> <span class='ocrx_word' id='word_1_473' title='bbox 1147 3286 1204 3336; x_wconf 89' lang='lat' dir='ltr'>et</span> <span class='ocrx_word' id='word_1_474' title='bbox 1251 3279 1380 3336; x_wconf 89' lang='lat' dir='ltr'>aliis</span> <span class='ocrx_word' id='word_1_475' title='bbox 1414 3282 1617 3335; x_wconf 82' lang='lat' dir='ltr'>facere.</span> <span class='ocrx_word' id='word_1_476' title='bbox 1652 3283 1803 3346; x_wconf 86' lang='lat' dir='ltr'>Qua-</span> 
     </span>
    </p>
   </div>
   <div class='ocr_carea' id='block_1_67' title="bbox 161 3369 1806 3441">
    <p class='ocr_par' dir='ltr' id='par_1_67' title="bbox 161 3369 1806 3441">
     <span class='ocr_line' id='line_1_67' title="bbox 161 3369 1806 3441; baseline 0 -17"><span class='ocrx_word' id='word_1_477' title='bbox 161 3373 395 3441; x_wconf 86' lang='lat' dir='ltr'>propter</span> <span class='ocrx_word' id='word_1_478' title='bbox 423 3386 532 3424; x_wconf 89' lang='lat' dir='ltr'>cur</span> <span class='ocrx_word' id='word_1_479' title='bbox 561 3374 843 3441; x_wconf 87' lang='lat' dir='ltr'>putantur</span> <span class='ocrx_word' id='word_1_480' title='bbox 880 3369 1201 3425; x_wconf 90' lang='lat' dir='ltr'>Simoniani</span> <span class='ocrx_word' id='word_1_481' title='bbox 1235 3369 1531 3425; x_wconf 87' lang='lat' dir='ltr'>multoties</span> <span class='ocrx_word' id='word_1_482' title='bbox 1562 3374 1618 3424; x_wconf 91' lang='lat' dir='ltr'>et</span> <span class='ocrx_word' id='word_1_483' title='bbox 1661 3386 1806 3441; x_wconf 89' lang='lat' dir='ltr'>pene</span> 
     </span>
    </p>
   </div>
   <div class='ocr_carea' id='block_1_68' title="bbox 161 3457 1804 3532">
    <p class='ocr_par' dir='ltr' id='par_1_68' title="bbox 161 3457 1804 3532">
     <span class='ocr_line' id='line_1_68' title="bbox 161 3457 1804 3532; baseline 0 -20"><span class='ocrx_word' id='word_1_484' title='bbox 161 3457 416 3529; x_wconf 80' lang='lat' dir='ltr'>quotidie</span> <span class='ocrx_word' id='word_1_485' title='bbox 441 3458 802 3529; x_wconf 86' lang='lat' dir='ltr'>synodaliter</span> <span class='ocrx_word' id='word_1_486' title='bbox 832 3459 1178 3532; x_wconf 89' lang='lat' dir='ltr'>deponendi,</span> <span class='ocrx_word' id='word_1_487' title='bbox 1215 3459 1315 3530; x_wconf 93' lang='lat' dir='ltr'>qui</span> <span class='ocrx_word' id='word_1_488' title='bbox 1341 3459 1412 3513; x_wconf 91' lang='lat' dir='ltr'>ab</span> <span class='ocrx_word' id='word_1_489' title='bbox 1435 3458 1601 3514; x_wconf 90' lang='lat' dir='ltr'>initio</span> <span class='ocrx_word' id='word_1_490' title='bbox 1625 3458 1804 3514; x_wconf 88' lang='lat' dir='ltr'>semel</span> 
     </span>
    </p>
   </div>
   <div class='ocr_carea' id='block_1_69' title="bbox 161 3546 1803 3620">
    <p class='ocr_par' dir='ltr' id='par_1_69' title="bbox 161 3546 1803 3620">
     <span class='ocr_line' id='line_1_69' title="bbox 161 3546 1803 3620; baseline 0 -19"><span class='ocrx_word' id='word_1_491' title='bbox 161 3546 333 3602; x_wconf 90' lang='lat' dir='ltr'>simul</span> <span class='ocrx_word' id='word_1_492' title='bbox 367 3552 425 3601; x_wconf 89' lang='lat' dir='ltr'>et</span> <span class='ocrx_word' id='word_1_493' title='bbox 464 3547 961 3604; x_wconf 87' lang='lat' dir='ltr'>irretractabiliter</span> <span class='ocrx_word' id='word_1_494' title='bbox 995 3549 1067 3604; x_wconf 88' lang='lat' dir='ltr'>ab</span> <span class='ocrx_word' id='word_1_495' title='bbox 1098 3547 1494 3619; x_wconf 86' lang='lat' dir='ltr'>apostolorum</span> <span class='ocrx_word' id='word_1_496' title='bbox 1525 3547 1803 3620; x_wconf 88' lang='lat' dir='ltr'>principi-</span> 
     </span>
    </p>
   </div>
   <div class='ocr_carea' id='block_1_70' title="bbox 160 3635 1806 3708">
    <p class='ocr_par' dir='ltr' id='par_1_70' title="bbox 160 3635 1806 3708">
     <span class='ocr_line' id='line_1_70' title="bbox 160 3635 1806 3708; baseline 0.001 -18"><span class='ocrx_word' id='word_1_497' title='bbox 160 3635 271 3690; x_wconf 89' lang='lat' dir='ltr'>bus</span> <span class='ocrx_word' id='word_1_498' title='bbox 302 3636 469 3691; x_wconf 84' lang='lat' dir='ltr'>fuere</span> <span class='ocrx_word' id='word_1_499' title='bbox 497 3636 763 3707; x_wconf 90' lang='lat' dir='ltr'>depositi,</span> <span class='ocrx_word' id='word_1_500' title='bbox 787 3638 941 3694; x_wconf 81' lang='lat' dir='ltr'>sicut</span> <span class='ocrx_word' id='word_1_501' title='bbox 972 3641 1027 3693; x_wconf 90' lang='lat' dir='ltr'>et</span> <span class='ocrx_word' id='word_1_502' title='bbox 1055 3642 1258 3708; x_wconf 88' lang='lat' dir='ltr'>postea</span> <span class='ocrx_word' id='word_1_503' title='bbox 1287 3636 1358 3690; x_wconf 89' lang='lat' dir='ltr'>ab</span> <span class='ocrx_word' id='word_1_504' title='bbox 1391 3636 1727 3692; x_wconf 79' lang='lat' dir='ltr'>orthodoxis</span> <span class='ocrx_word' id='word_1_505' title='bbox 1750 3641 1806 3692; x_wconf 90' lang='lat' dir='ltr'>et</span> 
     </span>
    </p>
   </div>
   <div class='ocr_carea' id='block_1_71' title="bbox 158 3722 1804 3797">
    <p class='ocr_par' dir='ltr' id='par_1_71' title="bbox 158 3722 1804 3797">
     <span class='ocr_line' id='line_1_71' title="bbox 158 3722 1804 3797; baseline -0.001 -17"><span class='ocrx_word' id='word_1_506' title='bbox 158 3722 468 3780; x_wconf 85' lang='lat' dir='ltr'>catholicis</span> <span class='ocrx_word' id='word_1_507' title='bbox 501 3724 770 3781; x_wconf 89' lang='lat' dir='ltr'>Patribus</span> <span class='ocrx_word' id='word_1_508' title='bbox 802 3726 898 3781; x_wconf 90' lang='lat' dir='ltr'>alii</span> <span class='ocrx_word' id='word_1_509' title='bbox 930 3726 989 3780; x_wconf 92' lang='lat' dir='ltr'>in</span> <span class='ocrx_word' id='word_1_510' title='bbox 1022 3726 1147 3797; x_wconf 92' lang='lat' dir='ltr'>ipso</span> <span class='ocrx_word' id='word_1_511' title='bbox 1179 3729 1307 3780; x_wconf 90' lang='lat' dir='ltr'>ortu</span> <span class='ocrx_word' id='word_1_512' title='bbox 1354 3741 1460 3779; x_wconf 91' lang='lat' dir='ltr'>suo</span> <span class='ocrx_word' id='word_1_513' title='bbox 1509 3725 1804 3780; x_wconf 67' lang='lat' dir='ltr'>haeretici?</span> 
     </span>
    </p>
   </div>
   <div class='ocr_carea' id='block_1_72' title="bbox 158 3813 1801 3888">
    <p class='ocr_par' dir='ltr' id='par_1_72' title="bbox 158 3813 1801 3888">
     <span class='ocr_line' id='line_1_72' title="bbox 158 3813 1801 3888; baseline -0.001 -19"><span class='ocrx_word' id='word_1_514' title='bbox 158 3813 445 3886; x_wconf 91' lang='lat' dir='ltr'>siquidem</span> <span class='ocrx_word' id='word_1_515' title='bbox 478 3814 705 3885; x_wconf 89' lang='lat' dir='ltr'>quoties</span> <span class='ocrx_word' id='word_1_516' title='bbox 735 3832 967 3888; x_wconf 90' lang='lat' dir='ltr'>quoque</span> <span class='ocrx_word' id='word_1_517' title='bbox 989 3814 1144 3870; x_wconf 89' lang='lat' dir='ltr'>mala</span> <span class='ocrx_word' id='word_1_518' title='bbox 1165 3815 1336 3869; x_wconf 88' lang='lat' dir='ltr'>arbor</span> <span class='ocrx_word' id='word_1_519' title='bbox 1351 3813 1631 3869; x_wconf 86' lang='lat' dir='ltr'>radicitus</span> <span class='ocrx_word' id='word_1_520' title='bbox 1654 3813 1801 3869; x_wconf 84' lang='lat' dir='ltr'>evel-</span> 
     </span>
    </p>
   </div>
   <div class='ocr_carea' id='block_1_73' title="bbox 158 3900 1804 3972">
    <p class='ocr_par' dir='ltr' id='par_1_73' title="bbox 158 3900 1804 3972">
     <span class='ocr_line' id='line_1_73' title="bbox 158 3900 1804 3972; baseline 0 -17"><span class='ocrx_word' id='word_1_521' title='bbox 158 3900 313 3969; x_wconf 89' lang='lat' dir='ltr'>litur,</span> <span class='ocrx_word' id='word_1_522' title='bbox 346 3900 651 3957; x_wconf 88' lang='lat' dir='ltr'>incassum</span> <span class='ocrx_word' id='word_1_523' title='bbox 684 3903 1002 3958; x_wconf 89' lang='lat' dir='ltr'>creduntur</span> <span class='ocrx_word' id='word_1_524' title='bbox 1032 3902 1179 3957; x_wconf 89' lang='lat' dir='ltr'>rami</span> <span class='ocrx_word' id='word_1_525' title='bbox 1213 3902 1339 3972; x_wconf 88' lang='lat' dir='ltr'>ejus</span> <span class='ocrx_word' id='word_1_526' title='bbox 1370 3900 1557 3956; x_wconf 91' lang='lat' dir='ltr'>vivere</span> <span class='ocrx_word' id='word_1_527' title='bbox 1587 3906 1690 3957; x_wconf 90' lang='lat' dir='ltr'>aut</span> <span class='ocrx_word' id='word_1_528' title='bbox 1718 3901 1804 3955; x_wconf 91' lang='lat' dir='ltr'>vi-</span> 
     </span>
    </p>
   </div>
   <div class='ocr_carea' id='block_1_74' title="bbox 156 3990 1805 4064">
    <p class='ocr_par' dir='ltr' id='par_1_74' title="bbox 156 3990 1805 4064">
     <span class='ocr_line' id='line_1_74' title="bbox 156 3990 1805 4064; baseline 0.001 -21"><span class='ocrx_word' id='word_1_529' title='bbox 156 3990 299 4046; x_wconf 91' lang='lat' dir='ltr'>cturi</span> <span class='ocrx_word' id='word_1_530' title='bbox 332 3990 448 4046; x_wconf 88' lang='lat' dir='ltr'>nisi</span> <span class='ocrx_word' id='word_1_531' title='bbox 482 3992 540 4047; x_wconf 85' lang='lat' dir='ltr'>et</span> <span class='ocrx_word' id='word_1_532' title='bbox 596 3991 710 4064; x_wconf 90' lang='lat' dir='ltr'>ipsi</span> <span class='ocrx_word' id='word_1_533' title='bbox 741 3991 1084 4059; x_wconf 86' lang='lat' dir='ltr'>evellantur,</span> <span class='ocrx_word' id='word_1_534' title='bbox 1141 4007 1275 4046; x_wconf 91' lang='lat' dir='ltr'>cum</span> <span class='ocrx_word' id='word_1_535' title='bbox 1322 3990 1380 4044; x_wconf 89' lang='lat' dir='ltr'>in</span> <span class='ocrx_word' id='word_1_536' title='bbox 1435 4006 1553 4045; x_wconf 66' lang='lat' dir='ltr'>suae</span> <span class='ocrx_word' id='word_1_537' title='bbox 1598 3991 1805 4045; x_wconf 88' lang='lat' dir='ltr'>matris</span> 
     </span>
    </p>
   </div>
   <div class='ocr_carea' id='block_1_75' title="bbox 156 4077 1799 4153">
    <p class='ocr_par' dir='ltr' id='par_1_75' title="bbox 156 4077 1799 4153">
     <span class='ocr_line' id='line_1_75' title="bbox 156 4077 1799 4153; baseline 0 -19"><span class='ocrx_word' id='word_1_538' title='bbox 156 4077 450 4135; x_wconf 88' lang='lat' dir='ltr'>evulsione</span> <span class='ocrx_word' id='word_1_539' title='bbox 479 4083 542 4136; x_wconf 87' lang='lat' dir='ltr'>et</span> <span class='ocrx_word' id='word_1_540' title='bbox 571 4079 683 4153; x_wconf 89' lang='lat' dir='ltr'>ipsi</span> <span class='ocrx_word' id='word_1_541' title='bbox 706 4080 890 4137; x_wconf 88' lang='lat' dir='ltr'>evulsi</span> <span class='ocrx_word' id='word_1_542' title='bbox 922 4085 1352 4151; x_wconf 88' lang='lat' dir='ltr'>computentur.</span> <span class='ocrx_word' id='word_1_543' title='bbox 1386 4079 1477 4139; x_wconf 83' lang='lat' dir='ltr'>Sic</span> <span class='ocrx_word' id='word_1_544' title='bbox 1518 4084 1573 4134; x_wconf 89' lang='lat' dir='ltr'>et</span> <span class='ocrx_word' id='word_1_545' title='bbox 1604 4080 1799 4150; x_wconf 88' lang='lat' dir='ltr'>cujus-</span> 
     </span>
    </p>
   </div>
   <div class='ocr_carea' id='block_1_76' title="bbox 154 4167 1802 4241">
    <p class='ocr_par' dir='ltr' id='par_1_76' title="bbox 154 4167 1802 4241">
     <span class='ocr_line' id='line_1_76' title="bbox 154 4167 1802 4241; baseline 0.002 -20"><span class='ocrx_word' id='word_1_546' title='bbox 154 4167 289 4224; x_wconf 90' lang='lat' dir='ltr'>libet</span> <span class='ocrx_word' id='word_1_547' title='bbox 316 4168 574 4225; x_wconf 79' lang='lat' dir='ltr'>hzeretici</span> <span class='ocrx_word' id='word_1_548' title='bbox 605 4170 894 4241; x_wconf 89' lang='lat' dir='ltr'>depositio</span> <span class='ocrx_word' id='word_1_549' title='bbox 922 4175 1205 4241; x_wconf 89' lang='lat' dir='ltr'>tanquam</span> <span class='ocrx_word' id='word_1_550' title='bbox 1237 4167 1520 4224; x_wconf 89' lang='lat' dir='ltr'>abscissio</span> <span class='ocrx_word' id='word_1_551' title='bbox 1565 4186 1679 4223; x_wconf 90' lang='lat' dir='ltr'>non</span> <span class='ocrx_word' id='word_1_552' title='bbox 1713 4174 1802 4225; x_wconf 91' lang='lat' dir='ltr'>est</span> 
     </span>
    </p>
   </div>
   <div class='ocr_carea' id='block_1_77' title="bbox 158 4256 1801 4332">
    <p class='ocr_par' dir='ltr' id='par_1_77' title="bbox 158 4256 1801 4332">
     <span class='ocr_line' id='line_1_77' title="bbox 158 4256 1801 4332; baseline 0.001 -21"><span class='ocrx_word' id='word_1_553' title='bbox 158 4258 215 4312; x_wconf 91' lang='lat' dir='ltr'>in</span> <span class='ocrx_word' id='word_1_554' title='bbox 244 4258 499 4332; x_wconf 84' lang='lat' dir='ltr'>singulis</span> <span class='ocrx_word' id='word_1_555' title='bbox 532 4259 800 4331; x_wconf 88' lang='lat' dir='ltr'>personis</span> <span class='ocrx_word' id='word_1_556' title='bbox 841 4275 945 4315; x_wconf 92' lang='lat' dir='ltr'>ceu</span> <span class='ocrx_word' id='word_1_557' title='bbox 974 4258 1035 4314; x_wconf 90' lang='lat' dir='ltr'>in</span> <span class='ocrx_word' id='word_1_558' title='bbox 1080 4257 1331 4330; x_wconf 85' lang='lat' dir='ltr'>singulis</span> <span class='ocrx_word' id='word_1_559' title='bbox 1380 4256 1560 4314; x_wconf 86' lang='lat' dir='ltr'>ramis</span> <span class='ocrx_word' id='word_1_560' title='bbox 1610 4258 1801 4330; x_wconf 89' lang='lat' dir='ltr'>requi-</span> 
     </span>
    </p>
   </div>
   <div class='ocr_carea' id='block_1_78' title="bbox 158 4346 1802 4418">
    <p class='ocr_par' dir='ltr' id='par_1_78' title="bbox 158 4346 1802 4418">
     <span class='ocr_line' id='line_1_78' title="bbox 158 4346 1802 4418; baseline -0.001 -16"><span class='ocrx_word' id='word_1_561' title='bbox 158 4351 353 4418; x_wconf 89' lang='lat' dir='ltr'>renda,</span> <span class='ocrx_word' id='word_1_562' title='bbox 388 4348 439 4405; x_wconf 91' lang='lat' dir='ltr'>si</span> <span class='ocrx_word' id='word_1_563' title='bbox 480 4350 779 4402; x_wconf 87' lang='lat' dir='ltr'>auctorem</span> <span class='ocrx_word' id='word_1_564' title='bbox 828 4347 1114 4404; x_wconf 72' lang='lat' dir='ltr'>haereseos</span> <span class='ocrx_word' id='word_1_565' title='bbox 1148 4346 1307 4403; x_wconf 88' lang='lat' dir='ltr'>velut</span> <span class='ocrx_word' id='word_1_566' title='bbox 1354 4346 1520 4401; x_wconf 73' lang='lat' dir='ltr'>mala:</span> <span class='ocrx_word' id='word_1_567' title='bbox 1577 4347 1802 4402; x_wconf 88' lang='lat' dir='ltr'>arboris</span> 
     </span>
    </p>
   </div>
   <div class='ocr_carea' id='block_1_79' title="bbox 162 4435 1805 4511">
    <p class='ocr_par' dir='ltr' id='par_1_79' title="bbox 162 4435 1805 4511">
     <span class='ocr_line' id='line_1_79' title="bbox 162 4435 1805 4511; baseline -0.001 -19"><span class='ocrx_word' id='word_1_568' title='bbox 162 4439 411 4496; x_wconf 88' lang='lat' dir='ltr'>radicem</span> <span class='ocrx_word' id='word_1_569' title='bbox 442 4436 681 4511; x_wconf 88' lang='lat' dir='ltr'>penitus</span> <span class='ocrx_word' id='word_1_570' title='bbox 714 4435 981 4493; x_wconf 88' lang='lat' dir='ltr'>evulsum</span> <span class='ocrx_word' id='word_1_571' title='bbox 1015 4440 1278 4493; x_wconf 86' lang='lat' dir='ltr'>constat:</span> <span class='ocrx_word' id='word_1_572' title='bbox 1314 4435 1469 4507; x_wconf 91' lang='lat' dir='ltr'>quod</span> <span class='ocrx_word' id='word_1_573' title='bbox 1503 4436 1805 4491; x_wconf 89' lang='lat' dir='ltr'>catholicis</span> 
     </span>
    </p>
   </div>
   <div class='ocr_carea' id='block_1_80' title="bbox 164 4525 1808 4600">
    <p class='ocr_par' dir='ltr' id='par_1_80' title="bbox 164 4525 1808 4600">
     <span class='ocr_line' id='line_1_80' title="bbox 164 4525 1808 4600; baseline -0.002 -16"><span class='ocrx_word' id='word_1_574' title='bbox 164 4529 425 4600; x_wconf 86' lang='lat' dir='ltr'>quamvis</span> <span class='ocrx_word' id='word_1_575' title='bbox 455 4525 613 4583; x_wconf 88' lang='lat' dir='ltr'>male</span> <span class='ocrx_word' id='word_1_576' title='bbox 639 4526 969 4582; x_wconf 88' lang='lat' dir='ltr'>viventibus</span> <span class='ocrx_word' id='word_1_577' title='bbox 1000 4531 1223 4582; x_wconf 86' lang='lat' dir='ltr'>certum</span> <span class='ocrx_word' id='word_1_578' title='bbox 1283 4529 1371 4582; x_wconf 91' lang='lat' dir='ltr'>est</span> <span class='ocrx_word' id='word_1_579' title='bbox 1417 4542 1533 4580; x_wconf 90' lang='lat' dir='ltr'>non</span> <span class='ocrx_word' id='word_1_580' title='bbox 1588 4526 1808 4582; x_wconf 90' lang='lat' dir='ltr'>contin-</span> 
     </span>
    </p>
   </div>
   <div class='ocr_carea' id='block_1_81' title="bbox 161 4613 1804 4691">
    <p class='ocr_par' dir='ltr' id='par_1_81' title="bbox 161 4613 1804 4691">
     <span class='ocr_line' id='line_1_81' title="bbox 161 4613 1804 4691; baseline -0.002 -17"><span class='ocrx_word' id='word_1_581' title='bbox 161 4634 311 4691; x_wconf 87' lang='lat' dir='ltr'>gere,</span> <span class='ocrx_word' id='word_1_582' title='bbox 358 4633 613 4691; x_wconf 90' lang='lat' dir='ltr'>quorum</span> <span class='ocrx_word' id='word_1_583' title='bbox 675 4615 857 4684; x_wconf 85' lang='lat' dir='ltr'>radix,</span> <span class='ocrx_word' id='word_1_584' title='bbox 919 4613 1175 4672; x_wconf 87' lang='lat' dir='ltr'>Ecclesia</span> <span class='ocrx_word' id='word_1_585' title='bbox 1229 4614 1446 4670; x_wconf 89' lang='lat' dir='ltr'>scilicet</span> <span class='ocrx_word' id='word_1_586' title='bbox 1497 4614 1804 4682; x_wconf 85' lang='lat' dir='ltr'>catholica,</span> 
     </span>
    </p>
   </div>
   <div class='ocr_carea' id='block_1_82' title="bbox 162 4701 1803 4777">
    <p class='ocr_par' dir='ltr' id='par_1_82' title="bbox 162 4701 1803 4777">
     <span class='ocr_line' id='line_1_82' title="bbox 162 4701 1803 4777; baseline -0.002 -14"><span class='ocrx_word' id='word_1_587' title='bbox 162 4724 273 4764; x_wconf 90' lang='lat' dir='ltr'>non</span> <span class='ocrx_word' id='word_1_588' title='bbox 303 4708 639 4766; x_wconf 88' lang='lat' dir='ltr'>eradicatur</span> <span class='ocrx_word' id='word_1_589' title='bbox 667 4704 1004 4777; x_wconf 87' lang='lat' dir='ltr'>aliquando,</span> <span class='ocrx_word' id='word_1_590' title='bbox 1037 4703 1214 4760; x_wconf 89' lang='lat' dir='ltr'>etiam</span> <span class='ocrx_word' id='word_1_591' title='bbox 1244 4719 1380 4758; x_wconf 91' lang='lat' dir='ltr'>cum</span> <span class='ocrx_word' id='word_1_592' title='bbox 1412 4701 1681 4759; x_wconf 90' lang='lat' dir='ltr'>nonnulli</span> <span class='ocrx_word' id='word_1_593' title='bbox 1712 4720 1803 4759; x_wconf 91' lang='lat' dir='ltr'>ra-</span> 
     </span>
    </p>
   </div>
   <div class='ocr_carea' id='block_1_83' title="bbox 160 4791 1804 4869">
    <p class='ocr_par' dir='ltr' id='par_1_83' title="bbox 160 4791 1804 4869">
     <span class='ocr_line' id='line_1_83' title="bbox 160 4791 1804 4869; baseline -0.004 -16"><span class='ocrx_word' id='word_1_594' title='bbox 160 4812 388 4854; x_wconf 84' lang='lat' dir='ltr'>morum</span> <span class='ocrx_word' id='word_1_595' title='bbox 409 4798 546 4869; x_wconf 83' lang='lat' dir='ltr'>ejus</span> <span class='ocrx_word' id='word_1_596' title='bbox 566 4812 669 4868; x_wconf 92' lang='lat' dir='ltr'>pro</span> <span class='ocrx_word' id='word_1_597' title='bbox 692 4811 810 4850; x_wconf 75' lang='lat' dir='ltr'>suae</span> <span class='ocrx_word' id='word_1_598' title='bbox 833 4793 1158 4850; x_wconf 85' lang='lat' dir='ltr'>sterilitatis</span> <span class='ocrx_word' id='word_1_599' title='bbox 1178 4798 1280 4848; x_wconf 91' lang='lat' dir='ltr'>aut</span> <span class='ocrx_word' id='word_1_600' title='bbox 1298 4791 1804 4865; x_wconf 89' lang='lat' dir='ltr'>ineompositionis</span> 
     </span>
    </p>
   </div>
   <div class='ocr_carea' id='block_1_84' title="bbox 158 4883 1803 4961">
    <p class='ocr_par' dir='ltr' id='par_1_84' title="bbox 158 4883 1803 4961">
     <span class='ocr_line' id='line_1_84' title="bbox 158 4883 1803 4961; baseline -0.003 -19"><span class='ocrx_word' id='word_1_601' title='bbox 158 4892 498 4961; x_wconf 88' lang='lat' dir='ltr'>amputatur</span> <span class='ocrx_word' id='word_1_602' title='bbox 530 4885 690 4941; x_wconf 92' lang='lat' dir='ltr'>vitio.</span> <span class='ocrx_word' id='word_1_603' title='bbox 724 4884 832 4947; x_wconf 89' lang='lat' dir='ltr'>Qui</span> <span class='ocrx_word' id='word_1_604' title='bbox 884 4884 1145 4954; x_wconf 89' lang='lat' dir='ltr'>quandiu</span> <span class='ocrx_word' id='word_1_605' title='bbox 1179 4900 1210 4937; x_wconf 92' lang='lat' dir='ltr'>a</span> <span class='ocrx_word' id='word_1_606' title='bbox 1242 4899 1350 4938; x_wconf 88' lang='lat' dir='ltr'>sua</span> <span class='ocrx_word' id='word_1_607' title='bbox 1380 4886 1563 4938; x_wconf 87' lang='lat' dir='ltr'>matre</span> <span class='ocrx_word' id='word_1_608' title='bbox 1600 4883 1803 4937; x_wconf 90' lang='lat' dir='ltr'>arbore</span> 
     </span>
    </p>
   </div>
   <div class='ocr_carea' id='block_1_85' title="bbox 160 4970 1809 5046">
    <p class='ocr_par' dir='ltr' id='par_1_85' title="bbox 160 4970 1809 5046">
     <span class='ocr_line' id='line_1_85' title="bbox 160 4970 1809 5046; baseline -0.003 -15"><span class='ocrx_word' id='word_1_609' title='bbox 160 4981 486 5046; x_wconf 82' lang='lat' dir='ltr'>portantur,</span> <span class='ocrx_word' id='word_1_610' title='bbox 524 4979 625 5031; x_wconf 89' lang='lat' dir='ltr'>aut</span> <span class='ocrx_word' id='word_1_611' title='bbox 652 4972 1055 5039; x_wconf 83' lang='lat' dir='ltr'>meliorantur,</span> <span class='ocrx_word' id='word_1_612' title='bbox 1088 4974 1189 5027; x_wconf 89' lang='lat' dir='ltr'>aut</span> <span class='ocrx_word' id='word_1_613' title='bbox 1218 4971 1289 5027; x_wconf 90' lang='lat' dir='ltr'>ad</span> <span class='ocrx_word' id='word_1_614' title='bbox 1324 4972 1593 5028; x_wconf 89' lang='lat' dir='ltr'>umbram</span> <span class='ocrx_word' id='word_1_615' title='bbox 1624 4970 1809 5027; x_wconf 90' lang='lat' dir='ltr'>homi-</span> 
     </span>
    </p>
   </div>
   <div class='ocr_carea' id='block_1_86' title="bbox 157 5060 1809 5136">
    <p class='ocr_par' dir='ltr' id='par_1_86' title="bbox 157 5060 1809 5136">
     <span class='ocr_line' id='line_1_86' title="bbox 157 5060 1809 5136; baseline -0.002 -16"><span class='ocrx_word' id='word_1_616' title='bbox 157 5080 299 5121; x_wconf 89' lang='lat' dir='ltr'>num</span> <span class='ocrx_word' id='word_1_617' title='bbox 328 5066 417 5123; x_wconf 89' lang='lat' dir='ltr'>vel</span> <span class='ocrx_word' id='word_1_618' title='bbox 449 5065 526 5122; x_wconf 91' lang='lat' dir='ltr'>ad</span> <span class='ocrx_word' id='word_1_619' title='bbox 557 5060 1028 5136; x_wconf 85' lang='lat' dir='ltr'>repausationem</span> <span class='ocrx_word' id='word_1_620' title='bbox 1059 5060 1255 5116; x_wconf 89' lang='lat' dir='ltr'>avium</span> <span class='ocrx_word' id='word_1_621' title='bbox 1284 5060 1594 5118; x_wconf 90' lang='lat' dir='ltr'>habentur.</span> <span class='ocrx_word' id='word_1_622' title='bbox 1630 5062 1723 5117; x_wconf 90' lang='lat' dir='ltr'>Sic</span> <span class='ocrx_word' id='word_1_623' title='bbox 1754 5065 1809 5117; x_wconf 91' lang='lat' dir='ltr'>et</span> 
     </span>
    </p>
   </div>
   <div class='ocr_carea' id='block_1_87' title="bbox 157 5148 1810 5222">
    <p class='ocr_par' dir='ltr' id='par_1_87' title="bbox 157 5148 1810 5222">
     <span class='ocr_line' id='line_1_87' title="bbox 157 5148 1810 5222; baseline -0.002 -12"><span class='ocrx_word' id='word_1_624' title='bbox 157 5155 292 5211; x_wconf 88' lang='lat' dir='ltr'>mali</span> <span class='ocrx_word' id='word_1_625' title='bbox 322 5157 495 5212; x_wconf 80' lang='lat' dir='ltr'>home</span> <span class='ocrx_word' id='word_1_626' title='bbox 519 5152 815 5211; x_wconf 63' lang='lat' dir='ltr'>catholica;</span> <span class='ocrx_word' id='word_1_627' title='bbox 838 5148 1116 5218; x_wconf 91' lang='lat' dir='ltr'>ministri,</span> <span class='ocrx_word' id='word_1_628' title='bbox 1141 5151 1411 5222; x_wconf 88' lang='lat' dir='ltr'>quamvis</span> <span class='ocrx_word' id='word_1_629' title='bbox 1434 5150 1587 5207; x_wconf 89' lang='lat' dir='ltr'>male</span> <span class='ocrx_word' id='word_1_630' title='bbox 1614 5151 1810 5206; x_wconf 89' lang='lat' dir='ltr'>vivant</span> 
     </span>
    </p>
   </div>
   <div class='ocr_carea' id='block_1_88' title="bbox 155 5239 1813 5312">
    <p class='ocr_par' dir='ltr' id='par_1_88' title="bbox 155 5239 1813 5312">
     <span class='ocr_line' id='line_1_88' title="bbox 155 5239 1813 5312; baseline -0.002 -12"><span class='ocrx_word' id='word_1_631' title='bbox 155 5243 288 5312; x_wconf 85' lang='lat' dir='ltr'>sibi,</span> <span class='ocrx_word' id='word_1_632' title='bbox 320 5248 545 5312; x_wconf 87' lang='lat' dir='ltr'>tamen,</span> <span class='ocrx_word' id='word_1_633' title='bbox 579 5243 763 5299; x_wconf 90' lang='lat' dir='ltr'>donec</span> <span class='ocrx_word' id='word_1_634' title='bbox 812 5241 1164 5296; x_wconf 77' lang='lat' dir='ltr'>ditt‘eruntur</span> <span class='ocrx_word' id='word_1_635' title='bbox 1206 5239 1537 5311; x_wconf 87' lang='lat' dir='ltr'>depositum</span> <span class='ocrx_word' id='word_1_636' title='bbox 1585 5240 1677 5308; x_wconf 90' lang='lat' dir='ltr'>iri,</span> <span class='ocrx_word' id='word_1_637' title='bbox 1713 5245 1813 5296; x_wconf 90' lang='lat' dir='ltr'>aut</span> 
     </span>
    </p>
   </div>
   <div class='ocr_carea' id='block_1_89' title="bbox 157 5324 1807 5407">
    <p class='ocr_par' dir='ltr' id='par_1_89' title="bbox 157 5324 1807 5407">
     <span class='ocr_line' id='line_1_89' title="bbox 157 5324 1807 5407; baseline 0 -20"><span class='ocrx_word' id='word_1_638' title='bbox 157 5334 449 5407; x_wconf 86' lang='lat' dir='ltr'>contingit</span> <span class='ocrx_word' id='word_1_639' title='bbox 479 5350 579 5389; x_wconf 90' lang='lat' dir='ltr'>eos</span> <span class='ocrx_word' id='word_1_640' title='bbox 611 5330 926 5397; x_wconf 89' lang='lat' dir='ltr'>meliorari,</span> <span class='ocrx_word' id='word_1_641' title='bbox 951 5333 1051 5385; x_wconf 89' lang='lat' dir='ltr'>aut</span> <span class='ocrx_word' id='word_1_642' title='bbox 1070 5331 1223 5383; x_wconf 87' lang='lat' dir='ltr'>certe</span> <span class='ocrx_word' id='word_1_643' title='bbox 1244 5324 1541 5401; x_wconf 88' lang='lat' dir='ltr'>aliquibus</span> <span class='ocrx_word' id='word_1_644' title='bbox 1572 5329 1807 5387; x_wconf 91' lang='lat' dir='ltr'>interim</span> 
     </span>
    </p>
   </div>
   <div class='ocr_carea' id='block_1_90' title="bbox 156 5416 1808 5488">
    <p class='ocr_par' dir='ltr' id='par_1_90' title="bbox 156 5416 1808 5488">
     <span class='ocr_line' id='line_1_90' title="bbox 156 5416 1808 5488; baseline -0.002 -10"><span class='ocrx_word' id='word_1_645' title='bbox 156 5416 404 5480; x_wconf 85' lang='lat' dir='ltr'>conferri</span> <span class='ocrx_word' id='word_1_646' title='bbox 442 5419 715 5479; x_wconf 90' lang='lat' dir='ltr'>nonnihil</span> <span class='ocrx_word' id='word_1_647' title='bbox 747 5417 1058 5475; x_wconf 89' lang='lat' dir='ltr'>commodi.</span> <span class='ocrx_word' id='word_1_648' title='bbox 1093 5417 1174 5472; x_wconf 84' lang='lat' dir='ltr'><strong>Ex</strong></span> <span class='ocrx_word' id='word_1_649' title='bbox 1199 5418 1417 5488; x_wconf 88' lang='lat' dir='ltr'>quibus</span> <span class='ocrx_word' id='word_1_650' title='bbox 1466 5421 1642 5477; x_wconf 88' lang='lat' dir='ltr'>datur</span> <span class='ocrx_word' id='word_1_651' title='bbox 1685 5421 1808 5477; x_wconf 90' lang='lat' dir='ltr'>ani-</span> 
     </span>
    </p>
   </div>
   <div class='ocr_carea' id='block_1_91' title="bbox 155 5505 1809 5583">
    <p class='ocr_par' dir='ltr' id='par_1_91' title="bbox 155 5505 1809 5583">
     <span class='ocr_line' id='line_1_91' title="bbox 155 5505 1809 5583; baseline -0.001 -13"><span class='ocrx_word' id='word_1_652' title='bbox 155 5513 440 5570; x_wconf 87' lang='lat' dir='ltr'>madverti</span> <span class='ocrx_word' id='word_1_653' title='bbox 473 5509 907 5569; x_wconf 89' lang='lat' dir='ltr'>Catholicorum</span> <span class='ocrx_word' id='word_1_654' title='bbox 953 5505 1104 5564; x_wconf 87' lang='lat' dir='ltr'>male</span> <span class='ocrx_word' id='word_1_655' title='bbox 1142 5505 1463 5565; x_wconf 89' lang='lat' dir='ltr'>viventium</span> <span class='ocrx_word' id='word_1_656' title='bbox 1494 5511 1809 5583; x_wconf 89' lang='lat' dir='ltr'>depositio-</span> 
     </span>
    </p>
   </div>
   <div class='ocr_carea' id='block_1_92' title="bbox 156 5596 1806 5677">
    <p class='ocr_par' dir='ltr' id='par_1_92' title="bbox 156 5596 1806 5677">
     <span class='ocr_line' id='line_1_92' title="bbox 156 5596 1806 5677; baseline -0.002 -18"><span class='ocrx_word' id='word_1_657' title='bbox 156 5619 290 5661; x_wconf 88' lang='lat' dir='ltr'>nem</span> <span class='ocrx_word' id='word_1_658' title='bbox 321 5620 428 5677; x_wconf 90' lang='lat' dir='ltr'>pro</span> <span class='ocrx_word' id='word_1_659' title='bbox 462 5606 728 5673; x_wconf 90' lang='lat' dir='ltr'>tempore</span> <span class='ocrx_word' id='word_1_660' title='bbox 758 5603 814 5656; x_wconf 92' lang='lat' dir='ltr'>et</span> <span class='ocrx_word' id='word_1_661' title='bbox 843 5616 903 5655; x_wconf 91' lang='lat' dir='ltr'>re</span> <span class='ocrx_word' id='word_1_662' title='bbox 947 5596 1294 5670; x_wconf 88' lang='lat' dir='ltr'>plerumque</span> <span class='ocrx_word' id='word_1_663' title='bbox 1341 5599 1584 5672; x_wconf 71' lang='lat' dir='ltr'>differri,</span> <span class='ocrx_word' id='word_1_664' title='bbox 1617 5606 1672 5659; x_wconf 90' lang='lat' dir='ltr'>et</span> <span class='ocrx_word' id='word_1_665' title='bbox 1720 5601 1806 5657; x_wconf 88' lang='lat' dir='ltr'>in-</span> 
     </span>
    </p>
   </div>
   <div class='ocr_carea' id='block_1_93' title="bbox 1913 3282 3567 3354">
    <p class='ocr_par' dir='ltr' id='par_1_93' title="bbox 1913 3282 3567 3354">
     <span class='ocr_line' id='line_1_93' title="bbox 1913 3282 3567 3354; baseline 0 -18"><span class='ocrx_word' id='word_1_666' title='bbox 1913 3282 2030 3338; x_wconf 91' lang='lat' dir='ltr'>]ius</span> <span class='ocrx_word' id='word_1_667' title='bbox 2054 3287 2191 3337; x_wconf 90' lang='lat' dir='ltr'>tunc</span> <span class='ocrx_word' id='word_1_668' title='bbox 2215 3282 2464 3338; x_wconf 89' lang='lat' dir='ltr'>civitatis</span> <span class='ocrx_word' id='word_1_669' title='bbox 2491 3282 2801 3354; x_wconf 88' lang='lat' dir='ltr'>episc0pus</span> <span class='ocrx_word' id='word_1_670' title='bbox 2826 3282 3177 3351; x_wconf 85' lang='lat' dir='ltr'>vectabatur,</span> <span class='ocrx_word' id='word_1_671' title='bbox 3204 3298 3343 3336; x_wconf 88' lang='lat' dir='ltr'>casu</span> <span class='ocrx_word' id='word_1_672' title='bbox 3365 3296 3567 3336; x_wconf 86' lang='lat' dir='ltr'>excur-</span> 
     </span>
    </p>
   </div>
   <div class='ocr_carea' id='block_1_94' title="bbox 1916 3369 3568 3442">
    <p class='ocr_par' dir='ltr' id='par_1_94' title="bbox 1916 3369 3568 3442">
     <span class='ocr_line' id='line_1_94' title="bbox 1916 3369 3568 3442; baseline -0.002 -16"><span class='ocrx_word' id='word_1_673' title='bbox 1916 3372 2104 3427; x_wconf 81' lang='lat' dir='ltr'>risset.</span> <span class='ocrx_word' id='word_1_674' title='bbox 2117 3372 2297 3441; x_wconf 90' lang='lat' dir='ltr'>Cujus</span> <span class='ocrx_word' id='word_1_675' title='bbox 2313 3387 2543 3442; x_wconf 88' lang='lat' dir='ltr'>quoque</span> <span class='ocrx_word' id='word_1_676' title='bbox 2560 3370 2798 3425; x_wconf 88' lang='lat' dir='ltr'>balneas</span> <span class='ocrx_word' id='word_1_677' title='bbox 2816 3370 2899 3424; x_wconf 88' lang='lat' dir='ltr'>sic</span> <span class='ocrx_word' id='word_1_678' title='bbox 2914 3369 3283 3424; x_wconf 80' lang='lat' dir='ltr'>exhorruissc</span> <span class='ocrx_word' id='word_1_679' title='bbox 3298 3369 3568 3425; x_wconf 83' lang='lat' dir='ltr'>feruntur</span> 
     </span>
    </p>
   </div>
   <div class='ocr_carea' id='block_1_95' title="bbox 1915 3457 3567 3531">
    <p class='ocr_par' dir='ltr' id='par_1_95' title="bbox 1915 3457 3567 3531">
     <span class='ocr_line' id='line_1_95' title="bbox 1915 3457 3567 3531; baseline -0.002 -16"><span class='ocrx_word' id='word_1_680' title='bbox 1915 3459 2214 3529; x_wconf 88' lang='lat' dir='ltr'>Catholici,</span> <span class='ocrx_word' id='word_1_681' title='bbox 2239 3460 2394 3531; x_wconf 88' lang='lat' dir='ltr'>quod</span> <span class='ocrx_word' id='word_1_682' title='bbox 2428 3476 2541 3514; x_wconf 91' lang='lat' dir='ltr'>non</span> <span class='ocrx_word' id='word_1_683' title='bbox 2565 3457 2756 3513; x_wconf 89' lang='lat' dir='ltr'>solum</span> <span class='ocrx_word' id='word_1_684' title='bbox 2777 3475 2914 3513; x_wconf 89' lang='lat' dir='ltr'>cum</span> <span class='ocrx_word' id='word_1_685' title='bbox 2948 3458 3067 3524; x_wconf 87' lang='lat' dir='ltr'>illo,</span> <span class='ocrx_word' id='word_1_686' title='bbox 3102 3458 3202 3513; x_wconf 91' lang='lat' dir='ltr'>sed</span> <span class='ocrx_word' id='word_1_687' title='bbox 3227 3462 3282 3512; x_wconf 91' lang='lat' dir='ltr'>et</span> <span class='ocrx_word' id='word_1_688' title='bbox 3313 3458 3438 3512; x_wconf 90' lang='lat' dir='ltr'>sine</span> <span class='ocrx_word' id='word_1_689' title='bbox 3466 3457 3567 3513; x_wconf 91' lang='lat' dir='ltr'>illo</span> 
     </span>
    </p>
   </div>
   <div class='ocr_carea' id='block_1_96' title="bbox 1916 3544 3565 3616">
    <p class='ocr_par' dir='ltr' id='par_1_96' title="bbox 1916 3544 3565 3616">
     <span class='ocr_line' id='line_1_96' title="bbox 1916 3544 3565 3616; baseline 0 -15"><span class='ocrx_word' id='word_1_690' title='bbox 1916 3548 1993 3602; x_wconf 91' lang='lat' dir='ltr'>ibi</span> <span class='ocrx_word' id='word_1_691' title='bbox 2026 3546 2208 3602; x_wconf 81' lang='lat' dir='ltr'>lavari</span> <span class='ocrx_word' id='word_1_692' title='bbox 2240 3548 2630 3610; x_wconf 85' lang='lat' dir='ltr'>recusassent,</span> <span class='ocrx_word' id='word_1_693' title='bbox 2674 3545 3023 3616; x_wconf 88' lang='lat' dir='ltr'>priusquam</span> <span class='ocrx_word' id='word_1_694' title='bbox 3072 3544 3247 3599; x_wconf 89' lang='lat' dir='ltr'>etiam</span> <span class='ocrx_word' id='word_1_695' title='bbox 3280 3544 3407 3599; x_wconf 90' lang='lat' dir='ltr'>loca</span> <span class='ocrx_word' id='word_1_696' title='bbox 3436 3544 3565 3616; x_wconf 89' lang='lat' dir='ltr'>ipsa</span> 
     </span>
    </p>
   </div>
   <div class='ocr_carea' id='block_1_97' title="bbox 1917 3633 3564 3706">
    <p class='ocr_par' dir='ltr' id='par_1_97' title="bbox 1917 3633 3564 3706">
     <span class='ocr_line' id='line_1_97' title="bbox 1917 3633 3564 3706; baseline -0.001 -14"><span class='ocrx_word' id='word_1_697' title='bbox 1917 3635 2245 3692; x_wconf 87' lang='lat' dir='ltr'>recentibus</span> <span class='ocrx_word' id='word_1_698' title='bbox 2276 3634 2533 3706; x_wconf 74' lang='lat' dir='ltr'>lymphis</span> <span class='ocrx_word' id='word_1_699' title='bbox 2552 3634 2905 3705; x_wconf 82' lang='lat' dir='ltr'>expiassent.</span> <span class='ocrx_word' id='word_1_700' title='bbox 2928 3635 3111 3698; x_wconf 86' lang='lat' dir='ltr'>Quem</span> <span class='ocrx_word' id='word_1_701' title='bbox 3129 3633 3564 3690; x_wconf 89' lang='lat' dir='ltr'>Catholicorum</span> 
     </span>
    </p>
   </div>
   <div class='ocr_carea' id='block_1_98' title="bbox 1915 3722 3568 3794">
    <p class='ocr_par' dir='ltr' id='par_1_98' title="bbox 1915 3722 3568 3794">
     <span class='ocr_line' id='line_1_98' title="bbox 1915 3722 3568 3794; baseline -0.001 -14"><span class='ocrx_word' id='word_1_702' title='bbox 1915 3725 2128 3794; x_wconf 89' lang='lat' dir='ltr'>zelum,</span> <span class='ocrx_word' id='word_1_703' title='bbox 2161 3725 2404 3793; x_wconf 88' lang='lat' dir='ltr'>bonum,</span> <span class='ocrx_word' id='word_1_704' title='bbox 2438 3722 2749 3777; x_wconf 90' lang='lat' dir='ltr'>Catholicis</span> <span class='ocrx_word' id='word_1_705' title='bbox 2773 3722 3051 3777; x_wconf 89' lang='lat' dir='ltr'>omnibus</span> <span class='ocrx_word' id='word_1_706' title='bbox 3073 3722 3144 3777; x_wconf 91' lang='lat' dir='ltr'>ad</span> <span class='ocrx_word' id='word_1_707' title='bbox 3180 3722 3568 3778; x_wconf 88' lang='lat' dir='ltr'>imitationem</span> 
     </span>
    </p>
   </div>
   <div class='ocr_carea' id='block_1_99' title="bbox 1915 3810 3568 3887">
    <p class='ocr_par' dir='ltr' id='par_1_99' title="bbox 1915 3810 3568 3887">
     <span class='ocr_line' id='line_1_99' title="bbox 1915 3810 3568 3887; baseline -0.002 -17"><span class='ocrx_word' id='word_1_708' title='bbox 1915 3814 2302 3887; x_wconf 90' lang='lat' dir='ltr'>propositum,</span> <span class='ocrx_word' id='word_1_709' title='bbox 2340 3828 2409 3867; x_wconf 90' lang='lat' dir='ltr'>ne</span> <span class='ocrx_word' id='word_1_710' title='bbox 2433 3812 2567 3882; x_wconf 91' lang='lat' dir='ltr'>quis</span> <span class='ocrx_word' id='word_1_711' title='bbox 2598 3816 2762 3883; x_wconf 90' lang='lat' dir='ltr'>putet</span> <span class='ocrx_word' id='word_1_712' title='bbox 2792 3811 2851 3867; x_wconf 92' lang='lat' dir='ltr'>in</span> <span class='ocrx_word' id='word_1_713' title='bbox 2877 3828 3017 3883; x_wconf 90' lang='lat' dir='ltr'>pace</span> <span class='ocrx_word' id='word_1_714' title='bbox 3038 3812 3175 3866; x_wconf 89' lang='lat' dir='ltr'>etin</span> <span class='ocrx_word' id='word_1_715' title='bbox 3199 3810 3397 3883; x_wconf 86' lang='lat' dir='ltr'>aliqua</span> <span class='ocrx_word' id='word_1_716' title='bbox 3419 3816 3568 3867; x_wconf 89' lang='lat' dir='ltr'>tem-</span> 
     </span>
    </p>
   </div>
   <div class='ocr_carea' id='block_1_100' title="bbox 1918 3900 3565 3976">
    <p class='ocr_par' dir='ltr' id='par_1_100' title="bbox 1918 3900 3565 3976">
     <span class='ocr_line' id='line_1_100' title="bbox 1918 3900 3565 3976; baseline -0.002 -17"><span class='ocrx_word' id='word_1_717' title='bbox 1918 3904 2101 3976; x_wconf 88' lang='lat' dir='ltr'>porali</span> <span class='ocrx_word' id='word_1_718' title='bbox 2133 3900 2588 3957; x_wconf 86' lang='lat' dir='ltr'>Christianitatis</span> <span class='ocrx_word' id='word_1_719' title='bbox 2621 3901 2881 3972; x_wconf 90' lang='lat' dir='ltr'>potentia</span> <span class='ocrx_word' id='word_1_720' title='bbox 2928 3901 3414 3969; x_wconf 89' lang='lat' dir='ltr'>demonstratum,</span> <span class='ocrx_word' id='word_1_721' title='bbox 3461 3917 3565 3956; x_wconf 90' lang='lat' dir='ltr'>no-</span> 
     </span>
    </p>
   </div>
   <div class='ocr_carea' id='block_1_101' title="bbox 1913 3989 3568 4064">
    <p class='ocr_par' dir='ltr' id='par_1_101' title="bbox 1913 3989 3568 4064">
     <span class='ocr_line' id='line_1_101' title="bbox 1913 3989 3568 4064; baseline -0.003 -15"><span class='ocrx_word' id='word_1_722' title='bbox 1913 3993 2061 4049; x_wconf 89' lang='lat' dir='ltr'>verit</span> <span class='ocrx_word' id='word_1_723' title='bbox 2092 3996 2351 4064; x_wconf 89' lang='lat' dir='ltr'>tempore</span> <span class='ocrx_word' id='word_1_724' title='bbox 2399 3989 2744 4046; x_wconf 90' lang='lat' dir='ltr'>Arianorum</span> <span class='ocrx_word' id='word_1_725' title='bbox 2788 3990 3212 4061; x_wconf 88' lang='lat' dir='ltr'>imperatorum</span> <span class='ocrx_word' id='word_1_726' title='bbox 3243 3993 3297 4045; x_wconf 90' lang='lat' dir='ltr'>et</span> <span class='ocrx_word' id='word_1_727' title='bbox 3346 3989 3568 4061; x_wconf 86' lang='lat' dir='ltr'>princi-</span> 
     </span>
    </p>
   </div>
   <div class='ocr_carea' id='block_1_102' title="bbox 1916 4077 3569 4156">
    <p class='ocr_par' dir='ltr' id='par_1_102' title="bbox 1916 4077 3569 4156">
     <span class='ocr_line' id='line_1_102' title="bbox 1916 4077 3569 4156; baseline -0.001 -18"><span class='ocrx_word' id='word_1_728' title='bbox 1916 4099 2056 4156; x_wconf 89' lang='lat' dir='ltr'>pum</span> <span class='ocrx_word' id='word_1_729' title='bbox 2089 4082 2198 4137; x_wconf 92' lang='lat' dir='ltr'>hoc</span> <span class='ocrx_word' id='word_1_730' title='bbox 2228 4081 2469 4148; x_wconf 85' lang='lat' dir='ltr'>factum,</span> <span class='ocrx_word' id='word_1_731' title='bbox 2504 4098 2538 4136; x_wconf 93' lang='lat' dir='ltr'>a</span> <span class='ocrx_word' id='word_1_732' title='bbox 2567 4079 2780 4153; x_wconf 88' lang='lat' dir='ltr'>quibus</span> <span class='ocrx_word' id='word_1_733' title='bbox 2800 4083 3036 4151; x_wconf 89' lang='lat' dir='ltr'>propter</span> <span class='ocrx_word' id='word_1_734' title='bbox 3065 4078 3171 4135; x_wconf 91' lang='lat' dir='ltr'>hoc</span> <span class='ocrx_word' id='word_1_735' title='bbox 3203 4078 3333 4151; x_wconf 85' lang='lat' dir='ltr'>ipsa</span> <span class='ocrx_word' id='word_1_736' title='bbox 3363 4077 3569 4136; x_wconf 88' lang='lat' dir='ltr'>civitas</span> 
     </span>
    </p>
   </div>
   <div class='ocr_carea' id='block_1_103' title="bbox 1916 4167 3567 4243">
    <p class='ocr_par' dir='ltr' id='par_1_103' title="bbox 1916 4167 3567 4243">
     <span class='ocr_line' id='line_1_103' title="bbox 1916 4167 3567 4243; baseline -0.002 -15"><span class='ocrx_word' id='word_1_737' title='bbox 1916 4173 2051 4228; x_wconf 89' lang='lat' dir='ltr'>data</span> <span class='ocrx_word' id='word_1_738' title='bbox 2082 4171 2190 4227; x_wconf 84' lang='lat' dir='ltr'>fuit</span> <span class='ocrx_word' id='word_1_739' title='bbox 2220 4170 2437 4243; x_wconf 88' lang='lat' dir='ltr'>gladio,</span> <span class='ocrx_word' id='word_1_740' title='bbox 2474 4174 2531 4225; x_wconf 90' lang='lat' dir='ltr'>et</span> <span class='ocrx_word' id='word_1_741' title='bbox 2565 4168 2855 4226; x_wconf 82' lang='lat' dir='ltr'>trucidata</span> <span class='ocrx_word' id='word_1_742' title='bbox 2884 4168 3142 4225; x_wconf 80' lang='lat' dir='ltr'>maxima</span> <span class='ocrx_word' id='word_1_743' title='bbox 3168 4186 3303 4241; x_wconf 87' lang='lat' dir='ltr'>pars</span> <span class='ocrx_word' id='word_1_744' title='bbox 3330 4167 3567 4225; x_wconf 89' lang='lat' dir='ltr'>civium.</span> 
     </span>
    </p>
   </div>
   <div class='ocr_carea' id='block_1_104' title="bbox 1918 4258 3571 4334">
    <p class='ocr_par' dir='ltr' id='par_1_104' title="bbox 1918 4258 3571 4334">
     <span class='ocr_line' id='line_1_104' title="bbox 1918 4258 3571 4334; baseline -0.001 -17"><span class='ocrx_word' id='word_1_745' title='bbox 1918 4262 2025 4328; x_wconf 86' lang='lat' dir='ltr'>Qui</span> <span class='ocrx_word' id='word_1_746' title='bbox 2058 4264 2277 4334; x_wconf 88' lang='lat' dir='ltr'>quanta</span> <span class='ocrx_word' id='word_1_747' title='bbox 2308 4259 2607 4316; x_wconf 86' lang='lat' dir='ltr'>alacritate</span> <span class='ocrx_word' id='word_1_748' title='bbox 2644 4259 2713 4314; x_wconf 90' lang='lat' dir='ltr'>ad</span> <span class='ocrx_word' id='word_1_749' title='bbox 2745 4263 2991 4314; x_wconf 87' lang='lat' dir='ltr'>mortem</span> <span class='ocrx_word' id='word_1_750' title='bbox 3029 4275 3133 4331; x_wconf 90' lang='lat' dir='ltr'>pro</span> <span class='ocrx_word' id='word_1_751' title='bbox 3183 4258 3319 4315; x_wconf 74' lang='lat' dir='ltr'>fidei</span> <span class='ocrx_word' id='word_1_752' title='bbox 3371 4258 3571 4315; x_wconf 87' lang='lat' dir='ltr'>catho-</span> 
     </span>
    </p>
   </div>
   <div class='ocr_carea' id='block_1_105' title="bbox 1917 4348 3574 4422">
    <p class='ocr_par' dir='ltr' id='par_1_105' title="bbox 1917 4348 3574 4422">
     <span class='ocr_line' id='line_1_105' title="bbox 1917 4348 3574 4422; baseline 0.001 -17"><span class='ocrx_word' id='word_1_753' title='bbox 1917 4351 2040 4407; x_wconf 72' lang='lat' dir='ltr'>lica:</span> <span class='ocrx_word' id='word_1_754' title='bbox 2073 4350 2435 4407; x_wconf 81' lang='lat' dir='ltr'>confessione</span> <span class='ocrx_word' id='word_1_755' title='bbox 2460 4352 2937 4422; x_wconf 88' lang='lat' dir='ltr'>properaverunt,</span> <span class='ocrx_word' id='word_1_756' title='bbox 2964 4350 3239 4422; x_wconf 89' lang='lat' dir='ltr'>quodque</span> <span class='ocrx_word' id='word_1_757' title='bbox 3264 4348 3574 4407; x_wconf 87' lang='lat' dir='ltr'>carnifices</span> 
     </span>
    </p>
   </div>
   <div class='ocr_carea' id='block_1_106' title="bbox 1918 4437 3574 4512">
    <p class='ocr_par' dir='ltr' id='par_1_106' title="bbox 1918 4437 3574 4512">
     <span class='ocr_line' id='line_1_106' title="bbox 1918 4437 3574 4512; baseline 0.002 -18"><span class='ocrx_word' id='word_1_758' title='bbox 1918 4440 2081 4512; x_wconf 88' lang='lat' dir='ltr'>prius</span> <span class='ocrx_word' id='word_1_759' title='bbox 2113 4439 2449 4495; x_wconf 80' lang='lat' dir='ltr'>defecerunt</span> <span class='ocrx_word' id='word_1_760' title='bbox 2468 4437 2818 4511; x_wconf 85' lang='lat' dir='ltr'>jugulando,</span> <span class='ocrx_word' id='word_1_761' title='bbox 2854 4455 3031 4511; x_wconf 89' lang='lat' dir='ltr'>quam</span> <span class='ocrx_word' id='word_1_762' title='bbox 3054 4438 3244 4494; x_wconf 87' lang='lat' dir='ltr'>devoti</span> <span class='ocrx_word' id='word_1_763' title='bbox 3267 4438 3419 4495; x_wconf 85' lang='lat' dir='ltr'>cives</span> <span class='ocrx_word' id='word_1_764' title='bbox 3441 4454 3574 4497; x_wconf 86' lang='lat' dir='ltr'>esse</span> 
     </span>
    </p>
   </div>
   <div class='ocr_carea' id='block_1_107' title="bbox 1911 4511 3574 4600">
    <p class='ocr_par' dir='ltr' id='par_1_107' title="bbox 1911 4511 3574 4600">
     <span class='ocr_line' id='line_1_107' title="bbox 1911 4511 3574 4600; baseline 0.001 -18"><span class='ocrx_word' id='word_1_765' title='bbox 1911 4511 2330 4600; x_wconf 85' lang='lat' dir='ltr'>jugulantibus</span> <span class='ocrx_word' id='word_1_766' title='bbox 2360 4528 2651 4584; x_wconf 78' lang='lat' dir='ltr'>offerendo</span> <span class='ocrx_word' id='word_1_767' title='bbox 2687 4531 2744 4583; x_wconf 89' lang='lat' dir='ltr'>et</span> <span class='ocrx_word' id='word_1_768' title='bbox 2776 4511 3409 4600; x_wconf 81' lang='lat' dir='ltr'>ingerendo,.quisquis</span> <span class='ocrx_word' id='word_1_769' title='bbox 3431 4544 3574 4583; x_wconf 86' lang='lat' dir='ltr'>enu-</span> 
     </span>
    </p>
   </div>
   <div class='ocr_carea' id='block_1_108' title="bbox 1918 4616 3570 4687">
    <p class='ocr_par' dir='ltr' id='par_1_108' title="bbox 1918 4616 3570 4687">
     <span class='ocr_line' id='line_1_108' title="bbox 1918 4616 3570 4687; baseline 0 -16"><span class='ocrx_word' id='word_1_770' title='bbox 1918 4616 2162 4673; x_wconf 89' lang='lat' dir='ltr'>cleatius</span> <span class='ocrx_word' id='word_1_771' title='bbox 2195 4634 2368 4673; x_wconf 90' lang='lat' dir='ltr'>nosse</span> <span class='ocrx_word' id='word_1_772' title='bbox 2416 4616 2724 4683; x_wconf 86' lang='lat' dir='ltr'>desiderat,</span> <span class='ocrx_word' id='word_1_773' title='bbox 2777 4617 3073 4687; x_wconf 68' lang='lat' dir='ltr'>praefatam</span> <span class='ocrx_word' id='word_1_774' title='bbox 3123 4616 3427 4673; x_wconf 90' lang='lat' dir='ltr'>historiam</span> <span class='ocrx_word' id='word_1_775' title='bbox 3478 4632 3570 4671; x_wconf 89' lang='lat' dir='ltr'>re-</span> 
     </span>
    </p>
   </div>
   <div class='ocr_carea' id='block_1_109' title="bbox 1914 4703 3573 4774">
    <p class='ocr_par' dir='ltr' id='par_1_109' title="bbox 1914 4703 3573 4774">
     <span class='ocr_line' id='line_1_109' title="bbox 1914 4703 3573 4774; baseline 0.001 -16"><span class='ocrx_word' id='word_1_776' title='bbox 1914 4704 2126 4761; x_wconf 88' lang='lat' dir='ltr'>volvat.</span> <span class='ocrx_word' id='word_1_777' title='bbox 2161 4704 2246 4760; x_wconf 93' lang='lat' dir='ltr'>Ibi</span> <span class='ocrx_word' id='word_1_778' title='bbox 2277 4705 2433 4760; x_wconf 89' lang='lat' dir='ltr'>enim</span> <span class='ocrx_word' id='word_1_779' title='bbox 2460 4720 2575 4759; x_wconf 90' lang='lat' dir='ltr'>non</span> <span class='ocrx_word' id='word_1_780' title='bbox 2605 4707 2838 4759; x_wconf 88' lang='lat' dir='ltr'>tantum</span> <span class='ocrx_word' id='word_1_781' title='bbox 2867 4705 3008 4772; x_wconf 81' lang='lat' dir='ltr'>haec,</span> <span class='ocrx_word' id='word_1_782' title='bbox 3033 4706 3130 4761; x_wconf 91' lang='lat' dir='ltr'>sed</span> <span class='ocrx_word' id='word_1_783' title='bbox 3155 4709 3211 4760; x_wconf 91' lang='lat' dir='ltr'>et</span> <span class='ocrx_word' id='word_1_784' title='bbox 3232 4703 3345 4760; x_wconf 90' lang='lat' dir='ltr'>alia</span> <span class='ocrx_word' id='word_1_785' title='bbox 3368 4720 3573 4774; x_wconf 87' lang='lat' dir='ltr'>quam-</span> 
     </span>
    </p>
   </div>
   <div class='ocr_carea' id='block_1_110' title="bbox 1918 4790 3569 4864">
    <p class='ocr_par' dir='ltr' id='par_1_110' title="bbox 1918 4790 3569 4864">
     <span class='ocr_line' id='line_1_110' title="bbox 1918 4790 3569 4864; baseline -0.001 -17"><span class='ocrx_word' id='word_1_786' title='bbox 1918 4792 2175 4864; x_wconf 89' lang='lat' dir='ltr'>plurima</span> <span class='ocrx_word' id='word_1_787' title='bbox 2206 4791 2479 4859; x_wconf 91' lang='lat' dir='ltr'>ludibria,</span> <span class='ocrx_word' id='word_1_788' title='bbox 2514 4792 2776 4861; x_wconf 84' lang='lat' dir='ltr'>verbera,</span> <span class='ocrx_word' id='word_1_789' title='bbox 2811 4791 3069 4863; x_wconf 89' lang='lat' dir='ltr'>pericula</span> <span class='ocrx_word' id='word_1_790' title='bbox 3098 4796 3156 4847; x_wconf 88' lang='lat' dir='ltr'>et</span> <span class='ocrx_word' id='word_1_791' title='bbox 3205 4792 3419 4847; x_wconf 84' lang='lat' dir='ltr'>damna</span> <span class='ocrx_word' id='word_1_792' title='bbox 3456 4790 3569 4846; x_wconf 86' lang='lat' dir='ltr'>Ca-</span> 
     </span>
    </p>
   </div>
   <div class='ocr_carea' id='block_1_111' title="bbox 1918 4879 3568 4952">
    <p class='ocr_par' dir='ltr' id='par_1_111' title="bbox 1918 4879 3568 4952">
     <span class='ocr_line' id='line_1_111' title="bbox 1918 4879 3568 4952; baseline -0.001 -16"><span class='ocrx_word' id='word_1_793' title='bbox 1918 4881 2163 4937; x_wconf 88' lang='lat' dir='ltr'>tholicos</span> <span class='ocrx_word' id='word_1_794' title='bbox 2195 4881 2268 4936; x_wconf 90' lang='lat' dir='ltr'>ab</span> <span class='ocrx_word' id='word_1_795' title='bbox 2300 4879 2586 4935; x_wconf 72' lang='lat' dir='ltr'>haereticis</span> <span class='ocrx_word' id='word_1_796' title='bbox 2627 4897 2936 4952; x_wconf 85' lang='lat' dir='ltr'>perpessos</span> <span class='ocrx_word' id='word_1_797' title='bbox 2970 4880 3240 4936; x_wconf 87' lang='lat' dir='ltr'>inveniet.</span> <span class='ocrx_word' id='word_1_798' title='bbox 3275 4883 3412 4934; x_wconf 89' lang='lat' dir='ltr'>Post</span> <span class='ocrx_word' id='word_1_799' title='bbox 3440 4895 3568 4950; x_wconf 63' lang='lat' dir='ltr'>quae</span> 
     </span>
    </p>
   </div>
   <div class='ocr_carea' id='block_1_112' title="bbox 1920 4967 3571 5041">
    <p class='ocr_par' dir='ltr' id='par_1_112' title="bbox 1920 4967 3571 5041">
     <span class='ocr_line' id='line_1_112' title="bbox 1920 4967 3571 5041; baseline -0.003 -15"><span class='ocrx_word' id='word_1_800' title='bbox 1920 4969 2234 5041; x_wconf 87' lang='lat' dir='ltr'>mala,quis</span> <span class='ocrx_word' id='word_1_801' title='bbox 2248 4985 2589 5025; x_wconf 88' lang='lat' dir='ltr'>enumerare</span> <span class='ocrx_word' id='word_1_802' title='bbox 2603 4969 2856 5024; x_wconf 79' lang='lat' dir='ltr'>sufﬁciet</span> <span class='ocrx_word' id='word_1_803' title='bbox 2870 4974 3088 5040; x_wconf 87' lang='lat' dir='ltr'>quanta</span> <span class='ocrx_word' id='word_1_804' title='bbox 3102 4967 3430 5024; x_wconf 90' lang='lat' dir='ltr'>constantia</span> <span class='ocrx_word' id='word_1_805' title='bbox 3443 4984 3571 5022; x_wconf 88' lang='lat' dir='ltr'>cru-</span> 
     </span>
    </p>
   </div>
   <div class='ocr_carea' id='block_1_113' title="bbox 1919 5056 3569 5117">
    <p class='ocr_par' dir='ltr' id='par_1_113' title="bbox 1919 5056 3569 5117">
     <span class='ocr_line' id='line_1_113' title="bbox 1919 5056 3569 5117; baseline -0.002 0"><span class='ocrx_word' id='word_1_806' title='bbox 1919 5060 2236 5117; x_wconf 89' lang='lat' dir='ltr'>delioribus</span> <span class='ocrx_word' id='word_1_807' title='bbox 2254 5059 2411 5115; x_wconf 90' lang='lat' dir='ltr'>omni</span> <span class='ocrx_word' id='word_1_808' title='bbox 2435 5059 2623 5113; x_wconf 86' lang='lat' dir='ltr'>bestia</span> <span class='ocrx_word' id='word_1_809' title='bbox 2643 5057 2965 5115; x_wconf 89' lang='lat' dir='ltr'>Guandalis</span> <span class='ocrx_word' id='word_1_810' title='bbox 2988 5059 3045 5112; x_wconf 92' lang='lat' dir='ltr'>in</span> <span class='ocrx_word' id='word_1_811' title='bbox 3070 5070 3101 5111; x_wconf 58' lang='grc' dir='ltr'>Α</span> <span class='ocrx_word' id='word_1_812' title='bbox 3120 5059 3263 5113; x_wconf 86' lang='lat' dir='ltr'>frica</span> <span class='ocrx_word' id='word_1_813' title='bbox 3283 5056 3569 5114; x_wconf 88' lang='lat' dir='ltr'>catholica</span> 
     </span>
    </p>
   </div>
   <div class='ocr_carea' id='block_1_114' title="bbox 1919 5145 3568 5218">
    <p class='ocr_par' dir='ltr' id='par_1_114' title="bbox 1919 5145 3568 5218">
     <span class='ocr_line' id='line_1_114' title="bbox 1919 5145 3568 5218; baseline -0.002 -11"><span class='ocrx_word' id='word_1_814' title='bbox 1919 5150 2198 5207; x_wconf 88' lang='lat' dir='ltr'>restiterit</span> <span class='ocrx_word' id='word_1_815' title='bbox 2218 5148 2493 5214; x_wconf 87' lang='lat' dir='ltr'>Ecclesia,</span> <span class='ocrx_word' id='word_1_816' title='bbox 2508 5147 2685 5202; x_wconf 89' lang='lat' dir='ltr'>etiam</span> <span class='ocrx_word' id='word_1_817' title='bbox 2708 5148 2815 5203; x_wconf 89' lang='lat' dir='ltr'>sub</span> <span class='ocrx_word' id='word_1_818' title='bbox 2834 5147 3160 5204; x_wconf 89' lang='lat' dir='ltr'>innumeris</span> <span class='ocrx_word' id='word_1_819' title='bbox 3183 5153 3241 5202; x_wconf 93' lang='lat' dir='ltr'>et</span> <span class='ocrx_word' id='word_1_820' title='bbox 3261 5145 3568 5218; x_wconf 80' lang='lat' dir='ltr'>exquisitis</span> 
     </span>
    </p>
   </div>
   <div class='ocr_carea' id='block_1_115' title="bbox 1920 5235 3567 5313">
    <p class='ocr_par' dir='ltr' id='par_1_115' title="bbox 1920 5235 3567 5313">
     <span class='ocr_line' id='line_1_115' title="bbox 1920 5235 3567 5313; baseline -0.005 -16"><span class='ocrx_word' id='word_1_821' title='bbox 1920 5238 2226 5313; x_wconf 89' lang='lat' dir='ltr'>suppliciis</span> <span class='ocrx_word' id='word_1_822' title='bbox 2243 5238 2463 5293; x_wconf 86' lang='lat' dir='ltr'>diutius</span> <span class='ocrx_word' id='word_1_823' title='bbox 2481 5235 2666 5292; x_wconf 82' lang='lat' dir='ltr'>vivere</span> <span class='ocrx_word' id='word_1_824' title='bbox 2693 5237 3017 5308; x_wconf 89' lang='lat' dir='ltr'>compulsa,</span> <span class='ocrx_word' id='word_1_825' title='bbox 3040 5237 3251 5307; x_wconf 83' lang='lat' dir='ltr'>vixque</span> <span class='ocrx_word' id='word_1_826' title='bbox 3272 5252 3399 5291; x_wconf 88' lang='lat' dir='ltr'>sero</span> <span class='ocrx_word' id='word_1_827' title='bbox 3419 5236 3567 5292; x_wconf 88' lang='lat' dir='ltr'>mori</span> 
     </span>
    </p>
   </div>
   <div class='ocr_carea' id='block_1_116' title="bbox 1920 5324 3566 5403">
    <p class='ocr_par' dir='ltr' id='par_1_116' title="bbox 1920 5324 3566 5403">
     <span class='ocr_line' id='line_1_116' title="bbox 1920 5324 3566 5403; baseline -0.005 -16"><span class='ocrx_word' id='word_1_828' title='bbox 1920 5329 2226 5403; x_wconf 87' lang='lat' dir='ltr'>permissa.</span> <span class='ocrx_word' id='word_1_829' title='bbox 2264 5328 2425 5383; x_wconf 90' lang='lat' dir='ltr'>Unde</span> <span class='ocrx_word' id='word_1_830' title='bbox 2455 5343 2536 5380; x_wconf 79' lang='lat' dir='ltr'>vae</span> <span class='ocrx_word' id='word_1_831' title='bbox 2588 5325 3080 5397; x_wconf 89' lang='lat' dir='ltr'>prosperitatibus</span> <span class='ocrx_word' id='word_1_832' title='bbox 3131 5324 3566 5381; x_wconf 89' lang='lat' dir='ltr'>Catholicorum</span> 
     </span>
    </p>
   </div>
   <div class='ocr_carea' id='block_1_117' title="bbox 1920 5406 3601 5491">
    <p class='ocr_par' dir='ltr' id='par_1_117' title="bbox 1920 5406 3601 5491">
     <span class='ocr_line' id='line_1_117' title="bbox 1920 5406 3601 5491; baseline -0.002 -14"><span class='ocrx_word' id='word_1_833' title='bbox 1920 5418 2105 5477; x_wconf 91' lang='lat' dir='ltr'>nostri</span> <span class='ocrx_word' id='word_1_834' title='bbox 2128 5417 2427 5491; x_wconf 87' lang='lat' dir='ltr'>temporis,</span> <span class='ocrx_word' id='word_1_835' title='bbox 2453 5416 2669 5487; x_wconf 90' lang='lat' dir='ltr'>quibus</span> <span class='ocrx_word' id='word_1_836' title='bbox 2691 5414 3025 5471; x_wconf 87' lang='lat' dir='ltr'>Christiana</span> <span class='ocrx_word' id='word_1_837' title='bbox 3050 5416 3192 5473; x_wconf 82' lang='lat' dir='ltr'>fides</span> <span class='ocrx_word' id='word_1_838' title='bbox 3214 5417 3340 5471; x_wconf 89' lang='lat' dir='ltr'>sine</span> <span class='ocrx_word' id='word_1_839' title='bbox 3371 5415 3570 5487; x_wconf 84' lang='lat' dir='ltr'>aliqua</span> <span class='ocrx_word' id='word_1_840' title='bbox 3598 5406 3601 5411; x_wconf 30' lang='grc' dir='ltr'><strong><em>λ</em></strong></span> 
     </span>
    </p>
   </div>
   <div class='ocr_carea' id='block_1_118' title="bbox 1921 5505 3570 5578">
    <p class='ocr_par' dir='ltr' id='par_1_118' title="bbox 1921 5505 3570 5578">
     <span class='ocr_line' id='line_1_118' title="bbox 1921 5505 3570 5578; baseline -0.002 -12"><span class='ocrx_word' id='word_1_841' title='bbox 1921 5515 2021 5567; x_wconf 88' lang='lat' dir='ltr'>aut</span> <span class='ocrx_word' id='word_1_842' title='bbox 2050 5509 2142 5564; x_wconf 78' lang='lat' dir='ltr'>vix</span> <span class='ocrx_word' id='word_1_843' title='bbox 2173 5524 2306 5563; x_wconf 92' lang='lat' dir='ltr'>cum</span> <span class='ocrx_word' id='word_1_844' title='bbox 2340 5506 2537 5578; x_wconf 87' lang='lat' dir='ltr'>aliqua</span> <span class='ocrx_word' id='word_1_845' title='bbox 2567 5505 2657 5561; x_wconf 92' lang='lat' dir='ltr'>sui</span> <span class='ocrx_word' id='word_1_846' title='bbox 2692 5522 3053 5578; x_wconf 89' lang='lat' dir='ltr'>suarumque</span> <span class='ocrx_word' id='word_1_847' title='bbox 3095 5522 3291 5562; x_wconf 90' lang='lat' dir='ltr'>rerum</span> <span class='ocrx_word' id='word_1_848' title='bbox 3332 5506 3570 5577; x_wconf 89' lang='lat' dir='ltr'>jactura</span> 
     </span>
    </p>
   </div>
   <div class='ocr_carea' id='block_1_119' title="bbox 1922 5595 3570 5671">
    <p class='ocr_par' dir='ltr' id='par_1_119' title="bbox 1922 5595 3570 5671">
     <span class='ocr_line' id='line_1_119' title="bbox 1922 5595 3570 5671; baseline -0.002 -12"><span class='ocrx_word' id='word_1_849' title='bbox 1922 5599 2269 5659; x_wconf 81' lang='lat' dir='ltr'>subducitur</span> <span class='ocrx_word' id='word_1_850' title='bbox 2286 5601 2341 5656; x_wconf 86' lang='lat' dir='ltr'>et</span> <span class='ocrx_word' id='word_1_851' title='bbox 2357 5598 2733 5670; x_wconf 84' lang='lat' dir='ltr'>extorquetur</span> <span class='ocrx_word' id='word_1_852' title='bbox 2746 5596 2854 5653; x_wconf 90' lang='lat' dir='ltr'>sub</span> <span class='ocrx_word' id='word_1_853' title='bbox 2874 5595 3176 5671; x_wconf 88' lang='lat' dir='ltr'>princibus</span> <span class='ocrx_word' id='word_1_854' title='bbox 3195 5595 3570 5656; x_wconf 87' lang='lat' dir='ltr'>Christianis-</span> 
     </span>
    </p>
   </div>
  </div>
