3970 6218
197 393 370 471 1213

1073 389 1365 458 FRAGM.
1415 385 2016 457 DISPUTATIONIS
2062 386 2375 452 CONTRA
2419 385 2772 452 GRAECOS.

3471 388 3626 453 1214

506 588 1303 706 FBAGMENTUM
1378 583 2236 700 DISPU'I‘ATIONIS
2305 584 2746 698 CONTRA
2821 586 3321 702 Gll/ECOS-

281 797 402 850 Vos
423 784 1862 861 ﬁdemillorumignoraredicetis.Nunquidortbo-
1892 785 1941 849 Α
1975 789 2130 842 enim
2163 789 2221 842 in
2255 788 2369 843 Deo
2402 805 2516 842 non
2549 791 2901 860 est.Semper
2930 789 3085 844 enim
3111 793 3197 844 est
3223 791 3378 862 quod
3402 795 3509 846 est.
3534 791 3624 861 Et,

207 882 377 939 doxis
408 880 680 938 Patribus
710 878 1042 951 ignorantia
1069 881 1260 931 vestra
1289 875 1631 946 prazjudicat
1650 875 1677 927 ?
1701 874 1859 928 Nun-

209 971 354 1044 quid
387 987 500 1025 non
552 969 740 1041 magis
789 985 890 1023 vos
939 965 1112 1037 culpa
1159 964 1522 1036 negligentia:
1569 964 1860 1018 damnat?

209 1061 367 1133 quod
400 1060 448 1114 si
499 1063 734 1114 sanctos
782 1058 980 1112 Patres
1029 1055 1202 1110 fidem
1251 1053 1410 1108 illam
1444 1071 1556 1108 non
1584 1053 1862 1108 habuisse

207 1146 588 1212 contenditis,
621 1151 678 1202 et
698 1145 876 1200 libros
904 1159 1105 1199 eorum
1126 1142 1364 1197 falsatos
1397 1141 1680 1205 asseritis,
1713 1145 1770 1195 et
1801 1141 1858 1194 in

208 1238 320 1294 hoc
369 1253 600 1309 quoque
652 1233 967 1306 recipiendi
1019 1230 1354 1286 nullatenus
1403 1231 1542 1284 estis
1583 1230 1861 1300 quoniam

207 1327 580 1383 causationcs
606 1324 704 1393 buj
717 1322 943 1379 usmodi
964 1321 1140 1375 nullis
1165 1319 1585 1374 assertionibus
1620 1319 1864 1390 probare

211 1415 476 1489 potestis.
511 1415 573 1468 In
608 1411 769 1468 nulla
801 1426 1057 1482 namque
1089 1409 1308 1481 synodo
1343 1408 1452 1463 tale
1483 1406 1860 1478 sacrilegium

212 1504 432 1561 nostris
463 1503 802 1576 opponitur,
837 1501 993 1572 quod
1018 1503 1210 1554 tamen
1232 1503 1452 1553 vestros
1470 1497 1672 1552 fecisse
1696 1513 1863 1568 syno-

211 1594 327 1650 dus
358 1611 415 1647 v1
443 1595 710 1648 testatur.
746 1590 854 1645 Sed
891 1589 959 1643 ad
995 1605 1114 1643 rem
1136 1587 1530 1652 veniamus,et
1562 1587 1864 1641 videamus

217 1681 360 1754 quid
393 1681 568 1736 etiam
600 1682 657 1736 in
692 1683 952 1737 sanctam
981 1678 1434 1749 Scripturam,et
1465 1677 1522 1732 in
1556 1678 1742 1748 ipsam
1770 1694 1863 1732 ca-

215 1769 495 1827 tholicam
527 1769 699 1824 ﬁdem
731 1768 1147 1841 peccetis.Cum
1169 1768 1325 1823 enim
1348 1766 1600 1839 Spiritus
1623 1771 1863 1822 sanctus

213 1858 428 1932 plenus
456 1862 512 1913 et
544 1858 831 1930 perfectus
861 1858 935 1912 sit
965 1857 1140 1923 Deus,
1171 1861 1227 1911 et
1256 1856 1494 1928 aequalis
1531 1873 1632 1928 per
1663 1855 1866 1911 omnia

214 1946 371 2004 Patri
404 1951 460 2002 et
491 1946 636 2000 Filio
666 1946 818 2017 quod
849 1945 1060 2000 dicitur
1087 1945 1339 2017 Spiritus
1373 1946 1579 2013 Patris,
1617 1951 1672 2000 et
1707 1945 1860 2017 quod

215 2037 386 2092 Pater
423 2051 558 2090 eum
591 2035 692 2089 dat
723 2039 778 2088 et
805 2033 985 2090 mittit
1011 2039 1067 2090 et
1095 2034 1361 2100 effundit,
1396 2033 1484 2088 vel
1518 2035 1564 2088 si
1590 2035 1727 2105 quid
1761 2034 1864 2088 hu-

210 2124 476 2216 jusmodi
511 2123 747 2216 legitur,
780 2122 1002 2178 nullam
1033 2123 1486 2216 servitutem‘vel
1522 2123 1863 2179 minoratio—
1897 2152 1944 2216 B

216 2229 350 2270 nem
384 2211 900 2286 signiﬁcat.Neque
920 2213 1075 2267 enim
1109 2213 1276 2267 Pater
1305 2211 1392 2267 vel
1408 2213 1562 2268 Deus
1597 2213 1725 2281 ejus
1756 2217 1864 2280 est,

216 2301 306 2357 vel
336 2301 619 2358 Dominus
653 2303 782 2372 ejus
829 2305 937 2368 est,
990 2302 1128 2373 quia
1172 2302 1359 2371 major
1391 2318 1504 2356 non
1536 2305 1641 2356 est.
1677 2302 1867 2372 Majus

215 2392 374 2447 enim
404 2389 489 2447 vel
517 2391 716 2447 minus
745 2391 806 2446 in
828 2391 944 2446 Deo
974 2407 1090 2446 non
1117 2390 1342 2458 est.Qui
1361 2391 1517 2446 enim
1545 2391 1736 2445 minor
1758 2395 1865 2456 est,

212 2480 508 2552 perfectus
539 2479 693 2536 Deus
721 2496 836 2536 non
869 2481 1085 2551 est,qui
1115 2496 1248 2534 vero
1281 2480 1570 2551 perfectus
1610 2497 1723 2535 non
1756 2484 1864 2546 est,

213 2585 321 2625 nec
351 2569 592 2625 omnino
622 2570 775 2625 Deus
807 2573 916 2637 est,
950 2569 1089 2640 quia
1117 2569 1268 2624 Deus
1299 2570 1590 2640 perfectus
1623 2569 1866 2641 est.Spi-

209 2658 362 2715 ritus
393 2662 590 2716 autem
622 2663 860 2714 sanctus
883 2659 1010 2714 ideo
1033 2658 1185 2713 Deus
1211 2661 1318 2725 est,
1343 2658 1481 2728 quia
1511 2658 1581 2713 de
1613 2659 1725 2713 Deo
1757 2664 1864 2714 est.

208 2747 366 2803 Nihil
395 2748 554 2804 enim
586 2747 655 2802 de
685 2747 801 2802 Deo
831 2752 938 2813 est,
973 2746 1085 2802 nisi
1129 2747 1284 2817 quod
1319 2747 1470 2802 Deus
1520 2752 1629 2814 est,
1662 2747 1759 2818 qui
1793 2748 1865 2802 ob

215 2837 327 2893 hoc
359 2836 554 2893 solum
589 2837 842 2908 Spiritus
873 2835 1058 2892 Patris
1109 2841 1216 2903 est,
1249 2836 1390 2907 quia
1433 2836 1504 2890 de
1534 2837 1700 2891 Patre
1731 2841 1818 2892 est
1848 2854 1861 2891 :

214 2927 354 3000 quia
384 2926 435 2982 si
466 2927 536 2982 de
567 2943 632 2981 eo
684 2941 798 2981 non
856 2928 1030 2994 esset,
1080 2923 1416 2980 nullatenus
1449 2925 1703 2997 Spiritus
1736 2927 1864 2997 ejus

208 3020 364 3074 esset
397 3034 410 3086 ;
444 3019 520 3081 et,
555 3015 707 3070 sicut
739 3013 915 3070 Filius
945 3013 1258 3070 essentiam
1293 3014 1468 3070 habet
1499 3031 1532 3069 a
1563 3014 1728 3070 Patre
1760 3032 1862 3071 na-

210 3107 448 3172 scendo,
475 3105 559 3161 ita
589 3103 844 3176 Spiritus
875 3103 1259 3175 procedendo.
1279 3102 1575 3158 Processio
1611 3121 1864 3176 namque

211 3193 506 3267 signiﬁcat
534 3193 851 3250 essentiam
883 3191 1138 3264 Spiritus
1164 3191 1372 3246 sancti.
1407 3191 1560 3246 Nihil
1594 3193 1751 3247 enim
1803 3193 1860 3248 in

208 3282 466 3355 simplici
495 3283 624 3354 ejus
654 3285 866 3337 natura
895 3279 1054 3336 aliud
1085 3279 1306 3352 aliquid
1337 3283 1449 3346 est,
1495 3297 1672 3352 quam
1705 3282 1858 3352 quod

206 3375 316 3429 est.
346 3371 529 3443 Igitur
558 3371 677 3428 sive
712 3369 966 3443 Spiritus
1005 3373 1246 3425 sanctus
1278 3370 1598 3442 procedens
1628 3388 1661 3424 a
1695 3375 1862 3426 Patre

205 3460 458 3530 dicatur,
490 3459 610 3516 sive
641 3458 862 3515 missus
890 3477 924 3514 a
955 3458 1138 3525 Patre,
1175 3460 1292 3514 sive
1340 3459 1533 3526 datus,
1559 3459 1681 3514 sive
1712 3461 1854 3516 effu~

204 3565 334 3618 sus,
365 3549 488 3604 sive
518 3548 772 3619 Spiritus
803 3548 1203 3618 Patris,unum
1235 3552 1340 3614 est,
1375 3551 1433 3602 ct
1462 3565 1646 3602 unum
1674 3548 1857 3620 signi-
1889 3522 1932 3588 (ἶ

201 3636 429 3704 ﬁcat,id
450 3640 540 3692 est
555 3637 868 3692 essentiam
891 3636 1311 3708 Spiritus,quia
1332 3634 1476 3690 nihil
1510 3635 1570 3690 in
1604 3636 1862 3708 simplici

202 3728 426 3782 natura
451 3723 741 3781 diversum
772 3730 878 3781 est.
910 3725 1072 3790 Quod
1095 3739 1230 3797 ergo
1253 3724 1506 3796 Spiritus
1537 3725 1724 3780 Patris
1750 3729 1858 3793 est,

204 3813 464 3871 essentia
494 3814 621 3885 ejus
651 3817 754 3869 est.
789 3815 952 3880 Quod
985 3831 1018 3869 a
1048 3817 1218 3868 Patre
1263 3813 1541 3884 procedit,
1578 3814 1730 3886 quod
1757 3815 1857 3869 da-

204 3907 326 3971 tur,
358 3903 514 3974 quod
547 3902 820 3969 mittitur,
869 3902 1024 3974 quod
1074 3901 1410 3967 effunditur,
1443 3901 1700 3956 essentia
1732 3903 1861 3974 ejus

205 3995 336 4060 est;
368 3995 426 4047 et
454 3990 601 4046 nihil
634 3990 808 4047 habet
838 4009 872 4047 a
901 3991 1086 4057 Patre,
1119 3990 1231 4046 nisi
1263 3990 1414 4061 quod
1449 3991 1858 4062 est.Quilquid

209 4080 368 4138 enim
400 4083 509 4148 est,
541 4080 696 4137 Deus
733 4085 840 4147 est,
892 4097 996 4136 nec
1044 4079 1217 4136 aliam
1265 4083 1532 4134 naturam
1565 4079 1760 4150 habet,
1796 4087 1860 4138 ut

209 4169 414 4237 Filius,
446 4169 505 4224 in
535 4186 652 4241 qua
681 4169 838 4225 aliud
871 4169 1082 4226 habeat
1113 4185 1289 4240 quam
1339 4169 1495 4240 quod
1545 4173 1696 4224 Deus
1747 4175 1856 4226 est.

209 4258 466 4332 Spiritus
495 4263 583 4316 est
611 4259 799 4314 Patris
831 4263 894 4314 ut
923 4257 1362 4329 Deus,procedit
1384 4261 1447 4312 ut
1477 4257 1651 4325 Deus,
1685 4259 1859 4315 datur

209 4353 277 4405 ut
307 4349 484 4415 Deus,
517 4349 770 4404 mittitur
796 4353 860 4404 ut
888 4349 1061 4417 Deus,
1095 4347 1413 4404 effunditur
1443 4351 1508 4403 ut
1537 4348 1858 4421 Deus,quia

209 4441 369 4494 totus
401 4440 488 4493 est
518 4437 692 4494 Deus.
727 4437 918 4494 Unum
945 4442 1034 4494 est
1063 4454 1198 4493 cum
1230 4437 1561 4509 Patre,quia
1591 4439 1660 4492 de
1693 4444 1858 4494 Patre

207 4530 319 4582 est.
351 4525 878 4584 Consubstantialis
907 4531 998 4583 est
1022 4526 1128 4594 illi,
1161 4526 1422 4598 procedit
1450 4527 1523 4582 ab
1554 4543 1641 4593 eo,
1669 4527 1854 4582 mitti-

208 4619 310 4671 tur
338 4615 410 4671 ab
437 4633 524 4682 eo,
557 4617 732 4671 datur
761 4617 832 4672 ab
863 4633 950 4685 eo,
983 4615 1303 4672 effunditur
1333 4616 1404 4671 ab
1426 4616 1670 4688 eo,quia
1698 4617 1768 4672 de
1790 4633 1856 4673 eo

205 4708 320 4773 est,
352 4708 408 4761 et
437 4705 585 4762 nihil
617 4705 676 4761 in
707 4722 774 4762 eo
804 4709 914 4774 est,
943 4705 1056 4761 nisi
1076 4706 1230 4778 quod
1255 4709 1364 4760 est.
1389 4703 1673 4760 Similiter
1699 4707 1854 4778 quod

202 4792 460 4866 Spiritus
491 4793 621 4850 Filii
647 4793 882 4862 dicitur,
916 4795 1070 4866 quod
1120 4795 1193 4850 ab
1241 4810 1307 4850 eo
1355 4793 1546 4861 datur,
1577 4794 1850 4861 mittitur,

1973 877 2122 932 sicut
2153 881 2322 931 Pater
2351 894 2580 948 semper
2611 882 2930 949 generat,et
2961 878 3142 934 Filius
3175 897 3404 952 semper
3433 880 3622 953 gigni-

1975 972 2085 1032 tur,
2109 972 2166 1022 et
2192 966 2335 1020 nihil
2371 972 2457 1021 est
2491 972 2657 1022 Pater
2687 967 2771 1022 vel
2813 968 2990 1022 Filius
3020 970 3174 1040 quod
3229 986 3458 1042 semper
3507 987 3622 1028 non

1973 1056 2082 1120 sit;
2119 1057 2202 1110 sic
2235 1056 2488 1126 Spiritus
2519 1061 2760 1111 sanctus
2787 1074 3017 1128 semper
3061 1059 3338 1130 procedit,
3394 1077 3628 1132 semper

1977 1145 2248 1210 mittitur,
2283 1163 2512 1216 semper
2542 1147 2734 1210 datur,
2770 1148 3360 1217 sempereffunditur,
3396 1165 3627 1220 semper

1975 1234 2250 1304 spiratur,
2276 1252 2508 1306 semper
2529 1236 2838 1306 profertur,
2857 1253 3087 1306 semper
3119 1237 3629 1303 insufflatur,sem-

1974 1339 2076 1392 per
2105 1322 2483 1393 exit,se.'nper
2512 1324 2724 1394 accipit
2756 1325 2908 1394 quod
2945 1327 3519 1399 annuntiat,sen‘per
3539 1332 3627 1382 est

1975 1410 2226 1482 Spiritus
2259 1412 2443 1465 Patris
2476 1416 2531 1466 et
2564 1412 2784 1466 l’ilii.Et
2811 1412 2961 1466 sicut
2984 1414 3135 1484 quod
3162 1414 3340 1470 Filius
3391 1433 3625 1487 genera-

1975 1505 2088 1565 tur,
2123 1502 2274 1571 quod
2302 1501 2579 1564 nascitur,
2600 1503 2754 1572 quod
2781 1501 3031 1556 mittitur
3050 1503 3106 1555 in
3135 1505 3320 1558 forma
3342 1505 3624 1576 Dei,quod

1974 1589 2166 1661 prodit
2195 1608 2262 1644 ex
2293 1608 2389 1644 ore
2423 1589 2728 1655 Altissimi,
2767 1590 2924 1661 quod
2961 1591 3075 1644 exit
3129 1608 3161 1644 a
3207 1592 3394 1657 Patre,
3446 1610 3625 1648 unam

1973 1680 2290 1734 essentiam
2323 1681 2449 1750 ejus
2481 1679 2976 1750 signiﬁcat,quam
3006 1679 3183 1734 habet
3223 1697 3256 1735 a
3287 1681 3452 1735 Patre
3479 1707 3491 1748 ;
3543 1682 3627 1738 sic

1974 1770 2174 1825 omnia
2213 1787 2338 1840 qum
2393 1770 2461 1822 de
2511 1769 2730 1840 Spiritu
2784 1773 2987 1823 sancto
3037 1769 3314 1824 dicuntur
3354 1788 3528 1826 unam
3577 1777 3632 1827 et

1973 1859 2236 1914 eamdem
2285 1859 2693 1912 demonstrant
2740 1858 3079 1928 essentiam,
3149 1875 3324 1929 quam
3375 1858 3550 1914 habet
3597 1878 3631 1916 a

1973 1949 2140 2003 Patre
2174 1953 2231 2002 et
2264 1947 2438 2002 Filio:
2477 1965 2587 2001 non
2623 1946 2776 2001 enim
2813 1947 2969 2000 aliud
3017 1951 3073 2001 et
3104 1946 3258 2001 aliud
3293 1948 3632 2018 signiﬁcant

1976 2037 2033 2092 in
2065 2053 2130 2092 eo
2163 2038 2404 2091 diversze
2424 2036 2796 2108 prolationes,
2817 2036 2874 2090 in
2900 2053 3014 2107 quo
3044 2035 3187 2090 nihil
3219 2041 3305 2091 est
3337 2037 3446 2090 nisi
3470 2040 3625 2108 quod

1974 2131 2082 2181 est.
2115 2127 2222 2180 Sed
2256 2126 2375 2181 sive
2410 2126 2724 2197 processio,
2750 2125 2868 2180 sive
2902 2126 3128 2192 missio,
3179 2125 3297 2179 sive
3329 2125 3631 2196 quodlibet

1977 2214 2156 2280 aliud,
2191 2215 2344 2286 quod
2379 2214 2553 2269 habet
2585 2231 2617 2269 a
2651 2214 2814 2269 Patre
2843 2218 2900 2268 et
2935 2213 3097 2281 Filio,
3150 2231 3380 2284 puram,
3405 2214 3630 2287 simpli-

1977 2321 2125 2370 cem,
2160 2320 2338 2358 unam
2372 2308 2428 2357 et
2457 2302 2722 2358 eamdem
2775 2301 3078 2372 solamque
3111 2301 3400 2371 significat
3429 2319 3628 2360 essen-

1976 2393 2140 2455 tiam,
2173 2409 2349 2464 quam
2383 2392 2560 2446 habet
2590 2409 2621 2446 a
2653 2393 2818 2446 Patre
2847 2396 2904 2445 et
2925 2390 3088 2445 Filio.
3125 2391 3181 2444 Si
3214 2390 3369 2445 enim
3403 2392 3631 2449 diversa

1977 2482 2289 2552 signiﬁcat,
2332 2485 2432 2535 aut
2469 2480 2729 2535 diversas
2779 2479 3064 2535 essentias
3091 2479 3330 2534 habebit
3381 2479 3630 2552 simplex

1977 2575 2223 2636 natura;
2259 2575 2359 2624 aut
2387 2569 2608 2641 aliquid
2643 2568 2750 2623 erit
2793 2569 2852 2622 in
2904 2572 3016 2622 Deo
3063 2572 3270 2639 praeter
3298 2567 3442 2622 illud
3473 2571 3630 2640 quod

1976 2663 2085 2727 est,
2121 2659 2273 2730 quod
2306 2657 2604 2712 Catholica
2635 2675 2748 2712 non
2784 2657 2990 2728 recipit
3013 2657 3327 2712 ﬁdes.ltem
3352 2674 3482 2712 cum
3509 2659 3634 2730 Spi-

1975 2750 2122 2803 ritus
2153 2753 2394 2802 sanctus
2427 2764 2609 2801 unum
2643 2763 2776 2800 cum
2809 2747 2976 2800 Patre
3007 2745 3102 2812 sit,
3137 2750 3192 2800 et
3239 2747 3626 2803 consubstan-

1975 2835 2130 2892 tialis
2162 2836 2266 2902 ilii,
2302 2852 2404 2908 pro
2437 2852 2503 2889 eo
2537 2835 2689 2906 quod
2722 2835 2794 2889 ab
2826 2850 2892 2888 eo
2925 2837 3031 2901 est,
3085 2834 3141 2888 id
3189 2839 3278 2889 est
3329 2837 3628 2906 procedit;

1975 2925 2127 2980 idem
2160 2924 2412 2997 Spiritus
2444 2921 2967 2979 consubstantialis
3011 2921 3156 2978 Filio
3189 2939 3300 2978 non
3333 2927 3441 2990 est,
3477 2923 3633 2980 sicut

1973 3014 2150 3080 Patri,
2185 3030 2289 3068 nec
2322 3030 2505 3068 unum
2537 3030 2670 3067 cum
2705 3011 2848 3066 Filio
2880 3011 3033 3066 sicut
3073 3028 3207 3066 cum
3252 3012 3439 3083 Patre,
3491 3014 3632 3085 quia

1973 3121 2088 3158 non
2121 3108 2209 3159 est
2238 3119 2342 3159 nec
2370 3102 2629 3175 procedit
2660 3103 2733 3157 ab
2751 3102 3007 3173 eo,quod
3041 3099 3329 3157 catholica
3351 3103 3496 3157 ﬁdes
3511 3119 3630 3159 non

1973 3193 2195 3260 recipit,
2232 3193 2369 3264 quia
2391 3208 2506 3247 non
2538 3191 2706 3246 aliter
2735 3195 2792 3246 et
2821 3190 3008 3256 aliter,
3043 3191 3143 3246 sed
3178 3207 3294 3246 uno
3338 3194 3394 3246 et
3424 3191 3630 3247 indivi-

1971 3283 2085 3337 duo
2118 3283 2289 3337 modo
2320 3299 2504 3336 unum
2536 3285 2623 3336 est
2651 3281 2818 3336 Pater
2849 3284 2907 3335 et
2937 3279 3194 3350 Filiusjet
3215 3280 3469 3352 Spiritus
3500 3298 3631 3338 san-

1971 3375 2124 3426 ctus.
2159 3371 2300 3425 Item
2333 3370 2379 3424 si
2415 3369 2668 3441 Spiritus
2700 3372 2940 3424 sanctus
2972 3385 3086 3423 non
3110 3369 3373 3440 procedit
3395 3386 3428 3423 a
3458 3369 3626 3440 Filio,

1973 3459 2285 3530 quomodo,
2339 3457 2489 3513 sicut
2537 3475 2615 3512 v11
2663 3458 2923 3530 synodus
2965 3457 3159 3524 habet,
3213 3458 3476 3528 procedit
3524 3475 3630 3529 per

1975 3549 2167 3619 ipsum
2189 3548 2216 3600 ?
2249 3547 2393 3610 Quid
2427 3549 2517 3600 est
2549 3547 2705 3600 enim
2738 3563 2840 3617 per
2868 3547 3108 3600 domum
3133 3544 3463 3616 procedere,
3508 3546 3626 3602 nisi

1973 3637 2044 3692 de
2075 3637 2248 3690 domo
2281 3634 2750 3706 proccdere?Aut
2781 3633 3032 3703 qualiter
3061 3633 3177 3687 exit
3207 3649 3239 3686 a
3270 3631 3410 3686 Filio
3441 3633 3626 3704 Spiri-

1973 3728 2091 3790 tus,
2119 3724 2166 3778 si
2200 3740 2314 3778 non
2347 3722 2605 3795 procedit
2635 3723 2706 3777 ab
2755 3722 2868 3777 eo?
2915 3721 3063 3787 Quid
3113 3724 3203 3776 est
3247 3720 3404 3776 enim
3445 3721 3622 3791 exire,

1973 3812 2084 3868 nisi
2116 3811 2562 3884 procedere‘2vel
2584 3811 2876 3882 quomodo
2907 3809 3548 3882 spiratur,insul‘flatur,
3569 3815 3628 3866 et

1972 3901 2312 3963 effunditur,
2349 3900 2640 3971 profertur
2671 3900 2742 3954 ab
2774 3915 2862 3964 eo,
2897 3898 2943 3953 si
2978 3915 3092 3953 non
3125 3898 3387 3970 procedit
3416 3899 3487 3952 ab
3510 3916 3576 3955 eo
3598 3901 3627 3954 ‘I

1971 3990 2248 4062 Nunquid
2283 3989 2450 4044 aliter
2478 3989 2727 4060 Spiritus
2749 3988 2937 4042 Patris
2967 3992 3055 4042 est
3087 3991 3144 4042 et
3175 3986 3341 4041 aliter
3373 3986 3524 4054 Filii,
3561 3993 3628 4043 ut

1975 4080 2150 4150 hujus
2182 4079 2257 4133 sit
2287 4078 2538 4151 Spiritus
2589 4077 2973 4149 procedendo,
3024 4075 3200 4146 hujus
3245 4093 3376 4129 vero
3407 4091 3624 4147 nequa-

1971 4186 2148 4241 quam
2167 4169 2194 4223 ‘?
2233 4167 2532 4232 Quomodo
2582 4184 2696 4221 non
2749 4165 3008 4239 procedit
3059 4165 3158 4236 qui
3212 4163 3488 4236 spiratur,
3521 4166 3623 4236 qui

1971 4257 2243 4323 mittitur,
2281 4258 2378 4328 qui
2411 4257 2604 4323 datur,
2637 4255 2736 4327 qui
2771 4255 3113 4320 effunditur,
3161 4255 3260 4325 qui
3313 4254 3626 4325 profertur,

1971 4348 2069 4420 qui
2099 4347 2456 4413 insumatur,
2491 4344 2589 4417 qui
2625 4345 2876 4416 Spiritus
2899 4347 2986 4398 est
3016 4343 3167 4414 ejus,
3199 4343 3297 4414 qui
3319 4342 3436 4398 exit
3467 4343 3537 4398 ab
3559 4360 3625 4399 eo

1970 4442 2027 4492 et
2056 4436 2265 4508 accipit
2295 4436 2450 4508 quod
2483 4434 2842 4489 annuntiat?
2864 4432 3010 4499 Quid
3041 4433 3195 4488 enim
3226 4432 3380 4488 Deus
3417 4433 3486 4486 de
3510 4436 3624 4488 Deo

1970 4530 2162 4597 potest
2192 4525 2453 4595 accipere
2486 4523 2595 4577 nisi
2639 4523 2792 4594 quod
2843 4525 2978 4578 est?
3025 4521 3304 4592 Nunquid
3355 4519 3625 4590 indigens

1972 4619 2121 4670 Deus
2152 4619 2241 4669 est
2271 4619 2327 4669 et
2348 4608 2682 4668 'minoratus
2723 4616 2812 4666 est
2869 4611 2927 4665 in
2959 4609 3178 4682 aliquo,
3226 4615 3290 4666 ut
3334 4610 3624 4682 potentior

1972 4708 2122 4758 Deus
2152 4704 2280 4773 ejus
2312 4689 2699 4774 indigentiam
2729 4699 2998 4771 suppleat
3031 4703 3132 4753 aut
3174 4699 3422 4753 formam
3473 4698 3624 4753 servi

1970 4792 2252 4862 suscepit,
2285 4791 2340 4844 in
2371 4807 2486 4862 qua
2534 4790 2688 4862 quod
2742 4805 2855 4843 non
2907 4788 3083 4841 habet
3132 4786 3428 4856 accipiat?
3459 4787 3504 4839 si
3539 4786 3624 4841 sic

203 4882 547 4948 effunditur,
579 4882 935 4950 insufflatur,
971 4883 1247 4955 spiratur,
1282 4883 1728 4954 profertur,exit,
1764 4901 1858 4938 ac-
1893 4893 1936 4957 D
1971 4882 2201 4952 sapias;
2233 4879 2381 4933 male
2415 4879 2650 4949 sapias;
2700 4883 2900 4932 contra
2948 4877 3132 4930 Deum
3164 4873 3390 4945 sapitis,
3423 4879 3627 4930 contra

203 4969 348 5042 cipit
377 4971 449 5026 ab
478 4987 546 5027 eo
575 4971 729 5042 quod
754 4971 1084 5039 annuntiat,
1109 4971 1373 5028 eamdem
1403 4970 1855 5043 processionem,

203 5056 266 5111 id
297 5061 402 5126 est,
431 5058 699 5114 eamdem
717 5057 1033 5115 essentiam
1050 5059 1178 5130 ejus
1211 5076 1418 5131 puram
1442 5059 1856 5116 insinuat.Non

201 5145 362 5202 enim
394 5149 483 5203 est
513 5145 684 5202 aliter
712 5147 966 5219 Spiritus
1015 5146 1165 5214 Filii,
1213 5151 1272 5203 et
1311 5147 1478 5203 aliter
1508 5149 1716 5217 Patris,
1754 5167 1858 5205 nec

201 5234 374 5291 aliter
403 5235 504 5290 dat
534 5251 668 5290 eum
699 5235 902 5308 Filius,
936 5240 1038 5293 aut
1085 5236 1289 5305 mittit,
1322 5241 1425 5292 aut
1455 5236 1724 5309 effundit,
1755 5243 1858 5296 aut

200 5323 410 5397 spirat,
444 5341 624 5396 quam
653 5325 858 5394 Pater;
920 5342 1024 5382 nec
1081 5325 1251 5382 aliter
1305 5326 1565 5397 procedit
1610 5329 1854 5398 aPatre,

201 5430 384 5487 quam
416 5414 710 5486 profertur
731 5419 788 5470 et
814 5415 932 5472 exit
959 5433 994 5471 ε.
1025 5415 1199 5483 Filio;
1228 5430 1332 5470 nec
1385 5415 1551 5471 aliter
1579 5417 1789 5490 accipit
1825 5437 1859 5473 a

200 5502 348 5561 Filio
376 5503 534 5577 quod
577 5505 888 5560 annuntiat
929 5521 1105 5576 quam
1147 5521 1182 5559 a
1218 5509 1405 5561 Patre.
1440 5505 1564 5560 Non
1597 5506 1856 5565 diversas

198 5593 490 5650 essentias
521 5591 693 5648 habet
725 5593 972 5666 simplex
1000 5593 1332 5649 Divinitatis
1364 5600 1591 5663 natura,
1618 5613 1722 5652 nec
1752 5596 1856 5652 ali-

199 5683 344 5757 quid
377 5681 554 5739 habet
577 5697 610 5736 a
641 5681 808 5738 Patre
827 5682 914 5740 vel
939 5681 1223 5753 Filio,nisi
1255 5683 1409 5753 quod
1442 5685 1854 5744 est.Accidens

1971 4971 2142 5025 fidem
2171 4967 2396 5040 sapitis.
2430 4968 2730 5021 Postremo
2763 4966 2809 5020 si
2863 4982 2989 5035 qua:
3046 4965 3116 5018 de
3170 4962 3390 5033 Spiritu
3421 4965 3623 5018 sancto

1969 5061 2244 5114 dicuntur
2272 5073 2385 5111 non
2419 5054 2734 5111 essentiam
2763 5055 2890 5124 ejus
2925 5069 3101 5123 quam
3124 5051 3296 5106 habet
3319 5067 3350 5104 a
3383 5050 3546 5104 Patre
3567 5056 3626 5106 et

1971 5148 2134 5215 Filio,
2167 5146 2264 5202 scd
2301 5145 2520 5216 aliquid
2557 5149 2792 5215 propter
2823 5142 2979 5212 quod
3023 5139 3288 5212 accipitis
3336 5138 3622 5195 minorem

1967 5255 2101 5294 eum
2134 5237 2299 5291 Patre
2331 5233 2708 5304 etFilio,cum
2734 5229 3270 5286 Pneumatomatico
3287 5228 3622 5284 Macedonis

1968 5326 2178 5383 facitis.

2036 5414 2351 5488 Arguimus
2383 5413 2536 5485 quod
2569 5409 2852 5467 sacriﬁcio
2876 5408 2974 5464 Dei
3008 5407 3396 5475 detrahitis,et
3418 5407 3620 5461 adver-

1971 5523 2072 5564 sus
2103 5504 2419 5561 Dominum
2454 5501 2686 5573 linguas
2718 5504 2782 5555 ut
2840 5501 3137 5570 serpentes
3187 5495 3397 5551 acuitis
3446 5496 3617 5566 (Psal.

1969 5615 2123 5664 LXIII,
2155 5596 2210 5663 4)
2238 5613 2251 5663 ;
2286 5593 2366 5650 ita
2397 5596 2461 5648 ut
2489 5590 2728 5664 quidam
2759 5605 2828 5645 ex
2858 5587 3020 5644 vobis
3068 5586 3127 5642 in
3159 5584 3622 5648 archierarchica

1968 5685 2250 5762 dignitate
2282 5681 2508 5758 corpori
2541 5679 2752 5736 Christi
2788 5677 3100 5736 anathema
3140 5677 3410 5747 dixerint,
3458 5681 3513 5733 et
3544 5675 3618 5734 ad
