3970 6218
352 338 510 405 1216

1390 338 1786 404 APPENDIX
1828 340 1933 404 AD
1977 338 2240 410 OPERA
2279 344 2719 415 HUMBERTI.

3604 348 3813 422 ms.

349 478 565 531 terram
596 491 730 530 cum
761 472 1277 545 exprobationibus
1309 472 1512 530 multis
1536 475 1905 546 projecerint,
1939 478 1995 531 et
2023 477 2077 544 Α
2104 477 2506 538 indiseussum
2536 481 2866 556 relinquitis
2896 483 3050 560 quod
3081 482 3366 560 ignoratis
3387 483 3416 543 ?
3459 486 3578 546 Cur
3628 505 3768 548 rem

352 582 526 636 super
557 562 905 635 sanguinem
928 562 1350 635 redemptionis
1381 567 1593 619 nostrae
1625 563 1873 635 pedibus
1898 564 2001 620 im-

349 654 587 707 mundis
610 651 974 711 calcaverint.
994 653 1153 718 Quod
1177 653 1533 708 horrendum
1550 653 1777 709 facinus
1802 653 1995 725 ipsum

2107 560 2284 640 quam
2313 571 2554 629 nescitis
2585 578 2804 631 temere
2834 574 3192 633 confirmatis
3213 575 3242 630 ?

2174 658 2466 716 Advertite
2496 661 2705 719 saltem
2739 664 2893 736 quod
2925 668 3292 721 accusatores
3312 664 3488 723 ‘voset
3520 668 3771 739 judices

346 742 644 797 diabolum
677 741 878 796 debuit
898 741 1405 797 deterrere.Minus
1428 743 1581 798 enim
1616 749 1999 814 peccaverunt
2105 762 2233 803 esse
2260 747 2321 803 in
2351 751 2557 811 eadem
2588 768 2766 808 causa
2794 769 2911 809 non
2940 752 3197 822 liceat,et
3218 755 3373 826 quod
3396 759 3532 812 ante
3550 758 3773 828 proba-

342 831 532 885 Judaai
574 829 1298 902 manusimpiasinJesum
1315 832 1613 887 mittentes
1633 832 1997 888 etdaemones
2103 834 2320 892 tionem
2347 838 2640 908 judicium
2668 841 2795 913 lege
2823 858 2940 897 non
2973 842 3094 909 flat,
3139 847 3197 898 et
3244 842 3305 897 in
3361 859 3540 901 causa
3564 849 3773 902 vestra

344 918 1019 990 impellentes,ctmilites
1050 921 1994 993 crucifigentesPerignorantiam

341 1008 498 1063 enim
550 1010 851 1066 fecerunt:
902 1009 948 1063 si
1010 1010 1166 1065 enim
1216 1010 1641 1081 cognovissent,
1689 1027 1990 1081 nunquam

302 1096 657 1168 ,Dominum
688 1098 883 1169 gloria:
917 1098 1342 1154 cruciﬁxissent
1372 1100 1421 1167 (Ι
1467 1100 1589 1155 Cor.
1643 1115 1704 1161 Il,
1752 1101 1845 1163 8):
1890 1115 1991 1153 vos

339 1190 534 1241 autem
568 1188 866 1242 etvidistis
888 1191 943 1242 et
960 1187 1600 1251 odistis,et,secundum
1622 1186 1986 1257 prophetam,

338 1276 470 1329 odio
502 1276 813 1331 Dominum
847 1277 1028 1345 gratis
1060 1274 1488 1330 habuistis.Sed
1526 1280 1672 1337 esto,
1708 1273 1833 1327 luat
1862 1290 1986 1327 ror-

338 1380 449 1433 pus
480 1365 730 1427 Domini,
766 1365 941 1434 quod,
979 1380 1111 1416 eum
1146 1364 1313 1431 panis
1344 1368 1516 1426 esset,
1570 1378 1808 1433 azymus
1839 1361 1981 1425 fuit;

336 1453 576 1521 sanguis
609 1455 735 1521 ejus
768 1452 904 1521 quid
944 1450 1158 1503 meruit
1190 1456 1252 1503 ut
1281 1452 1674 1504 ell‘uncleretur
1704 1452 1759 1502 et
1791 1448 1980 1502 calca-

335 1544 514 1604 retur,
548 1542 639 1593 cui
676 1540 933 1593 nondum
967 1538 1283 1593 auctoritas
1308 1542 1500 1593 vestra
1546 1536 1981 1592 condemnatio-

333 1627 425 1682 nis
457 1626 807 1682 sententiam
838 1626 1043 1681 dedit?

404 1715 513 1770 Sed
548 1715 789 1771 forsitan
821 1732 935 1770 non
965 1714 1489 1771 consensistis.Cur
1518 1714 1698 1787 igitur
1727 1714 1980 1770 Michae-

330 1804 443 1860 lem
482 1804 872 1876 patriarcliam
922 1805 1073 1859 inter
1119 1821 1286 1859 sacra
1328 1804 1643 1860 missarum
1695 1803 1982 1860 solemnia

329 1893 801 1950 commemoratis
820 1894 848 1950 ?
866 1894 978 1950 Cur
994 1894 1239 1950 Leonem
1257 1893 1613 1949 Acridanum
1635 1892 1975 1965 episcopum

328 1988 386 2040 et
415 1985 672 2041 Nicetam
705 1985 975 2041 abbatem
1009 1985 1079 2040 de
1108 1984 1311 2040 Studio
1340 1984 1409 2040 de
1454 1982 1744 2055 diptychis
1794 1982 1975 2039 sacris

329 2091 445 2130 non
478 2074 681 2131 deletis
701 2075 855 2131 ?Cur
868 2075 1057 2131 adhuc
1072 2074 1129 2128 in
1143 2072 1427 2129 sacriﬁcio
1451 2076 1649 2129 nostro
1670 2071 1973 2129 Dominico

327 2165 599 2237 sanguini
630 2181 745 2220 non
775 2162 1227 2220 communicatis
1247 2162 1275 2216 ?
1303 2164 1414 2219 Sed
1447 2179 1515 2219 ex
1544 2166 1813 2219 contactu
1846 2179 1971 2219 cor-

326 2254 485 2325 poris
506 2254 746 2324 sanguis
778 2254 1021 2309 fortasse
1050 2250 1571 2324 polluitur;legitur
1594 2251 1775 2307 enim:
1809 2251 1970 2315 Quod

323 2341 699 2398 immundum
730 2340 1388 2413 tetigerit,immundum
1411 2341 1662 2397 efﬁcitur
1691 2342 1968 2411 (Levit.x1,

320 2432 432 2501 2(3).
466 2431 572 2485 Sed
608 2446 712 2484 nos
741 2445 1007 2485 seorsum
1026 2447 1236 2501 corpus
1251 2433 1306 2485 et
1337 2447 1602 2486 seorsum
1619 2429 1969 2502 sanguinem

322 2517 748 2584 sumimus,nec
766 2517 1077 2574 intinctam
1100 2535 1309 2590 panem
1324 2520 1525 2574 datum
1553 2518 1828 2587 cuiquam
1854 2516 1969 2573 nisi

319 2607 483 2663 Judzn
532 2607 797 2663 traditori
848 2607 1277 2681 cognoscimus.
1330 2610 1409 2664 De
1458 2625 1696 2680 corpore
1735 2623 1968 2680 quoque

319 2696 532 2754 Christi
564 2701 787 2769 quanta
816 2698 1167 2753 sententiam
1217 2702 1470 2754 vestram
1511 2698 1845 2753 absurditas
1875 2714 1965 2752 se-

319 2790 551 2858 quatur,
601 2785 809 2840 videte.
869 2785 926 2842 Si
975 2787 1131 2843 enim
1179 2804 1391 2859 corpus
1447 2786 1680 2843 Domini
1729 2785 1965 2842 creditis

318 2875 470 2947 quod
503 2891 571 2930 ex
601 2891 800 2947 azymo
832 2892 979 2948 pane
1010 2876 1447 2944 conficitur,cur
1478 2894 1591 2932 non
1642 2875 1964 2948 recipitur?

315 2981 420 3020 cur
448 2981 564 3019 non
598 2967 661 3019 ut
690 2965 1057 3021 Dominicum
1080 2966 1358 3023 adoratur
1378 2968 1405 3023 ?
1427 2984 1532 3023 cur
1552 2983 1623 3022 ne
1652 2968 1753 3022 ﬁat
1783 2966 1960 3021 inter-

315 3052 530 3110 dicitur
547 3052 574 3108 ?
606 3069 710 3108 cur
739 3052 972 3125 injuriis
998 3054 1276 3111 lacesitur
1293 3055 1321 3110 Ἰ
1342 3072 1446 3111 cur
1469 3055 1886 3127 imperfectum
1906 3058 1963 3109 et

2103 923 2248 980 alios
2300 927 2561 997 judicare
2611 930 2955 1001 permittite,
3006 935 3067 987 et
3117 930 3349 987 Domini
3380 949 3591 1006 corpus
3618 940 3771 992 ante

2092 1012 2384 1082 judicium
2419 1017 2810 1083 condemnare
2840 1018 3042 1075 nolite.

2172 1101 2321 1167 Quod
2351 1101 2625 1158 Christum
2654 1106 2714 1158 in
2731 1109 3062 1175 fermentata
3102 1108 3311 1180 pascha
3342 1110 3640 1168 celebrasse
3664 1128 3766 1168 as-

2096 1197 2297 1243 serunt.
2328 1191 2647 1261 Arguimus
2675 1194 2830 1263 quod
2852 1193 3169 1251 Dominum
3216 1202 3353 1253 ante
3372 1201 3765 1270 quartamde-

2094 1274 2307 1330 cimam
2342 1275 2543 1331 lunam
2573 1279 2792 1349 pascha
2819 1285 3023 1336 contra
3050 1282 3238 1353 legem
3280 1286 3510 1353 fecisse,
3562 1289 3652 1346 vel
3688 1290 3757 1345 in

2095 1364 2530 1433 quartadecima
2561 1366 2911 1423 fermentum
2942 1370 3302 1425 comedendo
3329 1373 3578 1430 violasse
3606 1395 3763 1433 con-

2094 1450 2356 1517 tenditis,
2416 1457 2474 1508 et
2521 1453 2605 1509 sic
2651 1458 3145 1529 transgressorem
3189 1458 3356 1530 legis,
3404 1466 3461 1517 et
3496 1463 3755 1521 solvisse

2091 1536 2279 1610 legem
2310 1544 2627 1613 antequam
2658 1542 3022 1614 impleretur,
3053 1547 3319 1602 astruitis
3340 1551 3521 1620 ;quod
3551 1552 3753 1607 Evan-

2090 1628 2309 1700 gelium
2340 1631 2530 1702 prima
2554 1632 2647 1688 die
2677 1648 3036 1706 azymorum,
3069 1636 3225 1707 quod
3255 1636 3471 1693 dicitur
3500 1639 3750 1709 pascha,

2090 1717 2273 1774 fuisse
2302 1723 2807 1789 commemorat,et
2826 1720 3094 1779 Christus
3124 1739 3239 1778 non
3274 1724 3346 1779 ad
3378 1724 3752 1797 solvendam,

2091 1808 2192 1863 sed
2225 1808 2297 1863 ad
2329 1807 2689 1881 implendam
2706 1808 2894 1882 legem
2912 1827 2975 1866 se
2992 1811 3222 1868 venisse
3243 1813 3748 1879 conﬁrmat.0uod

2087 1896 2291 1968 utique
2322 1914 2439 1954 non
2468 1898 2720 1963 fecisset,
2766 1898 2819 1954 si
2866 1902 3182 1972 antequam
3234 1900 3594 1973 impleretur,
3627 1905 3747 1962 fer-

2086 1989 2353 2042 mentum
2396 1986 2754 2043 comedendo
2801 1985 3089 2043 solvisset.
3141 1987 3304 2044 Unde
3362 1993 3748 2064 consequitur

2085 2076 2239 2145 quod
2272 2078 2576 2148 peccatum
2606 2074 2893 2130 Dominus
2921 2074 3145 2145 fecerit,
3178 2081 3236 2132 et
3265 2078 3327 2133 in
3350 2094 3457 2135 ore
3479 2080 3609 2152 ejus
3638 2082 3744 2139 do-

2082 2161 2176 2220 lus
2207 2163 2399 2235 fuerit,
2421 2165 2593 2236 juxta
2622 2164 2975 2223 sententiam
3005 2182 3201 2235 suam,
3232 2171 3298 2224 ut
3325 2171 3731 2243 transgressor

2082 2251 2230 2325 legis
2260 2253 2517 2326 perierit.

2154 2343 2317 2414 Quod
2361 2346 2752 2415 fermentatum
2799 2346 3110 2402 animatum
3155 2345 3359 2401 dicant.
3416 2347 3740 2421 Arguimus

2079 2433 2234 2505 quod
2266 2433 2683 2491 fermentatum
2714 2450 2927 2507 panem
2971 2434 3299 2491 animatum
3329 2437 3634 2504 asseritis;
3670 2437 3735 2492 in

2080 2537 2197 2592 qua
2224 2521 2516 2578 sententia
2545 2538 2649 2579 nec
2672 2523 2853 2579 Vetus
2882 2522 3070 2592 vobis,
3104 2538 3208 2580 nec
3256 2524 3482 2580 Novum
3532 2526 3736 2582 Testa-

2077 2614 2342 2666 mentum
2370 2611 2696 2681 consentit;
2727 2627 2835 2668 nec
2864 2610 3081 2685 aliquis
3101 2612 3477 2685 physicorum
3509 2631 3734 2671 novum

2075 2699 2185 2755 hoc
2214 2700 2454 2767 animal,
2488 2700 2607 2757 imo
2655 2717 2871 2757 novum
2922 2704 3282 2774 portentum,
3314 2706 3524 2774 praeter
3569 2703 3732 2762 solos

2076 2788 2447 2858 Manicbaaos,
2480 2789 2930 2855 conﬁxit.Quam
2948 2790 3365 2863 inopinabilem
3388 2791 3731 2864 opinionem

2073 2877 2226 2933 inter
2244 2877 2494 2935 haereses
2514 2879 2969 2937 Manichaeorum
2998 2884 3201 2937 sancta
3210 2881 3335 2952 jam
3353 2881 3579 2938 dudum
3593 2899 3731 2940 con-

2073 2967 2370 3023 demnavit
2391 2968 2671 3025 Ecclesia.

2144 3056 2293 3124 Quod
2321 3058 2572 3113 animam
2594 3058 2760 3129 panis
2779 3058 3061 3114 Christum
3077 3059 3359 3129 viviﬁcare
3372 3058 3726 3118 contendant.

315 3140 706 3197 inanimatam
738 3147 978 3199 vocatur
997 3144 1023 3198 ?
1047 3161 1150 3200 cur
1164 3160 1293 3201 cum
1317 3143 1810 3200 sacrificatoribus
1835 3142 1960 3199 suis
2068 3144 2393 3216 Arguimus
2423 3146 2580 3217 quod
2610 3145 2873 3201 animam
2902 3146 3073 3218 panis
3099 3145 3315 3202 Christi
3347 3163 3560 3219 corpus
3580 3147 3723 3205 vivi-

315 3231 387 3286 ab
417 3229 673 3286 ecclesiis
703 3230 1090 3304 pelliturtcur
1118 3234 1539 3289 etfermentum
1573 3233 1960 3305 praeponitur?
1990 3233 2033 3301 C
2073 3234 2246 3290 ﬁcere
2294 3233 2667 3290 contenditis.
2714 3233 2996 3306 Nunquid
3045 3234 3194 3290 duas
3254 3234 3489 3292 animas
3544 3236 3726 3295 habet

314 3336 419 3375 cur
446 3319 698 3376 cultores
729 3321 857 3391 ejus
890 3339 924 3377 a
953 3322 1363 3378 communione
1402 3321 1811 3395 suspenditis?
1857 3339 1963 3377 cur

313 3409 593 3480 azymitas
650 3410 912 3465 vocatis?
968 3412 1244 3484 Nunquid
1294 3411 1500 3467 habuit
1556 3413 1672 3468 duo
1717 3428 1963 3485 corpora

311 3497 631 3554 Christus?
677 3516 860 3553 unum
910 3501 1251 3572 perfectum.
1306 3500 1464 3556 aliud
1509 3500 1959 3573 imperfectum;

313 3603 499 3643 unum
521 3587 1440 3655 animatum,aliudinanimatum
1458 3607 1662 3657 ;unum
1688 3607 1958 3663 azymum

310 3676 469 3731 aliud
502 3676 1126 3744 fermentatum;unum
1151 3678 1576 3750 signiﬁcans,et
1594 3679 1754 3735 aliud
1778 3679 1958 3752 signi-

310 3766 547 3820 ﬁcatum
567 3765 737 3831 ?Quis
760 3767 880 3822 haec
911 3768 982 3823 de
1013 3784 1251 3839 corpore
1282 3768 1495 3825 Christi
1538 3768 1792 3840 cogitare
1814 3786 1958 3841 pran-

309 3853 511 3921 sumit,
544 3853 657 3910 nisi
689 3855 785 3927 qui
819 3855 1119 3912 Christum
1143 3873 1247 3912 nec
1278 3862 1571 3913 reveretur
1600 3874 1705 3914 nec
1736 3858 1960 3914 credit?

310 3943 426 3999 nisi
457 3943 557 4014 qui
589 3944 898 4001 manifeste
929 3945 1344 4017 blasphemat?
1382 3945 1494 4001 nisi
1528 3947 1627 4017 qui
1658 3946 1957 4003 Christum

308 4031 571 4088 scienset
596 4034 856 4105 prudens
888 4032 1243 4105 impugnat?
1290 4034 1453 4097 Quod
1505 4033 1551 4090 si
1597 4051 1808 4105 panem
1826 4052 1956 4108 azy-

308 4136 472 4176 mum
487 4121 608 4175 ﬁeri
624 4138 835 4192 corpus
866 4122 1081 4178 Christi
1114 4122 1366 4195 negatis,
1403 4138 1510 4177 cur
1546 4122 1954 4195 imperfectum

308 4207 533 4279 negatis
553 4210 581 4262 ⁸.)
609 4209 735 4264 Non
769 4208 925 4265 enim
945 4209 1349 4281 imperfectum
1370 4210 1585 4266 Christi
1602 4227 1815 4283 corpus
1844 4217 1954 4280 est,

306 4296 463 4367 quod
479 4294 638 4351 nullo
675 4298 847 4352 modo
861 4314 1074 4369 corpus
1105 4298 1233 4369 ejus
1268 4299 1404 4353 est?
1431 4299 1546 4355 Cur
1565 4299 1818 4372 denique
1849 4318 1957 4358 nos

304 4381 678 4438 Christianos
690 4382 1061 4440 habetis‘2cur
1077 4401 1190 4441 non
1206 4385 1619 4444 utidololatras
1630 4389 1957 4446 condemns

304 4471 380 4526 tis
400 4472 428 4525 ?
458 4469 679 4526 idolum
706 4471 862 4528 enim
887 4478 996 4540 est,
1029 4474 1079 4529 si
1104 4474 1274 4546 panis
1305 4492 1545 4549 azymus
1575 4478 1852 4535 adoretur
1889 4486 1957 4537 ut

303 4564 477 4617 Deus.
510 4560 626 4616 Cur
664 4560 815 4617 hanc
845 4559 1262 4634 impiissimam
1282 4563 1551 4622 haeresim
1583 4566 1815 4638 publice
1837 4586 1952 4625 non

302 4649 614 4707 confutatis
634 4650 778 4706 ?cur
818 4667 953 4708 cum
987 4652 1211 4709 cmteris
1249 4654 1535 4711 haereticis
1570 4655 1863 4715 Romanos
1891 4658 1952 4714 in

300 4738 562 4796 Ecclesia
591 4756 706 4797 non
736 4741 1247 4799 anathematizatis
1268 4742 1296 4797 ?
1337 4744 1493 4800 Nihil
1525 4745 1683 4801 enim
1712 4750 1803 4803 est
1831 4763 1952 4804 me-

301 4830 466 4885 dium
492 4846 505 4884 :
533 4834 635 4886 aut
664 4847 877 4902 corpus
906 4834 996 4887 est
1026 4831 1260 4900 Christi,
1298 4837 1356 4888 et
1385 4833 1661 4890 omnibus
1707 4835 1952 4892 adoran-

298 4911 477 4989 dum;
508 4924 611 4976 aut
640 4936 852 4993 corpus
883 4921 1013 4991 ejus
1043 4938 1159 4978 non
1190 4926 1299 4988 est,
1333 4926 1391 4978 et
1431 4926 1497 4977 ut
1541 4922 1766 4980 idolum
1814 4942 1950 4981 con-

298 5009 704 5065 temnendum.
739 5010 848 5065 Sed
875 5011 1028 5067 unde
1058 5011 1323 5082 probatis
1354 5012 1510 5082 quod
1563 5028 1778 5085 corpus
1823 5015 1951 5085 ejus

298 5114 415 5153 non
447 5097 568 5165 ﬁat,
597 5114 732 5155 cum
782 5099 983 5156 nullus
1028 5100 1336 5156 doctorum
1385 5101 1494 5156 hoc
1543 5102 1755 5174 sapiat,
1789 5102 1952 5158 nulla

297 5186 559 5259 synodus
587 5190 948 5245 contradicat
965 5190 993 5245 ?
1011 5193 1126 5245 Cur
1154 5196 1359 5246 contra
1378 5207 1630 5247 canones
1643 5190 1950 5247 ecclesias-

294 5275 444 5331 ticos
475 5277 820 5335 traditiones
850 5279 1224 5335 contemnitis
1245 5280 1392 5336 ?Cur
1421 5280 1658 5354 synodis
1693 5281 1848 5353 quod
1878 5281 1950 5338 de

294 5381 535 5435 corpore
564 5365 777 5423 Christi
808 5385 923 5424 non
956 5368 1174 5425 habent
1205 5369 1500 5442 apponitis
1519 5370 1713 5436 ?Quid
1748 5387 1948 5443 azymo

292 5452 381 5507 vel
412 5454 692 5511 fermento
723 5473 858 5513 cum
890 5475 1127 5530 corpore
1159 5458 1420 5515 Christi?
1466 5459 1738 5532 Nunquid
1776 5461 1947 5533 panis

297 5541 406 5605 est,
453 5543 517 5594 ut
560 5548 800 5613 azymus
833 5545 918 5600 sic
951 5546 1387 5606 fermentatus?
1430 5548 1544 5605 Cur
1589 5565 1704 5605 non
1759 5549 1948 5624 magis

2069 3322 2359 3392 Christus,
2392 3323 2633 3379 alteram
2663 3321 2922 3379 hominis
2960 3326 3021 3379 et
3056 3321 3303 3379 alterum
3349 3324 3566 3397 panis?
3616 3330 3724 3383 aut

2069 3412 2224 3468 sicut
2253 3411 2422 3484 panis
2451 3412 2511 3467 in
2542 3427 2778 3468 carnem
2807 3410 3023 3468 Christi
3054 3416 3338 3481 mutatur,
3381 3414 3466 3469 sio
3516 3414 3716 3471 anima

2069 3502 2319 3573 panisin
2350 3501 2611 3557 animam
2636 3499 2851 3558 Christi
2882 3500 3287 3557 convertitur?
3330 3519 3405 3558 an
3448 3501 3714 3560 animam

2070 3606 2241 3647 suam
2269 3590 2539 3647 Christus
2570 3589 2835 3659 dimittit,
2869 3592 2928 3646 et
2954 3589 3211 3647 animam
3247 3590 3417 3663 panis
3433 3590 3719 3648 admittit?

2068 3679 2355 3751 nunquid,
2389 3679 2439 3736 si
2471 3680 2640 3752 panis
2668 3679 2871 3737 anima
2893 3680 3098 3748 deerit,
3116 3679 3331 3737 Christi
3357 3694 3570 3753 corpus
3589 3681 3719 3737 ani-

2068 3773 2295 3825 matum
2317 3786 2433 3825 non
2463 3769 2574 3826 erit
2593 3771 2733 3841 {cur
2761 3785 2878 3826 non
2900 3769 3201 3826 advertitis
3214 3768 3715 3843 quod,antequam

2068 3858 2325 3915 offeratis
2353 3874 2510 3927 eum,
2543 3858 2854 3926 occiditur,
2885 3857 3089 3915 lancea
3130 3858 3480 3930 perforatur,
3533 3875 3568 3916 a
3595 3863 3717 3916 toto

2067 3963 2174 4002 suo
2205 3946 2493 4019 particula
2521 3963 2651 4019 qua:
2682 3947 3012 4005 consecrari
3043 3948 3215 4004 debet
3242 3946 3628 4017 abscinditur,
3664 3952 3717 4005 et

2066 4035 2446 4093 detruncatus
2469 4037 2598 4108 jam
2622 4041 2681 4094 et
2704 4037 3081 4094 exanimatus
3108 4037 3181 4093 ad
3203 4036 3389 4092 altare
3412 4038 3716 4108 portatur?

2066 4141 2182 4180 non
2212 4124 2370 4181 enim
2400 4126 2600 4182 anima
2629 4126 2808 4183 dividi
2831 4128 3113 4200 potest,ut
3134 4124 3333 4180 divisa:
3358 4129 3554 4195 partes
3575 4125 3723 4180 divi-

2066 4212 2263 4270 siones
2291 4230 2525 4287 quoqne
2553 4215 2845 4295 retineant
2883 4214 3109 4270 animae.
3161 4211 3272 4267 Sed
3315 4214 3460 4279 esto,
3514 4215 3715 4282 partes

2065 4303 2240 4359 etiam
2271 4309 2509 4376 propter
2535 4304 2888 4360 fermentum
2918 4300 3172 4356 habeant
3209 4298 3492 4354 animam.
3539 4300 3710 4367 Quid,

2034 4393 2038 4396 ’
2065 4407 2199 4448 cum
2218 4392 2395 4464 panis
2424 4395 2739 4448 evacuatus
2772 4388 2965 4456 fuerit,
2995 4387 3048 4443 ei
3079 4384 3321 4442 omnino
3352 4386 3712 4445 fermentum

2064 4481 2274 4537 animas
2303 4478 2832 4550 desierit‘,nunquid
2863 4475 3038 4533 etiam
3056 4479 3203 4532 tunc
3232 4475 3433 4534 anima
3460 4494 3572 4534 sua
3592 4495 3715 4537 ma-

2065 4570 2248 4639 nebit,
2281 4574 2341 4626 et
2372 4584 2585 4641 corpus
2614 4565 2844 4622 Domini
2874 4564 3312 4622 viviﬁcabitur?
3357 4567 3527 4639 panis
3556 4568 3712 4625 enim

2063 4657 2262 4715 altaris
2291 4660 2447 4714 totus
2473 4655 2535 4712 in
2564 4670 2799 4711 carnem
2828 4654 3043 4712 Christi
3070 4655 3451 4723 convertitur,
3484 4673 3591 4714 nec
3610 4656 3713 4714 ali-

2064 4747 2203 4820 quid
2237 4749 2456 4802 naturaa
2487 4743 2653 4817 panis
2685 4745 2895 4816 prater
2922 4743 3179 4817 speciem
3210 4743 3398 4801 solam
3428 4743 3712 4818 relinqui-

2059 4835 2424 4893 tur.Curnon
2453 4830 2757 4889 attenditis
2768 4832 3050 4905 quoniam
3061 4832 3351 4890 Dominus
3361 4834 3517 4905 quod
3530 4835 3709 4907 dedit,

2061 4925 2251 4997 fregit,
2283 4938 2497 4994 corpus
2523 4937 2698 4979 suum
2720 4922 2966 4994 vocavit,
2985 4921 3261 4996 discipuli
3293 4922 3450 4995 quod
3470 4938 3710 4997 accepe-

2059 5016 2197 5071 runt
2226 5010 2728 5068 manducaverunt
2744 5011 2772 5067 ‘I
2796 5011 3076 5086 Nunquid
3108 5012 3308 5068 anima
3334 5027 3549 5085 corpus
3569 5011 3711 5070 dici-

2059 5106 2157 5158 tur
2182 5104 2206 5157 Ρ
2227 5098 2494 5171 nunquid
2518 5098 2811 5175 frangitur
2829 5101 2858 5157 ζ)
2885 5100 3155 5174 nunquid
3186 5100 3546 5157 comeditur?
3557 5103 3710 5174 quod

2060 5187 2439 5263 Evangelium
2468 5189 2631 5248 dedit
2664 5189 2815 5249 hanc
2862 5191 3088 5248 ﬁdem?
3125 5190 3269 5256 Quis
3312 5190 3709 5263 apostolorum

2058 5280 2257 5337 docuit
2284 5279 2437 5337 hanc
2467 5279 2757 5337 Dominici
2786 5279 3045 5354 corporis
3073 5279 3520 5339 viviﬁcationem
3540 5285 3564 5337 Ρ
3585 5280 3709 5338 Ori-

2058 5370 2346 5444 genianus
2374 5374 2484 5440 est,
2527 5388 2645 5428 non
2692 5368 3015 5427 catholicus
3060 5384 3294 5440 sensus,
3343 5374 3410 5426 ut
3459 5369 3706 5428 aliorum

2059 5460 2267 5518 anima:
2295 5460 2359 5517 in
2388 5459 2638 5517 aliorum
2666 5463 2972 5517 transeant
2995 5470 3258 5533 cerpora,
3291 5464 3349 5516 et
3375 5474 3480 5533 pro
3515 5458 3707 5517 meriti

2057 5550 2342 5625 qualitate
2366 5547 2458 5606 vel
2487 5547 2733 5607 meliora
2759 5549 3080 5607 sortiantur
3104 5548 3198 5609 vel
3214 5547 3532 5607 deteriora.
