3970 6218
148 325 310 389 121⁸7

1052 326 1278 390 FRAG.
1321 324 1923 390 DISPUTATIONIS
1966 326 2275 391 CONTRA
2322 328 2673 394 GRAECOS.

3405 338 3560 399 1218

226 460 379 530 Quod
396 460 593 516 lancea
636 475 831 532 corpus
862 460 1065 517 Christi
1101 464 1434 532 percutiant.
1480 462 1803 535 Arguimus
1836 461 1888 525 Α
1917 460 2282 517 vulneratum
2317 467 2423 531 est,
2458 481 2591 520 cum
2625 464 2825 520 lancea
2853 465 3007 522 latus
3039 470 3165 536 ejus
3200 471 3558 540 perforatum

150 550 311 622 quod
346 548 552 604 lancea
609 564 823 621 corpus
871 548 1086 605 Christi
1130 550 1454 622 percutitis,
1478 550 1587 606 hoc
1639 550 1797 605 enim

146 636 425 694 Christus
457 654 573 694 non
594 638 747 706 fecit,
779 636 890 693 hoc
918 636 977 693 in
1002 638 1596 694 commemorationem
1629 655 1799 693 suam

147 726 476 799 discipulos
507 727 696 783 facere
726 742 1102 799 nequaquam
1132 726 1427 783 instituit:
1459 750 1487 775 «
1523 726 1797 800 Accipite,

149 814 318 883 dixit,
368 819 427 871 et
483 815 789 881 comedite,
814 836 842 865 »
867 805 1011 871 'non
1038 814 1303 884 occidite,
1330 814 1419 872 vel
1449 814 1647 872 lancea
1678 833 1801 889 per-

147 905 353 961 cutits.
376 903 647 961 Christus
680 920 784 960 nec
815 903 1078 976 seipsum
1095 902 1325 972 occidit,
1353 919 1458 960 nec
1478 903 1798 976 discipulos

150 994 415 1050 occidere
428 993 632 1066 jussit.
658 992 1026 1058 Milites,non
1042 991 1632 1066 apostoli,Dominum
1655 993 1801 1047 occi-

150 1084 403 1139 derunt:
458 1081 698 1151 milites,
750 1099 867 1137 non
925 1080 1196 1154 apostoli,
1229 1079 1432 1136 lancea
1472 1079 1626 1136 latus
1670 1082 1799 1151 ejus

154 1173 612 1245 perforaverunt.
636 1176 751 1227 Nec
771 1170 1000 1227 vivebat
1029 1169 1314 1225 Dominus
1360 1169 1514 1225 sicut
1551 1170 1799 1225 fermen-

154 1265 282 1317 tum
312 1264 595 1328 vestrum,
629 1276 765 1315 cum
789 1259 945 1315 latus
976 1259 1104 1330 ejus
1137 1258 1497 1330 perforatur;
1526 1258 1626 1313 sed
1655 1275 1802 1313 mor-

152 1354 293 1405 tuus
313 1353 456 1417 erat,
480 1366 570 1416 ne,
603 1348 875 1403 cruribus
916 1348 1116 1403 fractis
1166 1346 1482 1412 latronum,
1510 1363 1575 1401 os
1631 1362 1699 1401 ex
1737 1363 1802 1401 eo

154 1455 274 1495 non
320 1438 837 1495 comminueretur.
871 1435 1146 1504 Quamvis
1197 1434 1400 1492 lancea
1427 1443 1620 1491 vestra
1664 1453 1803 1505 non,

156 1529 310 1584 sicut
321 1527 578 1600 jactatis,
612 1543 803 1600 usque
833 1527 907 1583 ad
947 1525 1297 1582 occisionem
1348 1524 1564 1581 Christi
1605 1542 1802 1598 perve-

159 1616 320 1684 niat;
342 1632 447 1671 nec
476 1632 689 1688 corpus
719 1614 958 1683 Christi,
985 1615 1086 1670 sed
1119 1614 1311 1672 solum
1345 1630 1556 1687 panem
1598 1631 1802 1687 percu-

165 1703 277 1759 tiat
299 1722 311 1771 ;
335 1705 596 1761 nondum
625 1704 782 1761 enim
810 1708 900 1760 est
928 1720 1082 1772 caro,
1108 1704 1209 1760 sed
1241 1720 1426 1775 purus
1449 1703 1802 1777 panis,quod

162 1791 483 1895 lanceatis;
534 1792 1048 1895 stator-mentatum
1107 1793 1418 1894 viventem,
1486 1797 1804 1865 antequam
1836 1830 1884 1895 Β

163 1879 462 1936 Christum
494 1880 785 1937 vivificare
816 1881 1020 1955 possit,
1053 1881 1338 1938 occiditis.

238 1969 387 2038 Quod
417 1971 476 2025 in
509 1974 660 2026 terra
686 1986 879 2042 corpus
910 1970 1114 2027 Christi
1160 1971 1443 2042 sepeliant.
1488 1970 1806 2045 Arguimus

161 2059 316 2131 quod
352 2058 410 2113 in
436 2062 592 2114 terra
628 2075 840 2131 corpus
877 2058 1108 2116 Domini
1159 2058 1438 2134 sepelitis,
1490 2063 1549 2116 et
1604 2064 1808 2116 contra

162 2147 523 2220 Scripturam
554 2148 986 2220 corruptionem
1015 2148 1209 2204 videre
1266 2147 1650 2220 compellitis:
1703 2149 1808 2204 Do-

166 2236 363 2292 minus
406 2235 561 2292 enim
612 2253 825 2309 corpus
867 2254 1042 2294 suum
1085 2238 1385 2294 comedere
1430 2237 1634 2310 jussit,
1693 2256 1806 2296 non

169 2324 444 2397 sepelire;
467 2330 525 2381 et
553 2325 829 2398 discipuli
855 2326 1253 2394 comederunt,
1286 2343 1399 2381 non
1424 2326 1803 2399 sepelierunt.

166 2413 281 2469 Vos
310 2418 526 2482 autem,
555 2431 670 2470 non
703 2419 1013 2487 sequentes
1034 2414 1347 2487 apostolos,
1368 2417 1426 2471 in
1459 2414 1650 2471 lacum
1682 2433 1807 2472 cor-

168 2502 457 2575 ruptionis
481 2503 800 2576 projicitis;
834 2507 891 2559 et
912 2504 1196 2576 Spiritum
1225 2509 1496 2560 sanctum
1548 2505 1648 2577 qui
1708 2522 1810 2577 per

166 2591 510 2665 prophetam
532 2592 710 2649 dixit:
743 2615 773 2643 «
798 2592 922 2648 Non
940 2592 1107 2649 dabis
1127 2597 1398 2649 sanctum
1426 2597 1593 2649 tuum
1616 2593 1812 2650 videre

165 2680 598 2753 corruptionem
631 2682 800 2754 (Psal.
830 2698 924 2749 xv,
952 2682 1062 2755 10),
1099 2704 1126 2731 »
1158 2681 1391 2738 mentiri
1435 2683 1810 2755 compellitis,

166 2769 264 2844 qui
293 2770 730 2844 corruptionem
761 2787 897 2829 eum
936 2771 1152 2843 videre,
1210 2775 1499 2844 quantum
1538 2772 1599 2829 in
1647 2774 1811 2831 vobis

169 2864 273 2928 est,
306 2859 522 2917 facitis.

231 2949 388 3019 Quod
416 2949 559 3005 illud
586 2964 713 3005 cum
758 2966 905 3024 aqua
959 2949 1143 3006 calida
1197 2954 1440 3007 sumant.
1500 2952 1813 3025 Arguimus

164 3041 313 3114 quod
342 3056 566 3113 corpus
600 3039 828 3095 Domini
849 3056 983 3095 cum
1005 3038 1133 3097 cibo
1154 3041 1474 3110 communi,
1494 3040 1552 3097 id
1570 3045 1658 3098 est
1678 3060 1812 3103 cum

160 3146 309 3202 aqua
334 3126 551 3196 calida,
581 3127 818 3185 sumitis
846 3146 859 3184 :
892 3128 1019 3185 Non
1051 3129 1209 3186 enim
1235 3129 1500 3187 Christus
1522 3130 1814 3189 bocinsti-

1910 554 2014 604 est.
2044 550 2319 622 Nunquid
2353 552 2527 607 habet
2550 558 2758 609 natura
2780 558 2845 609 ut
2866 572 3077 628 corpus
3109 558 3236 627 ejus
3259 565 3556 614 mortuum

1910 637 2116 703 caleat,
2145 656 2280 694 cum
2311 639 2370 695 in
2395 658 2458 695 eo
2489 642 2603 697 vita
2638 660 2749 697 non
2787 644 2979 713 fuerit,
3004 661 3138 699 cum
3180 647 3307 716 jam
3365 648 3559 703 vitalis

1910 726 2537 785 calorrecesserit?Sed
2558 731 2799 786 forsitan
2818 732 2924 787 hoc
2959 734 3330 805 privilegium
3354 735 3561 791 habuit

1910 816 2281 872 Dominicum
2315 834 2545 889 corpus.
2583 819 2743 874 Unde
2789 822 3046 892 probatis
3072 822 3099 876 ‘I
3150 823 3254 877 Ubi
3315 823 3558 895 legitis?

1910 905 2043 969 Qua:
2066 904 2367 976 Scriptura
2388 907 2589 962 docet?
2608 909 2766 973 Quod
2794 909 3167 981 Evangelium
3202 912 3424 967 habet?
3445 917 3560 969 Aut

1909 991 1980 1046 de
2005 992 2304 1065 Scriptura
2335 996 2489 1066 queri
2525 996 2792 1068 profertis
2827 999 3092 1069 probate,
3126 1005 3226 1055 aut
3274 1018 3556 1073 praesum-

1913 1080 2094 1152 ptioni
2126 1083 2310 1137 solita}
2340 1086 2492 1154 quod
2528 1086 2829 1157 Scriptura
2862 1104 2975 1140 non
3010 1087 3183 1143 habet
3225 1091 3517 1145 ascribito.

1984 1170 2133 1237 Quod
2154 1174 2338 1241 pueris
2367 1182 2490 1227 ante
2547 1173 2691 1228 diem
2748 1177 3039 1243 septimum
3084 1178 3413 1247 baptismum
3473 1198 3560 1233 mz—

1909 1259 2374 1330 gent.Arguimns
2407 1262 2560 1331 quod
2594 1279 2770 1332 puero
2802 1281 3000 1318 recens
3033 1270 3169 1319 nato
3198 1267 3554 1337 baptismum

1913 1350 2047 1402 ante
2078 1348 2393 1417 septimum
2419 1349 2571 1403 diem
2607 1351 2831 1420 negatis
2868 1369 2880 1415 ;
2915 1369 3029 1405 non
3062 1354 3217 1408 enim
3280 1355 3560 1411 Dominus

1912 1439 2137 1491 certum
2168 1436 2321 1490 diem
2350 1437 2405 1490 in
2433 1438 2721 1509 baptismo
2746 1439 3069 1507 constituit,
3104 1458 3207 1496 nec
3244 1444 3560 1514 septimum

1914 1524 2068 1579 diem
2083 1524 2395 1595 primodiei
2422 1526 2739 1597 prreposuit
2760 1545 2772 1592 ;
2790 1528 2887 1581 sed
2909 1528 3253 1599 simpliciter
3272 1535 3326 1585 et
3343 1533 3563 1603 absque

1913 1611 2143 1667 fallacia
2168 1612 2407 1669 mittens
2439 1614 2509 1668 ad
2544 1616 2961 1686 baptizantlum
2995 1617 3336 1689 discipulos,
3371 1620 3555 1675 dixit:

1920 1724 1940 1750 ι
1972 1701 2078 1764 Qui
2101 1703 2412 1757 crediderit
2468 1708 2524 1757 et
2583 1705 2911 1775 baptizatus
2962 1705 3156 1774 fuerit,
3204 1707 3403 1763 salvus
3456 1710 3567 1764 erit

1914 1790 2098 1861 (Marc.
2131 1808 2245 1857 xv1,
2280 1792 2383 1858 16).
2410 1791 2683 1862 Nunquid
2706 1791 2861 1847 enim
2888 1794 3167 1851 Dominus
3191 1795 3283 1851 die
3314 1797 3565 1868 septimo

1916 1879 2271 1950 baptizatum
2304 1879 2530 1935 salvum
2564 1882 2749 1936 facere
2785 1886 2993 1953 potest,
3021 1889 3077 1937 et
3099 1884 3287 1955 primo
3321 1902 3435 1940 non
3464 1903 3564 1958 po-

1912 1972 2026 2023 test
2041 1969 2068 2023 ‘t
2089 1968 2469 2040 Omnipotens
2493 1969 2649 2024 enim
2665 1975 2752 2025 est
2775 1972 2948 2037 Deus,
2971 1976 3027 2025 et
3048 1972 3246 2028 omnia
3288 1989 3563 2045 quaecun-

1913 2073 2026 2129 que
2055 2057 2237 2113 voluit
2267 2058 2420 2128 fecit,
2447 2062 2504 2114 et
2536 2076 2650 2113 non
2683 2064 2771 2114 est
2801 2060 2900 2130 qui
2934 2060 3119 2131 possit
3144 2061 3415 2117 resistere
3464 2080 3562 2117 vo-

1914 2146 2123 2202 luntati
2154 2164 2292 2202 sum.
2325 2148 2437 2201 Aut
2468 2151 2661 2219 potest
2692 2148 2950 2219 quidem,
2984 2150 3085 2204 sed
3118 2167 3229 2205 non
3253 2151 3377 2206 vult
3406 2154 3560 2223 quod

1914 2239 2123 2308 potest,
2156 2235 2257 2307 qui
2295 2235 2418 2290 vult
2464 2252 2668 2291 omnes
2702 2237 2969 2292 homines
2992 2237 3182 2293 salvos
3215 2239 3361 2310 fieri,
3400 2245 3457 2295 et
3487 2243 3559 2296 ad

1918 2324 2273 2396 agnitionem
2332 2324 2590 2379 veritatis
2647 2325 2881 2380 venire?
2934 2326 3042 2380 Ubi
3088 2327 3279 2381 omnis
3328 2328 3560 2396 dicitur,

1917 2412 2114 2467 nullus
2136 2412 2437 2484 excipitur,
2471 2429 2574 2467 nec
2606 2412 2800 2467 infans
2839 2416 3009 2484 cujus
3059 2419 3147 2469 est
3202 2414 3323 2469 vita
3387 2417 3563 2471 unius

1920 2502 2027 2556 diei
2046 2518 2223 2573 super
2253 2506 2487 2557 terram.
2511 2502 2779 2558 Christus
2802 2519 3034 2557 omnem
3091 2503 3388 2559 hominem
3448 2507 3559 2561 sal-

1918 2596 2032 2657 vat,
2056 2608 2155 2646 vos
2187 2591 2485 2646 hominem
2516 2591 2901 2663 curexcipitis
2919 2592 2947 2646 ‘I
2970 2592 3243 2647 Christus
3266 2593 3562 2650 neminem

1918 2680 2078 2749 ejicit
2104 2681 2276 2747 foras,
2310 2696 2411 2734 vos
2442 2679 2672 2752 longius
2696 2680 2850 2735 hunc
2882 2697 2917 2735 a
2946 2680 3175 2736 Christo
3245 2682 3567 2754 repellitis?

1920 2768 2185 2824 Christus
2216 2767 2376 2823 solus
2402 2769 2673 2840 baptizat,
2715 2786 2816 2825 vos
2845 2786 3061 2842 aquam
3092 2787 3196 2826 cur
3242 2772 3564 2843 prohibetis

1920 2857 2186 2913 Christus
2211 2856 2371 2912 solus
2412 2863 2648 2928 peccata
2704 2858 2966 2925 dimittit,
3026 2876 3127 2915 vos
3185 2866 3422 2932 peccata
3460 2879 3566 2918 cur

1922 2946 2182 3001 retinetis
2201 2946 2228 2999 ‘?
2259 2946 2304 3000 si
2340 2946 2541 3002 sordes
2562 2948 2873 3003 exteriores
2896 2947 3197 3004 offendunt
3220 2950 3421 3006 oculos
3443 2967 3567 3007 ves-

1920 3038 2061 3102 tros,
2088 3034 2354 3106 nunquid
2377 3038 2432 3089 et
2453 3034 2750 3091 Christum
2773 3037 2993 3108 putatis
3015 3038 3226 3093 offendi
3257 3039 3284 3093 ?
3303 3040 3350 3094 si
3375 3040 3566 3097 carnis

1924 3123 2362 3178 immunditiam
2394 3128 2583 3180 tactus
2615 3128 2805 3181 vester
2834 3125 3139 3192 horrescit,
3190 3129 3454 3201 nunquid
3513 3134 3569 3185 et

162 3193 291 3287 tuit,
325 3233 439 3274 nec
472 3216 532 3272 in
563 3220 928 3273 sacramento
950 3217 1258 3291 sanguinis
1279 3235 1433 3290 aqua
1464 3218 1653 3277 calida
1670 3222 1812 3290 fuit;
1846 3193 1889 3261 α
1928 3213 2227 3270 Christum
2259 3214 2476 3287 putatis
2507 3215 2840 3271 horrescere
2860 3216 2887 3270 ?
2916 3216 3024 3281 Qui
3054 3217 3568 3274 carnisinﬁrmim~

169 3306 438 3363 Christus
460 3304 682 3373 vinum,
716 3322 832 3362 non
879 3322 1117 3378 aquam,
1165 3308 1414 3363 mutavit
1459 3309 1518 3363 in
1578 3311 1815 3382 sangui-

173 3410 328 3464 nem,
360 3410 471 3451 nec
491 3394 651 3450 aliud
682 3393 925 3466 aliquid,
960 3394 1060 3451 sed
1090 3396 1363 3467 genimen
1384 3396 1519 3453 vltis
1550 3398 1817 3471 propina-

168 3484 250 3540 vit
277 3484 337 3540 in
361 3482 626 3539 calicem.
645 3483 761 3540 Vos
784 3487 980 3539 autem
1003 3484 1158 3556 quod
1178 3484 1251 3540 ad
1276 3501 1539 3542 mensam
1556 3504 1816 3543 commu-

168 3588 299 3629 nem
322 3590 389 3628 ex
415 3588 529 3628 usu
586 3570 906 3645 percipitis,
941 3589 1043 3628 nec
1107 3573 1180 3628 ad
1230 3590 1497 3633 mensam
1556 3575 1814 3633 divinam

167 3660 465 3716 abstinere
493 3661 755 3732 potestis,
786 3665 844 3716 et
872 3661 1167 3717 ascribitis
1226 3660 1493 3735 religioni
1531 3664 1685 3736 quod
1740 3665 1812 3719 ad

167 3753 545 3822 peccatorum
566 3749 998 3805 excusationem
1029 3748 1278 3807 habetis.

237 3837 389 3908 Quod
419 3839 752 3910 sanguinem
775 3838 840 3895 de
870 3839 1082 3894 Christi
1112 3840 1281 3896 latere
1310 3841 1552 3897 calidum
1587 3843 1815 3911 ﬂuxis-se

168 3927 366 3984 dicant.
402 3927 724 4001 Arguimus
746 3928 902 4001 quod
931 3928 1282 4001 sanguinem
1304 3930 1378 3986 de
1397 3928 1579 3988 latere
1598 3931 1812 3988 Christi

169 4016 423 4074 calidum
457 4016 698 4073 ﬂuxisse
742 4019 945 4073 contra
1002 4020 1272 4073 naturam
1332 4022 1390 4074 et
1435 4018 1811 4092 Evangelium

169 4104 358 4163 dicitis
390 4122 404 4163 :
442 4105 586 4162 dicit
605 4104 761 4161 enim
790 4104 1093 4179 Scriptura
1120 4106 1413 4179 quodjam
1435 4108 1675 4178 obierat,
1685 4110 1811 4180 jam

169 4194 580 4269 exspiraverat,
607 4194 735 4266 jam
767 4198 1037 4253 mortuus
1066 4199 1210 4267 erat,
1231 4212 1367 4253 cum
1414 4212 1627 4270 corpus
1682 4199 1810 4271 ejus

1925 3308 2012 3359 tes
2044 3322 2146 3377 pro
2179 3304 2347 3360 nobis
2366 3304 2669 3370 sustinuit,
2705 3304 3007 3360 infirmum
3040 3305 3337 3361 hominem
3374 3307 3561 3379 magis

1926 3397 2219 3449 sustentat
2243 3411 2421 3466 quam
2452 3393 2667 3462 dejicit.
2702 3394 2808 3459 Qui
2844 3394 3045 3448 sordes
3070 3394 3276 3449 animae
3327 3412 3477 3467 quas
3502 3412 3570 3451 ex

1924 3482 2097 3555 culpa
2127 3483 2542 3543 contraximus,
2575 3481 2964 3546 lavat,sordes
2996 3482 3255 3554 corporis
3282 3500 3430 3554 quas
3463 3502 3565 3539 no-

1923 3571 2281 3643 bisimponit
2312 3571 2627 3626 necessitas
2662 3570 3118 3626 misericorditer
3166 3557 3557 3642 portathon

1922 3662 2079 3716 enim
2112 3661 2396 3715 habemus
2430 3660 2761 3731 pontiﬁcem
2793 3659 2892 3730 qui
2923 3676 3039 3715 non
3072 3660 3256 3732 possit
3306 3663 3559 3733 compati

1921 3750 2363 3805 infirmitatibus
2393 3749 2630 3804 nostris.
2664 3749 2774 3805 Vos
2804 3752 2995 3804 autem
3017 3748 3342 3805 homicidas
3362 3766 3567 3809 omnes

1923 3838 2455 3911 incomparabiliter
2478 3838 2726 3908 vincitis,
2760 3837 2860 3909 qui
2910 3844 3218 3909 pereuntes
3266 3842 3338 3895 de
3388 3857 3569 3897 manu

1921 3928 2234 3985 Salvatoris
2256 3928 2550 3994 excutitis,
2580 3933 2637 3983 et
2669 3926 2980 3983 morientes
3002 3929 3074 3984 ad
3122 3928 3301 3982 vitam
3352 3928 3570 3986 intrare

1922 4037 2038 4077 non
2071 4018 2285 4089 sinitis,
2308 4021 2364 4073 et
2392 4017 2451 4072 in
2499 4017 2849 4091 gehennam,
2890 4033 3050 4076 more
3109 4016 3323 4074 Christi
3379 4018 3567 4076 recla-

1925 4112 2146 4179 mante,
2173 4108 2531 4183 demergitis.
