3970 6218
140 325 298 388 1215

1115 315 1575 386 MABILLONII
1615 315 2088 394 DISQUISI'I‘IO
2131 315 2234 382 DE
2277 315 2570 384 AZYMO.

3386 318 3542 382 1128

135 472 463 530 summum,
494 455 904 530 pontiﬁcatum
963 458 1246 530 evectum,
1305 471 1574 528 azymum
1632 455 1788 511 Lati-
1816 455 1872 523 Α
1902 468 2106 510 meone
2135 452 2655 530 Hierosolymitano
2682 455 2959 530 recenset.
2993 451 3208 530 Omitto
3245 451 3359 530 alia
3385 456 3538 530 Gre;-

137 546 250 586 nos
279 527 693 586 introduxisse.
727 527 988 598 Scriptor
1016 527 1192 582 etiam
1225 527 1572 598 anonymus,
1612 543 1785 598 quem

132 601 252 658 vidi
283 602 342 656 in
375 599 735 656 Bibliotheca
765 598 1080 654 Barbarina
1112 599 1262 653 inter
1298 598 1525 653 codices
1555 599 1784 653 Graecos

135 689 307 740 mss.,
340 688 504 728 num.
538 673 628 735 75,
647 671 730 725 ait
749 669 1021 725 Carolum
1055 669 1356 740 Magnum,
1379 685 1511 740 cum
1539 669 1783 723 Romam

177 738 430 800 rofectus
474 746 582 809 est,
634 745 896 812 tempore
943 738 1174 812 Leonis
1200 738 1509 812 tortii,__viae
1543 740 1783 812 comites

177 761 430 800 ΓΟῘΘΟἘΠΒ
474 761 582 809 Θὸῐι,
634 761 896 812 tempore
943 761 1152 794 μθοηιε
1200 761 1376 804 ωινιιι,
1408 761 1509 793 νιω
1543 761 1782 795 (ιοηηιθε

130 761 647 892 Eabuissealiquot
669 811 1008 892 monachos,
1033 811 1148 892 A_rii
1179 817 1234 863 et
1253 809 1604 892 Apollinaris
1626 827 1782 892 erro:

130 886 298 942 ribus
347 882 611 950 infectos,
646 883 746 955 qui
803 883 1008 955 urbem
1067 882 1317 953 ingressi
1383 886 1784 955 perverterunt

171 952 748 1034 opulum,_docentes
779 953 1063 1034 §piritum
1107 952 1524 1034 sanctum'non
1572 970 1607 1034 a
1658 952 1782 1034 solo

130 973 437 1083 Bopumm,
471 973 748 1010 αοοθηῑθε
780 973 1063 1034 optutum
1107 973 1377 1008 sanetum
1410 973 1524 1008 non
1572 973 1607 1008 8
1658 973 1781 1034 ΒΟξο

176 1033 318 1104 atra,
371 1028 472 1082 sed
503 1028 680 1104 etiam
713 1043 745 1080 a
773 1025 939 1104 filio
962 1025 1380 1104 procederenet
1426 1029 1781 1104 oporterean

134 1099 354 1172 azymis
385 1097 735 1164 sacriﬁcare,
770 1095 852 1150 ita
882 1097 948 1150 ut
965 1094 1180 1167 'azyma
1219 1112 1249 1148 e
1280 1094 1523 1149 Francia
1553 1094 1782 1164 prodie-

134 1170 272 1224 rint.
318 1169 447 1224 Hec
483 1167 598 1224 ille.
641 1168 736 1222 cui
785 1170 1110 1222 consonant
1165 1164 1281 1220 alia
1336 1165 1489 1224 apud
1531 1165 1780 1221 Leonem

131 1181 272 1225 rint.
318 1181 447 1224 nec
483 1181 598 1235 ille,
641 1184 736 1222 cui
785 1181 1110 1222 consonam
1165 1181 1281 1220 ana
1336 1181 1489 1236 apud
1532 1181 1780 1221 Leonem

129 1239 431 1318 Allatium,
475 1239 624 1318 libro
654 1238 852 1318 citato,
885 1253 957 1318 .p.
980 1237 1182 1318 ‘et
1229 1236 1632 1318 sequentibus,
1679 1235 1780 1318 ubi

131 1311 309 1368 etiam
345 1305 686 1384 praedictam
726 1305 934 1366 Felicis
975 1305 1251 1364 fabellam
1299 1305 1370 1363 ex
1409 1307 1667 1378 quodam
1699 1306 1783 1363 Si-

1901 541 2100 580 corum
2131 525 2523 580 recentiorum
2564 525 2862 597 ﬁgmenta,
2895 539 2967 580 ne
3008 527 3244 597 tempus
3272 525 3333 580 in
3364 525 3538 597 nugis

1897 597 2179 652 inutiliter
2209 597 2538 667 prodigam.

1963 673 2093 722 Haec
2123 666 2317 749 autem
2350 666 2580 749 seripsi,
2615 671 2680 722 ut
2709 668 2970 749 studium
3003 670 3259 749 tuumﬁet
3288 666 3534 749 diligent

1891 737 2032 794 tiam
2064 740 2394 806 excitarem,
2439 737 2589 793 sicut
2621 738 2902 810 scriptum
2933 744 3022 794 est
3053 759 3067 794 :
3104 762 3129 788 ‹‹
3173 739 3256 793 Da
3285 737 3534 809 sapienti

1893 810 2278 874 occasionem,
2312 816 2367 864 et
2399 811 2644 864 addetur
2674 811 2724 864 ei
2758 812 3042 881 sapientia
3075 812 3255 881 (Prov.
3291 826 3370 874 ix,
3396 810 3474 881 9).
3503 830 3530 858 ››

1892 885 2170 935 Caeterum
2223 882 2401 935 Deum
2450 898 2570 945 oro,
2612 885 2674 934 ut
2714 879 2931 936 incerta
2960 889 3014 936 et
3045 880 3274 936 occulta
3303 879 3532 950 sapien-

1892 952 1984 1024 tiae
2016 969 2132 1024 sua:
2165 953 2498 1007 manifestet
2526 952 2717 1024 nobis,
2744 954 2975 1024 detque
3014 952 3273 1024 idipsum
3328 965 3533 1024 sapere

1890 1021 1950 1077 in
1983 1021 2334 1078 alterutrum
2373 1023 2697 1080 secundum
2726 1021 2928 1079 Jeeum
2971 1021 3294 1088 Christum,
3325 1021 3413 1092 ut,
3443 1021 3531 1077 si-

1892 1097 1990 1148 cut
2035 1093 2303 1175 hortatur
2353 1093 2667 1175 Apostolus
2717 1109 2732 1174 ξ
2776 1117 2804 1144 ‹‹
2840 1096 3181 1175 .Expurgato
3211 1093 3532 1175 veteri‘fer-

1891 1168 2087 1236 mento
2119 1163 2425 1235 epulemur
2455 1165 2514 1219 in
2547 1163 2764 1236 azymis
2806 1163 3156 1222 sinceritatis
3187 1168 3244 1221 et
3272 1163 3534 1222 veritatis

1891 1234 1935 1307 (ι
1965 1233 2084 1288 Cor.
2117 1233 2170 1288 vI
2203 1236 2280 1300 8).
2307 1255 2336 1283 »
2616 1233 2632 1236 ⁷

1961 1304 2177 1372 Romae,
2209 1305 2305 1361 die
2336 1305 2400 1360 tl
2433 1303 2621 1362 Martii
2653 1305 2811 1362 1673.

137 1511 3542 1540 Ἢ

1254 1711 2418 1849 DISSEBTATIO

789 1995 892 2057 DE
935 1995 1146 2058 PANE
1188 1993 1789 2070 EUCHARISTICO,
1837 1991 2136 2065 AZYMO,
2179 1991 2278 2054 AC
2320 1991 2877 2055 FERMENTATO.

135 2389 719 2450 DISSERTATIONIS
767 2392 1062 2450 OCCASIO
1111 2393 1202 2449 ET
1250 2390 1779 2450 ARGUMENTUM.
1811 2390 1861 2458 B
1893 2390 2026 2447 nius
2057 2405 2262 2448 omnes
2287 2391 2358 2446 ad
2390 2389 2500 2446 hoc
2521 2389 2718 2462 ipsum
2743 2393 2808 2445 ut
2838 2406 2944 2446 sua
2972 2368 3152 2446 libere
3181 2395 3534 2464 promerent,

205 2484 346 2537 Cum
377 2479 602 2537 edendo
633 2485 776 2538 Acta
796 2487 1138 2539 sanctorum
1170 2487 1502 2539 nostrorum
1537 2481 1778 2537 incidis-

133 2582 258 2625 sem
288 2568 350 2624 in
379 2569 647 2642 quaedam
671 2569 795 2626 loca
819 2586 923 2642 pro
945 2587 1280 2643 azymorum
1305 2587 1414 2626 usu
1447 2571 1506 2625 in
1530 2569 1782 2625 Ecclesia

135 2656 361 2725 Latina,
393 2670 482 2723 ea,
515 2674 676 2713 more
706 2673 856 2725 meo,
889 2659 1246 2730 quibusdam
1277 2658 1780 2715 observationibus

133 2742 434 2800 illustrare
459 2743 653 2800 visum
682 2748 791 2811 est,
825 2748 882 2801 et
912 2744 1190 2816 conjectis
1221 2744 1294 2799 iis
1311 2761 1438 2816 qua
1469 2743 1613 2800 mihi
1636 2759 1781 2815 pene

135 2832 305 2889 obvia
331 2833 494 2888 fuere
523 2833 888 2906 argumentis
919 2834 1225 2890 ostendere
1261 2849 1435 2890 usum
1467 2832 1624 2888 hunc
1652 2847 1782 2888 esse

134 2921 533 2994 antiquiorem
556 2937 736 2993 quam
758 2920 1013 2977 Jacobus
1039 2922 1413 2990 Sirmundus,
1436 2921 1532 2976 vix
1558 2919 1780 2977 eximite

134 3009 971 3076 eruditionis,existimaverat.
1004 3009 1150 3066 Nota
1169 3015 1258 3066 est
1285 3010 1567 3066 studiosis
1595 3008 1782 3066 omni-

133 3099 246 3155 bus
279 3097 390 3155 viri
422 3096 733 3154 clarissimi
765 3099 1053 3154 sententia
1081 3097 1140 3154 in
1179 3098 1462 3171 singulari
1502 3097 1786 3170 Disquisi-

133 3187 299 3242 tione
328 3187 401 3241 de
431 3201 653 3259 azymo,
687 3184 966 3242 nimirum
1019 3200 1226 3258 panem
1268 3188 1678 3242 fermentatum
1722 3186 1782 3241 in

131 3273 394 3331 Ecclesia
426 3273 630 3330 Latina
659 3273 863 3330 multis
893 3274 1124 3330 saeculis
1154 3275 1481 3331 adhibitum
1512 3277 1571 3330 in
1604 3274 1786 3330 missa

130 3362 346 3431 fuisse,
375 3366 432 3418 et
461 3378 684 3434 azyma,
706 3361 974 3418 Photiani
997 3361 1304 3420 chismatis
1332 3368 1611 3435 tempore,
1648 3379 1787 3418 non-

131 3451 279 3508 dum
333 3454 586 3522 recepta,
623 3451 726 3506 sed
775 3453 1006 3506 tantum
1065 3449 1254 3508 medio
1312 3449 1412 3508 illo
1461 3451 1786 3520 intervallo,

131 3539 301 3612 quod
332 3539 486 3594 inter
514 3538 773 3596 schisma
821 3539 1008 3596 Photii
1049 3540 1616 3612 pseudopatriarchm
1650 3543 1790 3596 Con-

126 3625 675 3698 stantinopolitani,
706 3627 1045 3699 pontiﬁcatu
1065 3627 1284 3683 Nicolai
1316 3645 1479 3699 papa:
1501 3627 1699 3700 primi,
1733 3632 1790 3683 et

127 3717 395 3773 alterum
421 3713 681 3770 schisma
700 3714 999 3771 Michaelis
1019 3715 1511 3771 Cerulariiitidem
1541 3716 1787 3788 patriar-

127 3804 284 3872 chas,
321 3802 558 3859 sedente
591 3806 771 3859 Leone
801 3819 952 3874 papa
980 3819 1153 3869 nono,
1187 3801 1430 3870 effluxit,
1464 3803 1520 3858 id
1551 3807 1641 3859 est
1672 3818 1792 3858 me-

130 3894 232 3951 dio
264 3891 375 3948 illo
404 3895 665 3962 tempore
693 3891 848 3963 quod
881 3891 954 3946 ab
985 3907 1136 3947 anno
1167 3909 1291 3946 aera)
1321 3891 1661 3948 Christianae
1694 3891 1798 3949 867

134 3983 211 4039 ad
240 3978 747 4038 1054intercessit.
771 3977 914 4034 Mihi
933 3995 1066 4036 vero
1096 3995 1227 4034 cum
1259 3979 1483 4047 multis,
1506 3985 1633 4035 tum
1646 3997 1798 4052 prae-

132 4071 315 4143 cipue
364 4067 630 4123 Rhabani
661 4067 1028 4133 auctoritate,
1062 4083 1415 4140 persuasum
1441 4073 1567 4124 erat
1597 4082 1801 4141 azyma

132 4160 196 4215 in
224 4158 410 4214 rebus
439 4155 624 4212 sacris
654 4155 982 4212 obtinuisse
1012 4160 1145 4211 ante
1176 4155 1319 4211 illud
1370 4156 1630 4213 schisma
1657 4157 1803 4214 Pho-

134 4248 410 4313 tianum;
441 4261 548 4302 nec
579 4249 878 4301 momenta
902 4244 1203 4300 Sirmundi
1227 4245 1371 4300 adeo
1396 4245 1655 4302 efﬁcacia
1678 4247 1803 4304 visa

136 4339 286 4391 sunt
317 4337 388 4390 ut
417 4333 686 4389 fermenti
717 4349 892 4390 usum
919 4332 1236 4405 aliquando
1265 4335 1420 4406 apud
1452 4335 1690 4391 Latinos
1718 4336 1802 4392 vi-

135 4423 353 4495 guisse
387 4421 556 4477 fateri
589 4437 697 4478 nos
727 4426 1018 4494 cogerent.

215 4512 590 4582 Quapropter
644 4511 800 4583 quod
850 4511 1202 4567 Sirmundus
1251 4515 1566 4586 optaverat,
1608 4516 1674 4568 ut
1705 4512 1808 4584 qui

135 4598 461 4656 sententia:
501 4615 621 4655 suae
672 4599 742 4655 de
788 4615 1125 4672 azymorum
1172 4601 1478 4658 recentiori
1518 4617 1628 4656 usu
1692 4617 1806 4656 non

135 4687 577 4756 consentirent,
606 4703 706 4744 eos
738 4687 944 4744 saltem
979 4688 1053 4744 ad
1084 4688 1422 4760 praeclaram
1453 4691 1582 4760 ejus
1613 4687 1695 4744 rei
1720 4689 1810 4744 in-

133 4775 604 4848 vestigationem
635 4775 933 4844 excitaret,
966 4777 1038 4832 ad
1071 4777 1182 4834 hoc
1214 4777 1408 4849 ipsum
1440 4793 1532 4834 me
1564 4776 1811 4846 contuli,

137 4867 451 4936 quantum
499 4867 557 4919 et
601 4863 906 4920 tenuitatis
955 4880 1096 4920 meae
1149 4864 1420 4933 facultas,
1469 4870 1526 4922 et
1563 4866 1815 4922 brevitas

137 4951 661 5020 Observationum,
692 4958 751 5008 et
768 4952 851 5008 rei
872 4952 1192 5010 difﬁcultas
1214 4954 1657 5026 obscuritasque
1687 4971 1816 5027 per-

138 5038 397 5097 misere.
431 5039 577 5096 Nam
593 5041 703 5096 etsi
717 5039 1019 5096 hominem
1035 5041 1336 5098 tantillum
1356 5043 1820 5099 contraSirmun-

1889 2479 2222 2545 invitasset;
2256 2494 2361 2534 nec
2393 2495 2455 2535 se
2487 2479 2560 2534 ab
2581 2480 2709 2549 ejus
2739 2479 3031 2535 sententia
3061 2479 3361 2536 discedere
3391 2479 3539 2536 indi-

1889 2570 2206 2638 gnaturum
2227 2581 2582 2639 quemquam
2604 2566 2828 2640 putavit
2845 2566 2945 2638 qui
2968 2567 3335 2624 meminisset
3363 2567 3536 2624 illum

1889 2671 1994 2727 pro
2044 2654 2328 2728 singulari
2381 2672 2490 2710 sua
2546 2655 2834 2712 modestia
2873 2655 3113 2712 solitum
3157 2655 3348 2712 aliena
3376 2656 3534 2712 haud

1890 2747 2125 2817 gravate
2153 2744 2376 2814 audire,
2403 2747 2479 2811 et,
2514 2743 2561 2799 si
2591 2743 2833 2799 meliora
2863 2743 2988 2799 suis
3030 2748 3422 2818 cognosceret,
3464 2744 3534 2800 1i-

1892 2830 2094 2887 benter
2116 2829 2410 2903 amplecti.
2444 2831 2513 2886 Et
2543 2831 2664 2886 haec
2691 2831 2928 2904 quidem
2971 2847 3102 2888 mea
3136 2833 3206 2888 de
3236 2831 3537 2888 Sirmundi

1892 2922 2105 2987 mente,
2137 2919 2427 2974 modestia
2468 2935 2534 2974 ac
2564 2918 2776 2974 sinceri
2809 2919 3004 2976 studio
3043 2919 3343 2993 persuasio
3390 2923 3538 2991 erat,

1893 3007 2216 3078 eademque
2246 3006 2380 3062 facti
2414 3007 2528 3062 mei
2558 3007 2874 3064 excusatio.

1961 3095 2071 3151 Uhi
2104 3096 2362 3168 primum
2395 3096 2842 3153 Observationes
2872 3113 3033 3153 meas
3064 3097 3224 3170 prelo
3256 3098 3534 3155 commit-

1893 3187 2014 3239 tere
2042 3184 2347 3255 parabam,
2389 3183 2563 3240 simul
2595 3185 2805 3241 certior
2850 3186 3039 3243 factus
3086 3203 3218 3242 sum
3269 3187 3537 3244 eminen-

1891 3273 2193 3330 tissimum
2233 3272 2589 3329 cardinalem
2625 3274 2804 3342 Bona,
2835 3275 3004 3345 cujus
3035 3275 3239 3344 virtus,
3273 3276 3539 3332 doctrina

1894 3366 1953 3420 et
1999 3361 2250 3418 eruditio
2293 3362 2568 3418 omnibus
2607 3366 2908 3435 perspecta
2955 3368 3116 3432 sunt,
3167 3363 3323 3420 idem
3365 3381 3538 3438 argu-

1895 3456 2160 3508 mentum
2192 3453 2544 3522 pertractare
2569 3450 2627 3504 in
2659 3465 2832 3522 opere
2861 3465 2968 3506 suo
3000 3450 3079 3506 De
3110 3451 3284 3506 rcbus
3314 3451 3541 3524 liturgi-

1895 3539 2003 3607 cis,
2034 3543 2092 3594 et
2122 3539 2193 3594 ab
2223 3537 2521 3594 Sirmundi
2568 3538 2866 3609 proposito
2907 3539 3204 3594 tantillum
3249 3540 3539 3595 recedere.

1897 3627 1972 3684 Ut
2001 3644 2149 3700 opus
2197 3626 2343 3682 illud
2383 3625 2663 3681 eximium
2718 3627 2980 3697 pervenit
3024 3627 3084 3682 in
3117 3643 3328 3684 manus
3359 3642 3542 3698 meas,

1903 3715 2046 3770 illud
2077 3714 2190 3787 legi
2221 3729 2436 3786 magna
2476 3729 2609 3768 cum
2647 3711 2963 3785 voluptate,
3005 3719 3132 3770 tum
3184 3716 3438 3772 maxime
3467 3715 3549 3773 lo-

1904 3820 2038 3860 cum
2061 3804 2131 3860 de
2157 3803 2396 3874 azymis,
2429 3801 2487 3856 in
2522 3818 2635 3874 quo
2665 3805 2786 3858 tota
2815 3819 2908 3858 res
2949 3819 3062 3859 non
3096 3804 3294 3860 minus
3325 3804 3551 3862 sincere

1905 3909 2084 3965 quam
2115 3891 2339 3948 erudite
2369 3890 2708 3963 explicatur.
2743 3890 3012 3962 Ejusloci
3034 3909 3268 3948 summa
3289 3897 3395 3962 est,
3421 3894 3548 3963 jam

1905 3982 2041 4038 inde
2071 3982 2142 4037 ab
2175 3979 2572 4053 apostolorum
2603 3980 2972 4054 temporibus
3003 3982 3074 4037 ad
3103 3980 3362 4037 schisma
3398 3980 3549 4036 Pho-

1905 4070 2156 4137 tianum,
2175 4069 2235 4125 in
2256 4069 2515 4125 Ecclesia
2539 4069 2737 4124 Latina
2757 4069 3158 4141 promiscuum
3178 4069 3357 4125 fuisse
3373 4085 3550 4124 usum

1909 4159 2238 4216 fermentati
2270 4163 2326 4214 et
2355 4157 2541 4232 azymi
2573 4158 2763 4230 panis,
2799 4174 2904 4214 nec
2934 4163 3069 4214 ante
3103 4158 3296 4215 saeculi
3340 4157 3554 4214 decimi

1909 4249 2144 4304 initium
2169 4263 2440 4319 azymum
2480 4247 2606 4319 lege
2639 4247 2934 4303 communi
2968 4264 3033 4303 ac
3063 4245 3319 4320 generali
3363 4246 3556 4303 ubivis

1912 4341 2207 4409 receptum
2239 4337 2394 4408 apud
2420 4338 2670 4393 Latinos.
2696 4339 2818 4404 Qua
2841 4338 2900 4392 in
2923 4353 2982 4392 re
3004 4337 3305 4393 Sirmundi
3324 4341 3559 4392 senten-

1910 4425 2054 4480 tiam
2083 4425 2427 4496 temperavit
2466 4424 2904 4481 illustrissimus
2951 4427 3218 4498 scriptor,
3266 4426 3419 4498 quod
3450 4424 3562 4482 Sir-

1916 4512 2174 4567 mundus
2206 4528 2319 4566 non
2350 4512 2614 4567 videatur
2649 4513 2964 4570 admisisse
2994 4515 3180 4586 azymi
3221 4531 3397 4570 usum
3428 4517 3563 4570 ante

1919 4599 2103 4656 Photii
2127 4599 2474 4667 discidium,
2497 4601 2597 4655 sed
2631 4600 2820 4656 solum
2854 4603 3299 4671 fermentatum;
3341 4607 3400 4658 at
3427 4619 3564 4658 vero

1920 4687 2427 4744 eminentissimus
2482 4688 2797 4744 cardinalis
2857 4694 3174 4762 utrumque
3233 4690 3565 4762 promiscue

1923 4780 2271 4849 usurpatum
2305 4793 2408 4847 pro
2440 4780 2698 4848 tempore
2736 4783 2794 4832 et
2831 4777 3093 4834 locorum
3134 4779 3568 4850 opportunitate

1925 4866 2194 4920 fateatur.

1997 4953 2319 5008 Commovit
2376 4952 2497 5008 haec
2546 4955 2838 5010 sententia
2886 4955 3276 5027 quorumdam
3311 4955 3371 5010 in
3417 4953 3571 5010 Urbe

1931 5042 2180 5106 animos,
2213 5041 2294 5096 rei
2336 5039 2588 5096 novitate
2627 5042 2713 5112 (ut
2751 5042 2863 5097 sibi
2906 5043 3187 5112 videatur)
3240 5059 3311 5098 ne
3357 5042 3571 5110 dicam,

138 5129 300 5186 dum
354 5127 464 5183 niti
495 5129 878 5185 temerarium
929 5130 1256 5196 videbatur,
1290 5129 1437 5185 mihi
1485 5131 1826 5188 occurrebat
1855 5114 1903 5182 D
1934 5129 2282 5203 indignitate
2334 5129 2631 5200 attonitos,
2676 5131 2844 5201 quasi
2894 5131 3056 5186 nefas
3097 5138 3252 5188 esset
3286 5131 3576 5204 tantisper

138 5217 306 5274 illud
342 5216 505 5287 quod
535 5216 890 5274 Sirmundus
912 5219 1038 5289 ipse
1068 5219 1126 5273 in
1153 5217 1244 5274 sui
1269 5219 1706 5275 excusationem
1739 5225 1824 5276 at-

137 5305 294 5364 tulit
326 5305 393 5360 in
429 5304 871 5376 Disquisitionis
901 5323 1029 5379 cap.
1061 5309 1097 5362 5
1126 5307 1227 5361 ubi
1261 5307 1332 5362 de
1378 5306 1660 5364 fermento
1691 5309 1829 5365 Mel-

139 5392 399 5451 chiadis
428 5409 496 5448 ac
526 5392 719 5448 Siricii
752 5394 922 5450 aliter
951 5401 1126 5466 atque
1159 5393 1444 5449 Baronius
1477 5399 1828 5454 sententiam

139 5483 460 5550 dicturus,
491 5481 714 5538 veritus
745 5500 861 5539 non
883 5487 973 5538 est
993 5498 1065 5538 ne
1086 5486 1288 5538 contra
1308 5483 1540 5539 Baronii
1573 5491 1830 5544 mentem

134 5576 487 5647 votumque
522 5569 734 5628 fecisse
771 5571 1091 5638 videretur,
1130 5573 1438 5644 propterea
1465 5573 1622 5648 quod
1655 5573 1830 5635 Baro.

492 5697 762 5768 Panos.
809 5695 1070 5766 CXLIII.

1936 5219 2202 5276 recedere
2238 5234 2272 5273 a
2320 5217 2616 5272 communi
2674 5219 3064 5274 recentiorum
3119 5221 3411 5292 opinione,
3473 5217 3576 5293 qui

1938 5323 2272 5381 azymorum
2305 5306 2364 5361 in
2393 5305 2599 5361 Latina
2614 5305 2867 5362 Ecclesia
2885 5312 3232 5379 perpetuum
3251 5325 3425 5365 usum
3459 5325 3575 5364 non

1939 5413 2108 5454 secus
2157 5412 2222 5451 ac
2253 5396 2466 5467 dogma
2491 5394 2867 5464 catholicum,
2903 5397 3244 5455 defendunt.
3297 5397 3578 5456 Gliscenti

1940 5485 2306 5559 querelarum
2344 5482 2563 5538 rumori
2595 5483 2824 5538 frenum
2869 5485 3168 5557 imponere
3200 5487 3425 5545 curavit
3454 5501 3580 5542 mo-

1939 5573 2312 5636 destissimus
2342 5571 2676 5645 cardinalis,
2708 5571 2863 5631 edita
2891 5573 3042 5631 hanc
3072 5575 3132 5632 in
3162 5591 3287 5634 rem
3310 5573 3585 5636 admoni-

3185 5704 3266 5775 39

3537 5695 3570 5707 -4
