3970 6218
390 342 543 405 1227

1423 337 1813 401 APPENDIX
1860 338 1964 401 AD
2007 334 2271 401 OPERA
2313 338 2750 405 HUMBERTI.

3627 332 3780 398 1228

388 474 561 537 tione,
594 486 712 542 qua
742 470 1028 526 rationem
1060 469 1399 526 assertionis
1416 487 1534 525 suae
1557 475 1758 527 contra
1781 472 2025 527 sentien-
2055 472 2112 537 Α
2142 473 2232 527 IV.
2276 475 2448 545 Quali
2471 492 2614 545 pane
2646 480 2871 531 utantur
2911 476 3045 533 alia
3083 475 3370 531 societates
3419 470 3776 539 Christianae.

386 561 545 615 tibus
576 561 902 631 approbare
931 558 1189 615 tentavit.
1224 559 1386 623 Quod
1417 558 1515 613 ubi
1542 558 1708 631 plene
1733 562 1804 613 ad
1827 563 2025 615 votum

2138 560 2205 615 V.
2253 564 2440 620 Variae
2466 565 2750 621 sententiae
2777 565 2841 619 de
2859 581 3051 635 azyma
3084 565 3421 619 Latinorum.

387 665 504 704 non
543 649 900 717 succederet,
940 648 1091 703 idem
1150 651 1569 718 aqgumentum
1624 652 1932 703 retractare
1977 652 2034 703 et
2137 649 2231 705 VI.
2273 652 2537 716 Quaedam
2565 654 2875 709 testimonia
2908 653 3087 709 dubia:
3117 652 3246 722 ﬁdei
3268 666 3368 725 pro
3398 663 3590 722 azyma
3630 647 3779 703 Lati-

387 736 606 792 clarius
637 737 989 793 sententiam
1021 749 1189 790 suam
1230 735 1515 806 explicare
1545 735 1742 790 animo
1771 736 2030 791 destina-

386 826 468 879 vit
494 842 506 892 ;
541 826 717 895 idque
750 823 904 878 brevi
939 820 1293 893 perfecisset,
1322 822 1433 878 nisi
1456 823 1563 878 hoc
1590 823 1905 896 agitantem
1931 841 2030 880 nc-

389 912 682 983 gotiorum
722 912 895 965 turba
934 910 1320 965 distraxisset.
1370 916 1442 965 At
1471 928 1605 966 cum
1653 912 2034 969 intellexisset

389 1013 483 1051 me
515 998 670 1052 idem
715 997 1026 1052 consilium
1067 998 1358 1064 meditari,
1402 1000 1717 1055 submissis
1770 1018 1915 1072 quas
1959 1001 2029 1056 ad

390 1085 498 1139 hoc
532 1085 785 1140 habebat
830 1085 1191 1142 litteratoriis
1224 1087 1429 1158 copiis,
1471 1087 1708 1160 impulit
1748 1106 1839 1143 me
1871 1090 1941 1143 ad
1973 1089 2027 1143 id

391 1174 749 1243 audendum,
798 1176 855 1230 id
899 1180 988 1231 est
1044 1176 1113 1230 ad
1155 1174 1564 1246 explicandum
1601 1177 1659 1231 in
1707 1178 1859 1248 quod
1891 1193 1922 1231 e
1951 1177 2029 1231 rei

392 1264 637 1319 veritate
669 1279 796 1319 esse
817 1264 1129 1329 crederem,
1160 1263 1313 1333 quod
1332 1280 1515 1318 unum
1540 1281 1771 1335 semper
1791 1264 2027 1336 optavit.

394 1353 520 1408 Non
560 1352 727 1408 licuit
775 1368 1009 1423 operam
1055 1366 1244 1405 meam
1278 1367 1489 1423 negare
1520 1356 1693 1406 tantae
1732 1352 2032 1423 dignitatis

392 1441 696 1505 hortatori,
729 1440 980 1495 maxime
1008 1454 1142 1494 cum
1168 1439 1562 1495 necessarium
1588 1439 1730 1493 mihi
1753 1443 1906 1495 esset
1934 1455 2034 1493 ex-

389 1545 605 1600 ponere
634 1544 700 1583 ea
734 1545 881 1599 qum,
915 1526 1001 1582 vel
1024 1525 1455 1595 obscurius,vel
1487 1526 1721 1582 brevius
1742 1526 1798 1580 in
1821 1526 2031 1582 Obser-

388 1616 719 1670 vationibus
767 1616 915 1670 meis
972 1614 1129 1670 dicta
1176 1613 1341 1669 aliter
1389 1630 1566 1685 quam
1612 1630 1717 1686 par
1745 1619 1868 1669 erat
1894 1631 2032 1669 non-

388 1701 533 1757 nulli
566 1703 1124 1773 interpretabantur.
1538 1689 1550 1698 ’

460 1791 584 1846 Duo
618 1795 760 1846 sunt
793 1808 917 1862 qua:
948 1791 1007 1846 in
1039 1791 1557 1847 Observationibus
1589 1792 1737 1847 meis
1766 1792 2031 1847 intende-

2209 754 2410 793 norum
2438 741 2839 811 expenduntur.

2138 826 2259 882 VII.
2300 829 2689 899 Proponuntur
2734 832 3049 895 coniecturae
3077 832 3130 885 et
3171 835 3494 899 argumenta
3530 823 3787 897 quaedam

2207 932 2308 987 pro
2328 919 2551 988 antiquo
2580 936 2681 974 usu
2711 936 3035 989 azymorum
3061 917 3207 988 apud
3236 918 3475 972 Latinos.

2140 1003 2289 1059 VIII.
2337 1006 2471 1059 Aliae
2495 1007 2839 1076 probationes
2865 1024 2935 1062 ea:
2962 1010 3142 1078 forma
3170 1014 3221 1062 et
3250 1002 3651 1060 conditionibus
3679 1004 3789 1055 ho—

2210 1094 2465 1147 stiarum.
2513 1094 2611 1149 Uti
2655 1094 3012 1164 explicantur
3054 1110 3288 1151 canones
3327 1093 3451 1159 duo,
3484 1105 3627 1145 unus
3655 1103 3790 1142 con-

2211 1180 2332 1234 cilii
2363 1181 2683 1235 Turonensis
2711 1184 2954 1249 secundi,
2990 1183 3131 1238 alter
3166 1182 3406 1237 Toletani
3428 1178 3569 1234 XVI.

2141 1266 2233 1321 IX.
2280 1268 2473 1322 Morem
2513 1268 2657 1321 hunc
2682 1268 2939 1337 generali
2965 1286 3070 1323 usu
3099 1270 3258 1341 apud
3281 1271 3505 1324 Latinos
3549 1265 3797 1335 viguisse

2207 1357 2333 1409 ante
2358 1354 2575 1409 Photiie
2596 1355 2904 1410 discidium.

2138 1443 2203 1498 X.
2238 1443 2636 1514 Expendunlur
2656 1451 2978 1514 argumenta
2996 1454 3096 1514 pro
3116 1459 3220 1499 usu
3234 1445 3495 1514 fermenti
3512 1442 3661 1514 apud
3682 1445 3802 1497 La-

2212 1533 2369 1587 tinos.

2143 1620 2233 1675 XI.
2265 1620 2523 1691 Epilogus
2544 1624 2595 1675 et
2621 1622 2891 1677 conclusio
2908 1622 3337 1692 praemissorum.

2676 1762 2900 1818 CAPUT
2958 1761 3247 1817 PRIMUM

391 1880 549 1935 bam.
591 1834 1168 1951 Unum‘lazymorum
1218 1895 1394 1934 usum
1426 1881 1579 1951 apud
1614 1880 1851 1935 Latinos
1880 1880 1941 1933 in
1973 1896 2034 1935 re
2061 1834 2109 1898 Β
2147 1868 2557 1925 Eucharistiam
2588 1870 2645 1923 in
2676 1869 2963 1951 azymis‘a.
2984 1864 3193 1923 Christo
3222 1864 3453 1919 Domino
3483 1863 3808 1918 institutam

396 1966 848 2041 sacra'viguisse
893 1972 1024 2023 ante
1056 1967 1315 2023 schisma
1344 1968 1719 2035 Photianum,
1770 1969 1925 2040 quod
1957 1968 2039 2022 di-

398 2062 550 2115 serte
599 2057 964 2130 probandum
1016 2055 1246 2127 suscepi
1306 2057 1585 2112 adversus
1624 2057 2037 2123 Sirmundum;

401 2149 670 2209 alterum,
703 2149 1051 2217 argumenta
1080 2162 1113 2200 a
1141 2145 1453 2200 Sirmundo
1473 2146 1769 2217 proposita
1795 2162 1908 2200 non
1942 2162 2039 2217 pe-

402 2239 560 2294 nitus
582 2235 839 2292 evincere
861 2234 1210 2289 fermentum
1241 2251 1274 2289 a
1298 2235 1517 2289 Latinis
1540 2234 1853 2305 aliquando
1884 2234 2044 2289 adhi-

400 2328 587 2383 bitum
621 2324 820 2378 fuisse.
856 2323 1052 2393 Neque
1083 2328 1275 2377 tamen
1300 2322 1449 2377 hanc
1483 2324 1862 2394 posteriorem
1910 2340 2041 2393 par-

402 2419 517 2471 tem
554 2414 634 2467 ita
661 2412 1178 2467 demonstrandam
1211 2411 1465 2483 suscepi,
1516 2412 1681 2481 quasi
1724 2417 1944 2466 certum
1978 2428 2044 2464 ac

402 2501 778 2557 manifestum
807 2517 936 2557 esse
970 2505 1230 2571 putarem
1259 2500 1608 2555 fermentum
1639 2517 1672 2553 a
1703 2500 2052 2555 Latinorum

402 2590 585 2646 sacris
635 2605 865 2659 semper
912 2588 1207 2655 abfuisse;
1253 2588 1354 2642 sed
1386 2592 1613 2649 tantum
1656 2604 1721 2643 eo
1772 2589 2046 2643 tendebat

403 2679 595 2736 omnis
626 2678 808 2734 oratio
842 2694 970 2732 mea
998 2680 1063 2731 ut
1093 2677 1399 2748 probarem
1431 2676 1487 2730 id
1513 2693 1628 2731 non
1660 2681 1884 2731 certum
1916 2692 2045 2732 esse

404 2769 558 2842 quod
591 2767 944 2823 Sirmundus
964 2782 1068 2838 pro
1098 2770 1251 2821 certo
1274 2766 1630 2837 proponebat
1660 2784 1672 2832 ;
1707 2782 1821 2821 uno
1850 2766 2043 2834 verbo,

406 2856 650 2914 alteram
699 2855 850 2910 hanc
890 2859 1138 2927 partem,
1170 2870 1287 2908 non
1318 2858 1439 2909 tam
1472 2853 1817 2910 afﬁrmando
1866 2870 2045 2925 quam

406 2944 672 3017 negando
688 2947 745 2999 et
782 2944 965 3015 partis
1007 2943 1261 2998 adversae
1291 2943 1672 2997 fundamenta
1718 2943 2046 3014 avertendo,

409 3034 559 3090 tueri
593 3033 737 3088 mihi
772 3033 959 3088 visum
991 3036 1098 3088 est.

2877 1938 3064 2007 fuisse.

2222 2065 2583 2120 Servatorem
2614 2066 2902 2130 nostrum,
2945 2061 3003 2115 in
3036 2064 3292 2117 extremo
3321 2058 3604 2115 Paschate
3635 2059 3802 2129 quod

2152 2158 2337 2207 morte
2380 2152 2635 2207 instante
2690 2149 3018 2211 celebravit.
3071 2147 3399 2204 venerabile
3449 2145 3709 2218 corporis
3739 2150 3806 2200 et

2152 2241 2457 2311 sanguinis
2508 2240 2595 2294 sui
2650 2242 3081 2295 sacramentum
3141 2239 3252 2292 sub
3305 2233 3801 2308 vesperamieriaa

2152 2330 2367 2400 quintae
2402 2327 2728 2382 instituisse
2751 2330 2999 2382 constat.
3034 2325 3241 2380 Utrum
3279 2340 3549 2397 azymum
3581 2337 3804 2395 panem

2154 2417 2266 2472 huc
2318 2416 2669 2483 adhibuerit,
2711 2417 3014 2487 disputaut
3063 2413 3250 2468 Latini
3286 2418 3343 2468 et
3371 2412 3551 2468 Graeci
3600 2426 3806 2468 recen-

2154 2506 2328 2561 tiores
2360 2522 2372 2560 :
2409 2505 2626 2560 Latinis
2658 2520 2945 2577 azymum,
2970 2502 3184 2559 Grecis
3205 2503 3618 2557 fermentatum
3650 2517 3804 2572 prae-

2150 2593 2493 2650 ferentibus.
2526 2592 2715 2663 Hujus
2743 2591 3144 2647 controversiae
3167 2589 3380 2646 solutio
3410 2605 3480 2645 ex
3508 2587 3625 2644 alia
3656 2604 3805 2660 pen-

2154 2684 2270 2751 det,
2329 2680 2594 2737 videlicet
2641 2698 2713 2736 an
2771 2679 3037 2735 Christus
3085 2695 3151 2734 eo
3205 2694 3357 2734 anno
3422 2676 3806 2734 celebraverit

2152 2771 2376 2827 Pascha
2403 2769 2608 2843 legale,
2639 2769 2698 2824 id
2724 2772 2813 2824 est
2845 2784 2859 2823 :
2890 2784 2964 2823 an
2996 2782 3215 2840 agnum
3246 2782 3380 2821 cum
3420 2765 3641 2839 azymis
3671 2763 3805 2849 allii-

2155 2877 2299 2932 sque
2320 2858 2694 2932 paschalibus
2725 2857 2872 2913 cibis
2901 2854 3240 2921 comederit,
3285 2858 3548 2926 tempore
3577 2858 3637 2911 et
3673 2854 3804 2910 loco

2157 2949 2283 3022 lege
2312 2946 2688 3020 praseriptis.

2226 3042 2305 3093 De
2334 3037 2459 3092 loco
2482 3035 2645 3091 nulla
2675 3040 2760 3090 est
2798 3032 3090 3089 dubitatio
3129 3032 3423 3088 Christum
3463 3030 3806 3105 Hierosoly-

482 3125 564 3180 De
604 3122 796 3178 media
823 3119 1224 3189 ,illustrissimi
1270 3118 1586 3175 cardinalis
1617 3119 1924 3186 sententia,
1956 3120 2049 3176 de-
2096 3195 2122 3197 __
2160 3127 2295 3197 mis,
2324 3126 2406 3180 uti
2437 3124 2562 3195 lege
2600 3126 2836 3177 cautum
2866 3125 3008 3189 erat,
3050 3119 3325 3176 ultimum
3374 3120 3597 3176 Pascha
3643 3136 3808 3192 pere-

411 3230 523 3285 que
556 3210 719 3267 novis
748 3208 1111 3282 argumentis
1137 3209 1208 3263 ab
1239 3223 1305 3263 eo
1328 3224 1430 3279 pro
1449 3207 1748 3263 Sirmundi
1780 3208 2052 3280 opinione
2082 3195 2125 3261 C
2161 3195 2345 3289 εἰδέω
2370 3214 2441 3269 de
2473 3211 2947 3283 tempore,deque
2966 3224 3069 3265 esu
3092 3208 3226 3281 agni
3255 3207 3445 3281 gravis
3467 3212 3558 3264 est
3578 3212 3809 3266 contro-

411 3302 682 3358 adductis
739 3298 884 3354 nihil
916 3298 1057 3363 dixi,
1100 3300 1225 3368 tum
1256 3296 1396 3368 quia
1426 3295 1867 3352 Observationes
1910 3314 2051 3353 meae

400 3392 526 3464 jam
558 3391 711 3462 typis
732 3386 1107 3458 subjiciendaa
1139 3366 1324 3454 erant,
1356 3401 1490 3440 cum
1521 3386 1649 3455 ejus
1678 3402 1825 3457 opus
1855 3386 1937 3441 De
1967 3402 2052 3441 re-

408 3484 520 3538 bus
549 3478 838 3551 liturgicis
885 3478 945 3530 in
988 3476 1136 3530 hanc
1166 3474 1371 3531 urbem
1419 3474 1727 3529 advectum
1776 3479 1883 3542 est,
1920 3479 2048 3530 tum

409 3572 548 3644 quia
589 3565 877 3624 sententia
924 3580 1053 3619 mea
1096 3563 1283 3635 magis
1314 3562 1626 3618 accedebat
1668 3563 1739 3618 ad
1792 3568 2047 3619 mentem

312 3640 319 3649 ⁸
407 3640 859 3718 eminentissimi
906 3652 1241 3709 cardinalis.
1282 3654 1337 3708 Is
1377 3650 1533 3707 enim
1564 3667 1680 3705 non
1714 3657 1887 3723 negat
1915 3668 2046 3725 azy-

403 3766 533 3806 mos
554 3762 733 3819 panes
749 3743 1064 3816 aliquando
1085 3740 1377 3796 adhibitos
1407 3744 1539 3795 ante
1568 3738 1759 3794 Photii
1788 3744 2043 3812 tempus,

404 3840 520 3893 imo
554 3837 624 3891 ab
656 3834 784 3907 ipsa
815 3837 980 3887 aetate
1011 3828 1407 3903 apostolorum
1434 3847 1446 3896 ;
1481 3828 1581 3883 sed
1611 3832 1806 3883 tamen
1838 3827 1894 3882 id
1928 3828 2042 3883 fac-

401 3932 527 3984 tum
551 3924 631 3982 ait
650 3925 797 3981 citra
825 3920 1135 3987 delectum,
1169 3934 1284 3974 non
1315 3915 1613 3973 communi
1642 3916 1787 3989 lege,
1808 3917 1909 3971 sed
1940 3933 2043 3988 pro

397 4017 659 4074 locorum
690 4029 756 4068 ac
788 4017 1120 4083 temporum
1159 4007 1401 4063 ratione.

469 4106 687 4161 Verum
720 4102 859 4175 quia
888 4104 1072 4155 totum
1104 4098 1209 4152 hoc
1231 4098 1644 4167 argumentum
1670 4111 1774 4165 pro
1807 4094 2042 4149 modulo

400 4214 529 4254 meo
559 4195 751 4250 denuo
786 4194 1033 4245 tractare
1064 4184 1208 4241 mihi
1229 4186 1357 4256 jam
1385 4183 1691 4251 incumbit,
1726 4183 1874 4239 dabo
1906 4200 2041 4255 ope-

399 4303 527 4342 ram
559 4288 623 4339 ut
652 4281 709 4335 id
732 4278 1011 4334 historico
1045 4274 1239 4347 potius
1268 4273 1441 4328 modo
1471 4288 1648 4344 quam
1679 4272 2041 4329 contentiosa

400 4392 434 4431 a
464 4390 557 4429 me
587 4372 707 4437 ﬁat,
742 4384 857 4423 non
889 4382 1002 4438 quo
1026 4361 1323 4419 difﬁcilem
1355 4360 1807 4417 controversiam
1839 4378 2043 4417 secun-

398 4465 542 4520 dum
571 4463 765 4516 tantos
802 4473 835 4511 a
865 4471 957 4510 me
979 4453 1175 4510 dirimi
1206 4469 1271 4507 ac
1303 4451 1459 4506 finiri
1490 4467 1661 4522 posse
1687 4455 1908 4523 putem,
1936 4453 2036 4508 sed

2158 3303 2365 3369 versia,
2398 3318 2511 3357 non
2534 3301 2723 3356 solum
2741 3300 2893 3355 inter
2913 3298 3136 3355 Graecos
3148 3302 3203 3353 et
3216 3297 3591 3366 Latinos,sed
3621 3298 3806 3355 etiam

2159 3393 2313 3448 inter
2341 3390 2608 3451 homines
2624 3389 2886 3459 ejusdem
2914 3386 3231 3453 societatis,
3253 3385 3408 3441 inter
3430 3385 3709 3458 antiquos
3739 3403 3807 3444 ac

2157 3478 2528 3537 recentiores.
2571 3478 2651 3533 De
2696 3477 2962 3547 utrisque
2991 3474 3285 3547 agendum
3324 3473 3692 3546 singillatim,
3737 3491 3808 3531 ac

2157 3569 2413 3642 primum
2444 3568 2818 3623 adversarum
2847 3563 3101 3637 partium
3131 3561 3512 3619 fundamenta
3540 3563 3804 3634 puemit-

2155 3659 2347 3715 tenda.

2225 3747 2332 3811 Qui
2351 3744 2569 3818 pascha
2589 3742 2761 3815 legali
2804 3758 2963 3797 more
2987 3757 3022 3796 a
3041 3740 3268 3797 Christo
3289 3739 3643 3796 celebratum
3666 3755 3800 3796 con-

2152 3837 2422 3905 tendunt,
2455 3832 2860 3888 auctoritatem
2901 3830 3146 3887 sumunt
3190 3846 3259 3885 ex
3304 3827 3629 3902 Evangeliis
3657 3827 3802 3885 Mat-

2152 3924 2309 3992 thaai,
2344 3922 2519 3978 Marci
2550 3925 2607 3977 et
2637 3926 2819 3975 Lucae.
2863 3918 3169 3974 Mattheus
3219 3918 3454 3991 quippe,
3491 3918 3679 3988 prima
3711 3915 3802 3973 die

2150 4028 2508 4084 azymorum;
2557 4011 2806 4075 Marcus,
2852 4009 3033 4080 primo
3062 4007 3151 4062 die
3188 4019 3531 4077 azymorum,
3572 4003 3800 4075 quando

2152 4099 2508 4158 immolabant
2538 4097 2780 4159 Pascha;
2813 4097 3021 4165 Lucas,
3071 4094 3401 4150 adventante
3441 4093 3532 4148 die
3568 4108 3799 4165 azymo-

2152 4207 2297 4256 rum,
2329 4191 2390 4244 in
2420 4205 2527 4259 qua
2556 4202 2767 4242 necesse
2793 4188 2909 4241 erat
2947 4183 3119 4240 occidi
3155 4181 3386 4247 Pascha,
3437 4184 3718 4250 paratum
3766 4197 3804 4238 ο.

2149 4277 2454 4350 discipulis
2485 4274 2778 4348 paschalis
2812 4272 2942 4328 festi
2972 4269 3209 4341 epulum
3233 4270 3542 4323 testantur.

2218 4367 2328 4423 Alii
2358 4383 2513 4431 vero,
2549 4366 2671 4421 sive
2702 4362 2802 4435 qui
2835 4358 3057 4415 Pascha
3088 4354 3270 4427 legale
3299 4370 3332 4409 a
3361 4353 3586 4408 Christo
3633 4357 3804 4412 anti-

2148 4457 2407 4529 cipatum
2438 4453 2658 4517 volunt,
2683 4451 2800 4506 sive
2828 4445 2928 4517 qui
2959 4459 3177 4516 agnum
3207 4442 3281 4498 ab
3302 4441 3431 4515 ipso
3452 4457 3797 4500 comessum

397 4559 462 4610 ut
504 4551 563 4606 in
622 4560 934 4604 commune
993 4543 1287 4599 conferam
1351 4541 1409 4595 id
1451 4539 2038 4613 quantulumcunque
2068 4564 2118 4629 ι)
2147 4548 2381 4618 negant,
2416 4542 2536 4598 sive
2571 4540 2669 4612 qui
2700 4540 2757 4592 et
2785 4549 3000 4606 agnum
3035 4536 3093 4587 et
3120 4547 3344 4601 azyma,
3374 4534 3703 4603 caeteraque
3733 4531 3793 4587 id

397 4642 554 4717 quod
576 4640 646 4696 ad
682 4632 1238 4693 eamillustrandam
1261 4631 1416 4703 apud
1439 4629 1710 4702 antiquos
1731 4631 2037 4687 observare
2070 4618 2112 4629 ⁷
2145 4650 2329 4707 genus
2376 4627 2667 4717 paschalis
2717 4622 2846 4679 festi
2878 4619 3074 4675 edulia
3113 4623 3409 4717 removent
3455 4618 3556 4717 ab.
3578 4618 3791 4677 ultima

395 4731 542 4790 mihi
591 4728 777 4787 licuit.
828 4727 1012 4795 Atque
1057 4725 1122 4777 ut
1172 4725 1293 4776 tota
1331 4736 1424 4777 res
1477 4720 1666 4792 magis
1697 4720 1949 4776 dilucide
1978 4724 2036 4777 et

391 4825 662 4881 accurate
700 4817 1105 4891 pertractetur,
1150 4810 1533 4882 sequentibus
1580 4809 1851 4881 capitulis
1905 4827 2033 4866 eam

393 4913 702 4987 explanare
731 4906 1003 4963 conabor.

918 5102 1130 5161 INDEX
1176 5099 1507 5155 CAPITUM.
1562 5162 1569 5167 ἢ

390 5282 434 5341 Ι.
478 5270 882 5332 Eucharisliam
912 5268 973 5323 in
992 5265 1203 5337 azymis
1232 5279 1267 5317 a
1299 5260 1509 5315 Christo
1538 5261 1764 5316 Domino
1812 5259 2029 5315 institu-

458 5372 573 5422 tam
601 5364 784 5422 fuisse.

458 5372 573 5422 tam
625 5366 784 5417 uisse.

385 5460 453 5515 Il.
496 5366 765 5522 Exefmplo
799 5447 1007 5502 Christi
1032 5460 1160 5500 nom
1191 5440 1403 5510 imponi
1430 5438 1807 5494 necessitatem
1844 5450 2027 5493 conse-

455 5541 650 5600 cran'li
682 5541 739 5594 in
760 5537 994 5608 azymis.

384 5632 483 5697 111.
516 5631 598 5691 An
628 5626 800 5687 Graeci
825 5624 986 5689 initio
1015 5621 1262 5685 Ecclesia:
1289 5620 1556 5698 fermento
1584 5618 1673 5677 usi
1698 5617 1827 5678 sint.

2142 4720 2352 4778 Christi
2384 4734 2565 4783 ccena,
2594 4714 2862 4768 nituntur
2883 4724 3058 4780 quam
3083 4707 3335 4763 maxime
3349 4707 3593 4763 Joannis
3615 4724 3789 4765 evan-

2144 4810 2360 4884 gelista
2400 4804 2616 4876 duplici
2665 4797 3021 4856 testimonio.
3068 4796 3263 4853 Unum
3313 4800 3403 4852 est
3431 4795 3491 4851 in
3521 4812 3648 4868 cap.
3684 4814 3789 4853 xm

2143 4916 2312 4955 versu
2331 4899 2380 4961 1,
2396 4894 2496 4950 ubi
2510 4906 2733 4947 ccenam
2750 4896 2875 4944 ante
2892 4887 3039 4942 diem
3051 4888 3249 4956 festum
3260 4886 3479 4941 Pascha:
3491 4889 3789 4956 peractam

2142 4986 2361 5052 scribit,
2388 4984 2524 5047 imo,
2548 4985 2614 5037 ut
2642 4980 2701 5036 in
2723 4977 2986 5034 versione
3002 4974 3480 5047 Persicalegitur,
3504 4982 3635 5029 ante
3654 4973 3789 5031 duos

2140 5076 2254 5132 dies
2282 5072 2542 5133 Paschae;
2574 5070 2821 5126 alterum
2855 5064 3260 5122 testimonium
3290 5068 3383 5119 est
3406 5062 3466 5118 in
3488 5078 3616 5134 cap.
3643 5080 3786 5122 xvm

2140 5180 2309 5221 versu
2340 5163 2432 5228 28,
2465 5160 2565 5216 ubi
2596 5159 2678 5216 ait
2706 5157 2960 5221 Judaeos,
2994 5152 3220 5209 Christo
3252 5156 3419 5224 capto
3449 5154 3507 5208 et
3535 5151 3787 5208 adducto

2139 5254 2210 5309 ad
2259 5250 2560 5324 Caipham,
2614 5265 2729 5304 non
2760 5244 3035 5301 introisse
3080 5243 3139 5297 in
3190 5240 3546 5314 praetorium,
3588 5248 3651 5296 ut
3674 5258 3786 5298 non

2138 5344 2669 5407 contaminarentur,
2716 5336 2808 5392 sed
2836 5339 2899 5390 ut
2926 5332 3325 5388 manducarent
3359 5330 3587 5386 Pascha.
3621 5330 3784 5394 Quod

2137 5436 2482 5506 argumento
2510 5434 2601 5486 est
2625 5445 2724 5485 eos
2751 5438 2992 5495 vespera
3024 5421 3419 5492 subsequente
3446 5432 3667 5492 agnum
3689 5435 3782 5475 co-

2137 5521 2411 5591 medisse,
2427 5537 2561 5577 nam
2577 5518 2710 5591 agni
2725 5510 3048 5571 immolatio
3065 5514 3240 5582 atque
3252 5506 3530 5566 comestio
3552 5508 3781 5583 proprie

2136 5611 2362 5677 Pascha
2389 5609 2711 5672 dicebatur.
2743 5600 2984 5679 Accedit
3004 5598 3169 5664 locus
3197 5614 3268 5661 ex
3297 5597 3565 5674 ejusdem
3593 5601 3790 5663 Evam.

3915 4916 3917 5067 Ν

3902 5448 3918 5673 1
