  <div class='ocr_page' id='page_1' title='image "/cluster/home/n/w/nwhite01/storage/ocr_20150623/143/uva.x000829790/640.png"; bbox 0 0 3970 6218; ppageno 0'>
   <div class='ocr_carea' id='block_1_1' title="bbox 145 256 301 323">
    <p class='ocr_par' dir='ltr' id='par_1_1' title="bbox 145 256 301 323">
     <span class='ocr_line' id='line_1_1' title="bbox 145 256 301 323; baseline 0.019 -3"><span class='ocrx_word' id='word_1_1' title='bbox 145 256 301 323; x_wconf 75' lang='grc'><strong>1229</strong></span> 
     </span>
    </p>
   </div>
   <div class='ocr_carea' id='block_1_2' title="bbox 1120 250 2569 332">
    <p class='ocr_par' dir='ltr' id='par_1_2' title="bbox 1120 250 2569 332">
     <span class='ocr_line' id='line_1_2' title="bbox 1120 250 2569 332; baseline -0.003 -11"><span class='ocrx_word' id='word_1_2' title='bbox 1120 255 1574 321; x_wconf 81' lang='lat' dir='ltr'><strong>MABILLONII</strong></span> <span class='ocrx_word' id='word_1_3' title='bbox 1615 250 2088 332; x_wconf 82' lang='lat' dir='ltr'><strong>DISQUISITIO</strong></span> <span class='ocrx_word' id='word_1_4' title='bbox 2129 256 2232 320; x_wconf 88' lang='lat' dir='ltr'><strong>DE</strong></span> <span class='ocrx_word' id='word_1_5' title='bbox 2274 254 2569 321; x_wconf 83' lang='lat' dir='ltr'><strong>AZYMO.</strong></span> 
     </span>
    </p>
   </div>
   <div class='ocr_carea' id='block_1_3' title="bbox 3388 254 3542 318">
    <p class='ocr_par' dir='ltr' id='par_1_3' title="bbox 3388 254 3542 318">
     <span class='ocr_line' id='line_1_3' title="bbox 3388 254 3542 318; baseline 0.006 -1"><span class='ocrx_word' id='word_1_6' title='bbox 3388 260 3411 317; x_wconf 84' lang='lat' dir='ltr'><strong>l</strong></span> <span class='ocrx_word' id='word_1_7' title='bbox 3425 254 3542 318; x_wconf 77' lang='lat'><strong>230</strong></span> 
     </span>
    </p>
   </div>
   <div class='ocr_carea' id='block_1_4' title="bbox 142 388 3546 465">
    <p class='ocr_par' dir='ltr' id='par_1_4' title="bbox 142 388 3546 465">
     <span class='ocr_line' id='line_1_4' title="bbox 142 388 3546 465; baseline -0.001 -16"><span class='ocrx_word' id='word_1_8' title='bbox 142 391 278 465; x_wconf 89' lang='lat' dir='ltr'><strong>gelii</strong></span> <span class='ocrx_word' id='word_1_9' title='bbox 310 407 441 465; x_wconf 90' lang='lat' dir='ltr'><strong>cap.</strong></span> <span class='ocrx_word' id='word_1_10' title='bbox 470 407 567 447; x_wconf 80' lang='lat' dir='ltr'><strong>xIx</strong></span> <span class='ocrx_word' id='word_1_11' title='bbox 595 406 766 446; x_wconf 89' lang='lat' dir='ltr'><strong>versu</strong></span> <span class='ocrx_word' id='word_1_12' title='bbox 800 390 887 461; x_wconf 81' lang='grc'>14,</span> <span class='ocrx_word' id='word_1_13' title='bbox 920 405 1036 461; x_wconf 90' lang='lat' dir='ltr'><strong>quo</strong></span> <span class='ocrx_word' id='word_1_14' title='bbox 1068 390 1128 445; x_wconf 92' lang='lat' dir='ltr'><strong>in</strong></span> <span class='ocrx_word' id='word_1_15' title='bbox 1161 390 1282 446; x_wconf 90' lang='lat' dir='ltr'><strong>loco</strong></span> <span class='ocrx_word' id='word_1_16' title='bbox 1320 392 1587 448; x_wconf 88' lang='lat' dir='ltr'><strong>Christus</strong></span> <span class='ocrx_word' id='word_1_17' title='bbox 1634 390 1791 446; x_wconf 83' lang='lat' dir='ltr'><strong>cruci</strong></span> <span class='ocrx_word' id='word_1_18' title='bbox 1818 390 1875 457; x_wconf 84' lang='grc' dir='ltr'><strong>Α</strong></span> <span class='ocrx_word' id='word_1_19' title='bbox 1903 392 2226 464; x_wconf 84' lang='lat' dir='ltr'><strong>peregisse;</strong></span> <span class='ocrx_word' id='word_1_20' title='bbox 2259 391 2399 461; x_wconf 91' lang='lat' dir='ltr'><strong>et,in</strong></span> <span class='ocrx_word' id='word_1_21' title='bbox 2434 388 2879 448; x_wconf 83' lang='lat' dir='ltr'><strong>Commentariis</strong></span> <span class='ocrx_word' id='word_1_22' title='bbox 2901 404 3078 460; x_wconf 90' lang='lat' dir='ltr'><strong>super</strong></span> <span class='ocrx_word' id='word_1_23' title='bbox 3093 388 3338 445; x_wconf 90' lang='lat' dir='ltr'><strong>Joannis</strong></span> <span class='ocrx_word' id='word_1_24' title='bbox 3359 390 3546 446; x_wconf 87' lang='lat' dir='ltr'><strong>Evan-</strong></span> 
     </span>
    </p>
   </div>
   <div class='ocr_carea' id='block_1_5' title="bbox 146 478 1793 551">
    <p class='ocr_par' dir='ltr' id='par_1_5' title="bbox 146 478 1793 551">
     <span class='ocr_line' id='line_1_5' title="bbox 146 478 1793 551; baseline -0.001 -14"><span class='ocrx_word' id='word_1_25' title='bbox 146 480 354 537; x_wconf 82' lang='lat' dir='ltr'><strong>afﬁxus</strong></span> <span class='ocrx_word' id='word_1_26' title='bbox 384 478 600 534; x_wconf 91' lang='lat' dir='ltr'><strong>dicitur</strong></span> <span class='ocrx_word' id='word_1_27' title='bbox 627 496 696 535; x_wconf 89' lang='lat' dir='ltr'><strong>ea</strong></span> <span class='ocrx_word' id='word_1_28' title='bbox 725 478 839 546; x_wconf 90' lang='lat' dir='ltr'><strong>die,</strong></span> <span class='ocrx_word' id='word_1_29' title='bbox 883 495 1009 550; x_wconf 87' lang='lat' dir='ltr'><strong>qua</strong></span> <span class='ocrx_word' id='word_1_30' title='bbox 1058 483 1177 534; x_wconf 88' lang='lat' dir='ltr'><strong>erat</strong></span> <span class='ocrx_word' id='word_1_31' title='bbox 1223 480 1521 536; x_wconf 81' lang='lat' dir='ltr'><strong>Parasceve</strong></span> <span class='ocrx_word' id='word_1_32' title='bbox 1550 482 1793 551; x_wconf 82' lang='lat' dir='ltr'><strong>Pascha,</strong></span> 
     </span>
    </p>
   </div>
   <div class='ocr_carea' id='block_1_6' title="bbox 142 564 1794 640">
    <p class='ocr_par' dir='ltr' id='par_1_6' title="bbox 142 564 1794 640">
     <span class='ocr_line' id='line_1_6' title="bbox 142 564 1794 640; baseline 0.001 -16"><span class='ocrx_word' id='word_1_33' title='bbox 142 568 203 624; x_wconf 92' lang='lat' dir='ltr'><strong>in</strong></span> <span class='ocrx_word' id='word_1_34' title='bbox 235 584 351 640; x_wconf 89' lang='lat' dir='ltr'><strong>qua</strong></span> <span class='ocrx_word' id='word_1_35' title='bbox 378 566 663 622; x_wconf 81' lang='lat' dir='ltr'><strong>nimirum</strong></span> <span class='ocrx_word' id='word_1_36' title='bbox 692 564 877 621; x_wconf 87' lang='lat' dir='ltr'><strong>Judai</strong></span> <span class='ocrx_word' id='word_1_37' title='bbox 918 566 1248 622; x_wconf 87' lang='lat' dir='ltr'><strong>necessaria</strong></span> <span class='ocrx_word' id='word_1_38' title='bbox 1295 569 1697 640; x_wconf 88' lang='lat' dir='ltr'><strong>praparabant</strong></span> <span class='ocrx_word' id='word_1_39' title='bbox 1721 567 1794 625; x_wconf 85' lang='lat' dir='ltr'><strong>ad</strong></span> 
     </span>
    </p>
   </div>
   <div class='ocr_carea' id='block_1_7' title="bbox 142 655 1793 728">
    <p class='ocr_par' dir='ltr' id='par_1_7' title="bbox 142 655 1793 728">
     <span class='ocr_line' id='line_1_7' title="bbox 142 655 1793 728; baseline -0.002 -15"><span class='ocrx_word' id='word_1_40' title='bbox 142 655 568 714; x_wconf 86' lang='lat' dir='ltr'><strong>comedendum</strong></span> <span class='ocrx_word' id='word_1_41' title='bbox 591 671 811 728; x_wconf 89' lang='lat' dir='ltr'><strong>agnum</strong></span> <span class='ocrx_word' id='word_1_42' title='bbox 843 655 952 710; x_wconf 89' lang='lat' dir='ltr'><strong>sub</strong></span> <span class='ocrx_word' id='word_1_43' title='bbox 982 672 1284 727; x_wconf 89' lang='lat' dir='ltr'><strong>vesperam</strong></span> <span class='ocrx_word' id='word_1_44' title='bbox 1315 657 1793 727; x_wconf 86' lang='lat' dir='ltr'><strong>subsequentem.</strong></span> 
     </span>
    </p>
   </div>
   <div class='ocr_carea' id='block_1_8' title="bbox 142 744 1794 817">
    <p class='ocr_par' dir='ltr' id='par_1_8' title="bbox 142 744 1794 817">
     <span class='ocr_line' id='line_1_8' title="bbox 142 744 1794 817; baseline -0.002 -15"><span class='ocrx_word' id='word_1_45' title='bbox 142 746 273 802; x_wconf 88' lang='lat' dir='ltr'><strong>Hac</strong></span> <span class='ocrx_word' id='word_1_46' title='bbox 304 746 422 801; x_wconf 85' lang='lat' dir='ltr'><strong>fere</strong></span> <span class='ocrx_word' id='word_1_47' title='bbox 452 746 801 817; x_wconf 89' lang='lat' dir='ltr'><strong>argumenta</strong></span> <span class='ocrx_word' id='word_1_48' title='bbox 831 747 989 813; x_wconf 90' lang='lat' dir='ltr'><strong>sunt,</strong></span> <span class='ocrx_word' id='word_1_49' title='bbox 1022 745 1238 815; x_wconf 87' lang='lat' dir='ltr'><strong>quibus</strong></span> <span class='ocrx_word' id='word_1_50' title='bbox 1269 744 1504 800; x_wconf 85' lang='lat' dir='ltr'><strong>adducti</strong></span> <span class='ocrx_word' id='word_1_51' title='bbox 1530 760 1663 799; x_wconf 90' lang='lat' dir='ltr'><strong>cum</strong></span> <span class='ocrx_word' id='word_1_52' title='bbox 1686 744 1794 799; x_wconf 84' lang='lat' dir='ltr'><strong>La-</strong></span> 
     </span>
    </p>
   </div>
   <div class='ocr_carea' id='block_1_9' title="bbox 138 832 1792 905">
    <p class='ocr_par' dir='ltr' id='par_1_9' title="bbox 138 832 1792 905">
     <span class='ocr_line' id='line_1_9' title="bbox 138 832 1792 905; baseline -0.002 -15"><span class='ocrx_word' id='word_1_53' title='bbox 138 834 271 903; x_wconf 90' lang='lat' dir='ltr'><strong>tini,</strong></span> <span class='ocrx_word' id='word_1_54' title='bbox 306 838 431 890; x_wconf 88' lang='lat' dir='ltr'><strong>tum</strong></span> <span class='ocrx_word' id='word_1_55' title='bbox 464 832 667 899; x_wconf 88' lang='lat' dir='ltr'><strong>Graci,</strong></span> <span class='ocrx_word' id='word_1_56' title='bbox 696 835 817 888; x_wconf 88' lang='lat' dir='ltr'><strong>tam</strong></span> <span class='ocrx_word' id='word_1_57' title='bbox 848 835 1071 887; x_wconf 85' lang='lat' dir='ltr'><strong>veteres</strong></span> <span class='ocrx_word' id='word_1_58' title='bbox 1123 850 1300 905; x_wconf 88' lang='lat' dir='ltr'><strong>quam</strong></span> <span class='ocrx_word' id='word_1_59' title='bbox 1352 832 1701 889; x_wconf 88' lang='lat' dir='ltr'><strong>recentiores</strong></span> <span class='ocrx_word' id='word_1_60' title='bbox 1732 833 1792 887; x_wconf 89' lang='lat' dir='ltr'><strong>in</strong></span> 
     </span>
    </p>
   </div>
   <div class='ocr_carea' id='block_1_10' title="bbox 138 920 1798 994">
    <p class='ocr_par' dir='ltr' id='par_1_10' title="bbox 138 920 1798 994">
     <span class='ocr_line' id='line_1_10' title="bbox 138 920 1798 994; baseline -0.004 -13"><span class='ocrx_word' id='word_1_61' title='bbox 138 923 401 981; x_wconf 85' lang='lat' dir='ltr'><strong>diversas</strong></span> <span class='ocrx_word' id='word_1_62' title='bbox 418 923 635 978; x_wconf 85' lang='lat' dir='ltr'><strong>abeunt</strong></span> <span class='ocrx_word' id='word_1_63' title='bbox 656 920 1129 977; x_wconf 87' lang='lat' dir='ltr'><strong>sententias.Jam</strong></span> <span class='ocrx_word' id='word_1_64' title='bbox 1157 921 1487 979; x_wconf 88' lang='lat' dir='ltr'><strong>Gracorum</strong></span> <span class='ocrx_word' id='word_1_65' title='bbox 1510 920 1798 994; x_wconf 85' lang='lat' dir='ltr'><strong>antiquio-</strong></span> 
     </span>
    </p>
   </div>
   <div class='ocr_carea' id='block_1_11' title="bbox 143 1008 1740 1082">
    <p class='ocr_par' dir='ltr' id='par_1_11' title="bbox 143 1008 1740 1082">
     <span class='ocr_line' id='line_1_11' title="bbox 143 1008 1740 1082; baseline -0.003 -14"><span class='ocrx_word' id='word_1_66' title='bbox 143 1030 276 1069; x_wconf 88' lang='lat' dir='ltr'><strong>rum</strong></span> <span class='ocrx_word' id='word_1_67' title='bbox 309 1010 679 1068; x_wconf 82' lang='lat' dir='ltr'><strong>traditionem</strong></span> <span class='ocrx_word' id='word_1_68' title='bbox 711 1008 1115 1078; x_wconf 82' lang='lat' dir='ltr'><strong>consulamus,</strong></span> <span class='ocrx_word' id='word_1_69' title='bbox 1148 1015 1349 1082; x_wconf 88' lang='lat' dir='ltr'><strong>postea</strong></span> <span class='ocrx_word' id='word_1_70' title='bbox 1382 1011 1740 1065; x_wconf 86' lang='lat' dir='ltr'><strong>Latinorum.</strong></span> 
     </span>
    </p>
   </div>
   <div class='ocr_carea' id='block_1_12' title="bbox 217 1097 1792 1174">
    <p class='ocr_par' dir='ltr' id='par_1_12' title="bbox 217 1097 1792 1174">
     <span class='ocr_line' id='line_1_12' title="bbox 217 1097 1792 1174; baseline -0.004 -17"><span class='ocrx_word' id='word_1_71' title='bbox 217 1102 280 1157; x_wconf 92' lang='lat' dir='ltr'><strong>In</strong></span> <span class='ocrx_word' id='word_1_72' title='bbox 311 1100 518 1174; x_wconf 87' lang='lat' dir='ltr'><strong>primis</strong></span> <span class='ocrx_word' id='word_1_73' title='bbox 548 1098 1011 1155; x_wconf 82' lang='lat' dir='ltr'><strong>consideratione</strong></span> <span class='ocrx_word' id='word_1_74' title='bbox 1041 1099 1219 1170; x_wconf 83' lang='lat' dir='ltr'><strong>digna</strong></span> <span class='ocrx_word' id='word_1_75' title='bbox 1247 1104 1336 1155; x_wconf 88' lang='lat' dir='ltr'><strong>est</strong></span> <span class='ocrx_word' id='word_1_76' title='bbox 1363 1098 1608 1171; x_wconf 90' lang='lat' dir='ltr'><strong>epistola</strong></span> <span class='ocrx_word' id='word_1_77' title='bbox 1626 1097 1792 1169; x_wconf 78' lang='lat' dir='ltr'><strong>Poly-</strong></span> 
     </span>
    </p>
   </div>
   <div class='ocr_carea' id='block_1_13' title="bbox 143 1186 1791 1261">
    <p class='ocr_par' dir='ltr' id='par_1_13' title="bbox 143 1186 1791 1261">
     <span class='ocr_line' id='line_1_13' title="bbox 143 1186 1791 1261; baseline -0.003 -15"><span class='ocrx_word' id='word_1_78' title='bbox 143 1189 322 1247; x_wconf 85' lang='lat' dir='ltr'><strong>cratis</strong></span> <span class='ocrx_word' id='word_1_79' title='bbox 350 1187 731 1261; x_wconf 87' lang='lat' dir='ltr'><strong>metropolita</strong></span> <span class='ocrx_word' id='word_1_80' title='bbox 760 1186 1149 1243; x_wconf 89' lang='lat' dir='ltr'><strong>Ecclesiarum</strong></span> <span class='ocrx_word' id='word_1_81' title='bbox 1180 1186 1461 1259; x_wconf 86' lang='lat' dir='ltr'><strong>Asia,qui</strong></span> <span class='ocrx_word' id='word_1_82' title='bbox 1484 1187 1594 1242; x_wconf 89' lang='lat' dir='ltr'><strong>sub</strong></span> <span class='ocrx_word' id='word_1_83' title='bbox 1616 1186 1791 1241; x_wconf 82' lang='lat' dir='ltr'><strong>linem</strong></span> 
     </span>
    </p>
   </div>
   <div class='ocr_carea' id='block_1_14' title="bbox 144 1274 1795 1346">
    <p class='ocr_par' dir='ltr' id='par_1_14' title="bbox 144 1274 1795 1346">
     <span class='ocr_line' id='line_1_14' title="bbox 144 1274 1795 1346; baseline -0.004 -11"><span class='ocrx_word' id='word_1_84' title='bbox 144 1278 340 1336; x_wconf 87' lang='lat' dir='ltr'><strong>saculi</strong></span> <span class='ocrx_word' id='word_1_85' title='bbox 381 1276 643 1346; x_wconf 90' lang='lat' dir='ltr'><strong>secundi,</strong></span> <span class='ocrx_word' id='word_1_86' title='bbox 676 1280 873 1332; x_wconf 85' lang='lat' dir='ltr'><strong>exorto</strong></span> <span class='ocrx_word' id='word_1_87' title='bbox 924 1275 1169 1332; x_wconf 87' lang='lat' dir='ltr'><strong>discidio</strong></span> <span class='ocrx_word' id='word_1_88' title='bbox 1218 1277 1370 1331; x_wconf 91' lang='lat' dir='ltr'><strong>inter</strong></span> <span class='ocrx_word' id='word_1_89' title='bbox 1422 1274 1709 1331; x_wconf 83' lang='lat' dir='ltr'><strong>Asiaticos</strong></span> <span class='ocrx_word' id='word_1_90' title='bbox 1738 1278 1795 1329; x_wconf 91' lang='lat' dir='ltr'><strong>et</strong></span> 
     </span>
    </p>
   </div>
   <div class='ocr_carea' id='block_1_15' title="bbox 146 1363 1791 1424">
    <p class='ocr_par' dir='ltr' id='par_1_15' title="bbox 146 1363 1791 1424">
     <span class='ocr_line' id='line_1_15' title="bbox 146 1363 1791 1424; baseline -0.004 0"><span class='ocrx_word' id='word_1_91' title='bbox 146 1367 293 1424; x_wconf 89' lang='lat' dir='ltr'><strong>alias</strong></span> <span class='ocrx_word' id='word_1_92' title='bbox 320 1367 499 1423; x_wconf 84' lang='lat' dir='ltr'><strong>totius</strong></span> <span class='ocrx_word' id='word_1_93' title='bbox 530 1364 687 1422; x_wconf 90' lang='lat' dir='ltr'><strong>orbis</strong></span> <span class='ocrx_word' id='word_1_94' title='bbox 717 1364 1004 1421; x_wconf 82' lang='lat' dir='ltr'><strong>Ecclesiae</strong></span> <span class='ocrx_word' id='word_1_95' title='bbox 1052 1365 1121 1420; x_wconf 92' lang='lat' dir='ltr'><strong>de</strong></span> <span class='ocrx_word' id='word_1_96' title='bbox 1170 1365 1263 1420; x_wconf 90' lang='lat' dir='ltr'><strong>die</strong></span> <span class='ocrx_word' id='word_1_97' title='bbox 1308 1363 1639 1419; x_wconf 87' lang='lat' dir='ltr'><strong>celebrandi</strong></span> <span class='ocrx_word' id='word_1_98' title='bbox 1683 1368 1791 1419; x_wconf 86' lang='lat' dir='ltr'><strong>Pa-</strong></span> 
     </span>
    </p>
   </div>
   <div class='ocr_carea' id='block_1_16' title="bbox 146 1450 1791 1524">
    <p class='ocr_par' dir='ltr' id='par_1_16' title="bbox 146 1450 1791 1524">
     <span class='ocr_line' id='line_1_16' title="bbox 146 1450 1791 1524; baseline -0.003 -12"><span class='ocrx_word' id='word_1_99' title='bbox 146 1454 384 1519; x_wconf 88' lang='lat' dir='ltr'><strong>schatis,</strong></span> <span class='ocrx_word' id='word_1_100' title='bbox 418 1469 526 1509; x_wconf 90' lang='lat' dir='ltr'><strong>suo</strong></span> <span class='ocrx_word' id='word_1_101' title='bbox 556 1456 613 1509; x_wconf 90' lang='lat' dir='ltr'><strong>et</strong></span> <span class='ocrx_word' id='word_1_102' title='bbox 643 1451 891 1507; x_wconf 87' lang='lat' dir='ltr'><strong>aliorum</strong></span> <span class='ocrx_word' id='word_1_103' title='bbox 922 1450 1070 1507; x_wconf 83' lang='lat' dir='ltr'><strong>Asia</strong></span> <span class='ocrx_word' id='word_1_104' title='bbox 1112 1452 1516 1524; x_wconf 87' lang='lat' dir='ltr'><strong>episcoporum</strong></span> <span class='ocrx_word' id='word_1_105' title='bbox 1556 1451 1791 1507; x_wconf 84' lang='lat' dir='ltr'><strong>nomine</strong></span> 
     </span>
    </p>
   </div>
   <div class='ocr_carea' id='block_1_17' title="bbox 147 1539 1787 1613">
    <p class='ocr_par' dir='ltr' id='par_1_17' title="bbox 147 1539 1787 1613">
     <span class='ocr_line' id='line_1_17' title="bbox 147 1539 1787 1613; baseline -0.003 -14"><span class='ocrx_word' id='word_1_106' title='bbox 147 1544 221 1600; x_wconf 89' lang='lat' dir='ltr'><strong>ad</strong></span> <span class='ocrx_word' id='word_1_107' title='bbox 269 1542 558 1599; x_wconf 88' lang='lat' dir='ltr'><strong>Victorem</strong></span> <span class='ocrx_word' id='word_1_108' title='bbox 608 1556 819 1613; x_wconf 86' lang='lat' dir='ltr'><strong>papam</strong></span> <span class='ocrx_word' id='word_1_109' title='bbox 869 1540 1127 1612; x_wconf 89' lang='lat' dir='ltr'><strong>primum</strong></span> <span class='ocrx_word' id='word_1_110' title='bbox 1176 1539 1484 1612; x_wconf 89' lang='lat' dir='ltr'><strong>epistolam</strong></span> <span class='ocrx_word' id='word_1_111' title='bbox 1533 1539 1787 1612; x_wconf 89' lang='lat' dir='ltr'><strong>scripsit,</strong></span> 
     </span>
    </p>
   </div>
   <div class='ocr_carea' id='block_1_18' title="bbox 146 1629 1789 1702">
    <p class='ocr_par' dir='ltr' id='par_1_18' title="bbox 146 1629 1789 1702">
     <span class='ocr_line' id='line_1_18' title="bbox 146 1629 1789 1702; baseline -0.002 -14"><span class='ocrx_word' id='word_1_112' title='bbox 146 1632 321 1702; x_wconf 84' lang='lat' dir='ltr'><strong>cujus</strong></span> <span class='ocrx_word' id='word_1_113' title='bbox 350 1631 744 1702; x_wconf 83' lang='lat' dir='ltr'><strong>fragmentum</strong></span> <span class='ocrx_word' id='word_1_114' title='bbox 765 1629 941 1685; x_wconf 87' lang='lat' dir='ltr'><strong>refert</strong></span> <span class='ocrx_word' id='word_1_115' title='bbox 960 1629 1247 1686; x_wconf 87' lang='lat' dir='ltr'><strong>Eusebius</strong></span> <span class='ocrx_word' id='word_1_116' title='bbox 1268 1629 1555 1702; x_wconf 87' lang='lat' dir='ltr'><strong>Pamphili</strong></span> <span class='ocrx_word' id='word_1_117' title='bbox 1578 1630 1636 1685; x_wconf 91' lang='lat' dir='ltr'><strong>in</strong></span> <span class='ocrx_word' id='word_1_118' title='bbox 1659 1629 1789 1685; x_wconf 86' lang='lat' dir='ltr'><strong>His-</strong></span> 
     </span>
    </p>
   </div>
   <div class='ocr_carea' id='block_1_19' title="bbox 147 1717 1787 1791">
    <p class='ocr_par' dir='ltr' id='par_1_19' title="bbox 147 1717 1787 1791">
     <span class='ocr_line' id='line_1_19' title="bbox 147 1717 1787 1791; baseline -0.002 -15"><span class='ocrx_word' id='word_1_119' title='bbox 147 1720 312 1776; x_wconf 89' lang='lat' dir='ltr'><strong>toria</strong></span> <span class='ocrx_word' id='word_1_120' title='bbox 340 1718 742 1775; x_wconf 88' lang='lat' dir='ltr'><strong>ecclesiastica</strong></span> <span class='ocrx_word' id='word_1_121' title='bbox 763 1717 863 1773; x_wconf 91' lang='lat' dir='ltr'><strong>lib.</strong></span> <span class='ocrx_word' id='word_1_122' title='bbox 895 1735 1074 1791; x_wconf 89' lang='lat' dir='ltr'><strong>vcap.</strong></span> <span class='ocrx_word' id='word_1_123' title='bbox 1097 1720 1186 1774; x_wconf 68' lang='grc'><strong>24.</strong></span> <span class='ocrx_word' id='word_1_124' title='bbox 1210 1719 1355 1775; x_wconf 90' lang='lat' dir='ltr'><strong>Cum</strong></span> <span class='ocrx_word' id='word_1_125' title='bbox 1390 1718 1546 1774; x_wconf 91' lang='lat' dir='ltr'><strong>enim</strong></span> <span class='ocrx_word' id='word_1_126' title='bbox 1582 1734 1787 1774; x_wconf 88' lang='lat' dir='ltr'><strong>omnes</strong></span> 
     </span>
    </p>
   </div>
   <div class='ocr_carea' id='block_1_20' title="bbox 148 1805 1797 1881">
    <p class='ocr_par' dir='ltr' id='par_1_20' title="bbox 148 1805 1797 1881">
     <span class='ocr_line' id='line_1_20' title="bbox 148 1805 1797 1881; baseline -0.002 -16"><span class='ocrx_word' id='word_1_127' title='bbox 148 1825 255 1881; x_wconf 90' lang='lat' dir='ltr'><strong>per</strong></span> <span class='ocrx_word' id='word_1_128' title='bbox 276 1806 478 1863; x_wconf 80' lang='lat' dir='ltr'><strong>Asiam</strong></span> <span class='ocrx_word' id='word_1_129' title='bbox 508 1805 773 1862; x_wconf 90' lang='lat' dir='ltr'><strong>Ecclesia</strong></span> <span class='ocrx_word' id='word_1_130' title='bbox 805 1809 1010 1878; x_wconf 89' lang='lat' dir='ltr'><strong>quarta</strong></span> <span class='ocrx_word' id='word_1_131' title='bbox 1030 1806 1257 1862; x_wconf 89' lang='lat' dir='ltr'><strong>decima</strong></span> <span class='ocrx_word' id='word_1_132' title='bbox 1279 1806 1797 1879; x_wconf 88' lang='lat' dir='ltr'><strong>luna,quocunque</strong></span> 
     </span>
    </p>
   </div>
   <div class='ocr_carea' id='block_1_21' title="bbox 146 1894 1797 1963">
    <p class='ocr_par' dir='ltr' id='par_1_21' title="bbox 146 1894 1797 1963">
     <span class='ocr_line' id='line_1_21' title="bbox 146 1894 1797 1963; baseline -0.003 -9"><span class='ocrx_word' id='word_1_133' title='bbox 146 1896 531 1953; x_wconf 90' lang='lat' dir='ltr'><strong>hebdomada</strong></span> <span class='ocrx_word' id='word_1_134' title='bbox 548 1894 654 1950; x_wconf 78' lang='lat' dir='ltr'><strong>’die</strong></span> <span class='ocrx_word' id='word_1_135' title='bbox 675 1894 1239 1963; x_wconf 88' lang='lat' dir='ltr'><strong>accidisset,Pascha</strong></span> <span class='ocrx_word' id='word_1_136' title='bbox 1263 1896 1476 1951; x_wconf 90' lang='lat' dir='ltr'><strong>festum</strong></span> <span class='ocrx_word' id='word_1_137' title='bbox 1501 1894 1797 1951; x_wconf 85' lang='lat' dir='ltr'><strong>celebran-</strong></span> 
     </span>
    </p>
   </div>
   <div class='ocr_carea' id='block_1_22' title="bbox 147 1984 1797 2056">
    <p class='ocr_par' dir='ltr' id='par_1_22' title="bbox 147 1984 1797 2056">
     <span class='ocr_line' id='line_1_22' title="bbox 147 1984 1797 2056; baseline -0.002 -14"><span class='ocrx_word' id='word_1_138' title='bbox 147 1987 296 2042; x_wconf 90' lang='lat' dir='ltr'><strong>dum</strong></span> <span class='ocrx_word' id='word_1_139' title='bbox 325 2001 454 2041; x_wconf 89' lang='lat' dir='ltr'><strong>esse</strong></span> <span class='ocrx_word' id='word_1_140' title='bbox 485 1987 805 2052; x_wconf 89' lang='lat' dir='ltr'><strong>censerent,</strong></span> <span class='ocrx_word' id='word_1_141' title='bbox 843 2001 958 2056; x_wconf 91' lang='lat' dir='ltr'><strong>quo</strong></span> <span class='ocrx_word' id='word_1_142' title='bbox 990 1984 1083 2039; x_wconf 89' lang='lat' dir='ltr'><strong>die</strong></span> <span class='ocrx_word' id='word_1_143' title='bbox 1115 1984 1521 2056; x_wconf 85' lang='lat' dir='ltr'><strong>prascriptum</strong></span> <span class='ocrx_word' id='word_1_144' title='bbox 1554 1988 1678 2039; x_wconf 89' lang='lat' dir='ltr'><strong>erat</strong></span> <span class='ocrx_word' id='word_1_145' title='bbox 1694 1984 1797 2039; x_wconf 89' lang='lat' dir='ltr'><strong>Ju-</strong></span> 
     </span>
    </p>
   </div>
   <div class='ocr_carea' id='block_1_23' title="bbox 147 2070 1797 2144">
    <p class='ocr_par' dir='ltr' id='par_1_23' title="bbox 147 2070 1797 2144">
     <span class='ocr_line' id='line_1_23' title="bbox 147 2070 1797 2144; baseline -0.002 -14"><span class='ocrx_word' id='word_1_146' title='bbox 147 2073 287 2130; x_wconf 89' lang='lat' dir='ltr'><strong>dais</strong></span> <span class='ocrx_word' id='word_1_147' title='bbox 320 2076 384 2128; x_wconf 92' lang='lat' dir='ltr'><strong>ut</strong></span> <span class='ocrx_word' id='word_1_148' title='bbox 412 2086 630 2144; x_wconf 90' lang='lat' dir='ltr'><strong>agnum</strong></span> <span class='ocrx_word' id='word_1_149' title='bbox 663 2070 1063 2139; x_wconf 89' lang='lat' dir='ltr'><strong>immolarent;</strong></span> <span class='ocrx_word' id='word_1_150' title='bbox 1097 2071 1219 2128; x_wconf 85' lang='lat' dir='ltr'><strong>alia</strong></span> <span class='ocrx_word' id='word_1_151' title='bbox 1247 2089 1383 2129; x_wconf 88' lang='lat' dir='ltr'><strong>vero</strong></span> <span class='ocrx_word' id='word_1_152' title='bbox 1414 2073 1591 2128; x_wconf 90' lang='lat' dir='ltr'><strong>totius</strong></span> <span class='ocrx_word' id='word_1_153' title='bbox 1640 2071 1797 2127; x_wconf 89' lang='lat' dir='ltr'><strong>orbis</strong></span> 
     </span>
    </p>
   </div>
   <div class='ocr_carea' id='block_1_24' title="bbox 148 2158 1799 2232">
    <p class='ocr_par' dir='ltr' id='par_1_24' title="bbox 148 2158 1799 2232">
     <span class='ocr_line' id='line_1_24' title="bbox 148 2158 1799 2232; baseline -0.001 -14"><span class='ocrx_word' id='word_1_154' title='bbox 148 2161 415 2218; x_wconf 86' lang='lat' dir='ltr'><strong>Ecclesia</strong></span> <span class='ocrx_word' id='word_1_155' title='bbox 455 2176 573 2216; x_wconf 92' lang='lat' dir='ltr'><strong>non</strong></span> <span class='ocrx_word' id='word_1_156' title='bbox 622 2158 735 2215; x_wconf 91' lang='lat' dir='ltr'><strong>alio</strong></span> <span class='ocrx_word' id='word_1_157' title='bbox 785 2177 963 2232; x_wconf 87' lang='lat' dir='ltr'><strong>quam</strong></span> <span class='ocrx_word' id='word_1_158' title='bbox 1011 2161 1324 2217; x_wconf 87' lang='lat' dir='ltr'><strong>Dominica</strong></span> <span class='ocrx_word' id='word_1_159' title='bbox 1356 2162 1799 2217; x_wconf 88' lang='lat' dir='ltr'><strong>resurrectionis</strong></span> 
     </span>
    </p>
   </div>
   <div class='ocr_carea' id='block_1_25' title="bbox 151 2249 1799 2323">
    <p class='ocr_par' dir='ltr' id='par_1_25' title="bbox 151 2249 1799 2323">
     <span class='ocr_line' id='line_1_25' title="bbox 151 2249 1799 2323; baseline -0.002 -16"><span class='ocrx_word' id='word_1_160' title='bbox 151 2251 266 2318; x_wconf 91' lang='lat' dir='ltr'><strong>die,</strong></span> <span class='ocrx_word' id='word_1_161' title='bbox 286 2249 614 2322; x_wconf 80' lang='lat' dir='ltr'><strong>Polycrates</strong></span> <span class='ocrx_word' id='word_1_162' title='bbox 645 2264 866 2303; x_wconf 90' lang='lat' dir='ltr'><strong>morem</strong></span> <span class='ocrx_word' id='word_1_163' title='bbox 899 2254 1382 2323; x_wconf 83' lang='lat' dir='ltr'><strong>suum,tanquam</strong></span> <span class='ocrx_word' id='word_1_164' title='bbox 1414 2268 1449 2306; x_wconf 92' lang='lat' dir='ltr'><strong>a</strong></span> <span class='ocrx_word' id='word_1_165' title='bbox 1474 2249 1799 2321; x_wconf 86' lang='lat' dir='ltr'><strong>majoribus</strong></span> 
     </span>
    </p>
   </div>
   <div class='ocr_carea' id='block_1_26' title="bbox 149 2337 1798 2410">
    <p class='ocr_par' dir='ltr' id='par_1_26' title="bbox 149 2337 1798 2410">
     <span class='ocr_line' id='line_1_26' title="bbox 149 2337 1798 2410; baseline -0.002 -14"><span class='ocrx_word' id='word_1_166' title='bbox 149 2339 266 2397; x_wconf 89' lang='lat' dir='ltr'><strong>sibi</strong></span> <span class='ocrx_word' id='word_1_167' title='bbox 278 2338 558 2395; x_wconf 89' lang='lat' dir='ltr'><strong>traditum</strong></span> <span class='ocrx_word' id='word_1_168' title='bbox 576 2337 1133 2405; x_wconf 88' lang='lat' dir='ltr'><strong>defendit,auctores</strong></span> <span class='ocrx_word' id='word_1_169' title='bbox 1149 2340 1447 2395; x_wconf 90' lang='lat' dir='ltr'><strong>adducens</strong></span> <span class='ocrx_word' id='word_1_170' title='bbox 1460 2337 1798 2410; x_wconf 89' lang='lat' dir='ltr'><strong>Philippum</strong></span> 
     </span>
    </p>
   </div>
   <div class='ocr_carea' id='block_1_27' title="bbox 147 2425 1802 2502">
    <p class='ocr_par' dir='ltr' id='par_1_27' title="bbox 147 2425 1802 2502">
     <span class='ocr_line' id='line_1_27' title="bbox 147 2425 1802 2502; baseline -0.002 -16"><span class='ocrx_word' id='word_1_171' title='bbox 147 2426 503 2502; x_wconf 84' lang='lat' dir='ltr'><strong>apostolum,</strong></span> <span class='ocrx_word' id='word_1_172' title='bbox 535 2425 820 2481; x_wconf 86' lang='lat' dir='ltr'><strong>Joannem</strong></span> <span class='ocrx_word' id='word_1_173' title='bbox 853 2427 1293 2499; x_wconf 85' lang='lat' dir='ltr'><strong>evangelistam,</strong></span> <span class='ocrx_word' id='word_1_174' title='bbox 1326 2427 1712 2500; x_wconf 81' lang='lat' dir='ltr'><strong>Polycarpum</strong></span> <span class='ocrx_word' id='word_1_175' title='bbox 1745 2431 1802 2483; x_wconf 90' lang='lat' dir='ltr'><strong>et</strong></span> 
     </span>
    </p>
   </div>
   <div class='ocr_carea' id='block_1_28' title="bbox 146 2512 1801 2589">
    <p class='ocr_par' dir='ltr' id='par_1_28' title="bbox 146 2512 1801 2589">
     <span class='ocr_line' id='line_1_28' title="bbox 146 2512 1801 2589; baseline -0.003 -16"><span class='ocrx_word' id='word_1_176' title='bbox 146 2519 427 2589; x_wconf 86' lang='lat' dir='ltr'><strong>cognatos</strong></span> <span class='ocrx_word' id='word_1_177' title='bbox 474 2513 586 2568; x_wconf 91' lang='lat' dir='ltr'><strong>sibi</strong></span> <span class='ocrx_word' id='word_1_178' title='bbox 634 2512 937 2585; x_wconf 85' lang='lat' dir='ltr'><strong>episcopos</strong></span> <span class='ocrx_word' id='word_1_179' title='bbox 987 2518 1244 2586; x_wconf 88' lang='lat' dir='ltr'><strong>septem;</strong></span> <span class='ocrx_word' id='word_1_180' title='bbox 1295 2531 1444 2586; x_wconf 91' lang='lat' dir='ltr'><strong>quos</strong></span> <span class='ocrx_word' id='word_1_181' title='bbox 1483 2530 1687 2569; x_wconf 89' lang='lat' dir='ltr'><strong>omnes</strong></span> <span class='ocrx_word' id='word_1_182' title='bbox 1718 2513 1801 2569; x_wconf 87' lang='lat' dir='ltr'><strong>ait</strong></span> 
     </span>
    </p>
   </div>
   <div class='ocr_carea' id='block_1_29' title="bbox 144 2601 1797 2674">
    <p class='ocr_par' dir='ltr' id='par_1_29' title="bbox 144 2601 1797 2674">
     <span class='ocr_line' id='line_1_29' title="bbox 144 2601 1797 2674; baseline -0.001 -15"><span class='ocrx_word' id='word_1_183' title='bbox 144 2604 374 2661; x_wconf 79' lang='lat' dir='ltr'><strong>Pascha</strong></span> <span class='ocrx_word' id='word_1_184' title='bbox 399 2601 741 2667; x_wconf 88' lang='lat' dir='ltr'><strong>celebrasse,</strong></span> <span class='ocrx_word' id='word_1_185' title='bbox 765 2609 882 2657; x_wconf 84' lang='grc' dir='ltr'><strong>ὃταν</strong></span> <span class='ocrx_word' id='word_1_186' title='bbox 910 2609 937 2657; x_wconf 81' lang='grc' dir='ltr'>ὁ</span> <span class='ocrx_word' id='word_1_187' title='bbox 964 2610 1081 2669; x_wconf 78' lang='grc' dir='ltr'>λαὸς</span> <span class='ocrx_word' id='word_1_188' title='bbox 1108 2610 1257 2674; x_wconf 76' lang='grc' dir='ltr'>ἤρνυε</span> <span class='ocrx_word' id='word_1_189' title='bbox 1288 2613 1380 2670; x_wconf 74' lang='grc' dir='ltr'>τῆν</span> <span class='ocrx_word' id='word_1_190' title='bbox 1410 2612 1588 2673; x_wconf 78' lang='grc' dir='ltr'><strong>ζύμην,</strong></span> <span class='ocrx_word' id='word_1_191' title='bbox 1605 2602 1664 2657; x_wconf 89' lang='lat' dir='ltr'><strong>id</strong></span> <span class='ocrx_word' id='word_1_192' title='bbox 1688 2606 1797 2669; x_wconf 91' lang='lat' dir='ltr'><strong>est,</strong></span> 
     </span>
    </p>
   </div>
   <div class='ocr_carea' id='block_1_30' title="bbox 144 2674 1797 2763">
    <p class='ocr_par' dir='ltr' id='par_1_30' title="bbox 144 2674 1797 2763">
     <span class='ocr_line' id='line_1_30' title="bbox 144 2674 1797 2763; baseline -0.004 -12"><span class='ocrx_word' id='word_1_193' title='bbox 144 2711 274 2751; x_wconf 86' lang='lat' dir='ltr'><strong>cum</strong></span> <span class='ocrx_word' id='word_1_194' title='bbox 301 2691 612 2750; x_wconf 81' lang='lat' dir='ltr'><strong>Judaorum</strong></span> <span class='ocrx_word' id='word_1_195' title='bbox 651 2689 891 2761; x_wconf 86' lang='lat' dir='ltr'><strong>populus</strong></span> <span class='ocrx_word' id='word_1_196' title='bbox 935 2692 1265 2761; x_wconf 83' lang='lat' dir='ltr'><strong>fermentum</strong></span> <span class='ocrx_word' id='word_1_197' title='bbox 1305 2674 1797 2763; x_wconf 26' lang='lat' dir='ltr'><strong>abjiceret,‘signi-</strong></span> 
     </span>
    </p>
   </div>
   <div class='ocr_carea' id='block_1_31' title="bbox 145 2778 1799 2851">
    <p class='ocr_par' dir='ltr' id='par_1_31' title="bbox 145 2778 1799 2851">
     <span class='ocr_line' id='line_1_31' title="bbox 145 2778 1799 2851; baseline -0.004 -11"><span class='ocrx_word' id='word_1_198' title='bbox 145 2784 336 2839; x_wconf 82' lang='lat' dir='ltr'><strong>ﬁcans</strong></span> <span class='ocrx_word' id='word_1_199' title='bbox 386 2794 610 2836; x_wconf 88' lang='lat' dir='ltr'><strong>morem</strong></span> <span class='ocrx_word' id='word_1_200' title='bbox 658 2779 934 2834; x_wconf 89' lang='lat' dir='ltr'><strong>continuo</strong></span> <span class='ocrx_word' id='word_1_201' title='bbox 993 2779 1153 2835; x_wconf 87' lang='lat' dir='ltr'><strong>ﬂuxu</strong></span> <span class='ocrx_word' id='word_1_202' title='bbox 1198 2798 1232 2835; x_wconf 92' lang='lat' dir='ltr'><strong>a</strong></span> <span class='ocrx_word' id='word_1_203' title='bbox 1278 2778 1491 2835; x_wconf 87' lang='lat' dir='ltr'><strong>Christi</strong></span> <span class='ocrx_word' id='word_1_204' title='bbox 1537 2778 1799 2851; x_wconf 84' lang='lat' dir='ltr'><strong>exemplo</strong></span> 
     </span>
    </p>
   </div>
   <div class='ocr_carea' id='block_1_32' title="bbox 145 2866 1797 2929">
    <p class='ocr_par' dir='ltr' id='par_1_32' title="bbox 145 2866 1797 2929">
     <span class='ocr_line' id='line_1_32' title="bbox 145 2866 1797 2929; baseline -0.004 0"><span class='ocrx_word' id='word_1_205' title='bbox 145 2868 547 2929; x_wconf 89' lang='lat' dir='ltr'><strong>descendisse.</strong></span> <span class='ocrx_word' id='word_1_206' title='bbox 580 2867 746 2922; x_wconf 88' lang='lat' dir='ltr'><strong>Hunc</strong></span> <span class='ocrx_word' id='word_1_207' title='bbox 793 2866 986 2923; x_wconf 90' lang='lat' dir='ltr'><strong>locum</strong></span> <span class='ocrx_word' id='word_1_208' title='bbox 1028 2867 1111 2923; x_wconf 92' lang='lat' dir='ltr'><strong>ita</strong></span> <span class='ocrx_word' id='word_1_209' title='bbox 1153 2868 1409 2924; x_wconf 90' lang='lat' dir='ltr'><strong>restituit</strong></span> <span class='ocrx_word' id='word_1_210' title='bbox 1448 2868 1537 2922; x_wconf 90' lang='lat' dir='ltr'><strong>vir</strong></span> <span class='ocrx_word' id='word_1_211' title='bbox 1575 2868 1797 2923; x_wconf 86' lang='lat' dir='ltr'><strong>eximia</strong></span> 
     </span>
    </p>
   </div>
   <div class='ocr_carea' id='block_1_33' title="bbox 145 2954 1797 3024">
    <p class='ocr_par' dir='ltr' id='par_1_33' title="bbox 145 2954 1797 3024">
     <span class='ocr_line' id='line_1_33' title="bbox 145 2954 1797 3024; baseline -0.004 -6"><span class='ocrx_word' id='word_1_212' title='bbox 145 2957 522 3024; x_wconf 85' lang='lat' dir='ltr'><strong>eruditionis,</strong></span> <span class='ocrx_word' id='word_1_213' title='bbox 555 2954 837 3011; x_wconf 89' lang='lat' dir='ltr'><strong>Henricus</strong></span> <span class='ocrx_word' id='word_1_214' title='bbox 866 2954 1153 3024; x_wconf 88' lang='lat' dir='ltr'><strong>Valesius,</strong></span> <span class='ocrx_word' id='word_1_215' title='bbox 1189 2974 1324 3012; x_wconf 90' lang='lat' dir='ltr'><strong>cum</strong></span> <span class='ocrx_word' id='word_1_216' title='bbox 1355 2955 1500 3012; x_wconf 88' lang='lat' dir='ltr'><strong>alias</strong></span> <span class='ocrx_word' id='word_1_217' title='bbox 1533 2956 1592 3011; x_wconf 89' lang='lat' dir='ltr'><strong>in</strong></span> <span class='ocrx_word' id='word_1_218' title='bbox 1637 2959 1797 3011; x_wconf 85' lang='lat' dir='ltr'><strong>textu</strong></span> 
     </span>
    </p>
   </div>
   <div class='ocr_carea' id='block_1_34' title="bbox 145 3044 2563 3121">
    <p class='ocr_par' dir='ltr' id='par_1_34' title="bbox 145 3044 2563 3121">
     <span class='ocr_line' id='line_1_34' title="bbox 145 3044 2563 3121; baseline -0.003 -14"><span class='ocrx_word' id='word_1_219' title='bbox 145 3050 352 3107; x_wconf 80' lang='lat' dir='ltr'><strong>Graco</strong></span> <span class='ocrx_word' id='word_1_220' title='bbox 380 3047 671 3120; x_wconf 87' lang='lat' dir='ltr'><strong>legeretur</strong></span> <span class='ocrx_word' id='word_1_221' title='bbox 698 3054 867 3117; x_wconf 72' lang='grc' dir='ltr'>ἤρτυε,</span> <span class='ocrx_word' id='word_1_222' title='bbox 894 3045 1391 3116; x_wconf 84' lang='lat' dir='ltr'><strong>pararet,omnino</strong></span> <span class='ocrx_word' id='word_1_223' title='bbox 1413 3050 1614 3101; x_wconf 89' lang='lat' dir='ltr'><strong>contra</strong></span> <span class='ocrx_word' id='word_1_224' title='bbox 1632 3044 1800 3116; x_wconf 81' lang='lat' dir='ltr'><strong>Poly-</strong></span> <span class='ocrx_word' id='word_1_225' title='bbox 1841 3116 1870 3121; x_wconf 71' lang='lat'>_</span> <span class='ocrx_word' id='word_1_226' title='bbox 1908 3049 2115 3121; x_wconf 89' lang='lat' dir='ltr'><strong>probat</strong></span> <span class='ocrx_word' id='word_1_227' title='bbox 2164 3047 2258 3102; x_wconf 91' lang='lat' dir='ltr'><strong>his</strong></span> <span class='ocrx_word' id='word_1_228' title='bbox 2306 3045 2496 3115; x_wconf 81' lang='lat' dir='ltr'><strong>verbis</strong></span> <span class='ocrx_word' id='word_1_229' title='bbox 2551 3063 2563 3100; x_wconf 75' lang='grc' dir='ltr'>ε</span> 
     </span>
    </p>
   </div>
   <div class='ocr_carea' id='block_1_35' title="bbox 1901 478 3546 553">
    <p class='ocr_par' dir='ltr' id='par_1_35' title="bbox 1901 478 3546 553">
     <span class='ocr_line' id='line_1_35' title="bbox 1901 478 3546 553; baseline -0.001 -17"><span class='ocrx_word' id='word_1_230' title='bbox 1901 480 2139 553; x_wconf 89' lang='lat' dir='ltr'><strong>gelium,</strong></span> <span class='ocrx_word' id='word_1_231' title='bbox 2188 482 2420 539; x_wconf 89' lang='lat' dir='ltr'><strong>Judaos</strong></span> <span class='ocrx_word' id='word_1_232' title='bbox 2467 481 2528 536; x_wconf 89' lang='lat' dir='ltr'><strong>in</strong></span> <span class='ocrx_word' id='word_1_233' title='bbox 2572 481 2698 553; x_wconf 90' lang='lat' dir='ltr'><strong>ipso</strong></span> <span class='ocrx_word' id='word_1_234' title='bbox 2738 478 3020 535; x_wconf 88' lang='lat' dir='ltr'><strong>Paschate</strong></span> <span class='ocrx_word' id='word_1_235' title='bbox 3049 494 3199 551; x_wconf 90' lang='lat' dir='ltr'><strong>opus</strong></span> <span class='ocrx_word' id='word_1_236' title='bbox 3231 478 3546 536; x_wconf 86' lang='lat' dir='ltr'><strong>scelestum</strong></span> 
     </span>
    </p>
   </div>
   <div class='ocr_carea' id='block_1_36' title="bbox 1904 569 2626 626">
    <p class='ocr_par' dir='ltr' id='par_1_36' title="bbox 1904 569 2626 626">
     <span class='ocr_line' id='line_1_36' title="bbox 1904 569 2626 626; baseline 0.001 -3"><span class='ocrx_word' id='word_1_237' title='bbox 1904 569 2107 626; x_wconf 80' lang='lat' dir='ltr'><strong>iecisse</strong></span> <span class='ocrx_word' id='word_1_238' title='bbox 2139 570 2436 626; x_wconf 86' lang='lat' dir='ltr'><strong>interfecto</strong></span> <span class='ocrx_word' id='word_1_239' title='bbox 2465 570 2626 625; x_wconf 91' lang='lat' dir='ltr'><strong>Jesu.</strong></span> 
     </span>
    </p>
   </div>
   <div class='ocr_carea' id='block_1_37' title="bbox 1972 656 3545 730">
    <p class='ocr_par' dir='ltr' id='par_1_37' title="bbox 1972 656 3545 730">
     <span class='ocr_line' id='line_1_37' title="bbox 1972 656 3545 730; baseline 0 -18"><span class='ocrx_word' id='word_1_240' title='bbox 1972 658 2075 713; x_wconf 84' lang='lat' dir='ltr'><strong>His</strong></span> <span class='ocrx_word' id='word_1_241' title='bbox 2105 659 2325 714; x_wconf 90' lang='lat' dir='ltr'><strong>accedit</strong></span> <span class='ocrx_word' id='word_1_242' title='bbox 2353 657 2713 730; x_wconf 87' lang='lat' dir='ltr'><strong>Theophilus</strong></span> <span class='ocrx_word' id='word_1_243' title='bbox 2762 657 3192 714; x_wconf 81' lang='lat' dir='ltr'><strong>Alexandrinus</strong></span> <span class='ocrx_word' id='word_1_244' title='bbox 3237 656 3545 729; x_wconf 91' lang='lat' dir='ltr'><strong>episcopus</strong></span> 
     </span>
    </p>
   </div>
   <div class='ocr_carea' id='block_1_38' title="bbox 1902 744 3545 818">
    <p class='ocr_par' dir='ltr' id='par_1_38' title="bbox 1902 744 3545 818">
     <span class='ocr_line' id='line_1_38' title="bbox 1902 744 3545 818; baseline 0 -17"><span class='ocrx_word' id='word_1_245' title='bbox 1902 745 1960 801; x_wconf 89' lang='lat' dir='ltr'><strong>in</strong></span> <span class='ocrx_word' id='word_1_246' title='bbox 1991 746 2239 818; x_wconf 87' lang='lat' dir='ltr'><strong>epistola</strong></span> <span class='ocrx_word' id='word_1_247' title='bbox 2263 748 2335 801; x_wconf 92' lang='lat' dir='ltr'><strong>ad</strong></span> <span class='ocrx_word' id='word_1_248' title='bbox 2366 746 2757 803; x_wconf 90' lang='lat' dir='ltr'><strong>Theodosium</strong></span> <span class='ocrx_word' id='word_1_249' title='bbox 2792 746 3203 817; x_wconf 86' lang='lat' dir='ltr'><strong>imperatorem</strong></span> <span class='ocrx_word' id='word_1_250' title='bbox 3224 746 3293 801; x_wconf 89' lang='lat' dir='ltr'><strong>de</strong></span> <span class='ocrx_word' id='word_1_251' title='bbox 3342 744 3545 802; x_wconf 78' lang='lat' dir='ltr'><strong>sancto</strong></span> 
     </span>
    </p>
   </div>
   <div class='ocr_carea' id='block_1_39' title="bbox 1903 833 3549 905">
    <p class='ocr_par' dir='ltr' id='par_1_39' title="bbox 1903 833 3549 905">
     <span class='ocr_line' id='line_1_39' title="bbox 1903 833 3549 905; baseline -0.001 -15"><span class='ocrx_word' id='word_1_252' title='bbox 1903 834 2123 890; x_wconf 90' lang='lat' dir='ltr'><strong>Pascha</strong></span> <span class='ocrx_word' id='word_1_253' title='bbox 2167 834 2261 890; x_wconf 90' lang='lat' dir='ltr'><strong>his</strong></span> <span class='ocrx_word' id='word_1_254' title='bbox 2316 833 2508 889; x_wconf 86' lang='lat' dir='ltr'><strong>verbis</strong></span> <span class='ocrx_word' id='word_1_255' title='bbox 2553 852 2567 888; x_wconf 86' lang='lat'><strong>:</strong></span> <span class='ocrx_word' id='word_1_256' title='bbox 2611 835 2783 889; x_wconf 85' lang='lat' dir='ltr'><strong>Aliter</strong></span> <span class='ocrx_word' id='word_1_257' title='bbox 2827 842 3007 889; x_wconf 84' lang='lat' dir='ltr'><strong>autem</strong></span> <span class='ocrx_word' id='word_1_258' title='bbox 3052 834 3193 905; x_wconf 89' lang='lat' dir='ltr'><strong>quod</strong></span> <span class='ocrx_word' id='word_1_259' title='bbox 3222 838 3273 889; x_wconf 91' lang='lat' dir='ltr'><strong>et</strong></span> <span class='ocrx_word' id='word_1_260' title='bbox 3299 833 3549 889; x_wconf 79' lang='lat' dir='ltr'><strong>Salvator</strong></span> 
     </span>
    </p>
   </div>
   <div class='ocr_carea' id='block_1_40' title="bbox 1902 922 3546 994">
    <p class='ocr_par' dir='ltr' id='par_1_40' title="bbox 1902 922 3546 994">
     <span class='ocr_line' id='line_1_40' title="bbox 1902 922 3546 994; baseline 0 -17"><span class='ocrx_word' id='word_1_261' title='bbox 1902 926 2082 978; x_wconf 84' lang='lat' dir='ltr'><strong>noster</strong></span> <span class='ocrx_word' id='word_1_262' title='bbox 2131 923 2340 979; x_wconf 86' lang='lat' dir='ltr'><strong>decima</strong></span> <span class='ocrx_word' id='word_1_263' title='bbox 2368 926 2563 993; x_wconf 81' lang='lat' dir='ltr'><strong>quarta</strong></span> <span class='ocrx_word' id='word_1_264' title='bbox 2608 922 2830 994; x_wconf 82' lang='lat' dir='ltr'><strong>quidem</strong></span> <span class='ocrx_word' id='word_1_265' title='bbox 2875 927 2953 977; x_wconf 86' lang='lat' dir='ltr'><strong>est</strong></span> <span class='ocrx_word' id='word_1_266' title='bbox 2998 923 3232 978; x_wconf 87' lang='lat' dir='ltr'><strong>traditus</strong></span> <span class='ocrx_word' id='word_1_267' title='bbox 3262 923 3415 989; x_wconf 86' lang='lat' dir='ltr'><strong>luna,</strong></span> <span class='ocrx_word' id='word_1_268' title='bbox 3449 922 3546 978; x_wconf 85' lang='lat' dir='ltr'><strong>hoc</strong></span> 
     </span>
    </p>
   </div>
   <div class='ocr_carea' id='block_1_41' title="bbox 1902 1011 3543 1083">
    <p class='ocr_par' dir='ltr' id='par_1_41' title="bbox 1902 1011 3543 1083">
     <span class='ocr_line' id='line_1_41' title="bbox 1902 1011 3543 1083; baseline 0.001 -18"><span class='ocrx_word' id='word_1_269' title='bbox 1902 1020 1977 1066; x_wconf 87' lang='lat' dir='ltr'><strong>est</strong></span> <span class='ocrx_word' id='word_1_270' title='bbox 2005 1013 2197 1083; x_wconf 84' lang='lat' dir='ltr'><strong>quinta</strong></span> <span class='ocrx_word' id='word_1_271' title='bbox 2222 1014 2339 1082; x_wconf 82' lang='lat' dir='ltr'><strong>post</strong></span> <span class='ocrx_word' id='word_1_272' title='bbox 2369 1012 2699 1070; x_wconf 83' lang='lat' dir='ltr'><strong>Sabbatum;</strong></span> <span class='ocrx_word' id='word_1_273' title='bbox 2723 1011 2929 1065; x_wconf 83' lang='lat' dir='ltr'><strong>decima</strong></span> <span class='ocrx_word' id='word_1_274' title='bbox 2960 1014 3157 1083; x_wconf 85' lang='lat' dir='ltr'><strong>quinta</strong></span> <span class='ocrx_word' id='word_1_275' title='bbox 3195 1014 3381 1065; x_wconf 86' lang='lat' dir='ltr'><strong>autem</strong></span> <span class='ocrx_word' id='word_1_276' title='bbox 3416 1028 3543 1066; x_wconf 88' lang='lat' dir='ltr'><strong>cru-</strong></span> 
     </span>
    </p>
   </div>
   <div class='ocr_carea' id='block_1_42' title="bbox 1900 1100 3550 1172">
    <p class='ocr_par' dir='ltr' id='par_1_42' title="bbox 1900 1100 3550 1172">
     <span class='ocr_line' id='line_1_42' title="bbox 1900 1100 3550 1172; baseline 0.001 -18"><span class='ocrx_word' id='word_1_277' title='bbox 1900 1100 2118 1168; x_wconf 67' lang='lat' dir='ltr'><strong>ciﬁxus,</strong></span> <span class='ocrx_word' id='word_1_278' title='bbox 2150 1100 2239 1154; x_wconf 88' lang='lat' dir='ltr'><strong>die</strong></span> <span class='ocrx_word' id='word_1_279' title='bbox 2263 1102 2421 1154; x_wconf 84' lang='lat' dir='ltr'><strong>tertia</strong></span> <span class='ocrx_word' id='word_1_280' title='bbox 2452 1101 2774 1164; x_wconf 67' lang='lat' dir='ltr'><strong>resurrexit,</strong></span> <span class='ocrx_word' id='word_1_281' title='bbox 2805 1100 2901 1154; x_wconf 87' lang='lat' dir='ltr'><strong>hoc</strong></span> <span class='ocrx_word' id='word_1_282' title='bbox 2949 1108 3025 1154; x_wconf 82' lang='lat' dir='ltr'><strong>est</strong></span> <span class='ocrx_word' id='word_1_283' title='bbox 3069 1100 3283 1154; x_wconf 84' lang='lat' dir='ltr'><strong>decima</strong></span> <span class='ocrx_word' id='word_1_284' title='bbox 3318 1102 3550 1172; x_wconf 84' lang='lat' dir='ltr'><strong>septima</strong></span> 
     </span>
    </p>
   </div>
   <div class='ocr_carea' id='block_1_43' title="bbox 1903 1187 3551 1259">
    <p class='ocr_par' dir='ltr' id='par_1_43' title="bbox 1903 1187 3551 1259">
     <span class='ocr_line' id='line_1_43' title="bbox 1903 1187 3551 1259; baseline 0.001 -16"><span class='ocrx_word' id='word_1_285' title='bbox 1903 1190 2187 1259; x_wconf 76' lang='lat' dir='ltr'><strong>luna,qua</strong></span> <span class='ocrx_word' id='word_1_286' title='bbox 2216 1192 2343 1243; x_wconf 88' lang='lat' dir='ltr'><strong>tunc</strong></span> <span class='ocrx_word' id='word_1_287' title='bbox 2372 1190 2433 1241; x_wconf 88' lang='lat' dir='ltr'><strong>in</strong></span> <span class='ocrx_word' id='word_1_288' title='bbox 2460 1189 2743 1242; x_wconf 86' lang='lat' dir='ltr'><strong>Dominica</strong></span> <span class='ocrx_word' id='word_1_289' title='bbox 2771 1187 2859 1241; x_wconf 88' lang='lat' dir='ltr'><strong>die</strong></span> <span class='ocrx_word' id='word_1_290' title='bbox 2882 1190 3101 1243; x_wconf 86' lang='lat' dir='ltr'><strong>inventa</strong></span> <span class='ocrx_word' id='word_1_291' title='bbox 3125 1196 3378 1256; x_wconf 81' lang='lat' dir='ltr'><strong>est,szcut</strong></span> <span class='ocrx_word' id='word_1_292' title='bbox 3398 1197 3449 1245; x_wconf 89' lang='lat' dir='ltr'><strong>et</strong></span> <span class='ocrx_word' id='word_1_293' title='bbox 3483 1205 3551 1245; x_wconf 79' lang='lat' dir='ltr'><strong>ea:</strong></span> 
     </span>
    </p>
   </div>
   <div class='ocr_carea' id='block_1_44' title="bbox 1900 1268 3552 1346">
    <p class='ocr_par' dir='ltr' id='par_1_44' title="bbox 1900 1268 3552 1346">
     <span class='ocr_line' id='line_1_44' title="bbox 1900 1268 3552 1346; baseline 0.001 -14"><span class='ocrx_word' id='word_1_294' title='bbox 1900 1277 2321 1345; x_wconf 86' lang='lat' dir='ltr'><strong>Evangeliorum</strong></span> <span class='ocrx_word' id='word_1_295' title='bbox 2376 1278 2658 1330; x_wconf 77' lang='lat' dir='ltr'><strong>notatione</strong></span> <span class='ocrx_word' id='word_1_296' title='bbox 2720 1280 3094 1346; x_wconf 80' lang='lat' dir='ltr'><strong>comperimus.</strong></span> <span class='ocrx_word' id='word_1_297' title='bbox 3158 1278 3318 1331; x_wconf 89' lang='lat' dir='ltr'><strong>Idem</strong></span> <span class='ocrx_word' id='word_1_298' title='bbox 3383 1268 3552 1333; x_wconf 85' lang='lat' dir='ltr'><strong>docet</strong></span> 
     </span>
    </p>
   </div>
   <div class='ocr_carea' id='block_1_45' title="bbox 1899 1363 3549 1435">
    <p class='ocr_par' dir='ltr' id='par_1_45' title="bbox 1899 1363 3549 1435">
     <span class='ocr_line' id='line_1_45' title="bbox 1899 1363 3549 1435; baseline 0.001 -14"><span class='ocrx_word' id='word_1_299' title='bbox 1899 1364 2309 1433; x_wconf 90' lang='lat' dir='ltr'><strong>Theodoritus,</strong></span> <span class='ocrx_word' id='word_1_300' title='bbox 2350 1364 2670 1435; x_wconf 85' lang='lat' dir='ltr'><strong>quastione</strong></span> <span class='ocrx_word' id='word_1_301' title='bbox 2715 1366 2786 1417; x_wconf 82' lang='grc'><strong>24</strong></span> <span class='ocrx_word' id='word_1_302' title='bbox 2831 1363 2891 1418; x_wconf 90' lang='lat' dir='ltr'><strong>in</strong></span> <span class='ocrx_word' id='word_1_303' title='bbox 2936 1366 3221 1429; x_wconf 85' lang='lat' dir='ltr'><strong>Exodum,</strong></span> <span class='ocrx_word' id='word_1_304' title='bbox 3282 1382 3549 1423; x_wconf 87' lang='lat' dir='ltr'><strong>asserens</strong></span> 
     </span>
    </p>
   </div>
   <div class='ocr_carea' id='block_1_46' title="bbox 1899 1451 3553 1524">
    <p class='ocr_par' dir='ltr' id='par_1_46' title="bbox 1899 1451 3553 1524">
     <span class='ocr_line' id='line_1_46' title="bbox 1899 1451 3553 1524; baseline -0.001 -13"><span class='ocrx_word' id='word_1_305' title='bbox 1899 1454 2216 1524; x_wconf 89' lang='lat' dir='ltr'><strong>Christum,</strong></span> <span class='ocrx_word' id='word_1_306' title='bbox 2252 1453 2362 1513; x_wconf 92' lang='lat' dir='ltr'><strong>sub</strong></span> <span class='ocrx_word' id='word_1_307' title='bbox 2394 1453 2569 1507; x_wconf 84' lang='lat' dir='ltr'><strong>ﬁnem</strong></span> <span class='ocrx_word' id='word_1_308' title='bbox 2599 1451 2750 1507; x_wconf 88' lang='lat' dir='ltr'><strong>luna</strong></span> <span class='ocrx_word' id='word_1_309' title='bbox 2780 1457 2995 1522; x_wconf 87' lang='lat' dir='ltr'><strong>quarta</strong></span> <span class='ocrx_word' id='word_1_310' title='bbox 3027 1454 3288 1519; x_wconf 90' lang='lat' dir='ltr'><strong>decima,</strong></span> <span class='ocrx_word' id='word_1_311' title='bbox 3321 1455 3553 1524; x_wconf 90' lang='lat' dir='ltr'><strong>quando</strong></span> 
     </span>
    </p>
   </div>
   <div class='ocr_carea' id='block_1_47' title="bbox 1899 1540 3136 1607">
    <p class='ocr_par' dir='ltr' id='par_1_47' title="bbox 1899 1540 3136 1607">
     <span class='ocr_line' id='line_1_47' title="bbox 1899 1540 3136 1607; baseline -0.002 -9"><span class='ocrx_word' id='word_1_312' title='bbox 1899 1542 2317 1599; x_wconf 89' lang='lat' dir='ltr'><strong>immolabatur</strong></span> <span class='ocrx_word' id='word_1_313' title='bbox 2345 1541 2589 1607; x_wconf 88' lang='lat' dir='ltr'><strong>Pascha,</strong></span> <span class='ocrx_word' id='word_1_314' title='bbox 2621 1540 2904 1595; x_wconf 89' lang='lat' dir='ltr'><strong>traditum</strong></span> <span class='ocrx_word' id='word_1_315' title='bbox 2935 1540 3136 1597; x_wconf 87' lang='lat' dir='ltr'><strong>fuisse.</strong></span> 
     </span>
    </p>
   </div>
   <div class='ocr_carea' id='block_1_48' title="bbox 1967 1628 3553 1701">
    <p class='ocr_par' dir='ltr' id='par_1_48' title="bbox 1967 1628 3553 1701">
     <span class='ocr_line' id='line_1_48' title="bbox 1967 1628 3553 1701; baseline -0.002 -13"><span class='ocrx_word' id='word_1_316' title='bbox 1967 1633 2227 1688; x_wconf 86' lang='lat' dir='ltr'><strong>Joannes</strong></span> <span class='ocrx_word' id='word_1_317' title='bbox 2258 1631 2711 1701; x_wconf 84' lang='lat' dir='ltr'><strong>Chrysostomus</strong></span> <span class='ocrx_word' id='word_1_318' title='bbox 2741 1628 3007 1701; x_wconf 91' lang='lat' dir='ltr'><strong>pluribus</strong></span> <span class='ocrx_word' id='word_1_319' title='bbox 3038 1629 3098 1683; x_wconf 92' lang='lat' dir='ltr'><strong>in</strong></span> <span class='ocrx_word' id='word_1_320' title='bbox 3128 1628 3553 1698; x_wconf 84' lang='lat' dir='ltr'><strong>locis,maxime</strong></span> 
     </span>
    </p>
   </div>
   <div class='ocr_carea' id='block_1_49' title="bbox 1826 1718 3554 1820">
    <p class='ocr_par' dir='ltr' id='par_1_49' title="bbox 1826 1718 3554 1820">
     <span class='ocr_line' id='line_1_49' title="bbox 1826 1718 3554 1820; baseline -0.001 -45"><span class='ocrx_word' id='word_1_321' title='bbox 1826 1753 1873 1820; x_wconf 80' lang='grc' dir='ltr'><strong>Β</strong></span> <span class='ocrx_word' id='word_1_322' title='bbox 1904 1721 1964 1777; x_wconf 90' lang='lat' dir='ltr'><strong>in</strong></span> <span class='ocrx_word' id='word_1_323' title='bbox 1994 1720 2257 1820; x_wconf 45' lang='lat' dir='ltr'><strong>homilii‘s&#39;</strong></span> <span class='ocrx_word' id='word_1_324' title='bbox 2284 1722 2374 1818; x_wconf 40' lang='lat'><strong>8.1,</strong></span> <span class='ocrx_word' id='word_1_325' title='bbox 2406 1720 2478 1820; x_wconf 55' lang='lat'><strong>83</strong></span> <span class='ocrx_word' id='word_1_326' title='bbox 2504 1721 2659 1820; x_wconf 43' lang='lat' dir='ltr'><strong>et‘83</strong></span> <span class='ocrx_word' id='word_1_327' title='bbox 2689 1718 2749 1773; x_wconf 89' lang='lat' dir='ltr'><strong>in</strong></span> <span class='ocrx_word' id='word_1_328' title='bbox 2781 1718 3358 1820; x_wconf 43' lang='lat' dir='ltr'><strong>l&#39;ldatthaummrobat</strong></span> <span class='ocrx_word' id='word_1_329' title='bbox 3387 1719 3554 1773; x_wconf 82' lang='lat' dir='ltr'><strong>Chri-</strong></span> 
     </span>
    </p>
   </div>
   <div class='ocr_carea' id='block_1_50' title="bbox 1907 1805 3555 1881">
    <p class='ocr_par' dir='ltr' id='par_1_50' title="bbox 1907 1805 3555 1881">
     <span class='ocr_line' id='line_1_50' title="bbox 1907 1805 3555 1881; baseline -0.001 -16"><span class='ocrx_word' id='word_1_330' title='bbox 1907 1813 2063 1865; x_wconf 90' lang='lat' dir='ltr'><strong>stum</strong></span> <span class='ocrx_word' id='word_1_331' title='bbox 2090 1807 2262 1881; x_wconf 87' lang='lat' dir='ltr'><strong>legali</strong></span> <span class='ocrx_word' id='word_1_332' title='bbox 2288 1808 2401 1862; x_wconf 91' lang='lat' dir='ltr'><strong>ritu</strong></span> <span class='ocrx_word' id='word_1_333' title='bbox 2424 1806 2648 1869; x_wconf 79' lang='lat' dir='ltr'><strong>Pascha</strong></span> <span class='ocrx_word' id='word_1_334' title='bbox 2678 1805 3009 1878; x_wconf 81' lang='lat' dir='ltr'><strong>perfecisse;</strong></span> <span class='ocrx_word' id='word_1_335' title='bbox 3031 1808 3262 1863; x_wconf 84' lang='lat' dir='ltr'><strong>Judaos</strong></span> <span class='ocrx_word' id='word_1_336' title='bbox 3291 1810 3555 1876; x_wconf 87' lang='lat' dir='ltr'><strong>vero,aut</strong></span> 
     </span>
    </p>
   </div>
   <div class='ocr_carea' id='block_1_51' title="bbox 1907 1893 3551 1968">
    <p class='ocr_par' dir='ltr' id='par_1_51' title="bbox 1907 1893 3551 1968">
     <span class='ocr_line' id='line_1_51' title="bbox 1907 1893 3551 1968; baseline -0.002 -15"><span class='ocrx_word' id='word_1_337' title='bbox 1907 1897 2112 1953; x_wconf 87' lang='lat' dir='ltr'><strong>saltem</strong></span> <span class='ocrx_word' id='word_1_338' title='bbox 2143 1895 2435 1968; x_wconf 90' lang='lat' dir='ltr'><strong>principes</strong></span> <span class='ocrx_word' id='word_1_339' title='bbox 2468 1894 2829 1960; x_wconf 86' lang='lat' dir='ltr'><strong>Judaorum,</strong></span> <span class='ocrx_word' id='word_1_340' title='bbox 2854 1897 3056 1949; x_wconf 88' lang='lat' dir='ltr'><strong>contra</strong></span> <span class='ocrx_word' id='word_1_341' title='bbox 3077 1893 3224 1967; x_wconf 89' lang='lat' dir='ltr'><strong>legis</strong></span> <span class='ocrx_word' id='word_1_342' title='bbox 3246 1895 3551 1967; x_wconf 86' lang='lat' dir='ltr'><strong>prascrip-</strong></span> 
     </span>
    </p>
   </div>
   <div class='ocr_carea' id='block_1_52' title="bbox 1906 1981 3549 2052">
    <p class='ocr_par' dir='ltr' id='par_1_52' title="bbox 1906 1981 3549 2052">
     <span class='ocr_line' id='line_1_52' title="bbox 1906 1981 3549 2052; baseline -0.001 -13"><span class='ocrx_word' id='word_1_343' title='bbox 1906 1989 2125 2052; x_wconf 89' lang='lat' dir='ltr'><strong>tum,ut</strong></span> <span class='ocrx_word' id='word_1_344' title='bbox 2138 1984 2357 2040; x_wconf 90' lang='lat' dir='ltr'><strong>scilicet</strong></span> <span class='ocrx_word' id='word_1_345' title='bbox 2377 1983 2572 2038; x_wconf 88' lang='lat' dir='ltr'><strong>animo</strong></span> <span class='ocrx_word' id='word_1_346' title='bbox 2586 1999 2691 2037; x_wconf 91' lang='lat' dir='ltr'><strong>suo</strong></span> <span class='ocrx_word' id='word_1_347' title='bbox 2706 1981 3000 2037; x_wconf 75' lang='lat' dir='ltr'><strong>Christum</strong></span> <span class='ocrx_word' id='word_1_348' title='bbox 3014 1983 3313 2038; x_wconf 90' lang='lat' dir='ltr'><strong>occidendi</strong></span> <span class='ocrx_word' id='word_1_349' title='bbox 3327 1984 3549 2038; x_wconf 88' lang='lat' dir='ltr'><strong>obtem-</strong></span> 
     </span>
    </p>
   </div>
   <div class='ocr_carea' id='block_1_53' title="bbox 1905 2070 3552 2146">
    <p class='ocr_par' dir='ltr' id='par_1_53' title="bbox 1905 2070 3552 2146">
     <span class='ocr_line' id='line_1_53' title="bbox 1905 2070 3552 2146; baseline -0.002 -17"><span class='ocrx_word' id='word_1_350' title='bbox 1905 2072 2526 2146; x_wconf 89' lang='lat' dir='ltr'><strong>perarent,distulisse.</strong></span> <span class='ocrx_word' id='word_1_351' title='bbox 2552 2072 2689 2141; x_wconf 88' lang='lat' dir='ltr'><strong>Ejus</strong></span> <span class='ocrx_word' id='word_1_352' title='bbox 2712 2071 2793 2126; x_wconf 89' lang='lat' dir='ltr'><strong>rei</strong></span> <span class='ocrx_word' id='word_1_353' title='bbox 2824 2076 3169 2143; x_wconf 84' lang='lat' dir='ltr'><strong>argumenta</strong></span> <span class='ocrx_word' id='word_1_354' title='bbox 3198 2088 3267 2127; x_wconf 86' lang='lat' dir='ltr'><strong>ex</strong></span> <span class='ocrx_word' id='word_1_355' title='bbox 3296 2070 3552 2143; x_wconf 84' lang='lat' dir='ltr'><strong>Chryso-</strong></span> 
     </span>
    </p>
   </div>
   <div class='ocr_carea' id='block_1_54' title="bbox 1907 2158 3551 2233">
    <p class='ocr_par' dir='ltr' id='par_1_54' title="bbox 1907 2158 3551 2233">
     <span class='ocr_line' id='line_1_54' title="bbox 1907 2158 3551 2233; baseline -0.001 -15"><span class='ocrx_word' id='word_1_356' title='bbox 1907 2169 2098 2219; x_wconf 90' lang='lat' dir='ltr'><strong>stomo</strong></span> <span class='ocrx_word' id='word_1_357' title='bbox 2131 2161 2362 2233; x_wconf 87' lang='lat' dir='ltr'><strong>collegit</strong></span> <span class='ocrx_word' id='word_1_358' title='bbox 2390 2160 2702 2231; x_wconf 88' lang='lat' dir='ltr'><strong>Gregorius</strong></span> <span class='ocrx_word' id='word_1_359' title='bbox 2728 2158 3207 2231; x_wconf 80' lang='lat' dir='ltr'><strong>protosyncellus,</strong></span> <span class='ocrx_word' id='word_1_360' title='bbox 3239 2160 3300 2215; x_wconf 93' lang='lat' dir='ltr'><strong>in</strong></span> <span class='ocrx_word' id='word_1_361' title='bbox 3339 2160 3551 2231; x_wconf 84' lang='lat' dir='ltr'><strong>Apolo-</strong></span> 
     </span>
    </p>
   </div>
   <div class='ocr_carea' id='block_1_55' title="bbox 1907 2248 3551 2324">
    <p class='ocr_par' dir='ltr' id='par_1_55' title="bbox 1907 2248 3551 2324">
     <span class='ocr_line' id='line_1_55' title="bbox 1907 2248 3551 2324; baseline -0.002 -17"><span class='ocrx_word' id='word_1_362' title='bbox 1907 2252 2003 2324; x_wconf 88' lang='lat' dir='ltr'><strong>gia</strong></span> <span class='ocrx_word' id='word_1_363' title='bbox 2031 2252 2307 2307; x_wconf 87' lang='lat' dir='ltr'><strong>adversus</strong></span> <span class='ocrx_word' id='word_1_364' title='bbox 2331 2250 2509 2305; x_wconf 90' lang='lat' dir='ltr'><strong>Marci</strong></span> <span class='ocrx_word' id='word_1_365' title='bbox 2541 2248 2816 2321; x_wconf 90' lang='lat' dir='ltr'><strong>Ephesini</strong></span> <span class='ocrx_word' id='word_1_366' title='bbox 2838 2248 3175 2319; x_wconf 89' lang='lat' dir='ltr'><strong>epistolam;</strong></span> <span class='ocrx_word' id='word_1_367' title='bbox 3209 2249 3348 2303; x_wconf 90' lang='lat' dir='ltr'><strong>item</strong></span> <span class='ocrx_word' id='word_1_368' title='bbox 3367 2253 3551 2304; x_wconf 82' lang='lat' dir='ltr'><strong>Arcu-</strong></span> 
     </span>
    </p>
   </div>
   <div class='ocr_carea' id='block_1_56' title="bbox 1908 2336 3554 2408">
    <p class='ocr_par' dir='ltr' id='par_1_56' title="bbox 1908 2336 3554 2408">
     <span class='ocr_line' id='line_1_56' title="bbox 1908 2336 3554 2408; baseline -0.002 -13"><span class='ocrx_word' id='word_1_369' title='bbox 1908 2341 2043 2395; x_wconf 92' lang='lat' dir='ltr'><strong>dius</strong></span> <span class='ocrx_word' id='word_1_370' title='bbox 2071 2340 2132 2394; x_wconf 91' lang='lat' dir='ltr'><strong>in</strong></span> <span class='ocrx_word' id='word_1_371' title='bbox 2162 2339 2263 2393; x_wconf 90' lang='lat' dir='ltr'><strong>lib.</strong></span> <span class='ocrx_word' id='word_1_372' title='bbox 2297 2355 2359 2393; x_wconf 83' lang='lat' dir='ltr'><strong>III</strong></span> <span class='ocrx_word' id='word_1_373' title='bbox 2390 2339 2461 2392; x_wconf 92' lang='lat' dir='ltr'><strong>de</strong></span> <span class='ocrx_word' id='word_1_374' title='bbox 2489 2336 2878 2401; x_wconf 87' lang='lat' dir='ltr'><strong>Eucharistia,</strong></span> <span class='ocrx_word' id='word_1_375' title='bbox 2911 2354 3038 2408; x_wconf 89' lang='lat' dir='ltr'><strong>cap.</strong></span> <span class='ocrx_word' id='word_1_376' title='bbox 3071 2338 3123 2403; x_wconf 80' lang='grc'><strong>4,</strong></span> <span class='ocrx_word' id='word_1_377' title='bbox 3155 2337 3255 2407; x_wconf 89' lang='lat' dir='ltr'><strong>qui</strong></span> <span class='ocrx_word' id='word_1_378' title='bbox 3284 2337 3343 2391; x_wconf 91' lang='lat' dir='ltr'><strong>in</strong></span> <span class='ocrx_word' id='word_1_379' title='bbox 3366 2337 3554 2408; x_wconf 89' lang='lat' dir='ltr'><strong>capite</strong></span> 
     </span>
    </p>
   </div>
   <div class='ocr_carea' id='block_1_57' title="bbox 1910 2424 3557 2500">
    <p class='ocr_par' dir='ltr' id='par_1_57' title="bbox 1910 2424 3557 2500">
     <span class='ocr_line' id='line_1_57' title="bbox 1910 2424 3557 2500; baseline -0.004 -14"><span class='ocrx_word' id='word_1_380' title='bbox 1910 2428 2177 2500; x_wconf 89' lang='lat' dir='ltr'><strong>sequenti</strong></span> <span class='ocrx_word' id='word_1_381' title='bbox 2199 2427 2379 2483; x_wconf 90' lang='lat' dir='ltr'><strong>dubia</strong></span> <span class='ocrx_word' id='word_1_382' title='bbox 2406 2443 2475 2481; x_wconf 87' lang='lat' dir='ltr'><strong>ex</strong></span> <span class='ocrx_word' id='word_1_383' title='bbox 2505 2426 2710 2481; x_wconf 90' lang='lat' dir='ltr'><strong>eodem</strong></span> <span class='ocrx_word' id='word_1_384' title='bbox 2741 2424 3153 2496; x_wconf 85' lang='lat' dir='ltr'><strong>Chrysostomo</strong></span> <span class='ocrx_word' id='word_1_385' title='bbox 3170 2429 3408 2496; x_wconf 90' lang='lat' dir='ltr'><strong>sumpta</strong></span> <span class='ocrx_word' id='word_1_386' title='bbox 3437 2424 3557 2480; x_wconf 86' lang='lat' dir='ltr'><strong>dis-</strong></span> 
     </span>
    </p>
   </div>
   <div class='ocr_carea' id='block_1_58' title="bbox 1910 2512 3558 2585">
    <p class='ocr_par' dir='ltr' id='par_1_58' title="bbox 1910 2512 3558 2585">
     <span class='ocr_line' id='line_1_58' title="bbox 1910 2512 3558 2585; baseline -0.002 -12"><span class='ocrx_word' id='word_1_387' title='bbox 1910 2516 2268 2573; x_wconf 87' lang='lat' dir='ltr'><strong>solvit.Certe</strong></span> <span class='ocrx_word' id='word_1_388' title='bbox 2288 2515 2532 2570; x_wconf 89' lang='lat' dir='ltr'><strong>Photius</strong></span> <span class='ocrx_word' id='word_1_389' title='bbox 2553 2513 2611 2568; x_wconf 91' lang='lat' dir='ltr'><strong>in</strong></span> <span class='ocrx_word' id='word_1_390' title='bbox 2635 2512 3002 2568; x_wconf 85' lang='lat' dir='ltr'><strong>Bibliotheca</strong></span> <span class='ocrx_word' id='word_1_391' title='bbox 3034 2530 3159 2585; x_wconf 90' lang='lat' dir='ltr'><strong>cap.</strong></span> <span class='ocrx_word' id='word_1_392' title='bbox 3192 2513 3297 2568; x_wconf 74' lang='lat'><strong>“6</strong></span> <span class='ocrx_word' id='word_1_393' title='bbox 3319 2513 3558 2569; x_wconf 85' lang='lat' dir='ltr'><strong>conﬁte-</strong></span> 
     </span>
    </p>
   </div>
   <div class='ocr_carea' id='block_1_59' title="bbox 1908 2601 3556 2676">
    <p class='ocr_par' dir='ltr' id='par_1_59' title="bbox 1908 2601 3556 2676">
     <span class='ocr_line' id='line_1_59' title="bbox 1908 2601 3556 2676; baseline -0.002 -15"><span class='ocrx_word' id='word_1_394' title='bbox 1908 2612 2006 2661; x_wconf 90' lang='lat' dir='ltr'><strong>tur</strong></span> <span class='ocrx_word' id='word_1_395' title='bbox 2034 2605 2493 2676; x_wconf 86' lang='lat' dir='ltr'><strong>Chrysostonum</strong></span> <span class='ocrx_word' id='word_1_396' title='bbox 2525 2603 2583 2656; x_wconf 91' lang='lat' dir='ltr'><strong>in</strong></span> <span class='ocrx_word' id='word_1_397' title='bbox 2618 2618 2685 2656; x_wconf 88' lang='lat' dir='ltr'><strong>ea</strong></span> <span class='ocrx_word' id='word_1_398' title='bbox 2716 2601 2895 2657; x_wconf 80' lang='lat' dir='ltr'><strong>fuisse</strong></span> <span class='ocrx_word' id='word_1_399' title='bbox 2925 2602 3232 2668; x_wconf 88' lang='lat' dir='ltr'><strong>sententia,</strong></span> <span class='ocrx_word' id='word_1_400' title='bbox 3255 2601 3556 2658; x_wconf 90' lang='lat' dir='ltr'><strong>Christum</strong></span> 
     </span>
    </p>
   </div>
   <div class='ocr_carea' id='block_1_60' title="bbox 1909 2690 3260 2767">
    <p class='ocr_par' dir='ltr' id='par_1_60' title="bbox 1909 2690 3260 2767">
     <span class='ocr_line' id='line_1_60' title="bbox 1909 2690 3260 2767; baseline -0.003 -17"><span class='ocrx_word' id='word_1_401' title='bbox 1909 2696 1966 2750; x_wconf 90' lang='lat' dir='ltr'><strong>in</strong></span> <span class='ocrx_word' id='word_1_402' title='bbox 1996 2697 2293 2767; x_wconf 88' lang='lat' dir='ltr'><strong>postrema</strong></span> <span class='ocrx_word' id='word_1_403' title='bbox 2321 2709 2484 2747; x_wconf 81' lang='lat' dir='ltr'><strong>cana</strong></span> <span class='ocrx_word' id='word_1_404' title='bbox 2512 2690 2735 2746; x_wconf 88' lang='lat' dir='ltr'><strong>Pascha</strong></span> <span class='ocrx_word' id='word_1_405' title='bbox 2766 2690 2950 2762; x_wconf 87' lang='lat' dir='ltr'><strong>legale</strong></span> <span class='ocrx_word' id='word_1_406' title='bbox 2979 2706 3260 2746; x_wconf 89' lang='lat' dir='ltr'><strong>servasse.</strong></span> 
     </span>
    </p>
   </div>
   <div class='ocr_carea' id='block_1_61' title="bbox 1979 2778 3556 2851">
    <p class='ocr_par' dir='ltr' id='par_1_61' title="bbox 1979 2778 3556 2851">
     <span class='ocr_line' id='line_1_61' title="bbox 1979 2778 3556 2851; baseline -0.002 -13"><span class='ocrx_word' id='word_1_407' title='bbox 1979 2783 2080 2838; x_wconf 90' lang='lat' dir='ltr'><strong>His</strong></span> <span class='ocrx_word' id='word_1_408' title='bbox 2116 2781 2391 2837; x_wconf 88' lang='lat' dir='ltr'><strong>omnibus</strong></span> <span class='ocrx_word' id='word_1_409' title='bbox 2447 2778 2807 2849; x_wconf 85' lang='lat' dir='ltr'><strong>adjungendi</strong></span> <span class='ocrx_word' id='word_1_410' title='bbox 2864 2782 3004 2834; x_wconf 92' lang='lat' dir='ltr'><strong>sunt</strong></span> <span class='ocrx_word' id='word_1_411' title='bbox 3049 2781 3165 2835; x_wconf 91' lang='lat' dir='ltr'><strong>duo</strong></span> <span class='ocrx_word' id='word_1_412' title='bbox 3216 2779 3556 2851; x_wconf 86' lang='lat' dir='ltr'><strong>patriarcha</strong></span> 
     </span>
    </p>
   </div>
   <div class='ocr_carea' id='block_1_62' title="bbox 1905 2867 3559 2941">
    <p class='ocr_par' dir='ltr' id='par_1_62' title="bbox 1905 2867 3559 2941">
     <span class='ocr_line' id='line_1_62' title="bbox 1905 2867 3559 2941; baseline -0.002 -13"><span class='ocrx_word' id='word_1_413' title='bbox 1905 2870 2298 2937; x_wconf 79' lang='lat' dir='ltr'><strong>Alexandrini,</strong></span> <span class='ocrx_word' id='word_1_414' title='bbox 2331 2886 2580 2941; x_wconf 90' lang='lat' dir='ltr'><strong>quorum</strong></span> <span class='ocrx_word' id='word_1_415' title='bbox 2627 2868 2854 2939; x_wconf 92' lang='lat' dir='ltr'><strong>primus</strong></span> <span class='ocrx_word' id='word_1_416' title='bbox 2880 2871 2969 2923; x_wconf 91' lang='lat' dir='ltr'><strong>est</strong></span> <span class='ocrx_word' id='word_1_417' title='bbox 2996 2867 3264 2939; x_wconf 84' lang='lat' dir='ltr'><strong>Cyrillus.</strong></span> <span class='ocrx_word' id='word_1_418' title='bbox 3315 2870 3372 2924; x_wconf 92' lang='lat' dir='ltr'><strong>Is</strong></span> <span class='ocrx_word' id='word_1_419' title='bbox 3401 2869 3559 2925; x_wconf 88' lang='lat' dir='ltr'><strong>enim</strong></span> 
     </span>
    </p>
   </div>
   <div class='ocr_carea' id='block_1_63' title="bbox 1905 2956 3559 3031">
    <p class='ocr_par' dir='ltr' id='par_1_63' title="bbox 1905 2956 3559 3031">
     <span class='ocr_line' id='line_1_63' title="bbox 1905 2956 3559 3031; baseline -0.002 -15"><span class='ocrx_word' id='word_1_420' title='bbox 1905 2958 2330 3016; x_wconf 88' lang='lat' dir='ltr'><strong>Eucharistiam</strong></span> <span class='ocrx_word' id='word_1_421' title='bbox 2362 2974 2397 3013; x_wconf 89' lang='lat' dir='ltr'><strong>a</strong></span> <span class='ocrx_word' id='word_1_422' title='bbox 2423 2956 2654 3014; x_wconf 87' lang='lat' dir='ltr'><strong>Christo</strong></span> <span class='ocrx_word' id='word_1_423' title='bbox 2678 2956 3009 3012; x_wconf 87' lang='lat' dir='ltr'><strong>institutam</strong></span> <span class='ocrx_word' id='word_1_424' title='bbox 3042 2960 3176 3027; x_wconf 92' lang='lat' dir='ltr'><strong>post</strong></span> <span class='ocrx_word' id='word_1_425' title='bbox 3221 2973 3388 3013; x_wconf 91' lang='lat' dir='ltr'><strong>esum</strong></span> <span class='ocrx_word' id='word_1_426' title='bbox 3421 2959 3559 3031; x_wconf 90' lang='lat' dir='ltr'><strong>agni</strong></span> 
     </span>
    </p>
   </div>
   <div class='ocr_carea' id='block_1_64' title="bbox 2630 3046 3558 3103">
    <p class='ocr_par' dir='ltr' id='par_1_64' title="bbox 2630 3046 3558 3103">
     <span class='ocr_line' id='line_1_64' title="bbox 2630 3046 3558 3103; baseline 0.003 -4"><span class='ocrx_word' id='word_1_427' title='bbox 2630 3046 2892 3100; x_wconf 75' lang='lat' dir='ltr'><strong>Dominus</strong></span> <span class='ocrx_word' id='word_1_428' title='bbox 2941 3053 3122 3100; x_wconf 88' lang='lat' dir='ltr'><strong>autem</strong></span> <span class='ocrx_word' id='word_1_429' title='bbox 3165 3050 3350 3101; x_wconf 88' lang='lat' dir='ltr'><strong>noster</strong></span> <span class='ocrx_word' id='word_1_430' title='bbox 3404 3049 3558 3103; x_wconf 84' lang='lat' dir='ltr'><strong>Jesus</strong></span> 
     </span>
    </p>
   </div>
   <div class='ocr_carea' id='block_1_65' title="bbox 143 3116 3560 3207">
    <p class='ocr_par' dir='ltr' id='par_1_65' title="bbox 143 3116 3560 3207">
     <span class='ocr_line' id='line_1_65' title="bbox 143 3116 3560 3207; baseline -0.001 -12"><span class='ocrx_word' id='word_1_431' title='bbox 143 3138 330 3195; x_wconf 88' lang='lat' dir='ltr'><strong>cratis</strong></span> <span class='ocrx_word' id='word_1_432' title='bbox 360 3116 617 3192; x_wconf 66' lang='lat' dir='ltr'><strong>mentem</strong></span> <span class='ocrx_word' id='word_1_433' title='bbox 665 3116 839 3207; x_wconf 90' lang='lat' dir='ltr'><strong>atque</strong></span> <span class='ocrx_word' id='word_1_434' title='bbox 869 3133 1062 3189; x_wconf 85' lang='lat' dir='ltr'><strong>Ruﬁni</strong></span> <span class='ocrx_word' id='word_1_435' title='bbox 1094 3133 1649 3205; x_wconf 88' lang='lat' dir='ltr'><strong>interpretationem,</strong></span> <span class='ocrx_word' id='word_1_436' title='bbox 1700 3133 1799 3205; x_wconf 90' lang='lat' dir='ltr'><strong>qui</strong></span> <span class='ocrx_word' id='word_1_437' title='bbox 1829 3116 1872 3183; x_wconf 67' lang='grc' dir='ltr'><strong>(ἶ</strong></span> <span class='ocrx_word' id='word_1_438' title='bbox 1908 3116 2154 3196; x_wconf 74' lang='lat' dir='ltr'><strong>Christus</strong></span> <span class='ocrx_word' id='word_1_439' title='bbox 2180 3136 2471 3207; x_wconf 67' lang='lat' dir='ltr'><strong>conjunxit</strong></span> <span class='ocrx_word' id='word_1_440' title='bbox 2517 3136 2573 3189; x_wconf 89' lang='lat' dir='ltr'><strong>in</strong></span> <span class='ocrx_word' id='word_1_441' title='bbox 2624 3151 2738 3189; x_wconf 86' lang='lat' dir='ltr'><strong>una</strong></span> <span class='ocrx_word' id='word_1_442' title='bbox 2786 3134 2873 3189; x_wconf 88' lang='lat' dir='ltr'><strong>die</strong></span> <span class='ocrx_word' id='word_1_443' title='bbox 2921 3152 3124 3205; x_wconf 86' lang='lat' dir='ltr'><strong>agnum</strong></span> <span class='ocrx_word' id='word_1_444' title='bbox 3164 3136 3480 3193; x_wconf 77' lang='lat' dir='ltr'><strong>Judaorum</strong></span> <span class='ocrx_word' id='word_1_445' title='bbox 3506 3144 3560 3192; x_wconf 85' lang='lat' dir='ltr'><strong>et</strong></span> 
     </span>
    </p>
   </div>
   <div class='ocr_carea' id='block_1_66' title="bbox 137 3222 1798 3295">
    <p class='ocr_par' dir='ltr' id='par_1_66' title="bbox 137 3222 1798 3295">
     <span class='ocr_line' id='line_1_66' title="bbox 137 3222 1798 3295; baseline -0.004 -12"><span class='ocrx_word' id='word_1_446' title='bbox 137 3243 353 3285; x_wconf 89' lang='lat' dir='ltr'><strong>vocem</strong></span> <span class='ocrx_word' id='word_1_447' title='bbox 384 3225 644 3281; x_wconf 85' lang='lat' dir='ltr'><strong>Gracam</strong></span> <span class='ocrx_word' id='word_1_448' title='bbox 669 3222 957 3295; x_wconf 82' lang='lat' dir='ltr'><strong>auferendi</strong></span> <span class='ocrx_word' id='word_1_449' title='bbox 975 3224 1149 3278; x_wconf 90' lang='lat' dir='ltr'><strong>verbo</strong></span> <span class='ocrx_word' id='word_1_450' title='bbox 1173 3222 1441 3278; x_wconf 90' lang='lat' dir='ltr'><strong>reddidit.</strong></span> <span class='ocrx_word' id='word_1_451' title='bbox 1476 3223 1593 3278; x_wconf 87' lang='lat' dir='ltr'><strong>Hoc</strong></span> <span class='ocrx_word' id='word_1_452' title='bbox 1614 3239 1798 3277; x_wconf 90' lang='lat' dir='ltr'><strong>unum</strong></span> 
     </span>
    </p>
   </div>
   <div class='ocr_carea' id='block_1_67' title="bbox 138 3310 1799 3385">
    <p class='ocr_par' dir='ltr' id='par_1_67' title="bbox 138 3310 1799 3385">
     <span class='ocr_line' id='line_1_67' title="bbox 138 3310 1799 3385; baseline -0.004 -13"><span class='ocrx_word' id='word_1_453' title='bbox 138 3313 560 3372; x_wconf 86' lang='lat' dir='ltr'><strong>testimonium</strong></span> <span class='ocrx_word' id='word_1_454' title='bbox 591 3313 860 3369; x_wconf 81' lang='lat' dir='ltr'><strong>sufﬁcere</strong></span> <span class='ocrx_word' id='word_1_455' title='bbox 883 3315 1078 3385; x_wconf 89' lang='lat' dir='ltr'><strong>posset</strong></span> <span class='ocrx_word' id='word_1_456' title='bbox 1103 3312 1176 3367; x_wconf 91' lang='lat' dir='ltr'><strong>ad</strong></span> <span class='ocrx_word' id='word_1_457' title='bbox 1203 3312 1571 3383; x_wconf 86' lang='lat' dir='ltr'><strong>probandum</strong></span> <span class='ocrx_word' id='word_1_458' title='bbox 1598 3310 1799 3366; x_wconf 89' lang='lat' dir='ltr'><strong>Chris-</strong></span> 
     </span>
    </p>
   </div>
   <div class='ocr_carea' id='block_1_68' title="bbox 136 3399 1802 3476">
    <p class='ocr_par' dir='ltr' id='par_1_68' title="bbox 136 3399 1802 3476">
     <span class='ocr_line' id='line_1_68' title="bbox 136 3399 1802 3476; baseline -0.003 -15"><span class='ocrx_word' id='word_1_459' title='bbox 136 3408 274 3461; x_wconf 89' lang='lat' dir='ltr'><strong>tum</strong></span> <span class='ocrx_word' id='word_1_460' title='bbox 301 3402 492 3476; x_wconf 88' lang='lat' dir='ltr'><strong>primo</strong></span> <span class='ocrx_word' id='word_1_461' title='bbox 512 3402 605 3458; x_wconf 90' lang='lat' dir='ltr'><strong>die</strong></span> <span class='ocrx_word' id='word_1_462' title='bbox 624 3417 960 3475; x_wconf 85' lang='lat' dir='ltr'><strong>azymorum</strong></span> <span class='ocrx_word' id='word_1_463' title='bbox 980 3400 1051 3456; x_wconf 90' lang='lat' dir='ltr'><strong>ad</strong></span> <span class='ocrx_word' id='word_1_464' title='bbox 1078 3416 1381 3473; x_wconf 90' lang='lat' dir='ltr'><strong>vesperam</strong></span> <span class='ocrx_word' id='word_1_465' title='bbox 1404 3400 1627 3455; x_wconf 89' lang='lat' dir='ltr'><strong>Pascha</strong></span> <span class='ocrx_word' id='word_1_466' title='bbox 1645 3399 1802 3472; x_wconf 89' lang='lat' dir='ltr'><strong>lega-</strong></span> 
     </span>
    </p>
   </div>
   <div class='ocr_carea' id='block_1_69' title="bbox 138 3488 1803 3564">
    <p class='ocr_par' dir='ltr' id='par_1_69' title="bbox 138 3488 1803 3564">
     <span class='ocr_line' id='line_1_69' title="bbox 138 3488 1803 3564; baseline -0.004 -14"><span class='ocrx_word' id='word_1_467' title='bbox 138 3493 195 3550; x_wconf 91' lang='lat' dir='ltr'><strong>le</strong></span> <span class='ocrx_word' id='word_1_468' title='bbox 248 3488 580 3564; x_wconf 81' lang='lat' dir='ltr'><strong>explevisse</strong></span> <span class='ocrx_word' id='word_1_469' title='bbox 608 3495 666 3546; x_wconf 92' lang='lat' dir='ltr'><strong>et</strong></span> <span class='ocrx_word' id='word_1_470' title='bbox 694 3490 766 3546; x_wconf 92' lang='lat' dir='ltr'><strong>ad</strong></span> <span class='ocrx_word' id='word_1_471' title='bbox 807 3489 1209 3561; x_wconf 84' lang='lat' dir='ltr'><strong>explicandam</strong></span> <span class='ocrx_word' id='word_1_472' title='bbox 1258 3494 1515 3545; x_wconf 89' lang='lat' dir='ltr'><strong>mentem</strong></span> <span class='ocrx_word' id='word_1_473' title='bbox 1558 3488 1803 3544; x_wconf 88' lang='lat' dir='ltr'><strong>Joannis</strong></span> 
     </span>
    </p>
   </div>
   <div class='ocr_carea' id='block_1_70' title="bbox 136 3576 1806 3653">
    <p class='ocr_par' dir='ltr' id='par_1_70' title="bbox 136 3576 1806 3653">
     <span class='ocr_line' id='line_1_70' title="bbox 136 3576 1806 3653; baseline -0.005 -13"><span class='ocrx_word' id='word_1_474' title='bbox 136 3579 548 3653; x_wconf 85' lang='lat' dir='ltr'><strong>evangelista,</strong></span> <span class='ocrx_word' id='word_1_475' title='bbox 568 3580 735 3650; x_wconf 87' lang='lat' dir='ltr'><strong>cujus</strong></span> <span class='ocrx_word' id='word_1_476' title='bbox 765 3578 1106 3634; x_wconf 86' lang='lat' dir='ltr'><strong>auctoritate</strong></span> <span class='ocrx_word' id='word_1_477' title='bbox 1136 3576 1523 3633; x_wconf 85' lang='lat' dir='ltr'><strong>Asiaticorum</strong></span> <span class='ocrx_word' id='word_1_478' title='bbox 1546 3576 1806 3645; x_wconf 89' lang='lat' dir='ltr'><strong>traditio,</strong></span> 
     </span>
    </p>
   </div>
   <div class='ocr_carea' id='block_1_71' title="bbox 137 3664 1667 3742">
    <p class='ocr_par' dir='ltr' id='par_1_71' title="bbox 137 3664 1667 3742">
     <span class='ocr_line' id='line_1_71' title="bbox 137 3664 1667 3742; baseline -0.005 -15"><span class='ocrx_word' id='word_1_479' title='bbox 137 3672 216 3727; x_wconf 88' lang='lat' dir='ltr'><strong>ab</strong></span> <span class='ocrx_word' id='word_1_480' title='bbox 250 3670 395 3742; x_wconf 88' lang='lat' dir='ltr'><strong>ipso</strong></span> <span class='ocrx_word' id='word_1_481' title='bbox 428 3667 582 3722; x_wconf 88' lang='lat' dir='ltr'><strong>fonte</strong></span> <span class='ocrx_word' id='word_1_482' title='bbox 612 3671 863 3739; x_wconf 87' lang='lat' dir='ltr'><strong>accepta,</strong></span> <span class='ocrx_word' id='word_1_483' title='bbox 896 3667 1268 3739; x_wconf 88' lang='lat' dir='ltr'><strong>potissimum</strong></span> <span class='ocrx_word' id='word_1_484' title='bbox 1300 3664 1667 3720; x_wconf 86' lang='lat' dir='ltr'><strong>fulciebatur.</strong></span> 
     </span>
    </p>
   </div>
   <div class='ocr_carea' id='block_1_72' title="bbox 209 3754 1806 3826">
    <p class='ocr_par' dir='ltr' id='par_1_72' title="bbox 209 3754 1806 3826">
     <span class='ocr_line' id='line_1_72' title="bbox 209 3754 1806 3826; baseline -0.004 -10"><span class='ocrx_word' id='word_1_485' title='bbox 209 3756 621 3816; x_wconf 84' lang='lat' dir='ltr'><strong>Asiaticorum</strong></span> <span class='ocrx_word' id='word_1_486' title='bbox 644 3771 864 3812; x_wconf 91' lang='lat' dir='ltr'><strong>morem</strong></span> <span class='ocrx_word' id='word_1_487' title='bbox 886 3756 1087 3811; x_wconf 89' lang='lat' dir='ltr'><strong>eadem</strong></span> <span class='ocrx_word' id='word_1_488' title='bbox 1112 3754 1333 3810; x_wconf 86' lang='lat' dir='ltr'><strong>ratione</strong></span> <span class='ocrx_word' id='word_1_489' title='bbox 1364 3754 1570 3826; x_wconf 88' lang='lat' dir='ltr'><strong>probat</strong></span> <span class='ocrx_word' id='word_1_490' title='bbox 1591 3757 1806 3809; x_wconf 82' lang='lat' dir='ltr'><strong>Anato-</strong></span> 
     </span>
    </p>
   </div>
   <div class='ocr_carea' id='block_1_73' title="bbox 136 3843 1809 3915">
    <p class='ocr_par' dir='ltr' id='par_1_73' title="bbox 136 3843 1809 3915">
     <span class='ocr_line' id='line_1_73' title="bbox 136 3843 1809 3915; baseline -0.004 -11"><span class='ocrx_word' id='word_1_491' title='bbox 136 3849 269 3904; x_wconf 85' lang='lat' dir='ltr'><strong>lius</strong></span> <span class='ocrx_word' id='word_1_492' title='bbox 303 3844 1138 3909; x_wconf 85' lang='lat' dir='ltr'><strong>Alexandrinus,Laodicensis</strong></span> <span class='ocrx_word' id='word_1_493' title='bbox 1160 3843 1555 3915; x_wconf 88' lang='lat' dir='ltr'><strong>episcopus,in</strong></span> <span class='ocrx_word' id='word_1_494' title='bbox 1578 3843 1809 3898; x_wconf 87' lang='lat' dir='ltr'><strong>Canone</strong></span> 
     </span>
    </p>
   </div>
   <div class='ocr_carea' id='block_1_74' title="bbox 1906 3223 3561 3295">
    <p class='ocr_par' dir='ltr' id='par_1_74' title="bbox 1906 3223 3561 3295">
     <span class='ocr_line' id='line_1_74' title="bbox 1906 3223 3561 3295; baseline -0.001 -13"><span class='ocrx_word' id='word_1_495' title='bbox 1906 3242 2097 3283; x_wconf 85' lang='lat' dir='ltr'><strong>verum</strong></span> <span class='ocrx_word' id='word_1_496' title='bbox 2124 3240 2351 3292; x_wconf 87' lang='lat' dir='ltr'><strong>manna,</strong></span> <span class='ocrx_word' id='word_1_497' title='bbox 2382 3223 2596 3295; x_wconf 86' lang='lat' dir='ltr'><strong>quando</strong></span> <span class='ocrx_word' id='word_1_498' title='bbox 2630 3224 2908 3279; x_wconf 72' lang='lat' dir='ltr'><strong>benedixit</strong></span> <span class='ocrx_word' id='word_1_499' title='bbox 2934 3240 3132 3294; x_wconf 81' lang='lat' dir='ltr'><strong>panem</strong></span> <span class='ocrx_word' id='word_1_500' title='bbox 3160 3233 3211 3279; x_wconf 85' lang='lat' dir='ltr'><strong>et</strong></span> <span class='ocrx_word' id='word_1_501' title='bbox 3243 3226 3434 3280; x_wconf 82' lang='lat' dir='ltr'><strong>vinum</strong></span> <span class='ocrx_word' id='word_1_502' title='bbox 3472 3224 3561 3280; x_wconf 79' lang='lat' dir='ltr'><strong>di-</strong></span> 
     </span>
    </p>
   </div>
   <div class='ocr_carea' id='block_1_75' title="bbox 1908 3314 3270 3384">
    <p class='ocr_par' dir='ltr' id='par_1_75' title="bbox 1908 3314 3270 3384">
     <span class='ocr_line' id='line_1_75' title="bbox 1908 3314 3270 3384; baseline -0.001 -15"><span class='ocrx_word' id='word_1_503' title='bbox 1908 3332 2035 3372; x_wconf 86' lang='lat' dir='ltr'><strong>cens</strong></span> <span class='ocrx_word' id='word_1_504' title='bbox 2061 3332 2077 3369; x_wconf 91' lang='lat'><em>:</em></span> <span class='ocrx_word' id='word_1_505' title='bbox 2111 3315 2215 3368; x_wconf 84' lang='lat' dir='ltr'><strong>Hoc</strong></span> <span class='ocrx_word' id='word_1_506' title='bbox 2243 3321 2322 3368; x_wconf 85' lang='lat' dir='ltr'><strong>est</strong></span> <span class='ocrx_word' id='word_1_507' title='bbox 2339 3329 2532 3384; x_wconf 88' lang='lat' dir='ltr'><strong>corpus</strong></span> <span class='ocrx_word' id='word_1_508' title='bbox 2561 3329 2739 3367; x_wconf 91' lang='lat' dir='ltr'><strong>meum</strong></span> <span class='ocrx_word' id='word_1_509' title='bbox 2768 3320 2817 3367; x_wconf 80' lang='lat' dir='ltr'><strong>et</strong></span> <span class='ocrx_word' id='word_1_510' title='bbox 2846 3314 3072 3382; x_wconf 79' lang='lat' dir='ltr'><strong>sanguis</strong></span> <span class='ocrx_word' id='word_1_511' title='bbox 3097 3328 3270 3368; x_wconf 86' lang='lat' dir='ltr'><strong>meus.</strong></span> 
     </span>
    </p>
   </div>
   <div class='ocr_carea' id='block_1_76' title="bbox 1981 3399 3579 3472">
    <p class='ocr_par' dir='ltr' id='par_1_76' title="bbox 1981 3399 3579 3472">
     <span class='ocr_line' id='line_1_76' title="bbox 1981 3399 3579 3472; baseline -0.001 -14"><span class='ocrx_word' id='word_1_512' title='bbox 1981 3402 2140 3458; x_wconf 90' lang='lat' dir='ltr'><strong>Alter</strong></span> <span class='ocrx_word' id='word_1_513' title='bbox 2168 3405 2257 3458; x_wconf 90' lang='lat' dir='ltr'><strong>est</strong></span> <span class='ocrx_word' id='word_1_514' title='bbox 2282 3400 2576 3457; x_wconf 90' lang='lat' dir='ltr'><strong>Proterius</strong></span> <span class='ocrx_word' id='word_1_515' title='bbox 2607 3399 2801 3472; x_wconf 88' lang='lat' dir='ltr'><strong>Cyrilli</strong></span> <span class='ocrx_word' id='word_1_516' title='bbox 2835 3416 3140 3455; x_wconf 91' lang='lat' dir='ltr'><strong>successor</strong></span> <span class='ocrx_word' id='word_1_517' title='bbox 3169 3400 3291 3471; x_wconf 88' lang='lat' dir='ltr'><strong>qui,</strong></span> <span class='ocrx_word' id='word_1_518' title='bbox 3326 3418 3360 3455; x_wconf 90' lang='lat' dir='ltr'><strong>a</strong></span> <span class='ocrx_word' id='word_1_519' title='bbox 3403 3401 3579 3457; x_wconf 67' lang='lat' dir='ltr'><strong>Mar-n</strong></span> 
     </span>
    </p>
   </div>
   <div class='ocr_carea' id='block_1_77' title="bbox 1912 3487 3565 3563">
    <p class='ocr_par' dir='ltr' id='par_1_77' title="bbox 1912 3487 3565 3563">
     <span class='ocr_line' id='line_1_77' title="bbox 1912 3487 3565 3563; baseline -0.002 -15"><span class='ocrx_word' id='word_1_520' title='bbox 1912 3493 2080 3549; x_wconf 91' lang='lat' dir='ltr'><strong>ciano</strong></span> <span class='ocrx_word' id='word_1_521' title='bbox 2111 3493 2374 3563; x_wconf 89' lang='lat' dir='ltr'><strong>Augusto</strong></span> <span class='ocrx_word' id='word_1_522' title='bbox 2402 3489 2794 3559; x_wconf 88' lang='lat' dir='ltr'><strong>interrogatus</strong></span> <span class='ocrx_word' id='word_1_523' title='bbox 2845 3487 2915 3543; x_wconf 92' lang='lat' dir='ltr'><strong>de</strong></span> <span class='ocrx_word' id='word_1_524' title='bbox 2962 3488 3183 3543; x_wconf 86' lang='lat' dir='ltr'><strong>ratione</strong></span> <span class='ocrx_word' id='word_1_525' title='bbox 3230 3487 3565 3544; x_wconf 89' lang='lat' dir='ltr'><strong>celebrandi</strong></span> 
     </span>
    </p>
   </div>
   <div class='ocr_carea' id='block_1_78' title="bbox 1917 3576 3569 3649">
    <p class='ocr_par' dir='ltr' id='par_1_78' title="bbox 1917 3576 3569 3649">
     <span class='ocr_line' id='line_1_78' title="bbox 1917 3576 3569 3649; baseline -0.003 -12"><span class='ocrx_word' id='word_1_526' title='bbox 1917 3577 2241 3643; x_wconf 87' lang='lat' dir='ltr'><strong>Paschatis,</strong></span> <span class='ocrx_word' id='word_1_527' title='bbox 2296 3577 2599 3649; x_wconf 83' lang='lat' dir='ltr'><strong>respondit</strong></span> <span class='ocrx_word' id='word_1_528' title='bbox 2642 3576 2940 3632; x_wconf 87' lang='lat' dir='ltr'><strong>Christum</strong></span> <span class='ocrx_word' id='word_1_529' title='bbox 3011 3577 3322 3631; x_wconf 92' lang='lat' dir='ltr'><strong>Dominum</strong></span> <span class='ocrx_word' id='word_1_530' title='bbox 3371 3578 3569 3649; x_wconf 88' lang='lat' dir='ltr'><strong>quinta</strong></span> 
     </span>
    </p>
   </div>
   <div class='ocr_carea' id='block_1_79' title="bbox 1913 3666 3568 3744">
    <p class='ocr_par' dir='ltr' id='par_1_79' title="bbox 1913 3666 3568 3744">
     <span class='ocr_line' id='line_1_79' title="bbox 1913 3666 3568 3744; baseline 0.001 -20"><span class='ocrx_word' id='word_1_531' title='bbox 1913 3669 2083 3744; x_wconf 86' lang='lat' dir='ltr'><strong>feria,</strong></span> <span class='ocrx_word' id='word_1_532' title='bbox 2118 3666 2331 3722; x_wconf 86' lang='lat' dir='ltr'><strong>decima</strong></span> <span class='ocrx_word' id='word_1_533' title='bbox 2354 3669 2550 3737; x_wconf 88' lang='lat' dir='ltr'><strong>quarta</strong></span> <span class='ocrx_word' id='word_1_534' title='bbox 2582 3667 2715 3720; x_wconf 88' lang='lat' dir='ltr'><strong>luna</strong></span> <span class='ocrx_word' id='word_1_535' title='bbox 2746 3668 2949 3721; x_wconf 83' lang='lat' dir='ltr'><strong>mensis</strong></span> <span class='ocrx_word' id='word_1_536' title='bbox 2974 3670 3145 3738; x_wconf 82' lang='lat' dir='ltr'><strong>primi</strong></span> <span class='ocrx_word' id='word_1_537' title='bbox 3169 3669 3227 3723; x_wconf 92' lang='lat' dir='ltr'><strong>in</strong></span> <span class='ocrx_word' id='word_1_538' title='bbox 3270 3667 3568 3726; x_wconf 77' lang='lat' dir='ltr'><strong>caenaculo</strong></span> 
     </span>
    </p>
   </div>
   <div class='ocr_carea' id='block_1_80' title="bbox 1915 3755 3570 3830">
    <p class='ocr_par' dir='ltr' id='par_1_80' title="bbox 1915 3755 3570 3830">
     <span class='ocr_line' id='line_1_80' title="bbox 1915 3755 3570 3830; baseline 0.001 -17"><span class='ocrx_word' id='word_1_539' title='bbox 1915 3774 2048 3813; x_wconf 88' lang='lat' dir='ltr'><strong>cum</strong></span> <span class='ocrx_word' id='word_1_540' title='bbox 2072 3755 2379 3827; x_wconf 90' lang='lat' dir='ltr'><strong>discipulis</strong></span> <span class='ocrx_word' id='word_1_541' title='bbox 2408 3755 2631 3810; x_wconf 86' lang='lat' dir='ltr'><strong>Pascha</strong></span> <span class='ocrx_word' id='word_1_542' title='bbox 2658 3755 2919 3827; x_wconf 82' lang='lat' dir='ltr'><strong>typicum</strong></span> <span class='ocrx_word' id='word_1_543' title='bbox 2954 3758 3363 3828; x_wconf 87' lang='lat' dir='ltr'><strong>manducasse,</strong></span> <span class='ocrx_word' id='word_1_544' title='bbox 3396 3757 3570 3830; x_wconf 88' lang='lat' dir='ltr'><strong>paulo</strong></span> 
     </span>
    </p>
   </div>
   <div class='ocr_carea' id='block_1_81' title="bbox 1917 3844 3578 3921">
    <p class='ocr_par' dir='ltr' id='par_1_81' title="bbox 1917 3844 3578 3921">
     <span class='ocr_line' id='line_1_81' title="bbox 1917 3844 3578 3921; baseline 0 -18"><span class='ocrx_word' id='word_1_545' title='bbox 1917 3849 2050 3921; x_wconf 89' lang='lat' dir='ltr'><strong>post</strong></span> <span class='ocrx_word' id='word_1_546' title='bbox 2077 3862 2111 3901; x_wconf 90' lang='lat' dir='ltr'><strong>a</strong></span> <span class='ocrx_word' id='word_1_547' title='bbox 2135 3845 2165 3901; x_wconf 93' lang='lat' dir='ltr'><strong>J</strong></span> <span class='ocrx_word' id='word_1_548' title='bbox 2176 3844 2291 3899; x_wconf 90' lang='lat' dir='ltr'><strong>uda</strong></span> <span class='ocrx_word' id='word_1_549' title='bbox 2319 3844 2612 3916; x_wconf 86' lang='lat' dir='ltr'><strong>proditore</strong></span> <span class='ocrx_word' id='word_1_550' title='bbox 2632 3844 2778 3899; x_wconf 91' lang='lat' dir='ltr'><strong>tradi</strong></span> <span class='ocrx_word' id='word_1_551' title='bbox 2788 3848 3069 3900; x_wconf 85' lang='lat' dir='ltr'><strong>tum.Hac</strong></span> <span class='ocrx_word' id='word_1_552' title='bbox 3083 3847 3372 3902; x_wconf 87' lang='lat' dir='ltr'><strong>sententia</strong></span> <span class='ocrx_word' id='word_1_553' title='bbox 3391 3847 3578 3903; x_wconf 86' lang='lat' dir='ltr'><strong>Theo-</strong></span> 
     </span>
    </p>
   </div>
   <div class='ocr_carea' id='block_1_82' title="bbox 140 3931 3574 4010">
    <p class='ocr_par' dir='ltr' id='par_1_82' title="bbox 140 3931 3574 4010">
     <span class='ocr_line' id='line_1_82' title="bbox 140 3931 3574 4010; baseline -0.001 -16"><span class='ocrx_word' id='word_1_554' title='bbox 140 3933 450 4002; x_wconf 84' lang='lat' dir='ltr'><strong>Paschali,</strong></span> <span class='ocrx_word' id='word_1_555' title='bbox 511 3934 824 3990; x_wconf 89' lang='lat' dir='ltr'><strong>ostendens</strong></span> <span class='ocrx_word' id='word_1_556' title='bbox 879 3949 978 3988; x_wconf 90' lang='lat' dir='ltr'><strong>eos</strong></span> <span class='ocrx_word' id='word_1_557' title='bbox 1042 3937 1195 3988; x_wconf 87' lang='lat' dir='ltr'><strong>recte</strong></span> <span class='ocrx_word' id='word_1_558' title='bbox 1248 3932 1493 3988; x_wconf 89' lang='lat' dir='ltr'><strong>Joannis</strong></span> <span class='ocrx_word' id='word_1_559' title='bbox 1548 3931 1812 4005; x_wconf 86' lang='lat' dir='ltr'><strong>exemplo</strong></span> <span class='ocrx_word' id='word_1_560' title='bbox 1868 3933 2314 4010; x_wconf 65' lang='lat' dir='ltr'><strong>,-philii,Cyrilli</strong></span> <span class='ocrx_word' id='word_1_561' title='bbox 2353 3938 2411 3989; x_wconf 91' lang='lat' dir='ltr'><strong>et</strong></span> <span class='ocrx_word' id='word_1_562' title='bbox 2449 3932 3289 4003; x_wconf 84' lang='lat' dir='ltr'><strong>Proteri,Alexandrininorum</strong></span> <span class='ocrx_word' id='word_1_563' title='bbox 3318 3936 3574 4007; x_wconf 90' lang='lat' dir='ltr'><strong>patriar-</strong></span> 
     </span>
    </p>
   </div>
   <div class='ocr_carea' id='block_1_83' title="bbox 140 4021 3574 4095">
    <p class='ocr_par' dir='ltr' id='par_1_83' title="bbox 140 4021 3574 4095">
     <span class='ocr_line' id='line_1_83' title="bbox 140 4021 3574 4095; baseline -0.001 -11"><span class='ocrx_word' id='word_1_564' title='bbox 140 4025 387 4083; x_wconf 89' lang='lat' dir='ltr'><strong>Pascha</strong></span> <span class='ocrx_word' id='word_1_565' title='bbox 416 4023 706 4079; x_wconf 87' lang='lat' dir='ltr'><strong>celebrare</strong></span> <span class='ocrx_word' id='word_1_566' title='bbox 736 4021 1070 4095; x_wconf 87' lang='lat' dir='ltr'><strong>quotannis,</strong></span> <span class='ocrx_word' id='word_1_567' title='bbox 1117 4022 1332 4092; x_wconf 86' lang='lat' dir='ltr'><strong>quando</strong></span> <span class='ocrx_word' id='word_1_568' title='bbox 1361 4030 1559 4093; x_wconf 87' lang='lat' dir='ltr'><strong>quarta</strong></span> <span class='ocrx_word' id='word_1_569' title='bbox 1604 4022 1816 4077; x_wconf 83' lang='lat' dir='ltr'><strong>decima</strong></span> <span class='ocrx_word' id='word_1_570' title='bbox 1924 4022 2306 4091; x_wconf 89' lang='lat' dir='ltr'><strong>charum,hac</strong></span> <span class='ocrx_word' id='word_1_571' title='bbox 2328 4023 2387 4076; x_wconf 91' lang='lat' dir='ltr'><strong>in</strong></span> <span class='ocrx_word' id='word_1_572' title='bbox 2411 4039 2550 4078; x_wconf 91' lang='lat' dir='ltr'><strong>reeo</strong></span> <span class='ocrx_word' id='word_1_573' title='bbox 2573 4022 2815 4093; x_wconf 86' lang='lat' dir='ltr'><strong>majoris</strong></span> <span class='ocrx_word' id='word_1_574' title='bbox 2837 4030 2925 4079; x_wconf 85' lang='lat' dir='ltr'><strong>est</strong></span> <span class='ocrx_word' id='word_1_575' title='bbox 2946 4024 3403 4095; x_wconf 88' lang='lat' dir='ltr'><strong>ponderis,quod</strong></span> <span class='ocrx_word' id='word_1_576' title='bbox 3422 4023 3574 4079; x_wconf 89' lang='lat' dir='ltr'><strong>anti-</strong></span> 
     </span>
    </p>
   </div>
   <div class='ocr_carea' id='block_1_84' title="bbox 142 4109 3581 4201">
    <p class='ocr_par' dir='ltr' id='par_1_84' title="bbox 142 4109 3581 4201">
     <span class='ocr_line' id='line_1_84' title="bbox 142 4109 3581 4201; baseline -0.001 -30"><span class='ocrx_word' id='word_1_577' title='bbox 142 4115 373 4171; x_wconf 88' lang='lat' dir='ltr'><strong>lunatio</strong></span> <span class='ocrx_word' id='word_1_578' title='bbox 402 4112 681 4183; x_wconf 78' lang='lat' dir='ltr'><strong>adfuisset,</strong></span> <span class='ocrx_word' id='word_1_579' title='bbox 706 4119 757 4166; x_wconf 89' lang='lat' dir='ltr'><strong>et</strong></span> <span class='ocrx_word' id='word_1_580' title='bbox 785 4127 964 4182; x_wconf 88' lang='lat' dir='ltr'><strong>agnus</strong></span> <span class='ocrx_word' id='word_1_581' title='bbox 994 4109 1139 4182; x_wconf 87' lang='lat' dir='ltr'><strong>apud</strong></span> <span class='ocrx_word' id='word_1_582' title='bbox 1166 4109 1380 4201; x_wconf 74' lang='lat' dir='ltr'><strong>Judaos</strong></span> <span class='ocrx_word' id='word_1_583' title='bbox 1410 4111 1816 4201; x_wconf 59' lang='lat' dir='ltr'><strong>immolaretur,</strong></span> <span class='ocrx_word' id='word_1_584' title='bbox 1926 4113 2025 4187; x_wconf 89' lang='lat' dir='ltr'><strong>qui</strong></span> <span class='ocrx_word' id='word_1_585' title='bbox 2049 4114 2246 4168; x_wconf 89' lang='lat' dir='ltr'><strong>Patres</strong></span> <span class='ocrx_word' id='word_1_586' title='bbox 2260 4111 2884 4201; x_wconf 84' lang='lat' dir='ltr'><strong>statuendiquotannis</strong></span> <span class='ocrx_word' id='word_1_587' title='bbox 2907 4113 3198 4183; x_wconf 78' lang='lat' dir='ltr'><strong>paschalis</strong></span> <span class='ocrx_word' id='word_1_588' title='bbox 3220 4112 3349 4169; x_wconf 79' lang='lat' dir='ltr'><strong>festi</strong></span> <span class='ocrx_word' id='word_1_589' title='bbox 3364 4128 3581 4169; x_wconf 84' lang='lat' dir='ltr'><strong>omnem</strong></span> 
     </span>
    </p>
   </div>
   <div class='ocr_carea' id='block_1_85' title="bbox 143 4198 3584 4273">
    <p class='ocr_par' dir='ltr' id='par_1_85' title="bbox 143 4198 3584 4273">
     <span class='ocr_line' id='line_1_85' title="bbox 143 4198 3584 4273; baseline 0 -16"><span class='ocrx_word' id='word_1_590' title='bbox 143 4220 263 4261; x_wconf 86' lang='lat' dir='ltr'><strong>non</strong></span> <span class='ocrx_word' id='word_1_591' title='bbox 300 4203 704 4273; x_wconf 88' lang='lat' dir='ltr'><strong>acquiescentes</strong></span> <span class='ocrx_word' id='word_1_592' title='bbox 732 4201 1048 4256; x_wconf 84' lang='lat' dir='ltr'><strong>auctoritati</strong></span> <span class='ocrx_word' id='word_1_593' title='bbox 1075 4198 1454 4270; x_wconf 87' lang='lat' dir='ltr'><strong>quorumdam,</strong></span> <span class='ocrx_word' id='word_1_594' title='bbox 1487 4198 1542 4252; x_wconf 87' lang='lat' dir='ltr'><strong>id</strong></span> <span class='ocrx_word' id='word_1_595' title='bbox 1562 4206 1638 4253; x_wconf 87' lang='lat' dir='ltr'><strong>est</strong></span> <span class='ocrx_word' id='word_1_596' title='bbox 1663 4198 1821 4257; x_wconf 82' lang='lat' dir='ltr'><strong>Petri</strong></span> <span class='ocrx_word' id='word_1_597' title='bbox 1927 4219 2121 4259; x_wconf 86' lang='lat' dir='ltr'><strong>curam</strong></span> <span class='ocrx_word' id='word_1_598' title='bbox 2178 4200 2559 4256; x_wconf 70' lang='lat' dir='ltr'><strong>Alexandrino</strong></span> <span class='ocrx_word' id='word_1_599' title='bbox 2608 4202 2850 4272; x_wconf 82' lang='lat' dir='ltr'><strong>episcopo</strong></span> <span class='ocrx_word' id='word_1_600' title='bbox 2904 4202 3249 4273; x_wconf 76' lang='lat' dir='ltr'><strong>delegerunt,</strong></span> <span class='ocrx_word' id='word_1_601' title='bbox 3298 4202 3584 4259; x_wconf 84' lang='lat' dir='ltr'><strong>referente</strong></span> 
     </span>
    </p>
   </div>
   <div class='ocr_carea' id='block_1_86' title="bbox 147 4288 3586 4367">
    <p class='ocr_par' dir='ltr' id='par_1_86' title="bbox 147 4288 3586 4367">
     <span class='ocr_line' id='line_1_86' title="bbox 147 4288 3586 4367; baseline 0 -19"><span class='ocrx_word' id='word_1_602' title='bbox 147 4310 183 4348; x_wconf 91' lang='lat' dir='ltr'><strong>a</strong></span> <span class='ocrx_word' id='word_1_603' title='bbox 210 4292 396 4348; x_wconf 86' lang='lat' dir='ltr'><strong>Pauli</strong></span> <span class='ocrx_word' id='word_1_604' title='bbox 421 4305 807 4367; x_wconf 71' lang='lat' dir='ltr'><strong>successorum,</strong></span> <span class='ocrx_word' id='word_1_605' title='bbox 842 4288 899 4344; x_wconf 88' lang='lat' dir='ltr'><strong>id</strong></span> <span class='ocrx_word' id='word_1_606' title='bbox 943 4292 1023 4344; x_wconf 87' lang='lat' dir='ltr'><strong>est</strong></span> <span class='ocrx_word' id='word_1_607' title='bbox 1068 4288 1390 4359; x_wconf 76' lang='lat' dir='ltr'><strong>pontiﬁcum</strong></span> <span class='ocrx_word' id='word_1_608' title='bbox 1432 4288 1821 4358; x_wconf 83' lang='lat' dir='ltr'><strong>Romanorum,</strong></span> <span class='ocrx_word' id='word_1_609' title='bbox 1930 4290 2137 4347; x_wconf 89' lang='lat' dir='ltr'><strong>Leonis</strong></span> <span class='ocrx_word' id='word_1_610' title='bbox 2168 4308 2329 4362; x_wconf 82' lang='lat' dir='ltr'><strong>papa</strong></span> <span class='ocrx_word' id='word_1_611' title='bbox 2360 4289 2530 4362; x_wconf 89' lang='lat' dir='ltr'><strong>primi</strong></span> <span class='ocrx_word' id='word_1_612' title='bbox 2564 4289 2810 4361; x_wconf 87' lang='lat' dir='ltr'><strong>epistola</strong></span> <span class='ocrx_word' id='word_1_613' title='bbox 2830 4290 2901 4345; x_wconf 91' lang='lat' dir='ltr'><strong>ad</strong></span> <span class='ocrx_word' id='word_1_614' title='bbox 2922 4290 3586 4361; x_wconf 80' lang='lat' dir='ltr'><strong>Marcianuszuoniam</strong></span> 
     </span>
    </p>
   </div>
   <div class='ocr_carea' id='block_1_87' title="bbox 68 4377 3663 4456">
    <p class='ocr_par' dir='ltr' id='par_1_87' title="bbox 68 4377 3663 4456">
     <span class='ocr_line' id='line_1_87' title="bbox 68 4377 3663 4456; baseline 0.001 -21"><span class='ocrx_word' id='word_1_615' title='bbox 68 4418 83 4435; x_wconf 88' lang='lat'><strong>.</strong></span> <span class='ocrx_word' id='word_1_616' title='bbox 147 4384 256 4456; x_wconf 89' lang='lat' dir='ltr'><strong>qui</strong></span> <span class='ocrx_word' id='word_1_617' title='bbox 288 4396 482 4437; x_wconf 89' lang='lat' dir='ltr'><strong>omnes</strong></span> <span class='ocrx_word' id='word_1_618' title='bbox 511 4379 776 4435; x_wconf 88' lang='lat' dir='ltr'><strong>Eeelesias</strong></span> <span class='ocrx_word' id='word_1_619' title='bbox 824 4380 884 4434; x_wconf 88' lang='lat' dir='ltr'><strong>in</strong></span> <span class='ocrx_word' id='word_1_620' title='bbox 931 4379 1124 4451; x_wconf 81' lang='lat' dir='ltr'><strong>quibus</strong></span> <span class='ocrx_word' id='word_1_621' title='bbox 1172 4378 1493 4449; x_wconf 87' lang='lat' dir='ltr'><strong>spiritualia</strong></span> <span class='ocrx_word' id='word_1_622' title='bbox 1538 4377 1826 4446; x_wconf 83' lang='lat' dir='ltr'><strong>Evangelii</strong></span> <span class='ocrx_word' id='word_1_623' title='bbox 1932 4381 2077 4452; x_wconf 88' lang='lat' dir='ltr'><strong>apud</strong></span> <span class='ocrx_word' id='word_1_624' title='bbox 2106 4381 2385 4452; x_wconf 59' lang='lat' dir='ltr'><strong>Egyptios</strong></span> <span class='ocrx_word' id='word_1_625' title='bbox 2415 4380 2579 4445; x_wconf 75' lang='lat' dir='ltr'><strong>huius</strong></span> <span class='ocrx_word' id='word_1_626' title='bbox 2610 4381 3016 4452; x_wconf 86' lang='lat' dir='ltr'><strong>supputationis</strong></span> <span class='ocrx_word' id='word_1_627' title='bbox 3045 4384 3354 4455; x_wconf 87' lang='lat' dir='ltr'><strong>antiquitus</strong></span> <span class='ocrx_word' id='word_1_628' title='bbox 3377 4381 3588 4438; x_wconf 84' lang='lat' dir='ltr'><strong>tradita</strong></span> <span class='ocrx_word' id='word_1_629' title='bbox 3660 4430 3663 4437; x_wconf 97' lang='lat'><strong>.</strong></span> 
     </span>
    </p>
   </div>
   <div class='ocr_carea' id='block_1_88' title="bbox 149 4467 3590 4549">
    <p class='ocr_par' dir='ltr' id='par_1_88' title="bbox 149 4467 3590 4549">
     <span class='ocr_line' id='line_1_88' title="bbox 149 4467 3590 4549; baseline 0 -22"><span class='ocrx_word' id='word_1_630' title='bbox 149 4471 388 4527; x_wconf 87' lang='lat' dir='ltr'><strong>semina</strong></span> <span class='ocrx_word' id='word_1_631' title='bbox 414 4474 684 4535; x_wconf 84' lang='lat' dir='ltr'><strong>severunt,</strong></span> <span class='ocrx_word' id='word_1_632' title='bbox 716 4468 1115 4523; x_wconf 84' lang='lat' dir='ltr'><strong>solemnitatem</strong></span> <span class='ocrx_word' id='word_1_633' title='bbox 1152 4467 1564 4522; x_wconf 87' lang='lat' dir='ltr'><strong>resurrectionis</strong></span> <span class='ocrx_word' id='word_1_634' title='bbox 1606 4467 1830 4521; x_wconf 88' lang='lat' dir='ltr'><strong>Domini</strong></span> <span class='ocrx_word' id='word_1_635' title='bbox 1858 4484 1906 4549; x_wconf 75' lang='grc' dir='ltr'><strong>Ι)</strong></span> <span class='ocrx_word' id='word_1_636' title='bbox 1936 4469 2219 4526; x_wconf 86' lang='lat' dir='ltr'><strong>videbatur</strong></span> <span class='ocrx_word' id='word_1_637' title='bbox 2247 4484 2359 4523; x_wconf 84' lang='lat' dir='ltr'><strong>esse</strong></span> <span class='ocrx_word' id='word_1_638' title='bbox 2387 4469 2609 4540; x_wconf 87' lang='lat' dir='ltr'><strong>peritia,</strong></span> <span class='ocrx_word' id='word_1_639' title='bbox 2656 4484 2757 4539; x_wconf 87' lang='lat' dir='ltr'><strong>per</strong></span> <span class='ocrx_word' id='word_1_640' title='bbox 2798 4486 2964 4539; x_wconf 86' lang='lat' dir='ltr'><strong>quam</strong></span> <span class='ocrx_word' id='word_1_641' title='bbox 3007 4473 3103 4540; x_wconf 89' lang='lat' dir='ltr'><strong>qui</strong></span> <span class='ocrx_word' id='word_1_642' title='bbox 3150 4473 3311 4527; x_wconf 85' lang='lat' dir='ltr'><strong>annis</strong></span> <span class='ocrx_word' id='word_1_643' title='bbox 3352 4472 3590 4543; x_wconf 84' lang='lat' dir='ltr'><strong>singulis</strong></span> 
     </span>
    </p>
   </div>
   <div class='ocr_carea' id='block_1_89' title="bbox 149 4552 3594 4631">
    <p class='ocr_par' dir='ltr' id='par_1_89' title="bbox 149 4552 3594 4631">
     <span class='ocr_line' id='line_1_89' title="bbox 149 4552 3594 4631; baseline 0.001 -16"><span class='ocrx_word' id='word_1_644' title='bbox 149 4561 217 4615; x_wconf 85' lang='lat' dir='ltr'><strong>in</strong></span> <span class='ocrx_word' id='word_1_645' title='bbox 270 4557 369 4612; x_wconf 89' lang='lat' dir='ltr'><strong>die</strong></span> <span class='ocrx_word' id='word_1_646' title='bbox 413 4559 629 4612; x_wconf 80' lang='lat' dir='ltr'><strong>tantum</strong></span> <span class='ocrx_word' id='word_1_647' title='bbox 657 4556 942 4612; x_wconf 89' lang='lat' dir='ltr'><strong>Dominiea</strong></span> <span class='ocrx_word' id='word_1_648' title='bbox 986 4555 1253 4611; x_wconf 86' lang='lat' dir='ltr'><strong>celebrari</strong></span> <span class='ocrx_word' id='word_1_649' title='bbox 1298 4554 1615 4610; x_wconf 87' lang='lat' dir='ltr'><strong>docuerunt.</strong></span> <span class='ocrx_word' id='word_1_650' title='bbox 1656 4552 1832 4609; x_wconf 89' lang='lat' dir='ltr'><strong>Nulla</strong></span> <span class='ocrx_word' id='word_1_651' title='bbox 1938 4558 2051 4614; x_wconf 89' lang='lat' dir='ltr'><strong>dies</strong></span> <span class='ocrx_word' id='word_1_652' title='bbox 2094 4557 2378 4628; x_wconf 71' lang='lat' dir='ltr'><strong>pradicta</strong></span> <span class='ocrx_word' id='word_1_653' title='bbox 2421 4558 2782 4611; x_wconf 86' lang='lat' dir='ltr'><strong>solemuitatis</strong></span> <span class='ocrx_word' id='word_1_654' title='bbox 2827 4561 3083 4627; x_wconf 85' lang='lat' dir='ltr'><strong>eveniret,</strong></span> <span class='ocrx_word' id='word_1_655' title='bbox 3116 4561 3231 4615; x_wconf 87' lang='lat' dir='ltr'><strong>sedi</strong></span> <span class='ocrx_word' id='word_1_656' title='bbox 3283 4563 3594 4631; x_wconf 69' lang='lat' dir='ltr'><strong>apostolica</strong></span> 
     </span>
    </p>
   </div>
   <div class='ocr_carea' id='block_1_90' title="bbox 150 4643 3599 4719">
    <p class='ocr_par' dir='ltr' id='par_1_90' title="bbox 150 4643 3599 4719">
     <span class='ocr_line' id='line_1_90' title="bbox 150 4643 3599 4719; baseline 0 -16"><span class='ocrx_word' id='word_1_657' title='bbox 150 4663 302 4704; x_wconf 85' lang='lat' dir='ltr'><strong>vero</strong></span> <span class='ocrx_word' id='word_1_658' title='bbox 338 4661 520 4701; x_wconf 86' lang='lat' dir='ltr'><strong>causa</strong></span> <span class='ocrx_word' id='word_1_659' title='bbox 551 4645 780 4702; x_wconf 84' lang='lat' dir='ltr'><strong>videtur</strong></span> <span class='ocrx_word' id='word_1_660' title='bbox 825 4661 928 4699; x_wconf 89' lang='lat' dir='ltr'><strong>cur</strong></span> <span class='ocrx_word' id='word_1_661' title='bbox 973 4643 1211 4699; x_wconf 85' lang='lat' dir='ltr'><strong>Asiatici</strong></span> <span class='ocrx_word' id='word_1_662' title='bbox 1264 4647 1566 4715; x_wconf 88' lang='lat' dir='ltr'><strong>tantopere</strong></span> <span class='ocrx_word' id='word_1_663' title='bbox 1610 4659 1833 4699; x_wconf 90' lang='lat' dir='ltr'><strong>morem</strong></span> <span class='ocrx_word' id='word_1_664' title='bbox 1942 4646 2301 4712; x_wconf 88' lang='lat' dir='ltr'><strong>indicaretur,</strong></span> <span class='ocrx_word' id='word_1_665' title='bbox 2320 4652 2379 4699; x_wconf 86' lang='lat' dir='ltr'><strong>ut</strong></span> <span class='ocrx_word' id='word_1_666' title='bbox 2405 4644 2567 4714; x_wconf 82' lang='lat' dir='ltr'><strong>hujus</strong></span> <span class='ocrx_word' id='word_1_667' title='bbox 2593 4646 2867 4715; x_wconf 82' lang='lat' dir='ltr'><strong>scriptiad</strong></span> <span class='ocrx_word' id='word_1_668' title='bbox 2898 4646 3303 4719; x_wconf 87' lang='lat' dir='ltr'><strong>longinquiores</strong></span> <span class='ocrx_word' id='word_1_669' title='bbox 3334 4650 3599 4703; x_wconf 72' lang='lat' dir='ltr'><strong>Ecclesia:</strong></span> 
     </span>
    </p>
   </div>
   <div class='ocr_carea' id='block_1_91' title="bbox 152 4732 3602 4808">
    <p class='ocr_par' dir='ltr' id='par_1_91' title="bbox 152 4732 3602 4808">
     <span class='ocr_line' id='line_1_91' title="bbox 152 4732 3602 4808; baseline -0.001 -14"><span class='ocrx_word' id='word_1_670' title='bbox 152 4751 355 4794; x_wconf 86' lang='lat' dir='ltr'><strong>suum</strong></span> <span class='ocrx_word' id='word_1_671' title='bbox 389 4733 641 4789; x_wconf 91' lang='lat' dir='ltr'><strong>retinere</strong></span> <span class='ocrx_word' id='word_1_672' title='bbox 673 4732 1026 4802; x_wconf 90' lang='lat' dir='ltr'><strong>studuerint,</strong></span> <span class='ocrx_word' id='word_1_673' title='bbox 1060 4733 1173 4787; x_wconf 89' lang='lat' dir='ltr'><strong>nisi</strong></span> <span class='ocrx_word' id='word_1_674' title='bbox 1201 4732 1354 4804; x_wconf 83' lang='lat' dir='ltr'><strong>quod</strong></span> <span class='ocrx_word' id='word_1_675' title='bbox 1386 4732 1683 4788; x_wconf 82' lang='lat' dir='ltr'><strong>Christum</strong></span> <span class='ocrx_word' id='word_1_676' title='bbox 1707 4732 1838 4804; x_wconf 89' lang='lat' dir='ltr'><strong>ipsa</strong></span> <span class='ocrx_word' id='word_1_677' title='bbox 1937 4735 2211 4808; x_wconf 86' lang='lat' dir='ltr'><strong>judicium</strong></span> <span class='ocrx_word' id='word_1_678' title='bbox 2252 4734 2584 4802; x_wconf 77' lang='lat' dir='ltr'><strong>generaliter</strong></span> <span class='ocrx_word' id='word_1_679' title='bbox 2626 4743 2989 4803; x_wconf 85' lang='lat' dir='ltr'><strong>percurreret.</strong></span> <span class='ocrx_word' id='word_1_680' title='bbox 3028 4735 3145 4790; x_wconf 81' lang='lat' dir='ltr'><strong>Hac</strong></span> <span class='ocrx_word' id='word_1_681' title='bbox 3192 4736 3346 4790; x_wconf 89' lang='lat' dir='ltr'><strong>enim</strong></span> <span class='ocrx_word' id='word_1_682' title='bbox 3393 4735 3602 4805; x_wconf 84' lang='lat' dir='ltr'><strong>peritia</strong></span> 
     </span>
    </p>
   </div>
   <div class='ocr_carea' id='block_1_92' title="bbox 154 4819 3600 4895">
    <p class='ocr_par' dir='ltr' id='par_1_92' title="bbox 154 4819 3600 4895">
     <span class='ocr_line' id='line_1_92' title="bbox 154 4819 3600 4895; baseline -0 -14"><span class='ocrx_word' id='word_1_683' title='bbox 154 4824 261 4881; x_wconf 91' lang='lat' dir='ltr'><strong>die</strong></span> <span class='ocrx_word' id='word_1_684' title='bbox 293 4822 459 4878; x_wconf 90' lang='lat' dir='ltr'><strong>luna</strong></span> <span class='ocrx_word' id='word_1_685' title='bbox 491 4825 702 4895; x_wconf 86' lang='lat' dir='ltr'><strong>quarta</strong></span> <span class='ocrx_word' id='word_1_686' title='bbox 725 4821 952 4877; x_wconf 89' lang='lat' dir='ltr'><strong>decima</strong></span> <span class='ocrx_word' id='word_1_687' title='bbox 983 4821 1055 4877; x_wconf 90' lang='lat' dir='ltr'><strong>ad</strong></span> <span class='ocrx_word' id='word_1_688' title='bbox 1087 4819 1230 4892; x_wconf 85' lang='lat' dir='ltr'><strong>legis</strong></span> <span class='ocrx_word' id='word_1_689' title='bbox 1263 4821 1669 4893; x_wconf 75' lang='lat' dir='ltr'><strong>praescriptum</strong></span> <span class='ocrx_word' id='word_1_690' title='bbox 1700 4821 1839 4876; x_wconf 86' lang='lat' dir='ltr'><strong>Pas-</strong></span> <span class='ocrx_word' id='word_1_691' title='bbox 1948 4822 2113 4880; x_wconf 83' lang='lat' dir='ltr'><strong>facile</strong></span> <span class='ocrx_word' id='word_1_692' title='bbox 2134 4821 2319 4876; x_wconf 89' lang='lat' dir='ltr'><strong>edocti</strong></span> <span class='ocrx_word' id='word_1_693' title='bbox 2340 4826 2505 4876; x_wconf 89' lang='lat' dir='ltr'><strong>erant</strong></span> <span class='ocrx_word' id='word_1_694' title='bbox 2521 4821 2745 4892; x_wconf 87' lang='lat' dir='ltr'><strong>quodie</strong></span> <span class='ocrx_word' id='word_1_695' title='bbox 2768 4820 3071 4877; x_wconf 87' lang='lat' dir='ltr'><strong>incidisset</strong></span> <span class='ocrx_word' id='word_1_696' title='bbox 3093 4822 3361 4895; x_wconf 88' lang='lat' dir='ltr'><strong>paschale</strong></span> <span class='ocrx_word' id='word_1_697' title='bbox 3383 4823 3600 4880; x_wconf 85' lang='lat' dir='ltr'><strong>festum</strong></span> 
     </span>
    </p>
   </div>
   <div class='ocr_carea' id='block_1_93' title="bbox 155 4908 3600 4984">
    <p class='ocr_par' dir='ltr' id='par_1_93' title="bbox 155 4908 3600 4984">
     <span class='ocr_line' id='line_1_93' title="bbox 155 4908 3600 4984; baseline -0.001 -15"><span class='ocrx_word' id='word_1_698' title='bbox 155 4913 281 4971; x_wconf 87' lang='lat' dir='ltr'><strong>cha</strong></span> <span class='ocrx_word' id='word_1_699' title='bbox 315 4909 627 4984; x_wconf 88' lang='lat' dir='ltr'><strong>peregisse</strong></span> <span class='ocrx_word' id='word_1_700' title='bbox 652 4927 719 4965; x_wconf 84' lang='lat' dir='ltr'><strong>ex</strong></span> <span class='ocrx_word' id='word_1_701' title='bbox 751 4910 1073 4981; x_wconf 88' lang='lat' dir='ltr'><strong>majoribus</strong></span> <span class='ocrx_word' id='word_1_702' title='bbox 1105 4910 1484 4981; x_wconf 89' lang='lat' dir='ltr'><strong>accepissent.</strong></span> <span class='ocrx_word' id='word_1_703' title='bbox 1950 4929 2015 4968; x_wconf 90' lang='lat' dir='ltr'><strong>eo</strong></span> <span class='ocrx_word' id='word_1_704' title='bbox 2047 4926 2200 4966; x_wconf 89' lang='lat' dir='ltr'><strong>anno</strong></span> <span class='ocrx_word' id='word_1_705' title='bbox 2233 4926 2348 4981; x_wconf 93' lang='lat' dir='ltr'><strong>quo</strong></span> <span class='ocrx_word' id='word_1_706' title='bbox 2379 4909 2648 4965; x_wconf 88' lang='lat' dir='ltr'><strong>Christus</strong></span> <span class='ocrx_word' id='word_1_707' title='bbox 2670 4916 2995 4965; x_wconf 84' lang='lat' dir='ltr'><strong>extremum</strong></span> <span class='ocrx_word' id='word_1_708' title='bbox 3026 4911 3245 4966; x_wconf 86' lang='lat' dir='ltr'><strong>Pascha</strong></span> <span class='ocrx_word' id='word_1_709' title='bbox 3266 4908 3600 4967; x_wconf 88' lang='lat' dir='ltr'><strong>celebravit.</strong></span> 
     </span>
    </p>
   </div>
   <div class='ocr_carea' id='block_1_94' title="bbox 241 4997 3603 5070">
    <p class='ocr_par' dir='ltr' id='par_1_94' title="bbox 241 4997 3603 5070">
     <span class='ocr_line' id='line_1_94' title="bbox 241 4997 3603 5070; baseline 0 -13"><span class='ocrx_word' id='word_1_710' title='bbox 241 5001 315 5057; x_wconf 90' lang='lat' dir='ltr'><strong>In</strong></span> <span class='ocrx_word' id='word_1_711' title='bbox 352 5000 562 5055; x_wconf 88' lang='lat' dir='ltr'><strong>eadem</strong></span> <span class='ocrx_word' id='word_1_712' title='bbox 591 5003 859 5054; x_wconf 87' lang='lat' dir='ltr'><strong>versatur</strong></span> <span class='ocrx_word' id='word_1_713' title='bbox 900 4997 1191 5054; x_wconf 90' lang='lat' dir='ltr'><strong>sententia</strong></span> <span class='ocrx_word' id='word_1_714' title='bbox 1239 4998 1518 5070; x_wconf 89' lang='lat' dir='ltr'><strong>Origenes</strong></span> <span class='ocrx_word' id='word_1_715' title='bbox 1568 4998 1842 5055; x_wconf 89' lang='lat' dir='ltr'><strong>Tractatu</strong></span> <span class='ocrx_word' id='word_1_716' title='bbox 2022 5001 2103 5055; x_wconf 85' lang='lat' dir='ltr'><strong>Ex</strong></span> <span class='ocrx_word' id='word_1_717' title='bbox 2132 4998 2225 5054; x_wconf 91' lang='lat' dir='ltr'><strong>his</strong></span> <span class='ocrx_word' id='word_1_718' title='bbox 2256 5015 2372 5054; x_wconf 89' lang='lat' dir='ltr'><strong>non</strong></span> <span class='ocrx_word' id='word_1_719' title='bbox 2400 4998 2693 5054; x_wconf 88' lang='lat' dir='ltr'><strong>immerito</strong></span> <span class='ocrx_word' id='word_1_720' title='bbox 2733 4998 3061 5069; x_wconf 83' lang='lat' dir='ltr'><strong>colligimus</strong></span> <span class='ocrx_word' id='word_1_721' title='bbox 3104 5016 3238 5054; x_wconf 87' lang='lat' dir='ltr'><strong>cum</strong></span> <span class='ocrx_word' id='word_1_722' title='bbox 3271 4999 3495 5068; x_wconf 90' lang='lat' dir='ltr'><strong>Photio,</strong></span> <span class='ocrx_word' id='word_1_723' title='bbox 3541 4999 3603 5057; x_wconf 90' lang='lat' dir='ltr'><strong>in</strong></span> 
     </span>
    </p>
   </div>
   <div class='ocr_carea' id='block_1_95' title="bbox 155 5085 3606 5158">
    <p class='ocr_par' dir='ltr' id='par_1_95' title="bbox 155 5085 3606 5158">
     <span class='ocr_line' id='line_1_95' title="bbox 155 5085 3606 5158; baseline -0.001 -10"><span class='ocrx_word' id='word_1_724' title='bbox 155 5092 240 5149; x_wconf 92' lang='lat'>35</span> <span class='ocrx_word' id='word_1_725' title='bbox 271 5089 337 5145; x_wconf 88' lang='lat' dir='ltr'><strong>in</strong></span> <span class='ocrx_word' id='word_1_726' title='bbox 372 5087 860 5155; x_wconf 89' lang='lat' dir='ltr'><strong>Matthaum,ubi</strong></span> <span class='ocrx_word' id='word_1_727' title='bbox 892 5085 1187 5142; x_wconf 90' lang='lat' dir='ltr'><strong>Christum</strong></span> <span class='ocrx_word' id='word_1_728' title='bbox 1219 5085 1361 5143; x_wconf 90' lang='lat' dir='ltr'><strong>luna</strong></span> <span class='ocrx_word' id='word_1_729' title='bbox 1387 5090 1595 5158; x_wconf 89' lang='lat' dir='ltr'><strong>quarta</strong></span> <span class='ocrx_word' id='word_1_730' title='bbox 1619 5087 1847 5143; x_wconf 90' lang='lat' dir='ltr'><strong>decima</strong></span> <span class='ocrx_word' id='word_1_731' title='bbox 1953 5088 2320 5145; x_wconf 86' lang='lat' dir='ltr'><strong>Bibliotheca</strong></span> <span class='ocrx_word' id='word_1_732' title='bbox 2351 5103 2477 5158; x_wconf 89' lang='lat' dir='ltr'><strong>cap.</strong></span> <span class='ocrx_word' id='word_1_733' title='bbox 2513 5087 2635 5155; x_wconf 79' lang='lat' dir='ltr'><strong>HG,</strong></span> <span class='ocrx_word' id='word_1_734' title='bbox 2671 5087 3019 5142; x_wconf 89' lang='lat' dir='ltr'><strong>sententiam</strong></span> <span class='ocrx_word' id='word_1_735' title='bbox 3070 5103 3198 5142; x_wconf 90' lang='lat' dir='ltr'><strong>esse</strong></span> <span class='ocrx_word' id='word_1_736' title='bbox 3246 5103 3361 5142; x_wconf 92' lang='lat' dir='ltr'><strong>non</strong></span> <span class='ocrx_word' id='word_1_737' title='bbox 3412 5087 3606 5144; x_wconf 86' lang='lat' dir='ltr'><strong>solum</strong></span> 
     </span>
    </p>
   </div>
   <div class='ocr_carea' id='block_1_96' title="bbox 158 5174 3607 5252">
    <p class='ocr_par' dir='ltr' id='par_1_96' title="bbox 158 5174 3607 5252">
     <span class='ocr_line' id='line_1_96' title="bbox 158 5174 3607 5252; baseline -0.002 -13"><span class='ocrx_word' id='word_1_738' title='bbox 158 5177 684 5252; x_wconf 73' lang='lat' dir='ltr'><strong>comprehensUm</strong></span> <span class='ocrx_word' id='word_1_739' title='bbox 718 5176 990 5231; x_wconf 83' lang='lat' dir='ltr'><strong>aJudais</strong></span> <span class='ocrx_word' id='word_1_740' title='bbox 1013 5174 1197 5231; x_wconf 85' lang='lat' dir='ltr'><strong>fuisse</strong></span> <span class='ocrx_word' id='word_1_741' title='bbox 1220 5174 1591 5243; x_wconf 88' lang='lat' dir='ltr'><strong>tradit,initio</strong></span> <span class='ocrx_word' id='word_1_742' title='bbox 1612 5176 1845 5231; x_wconf 85' lang='lat' dir='ltr'><strong>Tracta-</strong></span> <span class='ocrx_word' id='word_1_743' title='bbox 1953 5176 2199 5235; x_wconf 89' lang='lat' dir='ltr'><strong>Joannis</strong></span> <span class='ocrx_word' id='word_1_744' title='bbox 2251 5174 2666 5248; x_wconf 84' lang='lat' dir='ltr'><strong>Chrysostomi,</strong></span> <span class='ocrx_word' id='word_1_745' title='bbox 2700 5176 2799 5231; x_wconf 88' lang='lat' dir='ltr'><strong>sed</strong></span> <span class='ocrx_word' id='word_1_746' title='bbox 2849 5174 3023 5229; x_wconf 85' lang='lat' dir='ltr'><strong>etiam</strong></span> <span class='ocrx_word' id='word_1_747' title='bbox 3075 5174 3362 5243; x_wconf 83' lang='lat' dir='ltr'><strong>Ecclesia,</strong></span> <span class='ocrx_word' id='word_1_748' title='bbox 3394 5176 3607 5233; x_wconf 88' lang='lat' dir='ltr'><strong>saltem</strong></span> 
     </span>
    </p>
   </div>
   <div class='ocr_carea' id='block_1_97' title="bbox 159 5262 3607 5340">
    <p class='ocr_par' dir='ltr' id='par_1_97' title="bbox 159 5262 3607 5340">
     <span class='ocr_line' id='line_1_97' title="bbox 159 5262 3607 5340; baseline -0.002 -12"><span class='ocrx_word' id='word_1_749' title='bbox 159 5275 381 5340; x_wconf 84' lang='lat' dir='ltr'><strong>tus,ac</strong></span> <span class='ocrx_word' id='word_1_750' title='bbox 406 5264 653 5337; x_wconf 86' lang='lat' dir='ltr'><strong>proinde</strong></span> <span class='ocrx_word' id='word_1_751' title='bbox 670 5268 861 5320; x_wconf 88' lang='lat' dir='ltr'><strong>ratum</strong></span> <span class='ocrx_word' id='word_1_752' title='bbox 880 5264 1087 5320; x_wconf 89' lang='lat' dir='ltr'><strong>habuit</strong></span> <span class='ocrx_word' id='word_1_753' title='bbox 1106 5264 1309 5319; x_wconf 87' lang='lat' dir='ltr'><strong>eadem</strong></span> <span class='ocrx_word' id='word_1_754' title='bbox 1332 5264 1471 5319; x_wconf 88' lang='lat' dir='ltr'><strong>luna</strong></span> <span class='ocrx_word' id='word_1_755' title='bbox 1493 5263 1848 5321; x_wconf 89' lang='lat' dir='ltr'><strong>celebratum</strong></span> <span class='ocrx_word' id='word_1_756' title='bbox 1958 5264 2321 5330; x_wconf 87' lang='lat' dir='ltr'><strong>Gracanica,</strong></span> <span class='ocrx_word' id='word_1_757' title='bbox 2382 5262 2681 5317; x_wconf 87' lang='lat' dir='ltr'><strong>Christum</strong></span> <span class='ocrx_word' id='word_1_758' title='bbox 2725 5267 2856 5317; x_wconf 89' lang='lat' dir='ltr'><strong>ante</strong></span> <span class='ocrx_word' id='word_1_759' title='bbox 2895 5262 3205 5332; x_wconf 82' lang='lat' dir='ltr'><strong>perfecisse</strong></span> <span class='ocrx_word' id='word_1_760' title='bbox 3254 5270 3453 5334; x_wconf 71' lang='grc' dir='ltr'><strong>νόμιιιον</strong></span> <span class='ocrx_word' id='word_1_761' title='bbox 3502 5280 3607 5321; x_wconf 90' lang='lat' dir='ltr'><strong>seu</strong></span> 
     </span>
    </p>
   </div>
   <div class='ocr_carea' id='block_1_98' title="bbox 162 5350 3612 5430">
    <p class='ocr_par' dir='ltr' id='par_1_98' title="bbox 162 5350 3612 5430">
     <span class='ocr_line' id='line_1_98' title="bbox 162 5350 3612 5430; baseline -0.001 -18"><span class='ocrx_word' id='word_1_762' title='bbox 162 5361 243 5417; x_wconf 73' lang='lat' dir='ltr'><strong>ab</strong></span> <span class='ocrx_word' id='word_1_763' title='bbox 284 5358 433 5430; x_wconf 89' lang='lat' dir='ltr'><strong>ipso</strong></span> <span class='ocrx_word' id='word_1_764' title='bbox 452 5352 836 5423; x_wconf 88' lang='lat' dir='ltr'><strong>Pascha,cum</strong></span> <span class='ocrx_word' id='word_1_765' title='bbox 859 5369 1083 5408; x_wconf 79' lang='lat' dir='ltr'><strong>canam</strong></span> <span class='ocrx_word' id='word_1_766' title='bbox 1102 5351 1440 5423; x_wconf 86' lang='lat' dir='ltr'><strong>paschalem</strong></span> <span class='ocrx_word' id='word_1_767' title='bbox 1462 5351 1851 5410; x_wconf 88' lang='lat' dir='ltr'><strong>Christicom-</strong></span> <span class='ocrx_word' id='word_1_768' title='bbox 1960 5355 2289 5428; x_wconf 90' lang='lat' dir='ltr'><strong>legitimum</strong></span> <span class='ocrx_word' id='word_1_769' title='bbox 2322 5351 2544 5408; x_wconf 90' lang='lat' dir='ltr'><strong>Pascha</strong></span> <span class='ocrx_word' id='word_1_770' title='bbox 2569 5367 2745 5422; x_wconf 89' lang='lat' dir='ltr'><strong>quam</strong></span> <span class='ocrx_word' id='word_1_771' title='bbox 2779 5350 3085 5421; x_wconf 83' lang='lat' dir='ltr'><strong>mysticam</strong></span> <span class='ocrx_word' id='word_1_772' title='bbox 3117 5351 3453 5409; x_wconf 87' lang='lat' dir='ltr'><strong>institueret</strong></span> <span class='ocrx_word' id='word_1_773' title='bbox 3489 5352 3612 5409; x_wconf 84' lang='lat' dir='ltr'><strong>Eu-</strong></span> 
     </span>
    </p>
   </div>
   <div class='ocr_carea' id='block_1_99' title="bbox 162 5439 3610 5525">
    <p class='ocr_par' dir='ltr' id='par_1_99' title="bbox 162 5439 3610 5525">
     <span class='ocr_line' id='line_1_99' title="bbox 162 5439 3610 5525; baseline 0 -20"><span class='ocrx_word' id='word_1_774' title='bbox 162 5443 513 5525; x_wconf 86' lang='lat' dir='ltr'><strong>prehensio</strong></span> <span class='ocrx_word' id='word_1_775' title='bbox 564 5440 825 5513; x_wconf 88' lang='lat' dir='ltr'><strong>proxime</strong></span> <span class='ocrx_word' id='word_1_776' title='bbox 874 5440 952 5496; x_wconf 91' lang='lat' dir='ltr'><strong>sit</strong></span> <span class='ocrx_word' id='word_1_777' title='bbox 993 5443 1213 5525; x_wconf 88' lang='lat' dir='ltr'><strong>secuta.</strong></span> <span class='ocrx_word' id='word_1_778' title='bbox 1246 5439 1394 5496; x_wconf 86' lang='lat' dir='ltr'><strong>Hinc</strong></span> <span class='ocrx_word' id='word_1_779' title='bbox 1438 5440 1497 5495; x_wconf 92' lang='lat' dir='ltr'><strong>in</strong></span> <span class='ocrx_word' id='word_1_780' title='bbox 1538 5459 1854 5517; x_wconf 89' lang='lat' dir='ltr'><strong>progressu</strong></span> <span class='ocrx_word' id='word_1_781' title='bbox 1963 5443 2251 5502; x_wconf 87' lang='lat' dir='ltr'><strong>charistia</strong></span> <span class='ocrx_word' id='word_1_782' title='bbox 2282 5440 2719 5513; x_wconf 82' lang='lat' dir='ltr'><strong>canam;quod</strong></span> <span class='ocrx_word' id='word_1_783' title='bbox 2739 5440 2915 5495; x_wconf 89' lang='lat' dir='ltr'><strong>etiam</strong></span> <span class='ocrx_word' id='word_1_784' title='bbox 2949 5440 3125 5500; x_wconf 85' lang='lat' dir='ltr'><strong>tradit</strong></span> <span class='ocrx_word' id='word_1_785' title='bbox 3153 5440 3352 5500; x_wconf 89' lang='lat' dir='ltr'><strong>Victor</strong></span> <span class='ocrx_word' id='word_1_786' title='bbox 3398 5442 3610 5521; x_wconf 56' lang='lat' dir='ltr'><strong>Antio:</strong></span> 
     </span>
    </p>
   </div>
   <div class='ocr_carea' id='block_1_100' title="bbox 161 5524 2793 5617">
    <p class='ocr_par' dir='ltr' id='par_1_100' title="bbox 161 5524 2793 5617">
     <span class='ocr_line' id='line_1_100' title="bbox 161 5524 2793 5617; baseline -0.005 -12"><span class='ocrx_word' id='word_1_787' title='bbox 161 5524 1163 5605; x_wconf 77' lang='lat' dir='ltr'><strong>TractatusaitChristumJudsioo</strong></span> <span class='ocrx_word' id='word_1_788' title='bbox 1178 5528 1857 5617; x_wconf 61' lang='lat' dir='ltr'><strong>IgorePsBOhuultimum</strong></span> <span class='ocrx_word' id='word_1_789' title='bbox 1967 5533 2187 5599; x_wconf 79' lang='lat' dir='ltr'><strong>ahenus</strong></span> <span class='ocrx_word' id='word_1_790' title='bbox 2218 5530 2279 5591; x_wconf 90' lang='lat' dir='ltr'><strong>in</strong></span> <span class='ocrx_word' id='word_1_791' title='bbox 2310 5529 2490 5591; x_wconf 86' lang='lat' dir='ltr'><strong>Marci</strong></span> <span class='ocrx_word' id='word_1_792' title='bbox 2519 5543 2645 5605; x_wconf 83' lang='lat' dir='ltr'><strong>cap.</strong></span> <span class='ocrx_word' id='word_1_793' title='bbox 2678 5544 2793 5593; x_wconf 70' lang='lat' dir='ltr'><strong>xxv.</strong></span> 
     </span>
    </p>
   </div>
  </div>
