3970 6218
177 385 346 456 1333.

1151 379 1606 451 MABILLONII
1652 374 2128 455 DlSQUlSI'l‘lO
2173 377 2276 442 DE
2317 375 2613 444 AZYMO.

3427 373 3587 446 1234

173 527 293 600 ipso
321 523 439 593 die,
461 521 604 582 sicut
631 521 918 595 superiora
936 519 1144 588 docent,
1163 521 1376 578 Pascha
1402 537 1526 576 cum
1545 516 1828 590 discipulis
1855 512 1914 582 Α,
1937 515 2130 569 tutum
2159 511 2390 585 vigebat
2414 517 2498 583 ut,
2532 513 2604 570 ob
2634 511 3008 570 incommoda
3055 514 3322 586 quadam
3379 532 3583 574 succe-

171 603 560 682 manducavit;
592 613 841 686 sequenti
867 619 1050 671 autem
1077 610 1186 676 die,
1221 609 1316 666 hoc
1344 617 1419 664 est
1444 611 1600 665 sexta
1654 607 1820 677 feria,

171 706 469 775 cruciﬁxus
497 711 594 770 est,
630 703 728 759 hoc
756 705 855 769 est,
890 701 1026 757 (una
1057 701 1249 773 quinta
1279 698 1507 754 decima.

243 817 555 876 Ambrosio
587 817 844 873 adheret
867 815 1228 888 Augustinus
1260 813 1317 869 in
1363 810 1611 885 epistola
1633 812 1703 865 86
1748 809 1821 864 ad

170 909 550 974 Casulanum,
565 906 687 972 ubi,
708 905 993 960 rationem
1007 902 1466 974 reddensjejunii
1483 901 1636 957 feriae
1655 916 1822 970 quar-

170 1002 240 1056 ta
270 1002 327 1055 et
354 1001 550 1062 sextis,
585 994 803 1051 diserte
832 993 1038 1065 probat
1064 992 1296 1048 Judesos
1326 992 1397 1046 de
1437 989 1819 1061 comprehen-

171 1089 362 1145 dendo
382 1085 610 1141 Christo
633 1083 945 1140 consilium
964 1081 1166 1137 iniisse
1192 1079 1332 1135 feria
1354 1083 1578 1150 quarta.
1608 1076 1821 1132 Deinde

171 1174 509 1233 intermisso
530 1189 648 1229 uno
669 1172 782 1242 die,
805 1194 831 1222 «
855 1172 1025 1242 cujus
1043 1186 1282 1240 vespera
1301 1168 1579 1223 Dominus
1601 1165 1822 1221 Pascha

170 1281 304 1321 cum
337 1261 644 1334 discipulis
674 1259 1069 1326 manducavit,
1103 1259 1201 1330 qui
1237 1258 1343 1312 fuit
1365 1257 1497 1311 finis
1522 1256 1648 1323 ejus
1683 1252 1816 1319 diei,

172 1369 346 1426 quem
378 1367 655 1408 vocamus
685 1349 951 1422 quintam
984 1347 1244 1413 Sahbati,
1272 1367 1294 1397 ι
1332 1343 1613 1401 traditum
1641 1341 1819 1397 fuisse

169 1442 464 1500 Christum
495 1455 563 1495 ea
591 1443 778 1504 nocte,
812 1461 840 1488 «
874 1453 1000 1508 quae
1024 1437 1147 1507 jam
1175 1436 1247 1490 ad
1298 1439 1518 1490 sextam
1579 1429 1818 1487 Sabbati

170 1530 518 1604 pertinebat,
554 1550 583 1578 ››
615 1531 742 1584 tum
771 1525 1006 1582 subdit:
1031 1547 1059 1575 ‹‹
1086 1524 1186 1580 Hic
1217 1524 1360 1592 dies,
1382 1545 1410 1571 ››
1431 1537 1638 1593 nempe
1657 1523 1819 1576 sexta

169 1618 412 1676 Sabbati
444 1638 471 1666 α
501 1616 728 1689 primus
762 1629 1097 1686 azymorum
1130 1612 1262 1680 fuit,
1293 1629 1327 1668 a
1372 1626 1614 1682 vespera
1672 1607 1814 1662 inci-

171 1706 364 1779 piens.
395 1705 498 1761 Sed
534 1703 836 1760 Matthaaus
865 1700 1219 1772 evangelista
1257 1699 1522 1772 quintam
1577 1695 1816 1753 Sabbati

168 1795 316 1852 dicit
345 1794 528 1850 fuisse
551 1793 800 1864 primam
832 1790 985 1848 diem
1017 1805 1373 1863 azymorum,
1407 1788 1546 1860 quia
1573 1787 1700 1857 ejus
1719 1801 1812 1841 ve-

1932 601 2194 658 dentium
2220 601 2654 659 solemnitatum
2685 601 2942 670 vitanda,
2966 619 3038 659 ne
3059 619 3322 676 unquam
3360 604 3584 663 Pascha

1930 692 2208 758 secundo,
2242 697 2448 763 quarto
2479 697 2576 748 aut
2607 696 2766 748 sexto
2794 692 3175 748 hebdomadas
3203 693 3298 748 die
3322 692 3578 752 celebra-

1931 785 2094 848 rent;
2129 798 2194 835 eo
2226 797 2358 836 vero
2381 798 2531 837 anno
2563 799 2678 853 quo
2706 799 2917 854 passus
2939 786 3026 837 est
3055 781 3342 850 Christus,
3385 782 3575 856 legiti-

1932 885 2094 924 mum
2124 869 2344 924 Pascha
2365 869 2640 925 incidisse
2659 871 2716 924 in
2740 870 2942 926 feriam
2965 876 3212 935 'sextam,
3246 888 3310 926 ac
3331 872 3575 943 proinde

1931 956 2280 1012 translatum
2312 975 2345 1011 a
2374 957 2590 1013 Judaeis
2618 963 2852 1030 propter
2873 965 3311 1015 concurrentem
3335 960 3573 1017 Sabbati

1929 1045 2083 1101 diem
2114 1050 2474 1117 sequentem.

2000 1142 2111 1197 Alii
2143 1149 2355 1216 negant
2373 1144 2667 1200 Christum
2686 1145 2960 1200 ultimum
2984 1146 3202 1202 Pascha
3218 1146 3389 1220 legali
3413 1163 3573 1204 more

1930 1231 2244 1302 peregisse,
2280 1249 2383 1286 nec
2413 1249 2615 1304 azyma
2649 1249 2752 1287 nec
2782 1233 2896 1288 alia
2937 1235 2992 1288 id
3040 1251 3223 1306 genus
3273 1236 3571 1292 Paschalis

1929 1317 2058 1376 festi
2089 1319 2284 1374 edulia
2329 1321 2675 1392 percepisse.
2730 1321 2913 1384 Quam
2971 1325 3317 1379 sententiam
3376 1329 3572 1382 tuetur

1930 1407 2160 1462 Marcus
2192 1409 2481 1463 Antonius
2513 1411 2583 1464 de
2614 1410 2877 1465 Dominis
2900 1411 2958 1464 in
2980 1410 3082 1465 lib.
3113 1413 3234 1468 vde
3255 1414 3574 1484 Republica

1928 1496 2281 1561 Christiana,
2314 1513 2440 1568 cap.
2474 1499 2508 1550 6
2538 1515 2571 1552 a
2603 1514 2766 1552 num.
2810 1500 2938 1562 258,
2997 1499 3095 1552 ubi
3151 1501 3231 1554 ait
3278 1501 3572 1556 Christum

1927 1583 2111 1654 pridie
2130 1583 2338 1656 vigiliae
2363 1584 2677 1656 paschalis,
2700 1585 2752 1639 id
2779 1591 2868 1640 est
2892 1586 3034 1640 luna
3053 1603 3176 1654 xm,
3201 1604 3571 1645 communem

1927 1689 2151 1728 canam
2205 1689 2339 1728 cum
2390 1673 2697 1745 discipulis
2769 1675 3119 1746 percepisse,
3177 1680 3234 1731 et
3291 1693 3360 1731 ex
3417 1693 3575 1732 com-

1924 1761 2089 1816 muni
2125 1777 2226 1816 seu
2259 1761 2604 1817 fermentato
2624 1779 2773 1835 pane
2804 1762 3228 1820 Eucharistiam
3251 1765 3322 1820 ab
3343 1764 3575 1838 ipsoin-

169 1849 341 1956 spera
362 1849 642 1954 sequehte
686 1880 883 1936 futura
935 1884 1058 1935 erat
1085 1849 1277 1934 “coma
1328 1849 1645 1942 Paschalis,
1702 1890 1808 1946 qua

1938 1849 2221 1906 stitutam.

169 1989 336 2030 omna
358 1969 674 2042 incipiebat
703 1984 972 2040 azymum
993 1972 1050 2022 et
1080 1967 1202 2023 ovis
1219 1965 1542 2022 immolatio
1564 1964 1814 2020 mandu-

169 2059 307 2118 cari.
341 2059 420 2114 Ex
449 2075 565 2130 quo
609 2055 922 2128 colligitur,
981 2055 1194 2128 inquit,
1253 2059 1522 2126 quartam
1577 2051 1816 2110 Sabhati

170 2147 372 2216 fuisse,
387 2146 623 2219 quando
635 2145 717 2202 ait
730 2145 1030 2201 Dominus:
1048 2167 1075 2195 «
1090 2144 1264 2201 Scitis
1275 2144 1414 2216 quia
1427 2143 1814 2215 postbiduum

169 2237 392 2294 Pascha
423 2237 522 2292 ﬂet
541 2234 744 2304 (Matth.
787 2251 942 2299 xxvr,
971 2235 1049 2305 2).
1090 2255 1118 2282 »
1151 2234 1231 2288 Ex
1289 2233 1381 2288 his
1435 2231 1814 2288 manifestum

170 2331 258 2382 est
285 2324 680 2398 Augustinum
713 2323 772 2380 in
816 2339 885 2379 ea
941 2321 1229 2378 sententia
1280 2321 1463 2378 fuisse
1518 2319 1814 2376 Christum

169 2413 391 2471 Pascha
418 2412 741 2470 celebrasse
771 2429 839 2468 ea
870 2426 1128 2482 vespera,
1161 2427 1280 2482 qua
1303 2432 1328 2459 ‹‹
1352 2409 1671 2481 incipiebat
1690 2425 1815 2480 azy-

169 2519 334 2560 mum
364 2523 394 2552 n
442 2506 500 2558 et
541 2501 664 2558 ovis
710 2499 1034 2557 immolatio
1086 2498 1448 2562 manducari,
1501 2498 1815 2568 ipsumque

168 2607 301 2648 cum
330 2588 637 2662 discipulis
659 2586 829 2660 legali
847 2602 1008 2643 more
1025 2585 1247 2642 Pascha
1270 2584 1658 2640 manducasse
1681 2587 1814 2638 ante

168 2678 544 2737 Rucharistize
575 2675 1023 2733 institutionem.

237 2787 421 2858 Eque
438 2785 748 2857 perspicua
766 2786 855 2838 est
879 2780 1197 2838 auctoritas
1218 2779 1549 2852 Hieronymi
1563 2779 1620 2833 in
1636 2778 1736 2833 lib.
1757 2795 1813 2833 ιν

171 2876 307 2932 Com
318 2871 586 2930 mentarii
599 2872 656 2926 in
671 2871 1004 2927 Mattheum
1017 2870 1088 2924 ad
1103 2867 1310 2940 capitis
1321 2885 1451 2922 xxvx
1464 2885 1696 2923 versum
1718 2869 1811 2923 l7:

172 2987 199 3014 ‹‹
229 2963 425 3019 Prima
472 2977 828 3035 azymorum,
890 2957 1103 3030 inquit,
1163 2965 1370 3029 quarta
1425 2957 1652 3012 decima
1698 2956 1813 3012 diei

170 3052 392 3109 mensis
416 3049 587 3124 primi
613 3053 721 3118 est,
755 3047 992 3120 quando
1009 3063 1196 3118 agnus
1216 3044 1572 3109 immolatur,
1603 3044 1814 3101 etluna

170 3140 514 3216 plenissima
542 3143 650 3207 est,
679 3144 738 3194 et
779 3138 1131 3193 fermentum
1188 3137 1481 3206 abjicitur.
1545 3157 1571 3184 ››
1630 3136 1697 3189 Et
1753 3135 1809 3189 in

169 3229 544 3287 versum26:
595 3249 625 3278 ‹‹
660 3227 974 3298 Postquam
1034 3225 1293 3297 typicum
1350 3224 1572 3280 Pascha
1632 3224 1887 3306 fueratC

168 3318 500 3392 impletum,
533 3320 591 3373 et
647 3317 782 3389 agni
838 3329 1042 3370 carnes
1094 3329 1227 3368 cum
1289 3313 1567 3386 apostolis
1624 3329 1812 3368 come-

167 3408 352 3472 dsrat,
385 3404 637 3462 assumit
661 3419 871 3477 panem
897 3402 997 3474 qui
1027 3403 1314 3458 confortat
1341 3419 1441 3456 cor
1462 3401 1739 3465 hominis,
1760 3403 1817 3455 et

166 3497 240 3554 ad
267 3493 472 3552 verum
504 3493 735 3550 Pascha:
764 3491 1196 3564 transgreditur
1234 3495 1687 3554 sacramentum,
1753 3494 1817 3542 ut

167 3601 280 3658 quo
311 3585 487 3640 modo
520 3581 986 3652 praeﬂguratione
1015 3581 1144 3651 ejus
1176 3578 1598 3634 Melchisedech
1653 3593 1815 3632 sum-

167 3673 247 3729 mi
276 3673 383 3729 Dei
415 3667 689 3726 sacerdos
720 3683 930 3739 panem
961 3673 1019 3724 et
1045 3669 1247 3724 vinum
1281 3667 1530 3723 offerens
1583 3667 1814 3729 fecerat,

166 3764 294 3836 ipse
327 3774 561 3833 quoque
589 3757 892 3813 veritatem
941 3757 1032 3813 sui
1082 3757 1341 3830 corporis
1399 3759 1456 3811 et
1511 3753 1816 3825 sanguinis

166 3851 261 3910 sui
291 3849 752 3922 repressentaret.
791 3864 812 3894 ι

243 3955 344 4012 His
373 3969 557 4010 unum
590 3952 739 4008 addo
767 3947 1058 4007 Junilium
1089 3951 1428 4006 Africanum
1477 3949 1816 4021 episcopum

169 4045 388 4104 seculo
417 4047 598 4110 sexto,
631 4041 732 4114 qui
762 4040 1190 4096 Commentario
1224 4040 1283 4094 in
1314 4039 1582 4094 Genesim
1623 4042 1820 4094 conte-

159 4139 359 4192 statur
387 4133 682 4190 Christum
717 4128 1052 4196 Dominum,
1087 4151 1114 4178 ‹‹
1145 4132 1276 4199 post
1292 4144 1457 4183 esum
1481 4128 1617 4200 agni
1648 4127 1818 4199 lypici

161 4221 442 4296 mysteria
469 4220 638 4277 nobis
671 4219 761 4276 sui
794 4216 1052 4289 corporis
1073 4219 1131 4272 et
1151 4215 1458 4288 sanguinis
1475 4215 1822 4273 celebranda

157 4311 564 4368 denuntiasse.
600 4330 628 4358 »
661 4309 940 4364 Praetereo
973 4304 1236 4360 Rhabani
1260 4308 1317 4360 et
1343 4303 1594 4359 aliorum
1614 4305 1817 4360 mediae

157 4399 348 4457 atatis
379 4402 689 4454 auctorum
721 4393 1059 4452 testimonia
1086 4393 1242 4448 idem
1275 4393 1672 4449 sentientium.

235 4517 374 4570 Haec
401 4512 637 4570 tametsi
666 4513 940 4567 constant
971 4510 1123 4582 apud
1181 4509 1544 4580 antiquiores
1597 4513 1816 4578 Patres,

1998 1939 2154 1994 Inter
2183 1937 2285 1993 hos
2312 1937 2566 1993 mediam
2600 1937 2817 1994 invenit
2847 1938 2999 1994 viam
3031 1939 3196 2012 Hugo
3228 1941 3461 1998 Grotius
3512 1942 3572 2000 in

1927 2027 2179 2084 Matthasi
2213 2031 2386 2099 caput
2414 2043 2564 2081 xxvx.
2600 2026 2706 2090 Qui
2737 2027 2968 2082 etiamsi
2991 2029 3326 2098 praedictam
3349 2029 3572 2086 Judae-

1926 2133 2055 2172 rum
2087 2115 2567 2172 consuetudinem
2595 2115 2664 2170 de
2694 2115 3094 2172 transferendo
3127 2117 3404 2174 Paschate
3435 2135 3568 2190 pro-

1925 2205 2044 2271 hat,
2081 2208 2256 2276 negat
2285 2209 2478 2259 tamen
2506 2203 2625 2259 ullo
2666 2209 2819 2260 certo
2874 2209 3141 2260 constare
3197 2212 3567 2278 argumento,

1925 2294 2077 2348 diem
2103 2294 2313 2349 festum
2333 2309 2669 2365 azymorum
2690 2309 2791 2348 seu
2807 2293 3026 2348 Pascha
3044 2294 3103 2348 in
3121 2283 3323 2350 feriam
3344 2301 3569 2354 sextam

1922 2381 2200 2437 incidisse
2231 2398 2297 2438 eo
2327 2397 2481 2437 anno
2512 2398 2627 2453 quo
2657 2380 2921 2436 Christus
2963 2388 3230 2438 mortuus
3286 2388 3395 2439 est.
3447 2386 3569 2440 Imo

1924 2471 2099 2528 etiam
2127 2471 2176 2526 si
2209 2470 2265 2524 id
2300 2470 2665 2542 contigisset,
2687 2486 2815 2525 eam
2848 2469 3045 2541 legens
3064 2476 3182 2526 tam
3197 2473 3422 2542 justam
3441 2488 3573 2530 esse

1925 2564 1989 2615 ut
2017 2575 2202 2631 neque
2231 2558 2498 2614 Christus
2528 2559 2600 2613 ab
2629 2574 2698 2613 ea
2728 2575 3066 2614 recessurus
3104 2559 3329 2629 fuisset,
3383 2577 3574 2632 neque

1923 2648 2196 2721 discipuli
2222 2648 2417 2720 ipsum
2439 2648 2510 2703 de
2535 2648 2791 2719 parando
2826 2648 3100 2704 Paschate
3129 2653 3262 2704 ante
3285 2650 3440 2705 diem
3462 2649 3573 2706 hac

1923 2737 2338 2794 constitutione
2369 2738 2668 2809 praeﬁxum
2699 2736 3180 2810 interrogassent.
3211 2741 3574 2812 Quapropter

1923 2827 2158 2884 Grotius
2182 2826 2308 2898 ipse
2335 2830 2551 2893 censet,
2580 2825 2962 2898 anticipatum
2996 2843 3030 2882 a
3057 2827 3284 2884 Christo
3324 2828 3570 2897 Pascha,

1922 2933 2036 2971 non
2069 2915 2307 2987 quidem
2341 2923 2513 2986 θυσιμο
2545 2913 2784 2986 plenum
2815 2918 2872 2970 et
2901 2914 3180 2983 solemne,
3230 2918 3384 2988 quod
3446 2933 3572 2974 ma-

1922 3004 2172 3060 ctatione
2198 3003 2334 3078 agni
2364 3007 2420 3059 et
2447 3003 2580 3059 aliis
2639 3002 2850 3059 ritibus
2897 3003 3022 3077 lege
3054 3005 3409 3078 praescriptis
3439 3023 3573 3079 per-

1923 3094 2224 3166 agebatur,
2258 3093 2314 3147 id
2349 3093 2501 3164 quod
2525 3092 2687 3147 nefas
2718 3096 2841 3148 erat
2860 3097 3020 3149 extra
3038 3093 3229 3150 locum
3251 3111 3316 3150 ac
3337 3100 3572 3168 tempus

1925 3182 2335 3247 constitutum,
2381 3181 2482 3236 sed
2515 3190 2901 3252 μνημονιύτιιιον
2933 3198 3034 3238 seu
3089 3188 3571 3241 commemorato-

1927 3271 2102 3337 rium,
2133 3271 2287 3342 quod
2321 3269 2442 3325 solo
2475 3286 2578 3325 esu
2612 3287 2830 3341 panum
2881 3287 3216 3344 azymorum
3276 3277 3333 3328 et
3388 3271 3574 3329 lactu-

1923 3376 2125 3416 carum
2159 3358 2477 3431 agrestium
2509 3359 2848 3426 constabat;
2883 3360 3054 3430 quale
3085 3361 3260 3416 etiam
3294 3379 3450 3418 nunc
3478 3363 3580 3419 Ju-

1911 3447 2031 3502 daei
2063 3451 2266 3516 agunt.

1995 3534 2073 3589 De
2103 3534 2280 3590 variis
2301 3534 2461 3590 hisce
2496 3535 2835 3590 Latinorum
2865 3536 3249 3591 recentiorum
3273 3537 3580 3595 sententiis

1918 3621 2207 3694 judicium
2243 3623 2390 3678 ferre
2420 3639 2534 3678 non
2585 3628 2672 3678 est
2703 3623 2881 3694 hujus
2914 3623 3045 3679 loci.
3110 3623 3184 3679 Ut
3233 3640 3355 3679 rem
3417 3625 3580 3682 brevi

1925 3711 2250 3782 expediam,
2283 3711 2398 3767 duo
2431 3711 2575 3766 mihi
2608 3711 2716 3766 hac
2745 3711 2804 3766 in
2839 3712 3229 3768 controversia
3257 3718 3415 3769 certa
3452 3731 3586 3773 esse

1924 3800 2215 3855 videntur.
2250 3799 2466 3862 Unum,
2499 3799 2815 3869 Christum,
2851 3817 2965 3856 non
3019 3799 3418 3872 dimidiatum,
3477 3805 3582 3862 sed

1928 3890 2220 3961 integrum
2253 3906 2320 3944 ac
2351 3887 2612 3945 solemne
2638 3889 2860 3944 Pascha
2888 3888 3230 3962 explevisse,
3265 3891 3386 3948 sive
3434 3891 3583 3949 illud

1928 3979 2349 4050 anticipaverit,
2383 3977 2502 4032 sive
2543 3977 2954 4033 transtulerint
2983 3977 3187 4033 Judaei.
3238 3979 3384 4034 Nam
3444 3995 3582 4036 cum

1929 4067 2205 4141 discipuli
2237 4067 2551 4124 Dominum
2581 4067 2649 4122 de
2681 4067 2939 4138 parando
2961 4066 3583 4140 Paschainterrogave-

1929 4163 2090 4223 runt,
2122 4156 2292 4229 isque
2315 4173 2414 4213 eos
2445 4156 2605 4212 misit
2635 4156 2704 4210 ad
2741 4155 2882 4210 illud
2919 4157 3267 4228 parandum,
3309 4154 3455 4211 nihil
3485 4172 3581 4212 eo-

1929 4264 2061 4302 rum
2093 4246 2334 4318 excepit,
2369 4262 2494 4318 quaa
2523 4244 2613 4300 lex
2645 4245 3058 4316 prescribebat.
3091 4245 3309 4302 Deinde
3345 4246 3584 4304 mittens

1930 4352 2030 4392 eos
2048 4335 2117 4391 ad
2142 4334 2430 4408 hospitem
2457 4334 2514 4388 in
2540 4333 2711 4404 cujus
2733 4333 3049 4391 diversorio
3071 4352 3294 4392 ccnnam
3323 4336 3584 4408 paraturi

1928 4423 2206 4489 erant,eis
2239 4422 2502 4495 suggerit
2526 4421 2646 4478 haec
2669 4423 2844 4478 verba
2874 4422 3090 4495 hospiti
3116 4440 3184 4480 ex
3215 4441 3275 4480 se
3304 4424 3582 4481 dicenda:

1931 4534 1959 4560 «
1985 4512 2155 4582 Apud
2186 4515 2242 4566 te
2265 4511 2411 4566 facio
2444 4510 2666 4564 Pascha
2695 4526 2829 4565 cum
2863 4512 3169 4584 discipulis
3192 4513 3338 4572 meis
3358 4513 3584 4586 (Matth.

160 4620 285 4660 non
318 4607 513 4657 tamen
545 4601 788 4672 insuper
808 4598 1060 4654 habendi
1081 4601 1220 4653 sunt
1240 4596 1424 4652 Latini
1449 4597 1818 4663 recentiores,
1853 4610 1898 4675 D
1929 4617 2077 4664 xxvx,
2110 4600 2216 4670 18).
2255 4621 2282 4647 ››
2315 4599 2476 4662 Quod
2507 4615 2644 4654 sane
2677 4615 2743 4654 eo
2775 4601 2947 4655 modo
2982 4601 3288 4669 intellexit,
3315 4619 3429 4674 quo
3458 4601 3587 4657 vul-

173 4692 274 4766 qui
303 4692 364 4746 in
393 4690 504 4746 hac
533 4689 854 4762 quaestione
878 4685 1220 4758 explicanda
1246 4701 1520 4757 magnam
1577 4684 1824 4757 diligen-

163 4782 316 4838 tiam
340 4776 852 4852 impenderunt,in
872 4775 1066 4831 varias
1082 4774 1387 4847 opiniones
1407 4772 1690 4827 distracti.
1713 4772 1823 4826 Alii

163 4870 346 4936 enim,
370 4885 518 4940 quos
549 4866 700 4922 inter
728 4863 944 4920 Paulus
965 4862 1300 4935 Brugensis.
1330 4861 1644 4917 Jansenius
1674 4864 1820 4916 Gan-

165 4957 438 5014 davensis
468 4955 799 5028 episcopus,
832 4951 1222 5017 Maldonatus,
1255 4951 1524 5023 Zegerus,
1555 4953 1611 5004 et
1639 4947 1820 5020 aliqui

166 5044 458 5110 nonnulli,
491 5043 790 5100 Christum
811 5041 924 5096 alio
941 5040 1055 5106 die,
1075 5039 1188 5095 alio
1219 5040 1311 5095 die
1339 5039 1567 5094 Judaeos
1601 5038 1822 5094 Pascha

166 5134 516 5200 celebrasse,
562 5136 844 5203 utrosque
889 5133 1085 5184 tamen
1135 5144 1270 5183 cum
1325 5127 1611 5199 legalibus
1653 5127 1819 5194 cibis,

170 5223 554 5280 contendunt.
592 5221 661 5276 Et
699 5220 759 5275 hi
792 5218 1029 5290 quidem
1087 5217 1260 5272 etiam
1306 5216 1364 5270 in
1424 5217 1571 5271 duas
1629 5221 1821 5287 partes

169 5313 536 5377 dividuntur,
552 5307 904 5383 quibusdam
929 5303 1324 5361 asserentibus
1353 5303 1647 5358 Christum
1672 5304 1820 5359 anti-

171 5403 402 5474 cipasse
430 5399 760 5472 legitimum
791 5401 1044 5468 tempus.
1080 5393 1208 5448 aliis
1246 5392 1574 5448 dicentibus
1627 5392 1821 5463 ipsum

171 5494 398 5549 statuta
425 5487 518 5545 die
545 5485 774 5544 Pascha
801 5483 1113 5558 peregisse,
1149 5486 1205 5535 at
1233 5481 1468 5536 Judzeos
1497 5479 1555 5535 in
1580 5498 1822 5552 sequen-

172 5586 293 5638 tem
325 5579 482 5634 diem
511 5573 904 5632 transtulisse.
934 5573 1090 5628 Hanc
1120 5587 1253 5625 vero
1285 5569 1457 5625 istius
1488 5569 1821 5626 translatio-

172 5671 267 5730 nis
297 5668 554 5728 afferunt
582 5681 817 5724 causam
841 5682 854 5720 :
889 5661 1164 5736 quoniam
1187 5658 1338 5731 apud
1359 5659 1594 5715 Judaeos
1613 5661 1824 5717 consti-

1935 4702 2046 4757 gus
2077 4691 2134 4742 et
2159 4686 2374 4758 hospes
2406 4686 2530 4758 ipse
2559 4686 2963 4744 intellecturus
2993 4695 3136 4745 erat.
3167 4691 3251 4746 Ad
3289 4690 3429 4759 haec,
3454 4706 3590 4746 cum

1934 4773 2059 4844 ipse
2089 4774 2148 4828 in
2181 4773 2545 4829 omneculum
2581 4775 2878 4839 subiisset,
2913 4779 3187 4833 omnibus
3209 4778 3278 4833 de
3309 4794 3469 4832 more
3492 4794 3594 4849 pa-

1933 4862 2094 4928 ratis,
2130 4862 2276 4916 dixit
2306 4863 2595 4918 desiderio
2627 4863 2997 4921 desiderasse
3028 4883 3088 4922 se
3123 4888 3150 4916 ‹‹
3172 4866 3280 4922 hoc
3313 4865 3540 4922 Pascha
3563 4890 3593 4918 ‹‹

1930 4951 2285 5005 manducare
2317 4967 2450 5005 cum
2485 4951 2793 5024 discipulis
2824 4954 2948 5009 suis
2971 4961 3286 5025 antequam
3338 4960 3594 5012 mortem

1931 5043 2246 5111 pateretur.
2286 5060 2314 5088 «
2346 5039 2463 5094 Hoc
2496 5040 2733 5105 Pascha,
2767 5063 2796 5091 »
2828 5041 3020 5112 inquit
3049 5041 3221 5113 quale
3277 5041 3499 5098 scilicet
3559 5061 3595 5098 a

1930 5127 2232 5199 discipulis
2257 5132 2522 5198 paratum
2554 5129 3049 5200 conspiciebatur,
3112 5147 3225 5186 non
3285 5135 3350 5186 ut
3405 5131 3466 5185 in
3522 5147 3590 5188 eo

1931 5217 2182 5283 sisteret,
2207 5217 2307 5272 sed
2340 5221 2405 5270 ut
2433 5216 2654 5272 umbra:
2686 5216 2877 5272 substi
2915 5222 3107 5274 tueret
3141 5219 3462 5275 veritatem.
3527 5219 3587 5275 Id

1930 5305 2195 5378 inquam,
2219 5305 2363 5360 mihi
2397 5311 2621 5361 certum
2653 5310 2709 5360 et
2733 5305 3104 5376 exploratum
3156 5309 3410 5374 videtur,
3467 5309 3589 5364 sive

1933 5395 2155 5450 Pascha
2184 5395 2537 5466 praevertt-irit
2567 5394 2857 5460 Christus,
2891 5396 3010 5450 sive
3028 5397 3376 5454 Judaeiillud
3400 5403 3593 5454 trans-

1932 5483 2190 5540 tulerint.
2225 5485 2369 5540 Nam
2411 5484 2704 5540 Christum
2767 5484 2969 5540 eodem
3025 5486 3117 5543 die
3175 5505 3294 5560 quo
3351 5489 3588 5545 Judmos

1925 5590 2130 5629 omnes
2162 5572 2304 5627 illud
2339 5572 2681 5641 celebrasse,
2712 5571 2954 5630 Joannis
2986 5576 3321 5636 testimonio
3351 5579 3595 5643 contra.

1930 5662 2083 5718 rium
2110 5662 2358 5718 videtur.
