3970 6218
315 449 465 516 1235

1353 442 1748 515 APPENDIX
1790 448 1894 513 AD
1937 442 2195 514 OPERA
2238 447 2673 517 HUMBERTI.

3556 444 3717 516 1236

382 585 651 643 Alterum
683 582 792 651 est,
827 582 950 643 sive
976 564 1239 643 Christus
1256 584 1476 641 Pascha
1495 583 1677 656 legale
1699 600 1955 640 servave-
1989 582 2043 648 Α
2142 584 2363 640 Etvera
2394 584 2700 657 utriusque
2718 582 2985 643 Ecclesiae
3028 585 3384 643 consuetudo
3439 583 3515 642 ab
3573 584 3716 641 alte-

313 676 410 742 rit,
443 678 565 732 sive
600 677 741 732 illud
777 677 1228 748 praztermiscrit,
1254 675 1369 731 sive
1392 673 1607 745 azymis
1638 672 1697 727 in
1752 672 1959 726 ultima

317 783 481 823 omna
513 785 659 821 usus
693 768 787 833 sit,
821 768 937 821 sive
972 764 1337 827 abstinuerit,
1361 762 1631 833 antiquos
1647 766 1863 828 tamen,
1901 760 1957 814 id

319 862 405 912 est
440 858 662 926 prinws
695 856 1195 917 EcclesimPatrcs,
1247 853 1303 905 in
1353 868 1420 906 ea
1479 851 1658 905 fuisse
1717 866 1961 921 persua-

320 946 483 1002 sione
515 946 812 999 Christum
848 946 902 998 in
929 944 1147 1014 azymis
1168 940 1385 996 Pascha
1406 939 1549 993 illud
1572 939 1891 993 celebrasse
1909 940 1965 991 et

318 1034 748 1091 Eucharistiam
785 1038 911 1106 past
941 1049 1105 1086 esum
1139 1030 1266 1101 agni
1302 1028 1646 1082 instituisse.
1672 1028 1804 1090 Quae
1837 1042 1964 1097 per-

324 1123 523 1178 suasio
553 1125 603 1176 id
640 1125 894 1177 obtinere
922 1121 1105 1192 potuit
1128 1137 1160 1171 a
1192 1118 1392 1188 primis
1423 1115 1680 1170 Ecclesiae
1727 1113 1967 1169 rectori-

322 1211 454 1276 bus,
492 1219 551 1264 ut
578 1210 983 1265 constituenda
1012 1206 1411 1261 ecclesiasticae
1443 1204 1763 1274 disciplinae
1783 1203 1971 1257 forma

326 1316 550 1356 morem
576 1300 911 1353 induxerint
933 1294 1353 1351 Eucharistiam
1374 1291 1714 1347 conficiendi
1742 1291 1798 1345 in
1822 1307 1970 1361 pane

325 1372 595 1443 ferme-nti
628 1392 880 1457 experte,
917 1384 1069 1455 quod
1103 1382 1362 1437 abfuisse
1395 1398 1428 1436 a
1463 1379 1760 1436 Dominica
1808 1396 1971 1435 coma

326 1492 673 1547 persuasum
706 1475 1015 1528 habebant.

991 1612 1217 1667 CAPUT
1248 1611 1315 1666 II.

338 1722 447 1776 Exe
462 1734 552 1789 mp
609 1717 811 1773 Christi
840 1734 950 1773 non
982 1719 1195 1800 imponi
1223 1717 1596 1799 necessitatem
1620 1714 1973 1771 consecrandi

996 1807 1054 1844 ιη
1080 1804 1307 1857 asymzs.

2064 672 2188 727 rius
2222 674 2516 730 societatis
2546 674 2885 731 hominibus
2918 676 3308 749 prudentibus
3331 691 3563 747 semper
3592 690 3721 747 pro-

2066 760 2204 816 bata
2233 766 2341 829 est,
2376 764 2551 818 etiam
2577 769 2708 835 post
2740 764 3057 821 conﬂatum
3107 765 3365 822 schisma
3420 761 3719 820 Michaelis

2072 850 2373 918 Cerularii,
2402 852 2503 923 qui
2542 869 2610 908 ea
2664 854 2735 907 de
2766 868 2825 907 re
2855 853 3081 924 primus
3114 854 3345 911 Latinos
3373 854 3432 909 in
3481 868 3724 910 causam

2072 939 2271 995 traxit.
2306 940 2662 997 Humbertus
2693 942 3026 1010 cardinalis,
3053 944 3160 999 etsi
3196 960 3297 1015 pro
3350 942 3572 1014 ingenii
3628 942 3725 997 sui

2075 1030 2295 1084 fervore
2320 1030 2524 1084 durius
2552 1030 2763 1086 Graecis
2787 1031 3135 1103 respondere
3156 1032 3363 1088 salitus
3380 1032 3475 1096 sit,
3502 1030 3722 1087 salvam

2075 1122 2271 1173 tamen
2286 1119 2662 1173 reverentiam
2681 1120 2939 1191 corporis
2955 1120 3237 1176 Dominici
3254 1144 3280 1171 ‹‹
3305 1121 3365 1175 in
3379 1121 3720 1176 fermentata

2078 1208 2135 1259 et
2160 1205 2219 1259 in
2251 1222 2454 1276 azyma
2490 1228 2515 1253 ››
2552 1206 2763 1261 fatetur
2788 1207 2842 1261 in
2870 1209 3249 1279 responsione
3272 1210 3344 1265 ad
3381 1207 3724 1265 Michaelem

2078 1292 2456 1349 Cerularium.
2490 1294 2633 1348 Hinc
2664 1294 2975 1367 Gregorius
3007 1313 3157 1368 papa
3184 1297 3309 1367 VII,
3352 1297 3413 1353 in
3471 1297 3574 1352 lib.
3624 1313 3726 1352 vm

2079 1380 2397 1454 epistolal.
2429 1404 2449 1429 α
2486 1382 2601 1437 Nos
2640 1398 2796 1452 vero,
2858 1383 3069 1454 inquit,
3129 1401 3399 1456 azymum
3456 1389 3727 1441 nostrum

2080 1469 2530 1541 inexpugnabili
2545 1471 2865 1526 secundum
2896 1471 3212 1528 Dominum
3253 1472 3475 1528 ratione
3524 1472 3732 1528 defen-

2081 1560 2304 1627 dentes,
2335 1559 2597 1631 ipsorum
2627 1559 3041 1616 fermentatum
3091 1576 3196 1616 nec
3252 1561 3657 1633 reprobamus.
3696 1581 3725 1610 ››

2080 1648 2391 1703 Anselmus
2444 1647 2878 1705 Cantuariensis
2945 1648 3255 1720 episcopus
3310 1666 3346 1705 a
3391 1648 3729 1704 Waleramo

2082 1736 2543 1808 Nuembergensi
2571 1736 2829 1791 antistite
2859 1736 3251 1809 interrogatus
3280 1737 3422 1809 quid
3454 1738 3526 1792 de
3567 1736 3731 1792 Gre-

2084 1842 2285 1883 eorum
2316 1826 2598 1881 fermento
2628 1825 2892 1895 sentiret,
2913 1825 2997 1881 ita
3015 1826 3318 1897 respondit
3344 1842 3358 1880 :
3394 1846 3423 1876 ‹‹
3452 1826 3533 1882 De
3556 1826 3734 1882 sacri-

398 1914 519 1969 Etsi
541 1913 753 1971 Christi
776 1912 1203 1968 Eucharistiam
1227 1909 1587 1966 instituentis
1607 1924 1745 1967 cum
1765 1907 1975 1965 volun-
2006 1942 2055 2007 B
2084 1916 2237 1980 ﬁcio,
2269 1914 2330 1969 in
2362 1930 2476 1986 quo
2507 1914 2688 1969 (ἓνωοὶ
2719 1912 3027 1970 nobiscum
3058 1930 3174 1970 non
3198 1914 3477 1983 sentiunt,
3528 1913 3733 1971 multis

330 2008 442 2073 tas,
474 2009 602 2060 tum
634 2002 961 2073 exemplum
995 2018 1098 2072 pro
1123 2000 1249 2072 lege
1279 2000 1417 2069 sint,
1452 1996 1736 2055 nonnulla
1780 2000 1975 2052 tamen

334 2095 473 2151 hinc
505 2095 689 2167 excipi
711 2107 943 2148 necesse
977 2095 1066 2145 est
1096 2106 1221 2160 qua:
1252 2090 1343 2143 vel
1385 2104 1488 2160 pro
1540 2086 1841 2157 temporis,
1889 2083 1979 2140 vel

335 2202 441 2258 pro
468 2196 845 2258 personarum
880 2179 1031 2233 inter
1062 2195 1208 2249 quas
1231 2178 1475 2249 degebat
1495 2179 1758 2247 respectu
1781 2174 1978 2229 obser-

334 2274 512 2331 vavit.
546 2272 706 2339 Quod
737 2285 885 2342 pane
915 2268 1165 2335 triticeo,
1194 2266 1347 2338 quod
1379 2265 1510 2320 vino
1551 2280 1704 2335 aqua
1760 2266 1980 2332 tempe-

335 2368 483 2429 rato,
517 2362 668 2433 quod
711 2358 882 2415 certis
912 2357 1103 2412 verbis
1147 2373 1292 2410 usus
1339 2359 1446 2424 est,
1506 2370 1573 2409 ea
1619 2349 1981 2424 praetermitti

333 2457 487 2508 vetat
521 2450 744 2522 religio,
776 2449 1079 2519 ipsiusque
1120 2443 1469 2499 sacramenti
1523 2445 1752 2497 natura.
1816 2439 1979 2507 Quod

334 2540 511 2598 semel
544 2544 601 2594 et
630 2539 867 2611 quidem
901 2537 959 2591 in
990 2534 1290 2599 Paschate,
1332 2533 1487 2603 quod
1546 2534 1676 2603 post
1733 2526 1980 2599 legalem

335 2646 583 2694 ccenam,
618 2628 773 2700 quod
807 2626 865 2680 in
897 2640 1097 2696 azyma
1129 2639 1276 2693 pane
1300 2622 1356 2676 id
1392 2619 1609 2686 fecerit,
1650 2635 1718 2673 ea
1772 2616 1859 2671 vel
1922 2615 1980 2669 in

333 2718 526 2777 medio
556 2717 773 2784 relicta,
804 2714 893 2769 vel
930 2711 1089 2767 nullo
1123 2711 1293 2765 modo
1315 2709 1373 2763 in
1397 2707 1726 2779 exemplum
1746 2704 1981 2760 trahen-

335 2811 411 2866 da
441 2825 569 2864 esse
594 2805 792 2861 voluit.
826 2804 971 2858 Hinc
1002 2805 1090 2855 est
1119 2799 1272 2871 quod
1303 2799 1448 2853 citra
1476 2795 1765 2853 Dominici
1791 2810 1981 2849 exem-

336 2895 713 2972 pliinjuriam
744 2892 951 2949 statuit
980 2890 1253 2957 Ecclesia,
1285 2886 1459 2959 idque
1484 2909 1511 2935 «
1546 2884 1768 2957 placuit
1798 2881 1981 2972 Spiri-

335 2970 423 3043 tui
452 2988 675 3052 sancta,
709 3004 737 3031 »
770 2979 1269 3053 quemadmodum
1300 2976 1467 3031 docet
1511 2972 1874 3045 Augustinus
1921 2970 1983 3025 in

338 3072 583 3148 epistola
612 3072 715 3128 118
741 3072 812 3126 ad
842 3068 1213 3133 Januarium,
1248 3088 1275 3114 ‹‹
1302 3067 1366 3119 ut
1397 3064 1456 3117 in
1506 3062 1783 3117 honorem
1838 3058 1985 3114 tanti

340 3162 601 3237 mysterii
634 3162 693 3216 in
725 3177 789 3216 os
820 3156 1133 3214 Christiani
1160 3155 1323 3227 prius
1355 3150 1723 3207 Dominicum
1773 3164 1986 3220 corpus

294 3272 305 3282 ·
340 3236 581 3311 intraret
604 3267 781 3322 quam
813 3246 1003 3303 ceteri
1034 3243 1166 3299 cibi.
1204 3265 1231 3291 ››
1253 3241 1374 3296 Etsi
1401 3240 1558 3295 enim
1590 3261 1619 3288 «
1651 3236 1983 3293 Salvator.»

340 3348 406 3401 ut
434 3342 591 3397 idem
623 3343 863 3396 sanctus
893 3338 1094 3393 doctor
1123 3330 1296 3404 paulo
1328 3333 1459 3402 post
1499 3327 1718 3394 subdit,
1779 3349 1800 3375 ι
1865 3342 1980 3398 quo

333 3428 738 3496 vehementius
758 3422 1195 3483 commendaret
1226 3416 1486 3490 mysterii
1516 3413 1977 3485 illiusZ'altitudi-

335 3537 492 3588 nem,
526 3518 800 3574 ultimum
832 3514 940 3568 hoc
970 3510 1152 3565 voluit
1179 3508 1420 3579 infigere
1449 3504 1724 3563 cordibus
1744 3508 1801 3560 et
1858 3519 1981 3559 me-

334 3608 529 3665 morias
562 3602 986 3677 discipulorum
1018 3615 1049 3653 a
1071 3597 1283 3669 quibus
1306 3595 1376 3649 ad
1403 3593 1733 3666 passionem
1757 3590 1980 3665 digres-

334 3716 509 3756 surus
535 3702 677 3763 erat,
694 3710 807 3748 non
836 3687 1107 3762 prmeepit
1129 3690 1323 3741 tamen
1348 3700 1463 3755 quo
1481 3683 1752 3753 deinceps
1774 3680 1977 3736 ordine

332 3789 681 3852 sumeretur,
716 3785 778 3837 ut
809 3776 1089 3851 apostolis
1122 3791 1222 3847 per
1242 3790 1388 3845 quos
1434 3770 1720 3827 Ecclesiae
1778 3771 1975 3842 dispo-

330 3877 552 3933 siturus
582 3875 705 3928 erat
735 3870 989 3926 servaret
1016 3865 1173 3919 hunc
1202 3862 1416 3917 locum.
1443 3862 1589 3916 Nam
1621 3860 1669 3915 si
1716 3859 1825 3914 hoc
1877 3859 1976 3915 ille

329 3963 655 4023 monuisset
682 3964 749 4016 ut
769 3961 899 4031 post
925 3954 1083 4011 cibos
1132 3951 1277 4007 alios
1338 3966 1568 4021 semper
1622 3951 1973 4016 sumeretur,

332 4055 502 4111 credo
534 4051 688 4124 quod
719 4064 853 4104 eum
884 4059 1105 4099 morem
1137 4057 1307 4097 nemo
1334 4039 1634 4095 variasset.
1670 4060 1698 4087 ››
1731 4038 1841 4093 Sed
1888 4041 1971 4092 ta-

329 4160 485 4213 men,
519 4146 584 4197 ut
612 4139 814 4195 eodem
844 4135 969 4190 loco
1000 4128 1629 4202 monuitAugustinus,
1656 4148 1682 4175 ‹‹
1708 4124 1973 4197 probabi-

328 4233 402 4290 lis
436 4231 703 4303 quwdam
735 4226 883 4283 ratio
908 4221 1232 4291 delectavit,
1261 4222 1325 4274 ut
1355 4234 1468 4273 uno
1511 4217 1604 4271 die
1660 4218 1814 4270 certo
1871 4229 1974 4285 per

327 4337 574 4387 annum,
607 4334 721 4391 quo
750 4317 943 4389 ipsam
990 4325 1214 4369 ccsnam
1274 4307 1553 4363 Dominus
1608 4303 1784 4371 dedit,
1843 4306 1971 4357 tan-

329 4426 509 4483 quam
561 4410 633 4464 ad
683 4404 1065 4477 insigniorem
1132 4394 1767 4459 commemorationem,
1839 4395 1974 4463 post

329 4480 489 4557 cibos
545 4496 739 4553 offerri
794 4499 851 4550 et
906 4489 1088 4563 accipi
1147 4488 1320 4542 liceat
1365 4499 1578 4555 corpus
1628 4484 1686 4536 et
1727 4480 1971 4553 sanguis

324 4587 579 4647 Domini.
615 4608 643 4635 )›

2088 2002 2389 2059 catholicis
2410 2001 2793 2058 rationalibus
2812 2001 3041 2058 videtur
3058 2003 3198 2074 quia
3229 2004 3381 2075 quod
3412 2006 3595 2076 agunt
3614 2019 3734 2059 non

2086 2096 2176 2149 est
2204 2096 2407 2148 contra
2432 2091 2607 2147 fidem
2639 2090 3004 2148 catholicam.
3046 2091 3195 2147 Nam
3243 2094 3302 2147 et
3357 2108 3626 2164 azymum
3676 2094 3737 2148 et

2089 2182 2502 2237 fermentatum
2550 2180 2907 2249 sacriﬁcans,
2954 2196 3162 2253 panem
3220 2179 3544 2248 sacriﬁcat;
3602 2180 3735 2236 Non

2089 2270 2245 2326 enim
2279 2269 2555 2323 differunt
2579 2283 2818 2339 azymus
2856 2271 2913 2322 et
2967 2267 3319 2322 fermentum
3375 2265 3738 2322 substantia-

2086 2357 2241 2423 liter,
2273 2360 2339 2411 ut
2366 2356 2606 2427 quidam
2638 2360 2866 2427 putant.
2902 2376 2924 2404 ι
2959 2356 3028 2410 Et
3047 2354 3220 2410 infra.
3256 2376 3285 2404 ‹‹
3317 2354 3635 2426 Postquam
3666 2356 3740 2411 de

2087 2446 2265 2501 veteri
2296 2446 2484 2516 figura
2512 2443 2583 2499 ad
2617 2460 2825 2499 novam
2858 2444 3160 2500 veritatem
3188 2442 3478 2509 venimus,
3510 2447 3568 2499 et
3605 2461 3736 2516 azy-

2091 2551 2247 2590 mam
2277 2532 2487 2589 Christi
2520 2550 2757 2595 carnem
2783 2533 3165 2601 comedimus,
3188 2549 3304 2588 non
3332 2537 3422 2588 est
3442 2531 3612 2588 nobis
3635 2549 3738 2588 ne-

2089 2623 2339 2679 cessaria
2368 2622 2469 2677 illa
2496 2625 2661 2677 vetus
2692 2622 2880 2693 ﬁgura
2900 2621 2961 2676 in
2990 2636 3161 2693 pane,
3210 2621 3281 2676 de
3337 2636 3451 2691 quo
3500 2636 3738 2677 carnem

2089 2712 2280 2786 ipsam
2305 2711 2666 2766 conﬁcimus.
2699 2710 3151 2782 Apertissimum
3197 2713 3394 2765 tamen
3454 2712 3543 2765 est
3598 2710 3740 2780 quia

2090 2801 2301 2857 melius
2330 2800 2693 2856 sacrificatur
2721 2800 2790 2855 de
2819 2815 3019 2872 azyma
3048 2814 3229 2870 quam
3258 2798 3328 2853 de
3369 2799 3737 2869 fermentata,

2091 2895 2219 2946 tum
2241 2888 2378 2961 quia
2400 2887 2568 2943 valde
2597 2888 2815 2959 aptius,
2843 2891 2901 2943 et
2933 2887 3141 2960 purius
3172 2891 3229 2942 et
3253 2885 3593 2959 diligentius
3649 2887 3737 2956 ﬁt,

2092 2983 2220 3034 tum
2253 2977 2392 3048 quia
2422 2976 2707 3031 Dominus
2738 2974 2845 3031 hoc
2877 2975 3033 3032 fecit.
3070 2997 3099 3024 ››

2163 3068 2290 3123 Non
2321 3065 2518 3121 minus
2547 3065 2770 3120 sincere
2799 3063 3113 3119 Guibertus
3144 3062 3326 3119 abbas
3356 3063 3426 3118 de
3452 3062 3738 3135 Navigan-

2090 3160 2171 3225 to,
2206 3157 2266 3211 in
2297 3155 2399 3210 lib.
2431 3154 2544 3209 ide
2573 3154 2765 3209 Gestis
2798 3154 3151 3208 Francorum
3199 3167 3328 3224 cap.
3386 3155 3442 3219 2,
3501 3150 3741 3223 oblique

2093 3244 2352 3301 defendit
2382 3244 2607 3299 Graecos
2638 3241 2791 3312 quod
2834 3256 2904 3296 ex
2933 3238 3184 3311 panibus
3213 3239 3579 3297 fermentatie
3623 3241 3738 3295 Eu-

2013 3304 2054 3372 C
2092 3332 2431 3389 charistiam
2463 3329 2809 3386 conﬁciant:
2842 3328 3132 3383 Nimirum
3163 3352 3191 3379 «
3234 3329 3386 3401 quod
3444 3328 3741 3385 veteribus

2089 3420 2449 3480 caeremoniis
2475 3418 2755 3473 Dominus
2785 3417 2961 3473 ﬁnem
2982 3433 3227 3490 ponens,
3258 3419 3570 3489 postquam
3603 3433 3738 3474 cum

2089 3511 2307 3584 azymis
2337 3524 2553 3581 agnum
2584 3506 2856 3573 comedit,
2889 3506 2961 3562 de
2989 3506 3190 3562 codem
3222 3521 3391 3577 pane,
3419 3503 3559 3577 quia
3580 3504 3733 3562 alius

2089 3616 2204 3656 non
2231 3599 2431 3654 aderat
2451 3612 2554 3652 nec
2583 3595 2909 3650 secundum
2957 3593 3143 3668 legem
3201 3610 3378 3667 quam
3426 3592 3734 3665 implebat,

2086 3687 2281 3744 induci
2314 3689 2453 3742 tunc
2483 3686 2725 3757 poterat,
2758 3682 3016 3755 corporis
3046 3683 3137 3740 sui
3168 3687 3538 3739 sacramenta
3597 3699 3734 3739 con-

2083 3774 2345 3843 tradidit,
2378 3787 2714 3845 azymorum
2740 3771 2945 3841 illatio,
2975 3790 3102 3845 quae
3123 3775 3264 3828 tunc
3285 3771 3474 3828 adfuit
3495 3771 3739 3827 necessi-

2083 3864 2208 3931 tati,
2244 3880 2359 3918 non
2398 3862 2481 3917 eis
2536 3861 2767 3916 videtur
2824 3862 2896 3917 ad
2951 3861 3386 3918 institutionem
3444 3860 3736 3933 pertinere

2083 3951 2362 4027 mysterii.
2394 3951 2559 4008 Sicut
2587 3950 2860 4007 buccellae
2891 3950 3180 4021 intinctio,
3219 3967 3335 4007 non
3383 3949 3735 4006 sacramenti

2081 4040 2419 4115 peragendi,
2452 4040 2553 4096 sed
2577 4040 2607 4095 J
2616 4041 2740 4095 udae
2764 4040 3114 4113 proditionis
3144 4039 3253 4095 fuit
3274 4038 3554 4096 ostensio.
3581 4060 3610 4087 »
3632 4041 3735 4095 Ea-

2081 4131 2212 4186 dem
2240 4133 2327 4186 est
2357 4129 2647 4186 sententia
2678 4128 2943 4185 omnium
2970 4128 3390 4200 theologorum,
3451 4142 3584 4181 cum
3641 4143 3732 4181 re-

2081 4219 2338 4275 centium
2368 4222 2495 4274 tum
2517 4217 2913 4289 antiquorum,
2930 4217 3145 4289 quibus
3172 4212 3390 4270 accedit
3415 4211 3729 4268 concilium

2081 4307 2504 4377 Florentinum,
2535 4308 2705 4379 cujus
2735 4305 3077 4363 auctoritate
3125 4301 3368 4375 probata
3422 4304 3513 4356 est
3568 4299 3729 4357 Grie-

2080 4413 2282 4455 corum
2314 4396 2697 4453 consuetudo.

2152 4487 2367 4542 Eodem
2402 4484 2597 4541 animo
2626 4482 2814 4539 affecti
2845 4483 2983 4537 sunt
3011 4477 3191 4536 Graeci
3222 4476 3631 4551 prudentiores
3662 4494 3731 4534 ac

2082 4573 2501 4630 moderatiores
2531 4571 2747 4643 quique
2774 4570 2832 4623 in
2856 4584 3123 4641 azymum
3154 4566 3516 4644 Latinorum.
3548 4565 3734 4622 Theo-

399 4678 555 4735 Idem
589 4678 704 4731 fere
735 4675 805 4731 de
835 4670 1053 4745 azymis
1084 4663 1343 4736 contigit.
1378 4661 1523 4728 Quia
1550 4658 1706 4715 enim
1737 4659 1969 4719 Chritus
1998 4670 2046 4735 Π
2075 4661 2384 4736 phylactus
2404 4660 2465 4716 in
2482 4658 2738 4715 oratione
2760 4658 2831 4712 ad
2867 4655 3169 4745 Nicolaum
3192 4655 3529 4722 diaconum,
3557 4654 3730 4727 cujus

322 4784 522 4843 azyma
554 4783 702 4840 pane
732 4765 792 4819 in
822 4754 1187 4817 Eucharistia
1244 4749 1604 4806 instituenda
1658 4766 1803 4806 usus
1854 4756 1965 4823 est,

318 4838 454 4916 eum
483 4838 706 4914 morem
754 4847 1080 4910 observavit
1130 4842 1332 4897 Latina
1389 4838 1662 4905 Ecclesia,
1721 4857 1835 4896 non
1893 4841 1965 4898 ob

318 4946 566 5021 exempti
600 4944 1029 5004 necessitatem,
1063 4934 1161 4989 sed
1197 4930 1266 4986 ad
1304 4950 1332 4979 «
1362 4928 1744 5001 insigniorem
1779 4952 1805 4978 η
1859 4934 1965 4986 Do-

318 5018 518 5095 minic—i
566 5033 811 5106 exempli
868 5053 895 5081 ‹‹
939 5018 1646 5084 commemorationem.»
1700 5023 1773 5074 At
1829 5020 1967 5091 quia

316 5128 603 5195 Christus,
637 5143 704 5181 ex
734 5120 1035 5179 occasione
1066 5115 1315 5178 tantum,
1349 5107 1644 5180 paschalis
1676 5108 1807 5164 festi
1837 5126 1965 5181 azy-

320 5235 483 5273 mum
517 5232 727 5288 panem
760 5209 1104 5269 fermentata
1136 5196 1487 5274 praetulerat,
1533 5198 1745 5255 Graecis
1774 5197 1965 5253 visum

320 5310 409 5362 est
427 5287 544 5361 non
577 5304 758 5360 teneri
782 5318 843 5357 se
875 5300 982 5355 hac
1014 5296 1071 5350 in
1106 5293 1266 5365 parte
1298 5287 1565 5362 exemplo
1596 5287 1827 5355 Christi,
1862 5302 1965 5342 nec

320 5412 477 5451 nova:
509 5394 653 5465 legis
683 5393 1011 5449 libertatem
1034 5383 1279 5441 Judaico
1329 5379 1463 5435 ritui
1515 5376 1964 5447 subjiciendam.

317 5482 574 5554 Utraque
605 5482 964 5539 consuetudo
992 5474 1272 5547 legitima,
1295 5475 1540 5542 utraque
1557 5465 1843 5540 probabili
1878 5482 1969 5521 ra-

316 5570 474 5627 tione
489 5570 903 5640 tulta;tametsi
928 5567 1085 5640 prior
1118 5569 1243 5627 tum
1272 5562 1343 5617 ob
1377 5558 1709 5630 exemplum
1732 5555 1965 5624 Christi,

318 5655 447 5711 tuin
480 5658 550 5710 ob
584 5661 839 5730 mysterii
873 5651 1341 5715 convenientiam
1372 5648 1555 5705 altera
1598 5646 1789 5719 potior
1841 5660 1968 5702 esse

317 5741 565 5796 videtur.

2076 4751 2358 4808 arationis
2390 4750 2779 4821 fragmentum
2812 4748 3003 4802 exstat
3020 4745 3081 4800 in
3103 4744 3205 4801 lib.
3229 4761 3266 4800 v
3287 4744 3319 4800 J
3328 4743 3450 4800 uris
3471 4742 3733 4800 Orienta-

2074 4840 2169 4908 lis,
2193 4836 2666 4910 intempestivum
2698 4833 2888 4889 zelum
2923 4848 3187 4902 suorum,
3221 4831 3322 4905 qui
3354 4829 3574 4886 Latinis
3629 4847 3729 4886 va-

2076 4929 2193 4985 rios
2223 4929 2370 4983 ritus
2401 4943 2435 4981 a
2464 4922 2811 4980 Graecanicis
2852 4922 3274 4995 discrepantes,
3327 4918 3389 4974 in
3445 4917 3538 4973 his
3595 4934 3728 4992 azy-

2076 5032 2306 5074 morum
2338 5030 2513 5070 usum
2545 5013 2965 5085 improperant,
3019 5011 3271 5085 graviter
3312 5005 3727 5080 reprehendit;

2075 5121 2326 5177 eumque
2357 5106 2596 5159 secutus
2625 5102 2953 5157 Demetrius
2974 5100 3366 5157 Chomatenus
3415 5096 3729 5169 episcopus

2074 5194 2481 5267 Bulgarorum.
2515 5190 2748 5247 Graecus
2795 5189 3177 5257 Theatianus,
3227 5188 3287 5242 in
3346 5184 3596 5258 epistola
3646 5184 3727 5241 ad

2075 5281 2407 5340 sacerdotes
2438 5279 2539 5352 qui
2571 5279 2630 5335 in
2665 5279 2961 5335 montanis
2992 5276 3299 5352 degebant,
3317 5270 3407 5330 'ait
3448 5289 3726 5346 superva—

2076 5387 2320 5429 caneum
2352 5387 2479 5427 esse
2513 5370 2860 5425 contendere
2910 5386 3052 5425 num
3112 5383 3278 5424 sacra
3328 5363 3607 5437 mysteria
3659 5378 3731 5419 ex

2077 5478 2297 5535 azyma,
2339 5477 2413 5515 an
2472 5476 2540 5515 ex
2592 5459 2937 5515 fermentata
2992 5458 3155 5513 ﬁant.
3218 5452 3361 5511 Mihi
3418 5467 3553 5508 vero
3608 5467 3729 5524 pra

2077 5550 2298 5610 caeteris
2319 5548 2616 5605 laudanda
2640 5548 2869 5603 videtur
2896 5546 3181 5604 modestia
3208 5540 3497 5601 Barlaami
3527 5540 3728 5597 Hiera-

2077 5641 2269 5700 censis
2299 5637 2575 5713 episcopi,
2609 5637 2667 5692 in
2701 5637 2946 5711 epistola
2975 5637 3047 5694 ad
3079 5637 3308 5694 Graecos
3357 5647 3460 5706 pro
3509 5628 3729 5686 unione

2078 5731 2386 5803 utriusque
2416 5726 2701 5796 Fcclesiae,
2733 5728 3003 5800 qui,cum
3025 5742 3202 5787 usum
3233 5721 3539 5795 utriusque
3555 5719 3727 5793 panis
