3970 6218
243 322 400 393 193⁵7

1216 329 1671 404 MABILLONII
1712 333 2184 412 DISQUlSITIO
2225 338 2329 405 DE
2370 340 2668 412 AZYMO.

3480 342 3640 415 1238

240 465 570 558 probasset,
603 464 726 525 haec
756 464 958 558 addit:
995 489 1025 519 «
1084 467 1317 526 Latinos
1368 487 1502 527 vero
1561 471 1620 527 in
1650 475 1880 528 tantum
1907 468 1966 539 Α
2062 474 2143 529 Ex
2171 476 2402 545 Graecis,
2436 478 2797 551 Barlaamus,
2829 479 3069 540 ineunte
3117 479 3331 540 saeculo
3360 498 3477 552 xiv,
3512 485 3635 558 epi-

242 556 654 628 prudentiores
712 556 963 626 aestimo,
1020 559 1174 630 quod
1236 558 1323 613 illi
1355 560 1593 631 quidem
1644 559 1885 615 minime

240 643 497 700 hostiam
548 645 621 701 de
669 645 1015 702 fermentata
1071 647 1424 720 vituperant,
1480 649 1581 704 sed
1614 646 1886 704 similiter

238 738 611 790 venerantur.
650 756 675 783 »
698 734 961 807 Denique
990 740 1055 791 ut
1076 736 1222 793 alios
1240 736 1573 808 complures
1594 736 1883 806 omittam,

237 824 551 894 Gregorius
611 824 1078 896 Protosyncellus
1141 825 1199 879 in
1258 825 1536 899 Apologia
1607 828 1883 882 adversus

234 910 546 982 epistolam
579 911 755 968 Marci
789 912 1087 985 Ephesini,
1120 921 1381 986 ἀδιάφορον
1412 931 1511 970 seu
1546 914 1882 969 indifferens

236 1000 487 1057 aestimat
508 1001 1081 1069 sacriﬁcium,sivein
1100 1004 1517 1074 azymo,sivein
1538 1003 1880 1059 fermentata

234 1106 384 1161 pane
415 1091 777 1146 conﬁciatur.

306 1179 388 1234 Ex
418 1180 511 1234 his
543 1179 871 1251 intelligere
897 1177 1029 1234 licet
1075 1180 1529 1235 controversiam
1579 1180 1647 1235 de
1679 1197 1879 1251 azyma

235 1271 293 1323 et
324 1269 663 1324 fermentata
686 1285 834 1340 pane
856 1267 1125 1323 sacrificii
1148 1269 1668 1341 essequmstionem
1692 1268 1878 1323 histo-

233 1355 339 1411 rici
373 1356 527 1424 facti,
558 1359 877 1428 utrumque
929 1372 1032 1428 pro
1064 1356 1221 1411 varia
1274 1360 1604 1428 temporum
1636 1373 1701 1412 ac
1731 1356 1881 1413 loco-

231 1461 365 1500 rum
395 1444 857 1501 consideratione
905 1445 1177 1516 usurpari
1209 1444 1279 1499 ab
1312 1444 1565 1500 Ecclesia
1594 1446 1874 1518 potuisse,

233 1533 512 1605 equidem
542 1550 715 1589 suum
746 1531 955 1604 cuique
974 1532 1231 1589 societati
1257 1551 1476 1589 morem
1501 1535 1873 1603 servandum,

236 1638 346 1677 nec
368 1621 519 1677 inter
546 1638 644 1678 eos
674 1622 772 1693 qui
804 1621 1029 1677 diverso
1053 1638 1201 1694 pane
1222 1627 1469 1678 utuntur
1498 1621 1626 1678 lites
1658 1623 1765 1678 hac
1804 1624 1875 1679 de

234 1728 297 1767 re
328 1712 627 1768 serendae.

303 1800 667 1872 Quapropter
684 1800 1135 1856 immoderatum
1157 1818 1357 1857 eorum
1378 1800 1565 1857 zelum
1590 1802 1736 1857 ferre
1756 1820 1869 1858 non
1902 1835 1950 1900 B

232 1905 477 1961 possum
508 1889 608 1960 qui
638 1888 803 1945 nefas
832 1893 1042 1962 putant
1079 1890 1345 1945 dubitare
1374 1908 1447 1945 an
1479 1890 1735 1946 Ecclesia
1764 1892 1871 1946 La-

232 1978 360 2034 tina
379 1976 560 2034 alium
584 1994 795 2051 panem
819 1978 1151 2035 adhibuerit
1180 1996 1357 2051 quam
1388 1996 1677 2052 azymum,
1704 1981 1873 2051 quasi

233 2071 334 2123 aut
355 2065 685 2123 necessaria
711 2066 837 2140 lege
885 2068 1103 2139 azymis
1144 2067 1375 2123 addicta
1397 2068 1568 2123 fuerit
1587 2068 1658 2123 ab
1684 2069 1870 2136 initio,

234 2159 334 2210 aut
382 2154 517 2211 fidei
554 2156 828 2227 dogmata
858 2155 1143 2227 pertineat
1172 2173 1507 2229 azymorum
1539 2174 1703 2212 usus.
1739 2157 1871 2221 Quae

232 2243 488 2299 sanctior
508 2242 844 2299 constitutio
889 2260 1016 2299 esse
1037 2248 1261 2315 poterat
1291 2261 1467 2316 quam
1493 2263 1619 2317 quae
1642 2246 1713 2301 ab
1737 2263 1872 2317 apo-

231 2330 398 2388 stolis
427 2332 680 2387 dictante
697 2332 917 2405 Spiritu
941 2337 1141 2389 sancta
1171 2333 1324 2389 facta
1344 2335 1889 2402 est,abstinendum‘

231 2435 360 2477 esse
392 2438 427 2475 a
455 2421 739 2494 sanguine
759 2425 816 2477 et
846 2421 1127 2478 suﬂ‘ocato
1148 2422 1176 2476 ?
1196 2423 1265 2477 Et
1294 2426 1486 2477 tamen
1512 2422 1603 2479 lex
1623 2422 1724 2478 illa
1744 2440 1871 2495 quae

232 2526 339 2582 per
370 2509 558 2566 multa
592 2509 807 2567 secula
835 2509 894 2566 in
916 2509 1174 2567 Ecclesia
1193 2511 1615 2581 viguit,servari
1634 2513 1870 2567 tandem

231 2598 424 2655 desiit.
447 2597 659 2665 Quidni
680 2598 856 2655 etiam
886 2598 946 2654 in
965 2615 1300 2671 azymorum
1319 2616 1429 2654 usu
1451 2599 1709 2671 idipsum
1737 2616 1871 2655 con-

229 2686 456 2760 tingere
486 2687 675 2759 potuit
694 2688 721 2742 Τ
745 2688 907 2753 Quod
938 2688 987 2743 si
1010 2687 1326 2760 potuil,cur
1346 2704 1411 2743 ea
1433 2688 1502 2742 de
1526 2703 1584 2742 re
1608 2692 1874 2759 quaestio-

230 2792 366 2832 nem
403 2793 633 2833 movere
662 2793 777 2833 non
808 2776 997 2833 licet?

876 2963 1106 3021 CAPUT
1137 2964 1232 3019 III.

337 3075 419 3130 Αη
451 3072 627 3130 Graeci
653 3074 722 3128 ab
752 3072 913 3127 initio
950 3070 1202 3126 Ecclesia
1230 3073 1492 3141 fermento
1520 3073 1608 3126 usi
1633 3072 1761 3126 sint.

1995 579 2205 636 scapus
2222 565 2671 639 Hieracensis,in
2689 571 2933 644 epistola
2947 573 3017 628 ad
3042 572 3269 629 Graecos
3290 589 3393 645 pro
3419 575 3636 632 unione

1994 653 2298 726 utriusque
2331 657 2612 727 Ecclesiae,
2644 659 2941 717 existimat
2972 662 3241 717 fermenti
3273 679 3445 719 usum
3478 665 3636 736 apud

1993 739 2216 797 Graecos
2246 744 2317 799 ab
2348 744 2515 802 initio
2561 747 2898 820 invaluisse,
2960 750 3044 804 uti
3106 767 3442 821 azymorum
3475 752 3633 824 apud

1993 827 2249 886 Latinos.
2285 856 2310 881 «
2345 833 2649 903 Quoniam,
2700 837 2909 908 inquit,
2961 837 3209 910 apostoli
3239 839 3440 895 eadem
3472 841 3631 896 enim

1990 919 2285 974 tradentes
2317 924 2592 993 mysteria
2613 941 2728 980 non
2753 926 3144 981 distinxerunt
3172 926 3291 982 sive
3317 928 3629 985 fermenta-

1988 1009 2113 1062 tum
2151 1008 2269 1063 sive
2298 1027 2565 1082 azymum
2593 1031 2605 1080 ;
2639 1013 2947 1069 Orientalis
2968 1015 3221 1071 Ecclesia
3242 1019 3517 1074 continuo
3535 1035 3628 1075 ce-

1989 1096 2075 1165 pit
2112 1098 2545 1169 fermentatum,
2606 1101 2990 1158 Occidentalis
3048 1120 3179 1158 vero
3237 1121 3527 1177 azymum,
3561 1123 3627 1162 eo

1988 1186 2143 1255 quod
2174 1186 2324 1257 gerit
2351 1187 2667 1260 imaginem
2689 1190 2980 1260 puritatis,
3013 1190 3361 1249 sinceritatis
3392 1197 3449 1250 et
3474 1195 3629 1251 veri-

1986 1272 2143 1327 tatis.
2177 1296 2205 1323 »
2239 1274 2451 1329 Eadem
2483 1281 2570 1330 est
2600 1277 2888 1332 sententia
2919 1278 3176 1350 Gregorii
3208 1282 3625 1353 Protosyncelli

1985 1359 2045 1416 in
2077 1362 2455 1433 responsione
2486 1364 2555 1419 ad
2587 1364 2894 1436 epistolam
2924 1365 3101 1421 Marci
3121 1367 3526 1438 Ephesini,ubi
3548 1371 3630 1426 ait

1986 1449 2217 1507 Οτι-ωοοέ
2244 1453 2524 1507 fermento
2556 1453 2626 1508 ab
2657 1453 2889 1509 exordio
2914 1470 3205 1521 usos,eam
3239 1472 3469 1528 semper
3491 1474 3626 1514 con-

1984 1538 2358 1596 suetudinem
2391 1539 2720 1597 retinuisse.

2055 1628 2265 1682 Contra
2295 1644 2428 1683 vero
2459 1628 2751 1684 Cortesius
2781 1629 2971 1684 Brana
3001 1630 3435 1699 Mazaracenus,
3487 1632 3634 1689 Grae-

1983 1731 2185 1769 carum
2214 1714 2543 1771 litterarum
2599 1717 2895 1788 professor
2947 1717 3007 1772 in
3041 1717 3274 1789 publica
3326 1720 3631 1792 gymnasio

1982 1802 2379 1874 Neapolitano,
2414 1805 2473 1859 in
2505 1803 2702 1860 libello
2748 1807 2820 1861 de
2861 1806 3072 1861 Graecae
3100 1810 3157 1861 et
3190 1807 3405 1863 Latinae
3438 1808 3632 1864 missae

1983 1908 2293 1958 consensu,
2357 1893 2521 1948 docet
2578 1910 2712 1949 cum
2777 1895 2932 1963 Soto,
2994 1894 3053 1949 in
3087 1896 3117 1947 4
3175 1897 3626 1966 sententiarum,

1983 1985 2293 2051 utramque
2322 1980 2638 2037 Ecclesiam
2669 1981 2836 2037 initio
2869 1983 3331 2039 sacratissimam
3356 1985 3630 2040 Euchari-

1982 2069 2156 2125 etiam
2188 2069 2246 2123 in
2277 2068 2495 2141 azymis
2517 2071 2873 2139 confecisse;
2903 2072 3001 2126 sed
3026 2075 3227 2143 postea
3247 2073 3319 2127 ob
3350 2071 3622 2129 haeresim

1981 2158 2408 2223 Ebionitarum,
2457 2158 2556 2229 qui
2601 2158 2811 2233 legalia
2854 2161 3141 2215 servanda
3169 2177 3297 2216 esse
3326 2161 3622 2229 volebant,

1982 2245 2265 2317 abjecisse
2287 2262 2519 2318 azymos
2542 2263 2720 2318 panes
2748 2265 2760 2316 ;
2787 2252 2913 2303 tum
2936 2248 3141 2304 haeresi
3164 2250 3446 2304 exstincta
3477 2249 3626 2305 Lati-

1982 2352 2119 2391 nam
2151 2335 2394 2391 rediisse
2422 2336 2496 2390 ad
2526 2353 2782 2408 azymos,
2812 2336 3069 2392 Graecam
3098 2353 3231 2392 vero
3262 2337 3323 2392 in
3354 2338 3625 2393 fermenti

1986 2442 2092 2481 usu
2125 2440 2550 2495 perseverasse.

2054 2513 2346 2585 Expositis
2377 2516 2680 2569 auctorum
2733 2513 2907 2569 variis
2957 2513 3283 2583 sententiis,
3316 2515 3630 2571 observan-

1982 2603 2125 2657 dum
2154 2606 2244 2657 est
2296 2601 2647 2657 Orientalem
2700 2601 3019 2658 Ecclesiam
3068 2602 3140 2658 ab
3170 2603 3296 2675 ipso
3329 2604 3625 2660 nascentis

1981 2690 2322 2746 Christiana:
2381 2690 2678 2762 religionis
2736 2691 3020 2763 principio
3052 2690 3328 2748 habuisse
3372 2692 3521 2748 ritus
3555 2694 3627 2750 ab

1981 2778 2335 2836 Occidentali
2392 2779 2676 2835 diversos.
2720 2778 2823 2833 Cui
2856 2778 2937 2834 rei
2996 2783 3340 2851 argumento
3371 2784 3461 2836 est
3496 2786 3628 2836 tum

1982 2867 2374 2924 controversia
2425 2869 2496 2924 de
2545 2866 2849 2935 Paschate,
2882 2885 3008 2940 quae
3059 2868 3212 2924 inter
3240 2869 3525 2925 Asiaticos
3574 2873 3634 2925 et

1979 2958 2275 3014 Victorem
2332 2974 2546 3029 papam
2606 2955 2894 3025 efferbuit,
2952 2961 3079 3011 tum
3138 2958 3336 3013 Irenaei
3367 2958 3623 3031 episcopi

1983 3046 2393 3119 Lugdunensis
2423 3044 2689 3117 epistola,
2708 3046 2878 3117 cujus
2900 3045 3291 3115 fragmentum
3324 3045 3497 3102 refert
3520 3047 3628 3101 Eu-

1981 3136 2179 3193 sebius
2237 3134 2525 3207 Pamphili
2583 3135 2642 3190 in
2674 3134 2940 3191 Historiae
2996 3152 3117 3191 suae
3156 3134 3256 3190 lib.
3285 3153 3340 3204 v,
3374 3152 3500 3207 cap.
3532 3136 3624 3190 25.

298 3225 421 3281 Etsi
449 3224 624 3293 Beda,
656 3224 715 3278 in
766 3221 1028 3280 Historiae
1062 3238 1183 3277 suae
1230 3220 1332 3276 lib.
1358 3239 1414 3277 ιν
1435 3238 1559 3293 cap.
1582 3221 1631 3276 ιΙ.
1667 3227 1869 3277 auctor
1898 3202 1941 3268 C
1978 3226 2192 3282 Scribit
2219 3202 2436 3297 quippe
2458 3224 2519 3279 in
2540 3240 2608 3279 ea
2627 3224 2873 3295 epistola
2896 3226 3148 3281 Irenaeus
3180 3248 3207 3273 «
3242 3202 3479 3280 beatum
3508 3223 3619 3280 Po-

225 3318 315 3371 est
345 3314 572 3370 Graecos
606 3334 633 3363 «
666 3311 799 3368 fidei
830 3311 1120 3368 contraria
1142 3311 1462 3366 admiscere
1484 3310 1706 3376 solitos,
1734 3314 1863 3366 »ta-

224 3421 362 3460 men
394 3402 604 3460 Glaber
641 3400 946 3469 Rodulfus,
981 3401 1039 3455 in
1089 3399 1188 3455 lib.
1222 3417 1258 3453 v
1304 3416 1429 3472 cap.
1464 3417 1502 3463 ι,
1537 3416 1634 3454 eos
1666 3399 1867 3455 laudat

222 3492 333 3549 hoc
362 3492 600 3548 nomine
629 3491 784 3561 quod
841 3490 996 3562 apud
1027 3504 1126 3545 eos
1158 3510 1186 3539 «
1220 3505 1449 3560 semper
1490 3492 1657 3542 tenor
1685 3487 1866 3543 eccle-

225 3581 504 3638 siasticus
551 3576 890 3632 cautissime
918 3577 1188 3649 viguerit.
1215 3599 1234 3625 ιο
1271 3579 1459 3647 Atque
1490 3580 1554 3630 ut
1585 3575 1866 3647 proclives

225 3668 447 3727 fuerint
493 3666 562 3722 ad
594 3681 743 3720 nova
774 3663 1037 3732 dicenda,
1072 3670 1225 3721 certe
1256 3665 1475 3719 rituum
1498 3680 1735 3719 suorum
1768 3679 1869 3720 eos

227 3773 463 3830 semper
493 3752 983 3811 retinentissimos
1033 3754 1215 3810 fuisse
1244 3756 1490 3809 constat.
1524 3752 1669 3807 Hinc
1700 3752 1868 3809 nobis

229 3846 418 3921 primo
475 3843 601 3899 loco
633 3841 1049 3914 inquirendum
1106 3847 1194 3897 est
1244 3859 1317 3911 an
1373 3839 1638 3896 fermenti
1671 3857 1867 3909 usum,

231 3952 405 4009 quem
428 3932 647 3989 Latinae
666 3930 929 3987 Ecclesiae
950 3933 1110 3986 tanta
1134 3929 1434 3986 molimine
1463 3930 1535 3985 ab
1559 3929 1869 3985 undecimo

229 4022 438 4081 saecula
466 4022 764 4093 imponere
794 4018 985 4074 conati
1035 4023 1192 4089 sunt,
1226 4019 1299 4073 ab
1331 4022 1458 4072 ortu
1491 4017 1755 4073 Ecclesiae
1786 4021 1870 4073 te-

229 4111 482 4178 nuerint,
505 4127 578 4166 an
600 4126 752 4177 vero,
784 4106 1033 4179 receptis
1052 4106 1366 4178 aliquando
1398 4106 1636 4179 azymis,
1670 4109 1873 4178 postea

231 4201 609 4257 fermentatos
668 4212 848 4270 panes
905 4194 1266 4251 admiserint.
1326 4194 1530 4251 Varias
1572 4195 1679 4249 hac
1710 4196 1781 4250 de
1811 4212 1871 4250 re

230 4293 535 4347 auctorum
567 4285 909 4351 sententias,
957 4289 1085 4340 tum
1133 4300 1256 4339 rem
1313 4283 1503 4355 ipsam
1548 4284 1873 4341 considere-

232 4394 387 4434 mus.
514 4368 525 4389 ’
856 4392 867 4401 ’

302 4466 675 4523 Innocentius
706 4480 857 4537 papa
885 4463 981 4530 III,
1013 4462 1074 4519 in
1129 4461 1231 4517 lib.
1266 4479 1321 4517 1v
1352 4463 1423 4517 de
1454 4463 1629 4518 Missa
1658 4478 1783 4534 cap.
1817 4463 1869 4530 4,

1973 3315 2275 3388 lycarpum
2302 3312 2523 3368 Aniceti
2547 3328 2707 3383 papae
2729 3313 3093 3384 temporibus
3111 3313 3618 3382 Romamvenisse,

1974 3408 2148 3475 atque
2168 3403 2321 3457 inter
2348 3400 2484 3456 illos
2513 3416 2648 3454 cum
2681 3400 2750 3454 de
2783 3399 3082 3469 Paschate,
3115 3405 3240 3455 tum
3273 3401 3344 3454 de
3367 3400 3621 3471 quibus-

1975 3492 2108 3546 dam
2141 3489 2271 3545 aliis
2302 3489 2476 3544 rebus
2535 3488 2825 3542 modicam
2879 3487 3064 3543 fuisse
3115 3487 3569 3542 controversiam
3602 3506 3615 3555 ;

1976 3596 2041 3635 ac
2067 3578 2264 3633 statim
2297 3582 2500 3632 mutuo
2522 3574 2679 3648 pacis
2710 3574 2907 3630 osculo
2932 3592 3057 3631 sese
3075 3574 3424 3645 complexos,
3458 3590 3619 3629 com-

1978 3667 2310 3722 municasse
2367 3664 2477 3719 sibi
2535 3663 2805 3730 invicem,
2854 3668 2911 3718 et
2942 3663 3242 3719 Anicetum
3274 3662 3333 3716 in
3365 3661 3621 3718 Ecclesia

1978 3753 2355 3813 consecrandi
2369 3769 2585 3808 munus
2600 3750 2910 3825 Polycarpa
2928 3751 3169 3807 honoris
3187 3768 3366 3807 causa
3387 3767 3621 3809 conces-

1978 3845 2193 3902 sisse.»
2226 3842 2345 3898 Etsi
2404 3858 2537 3898 vero
2595 3858 2710 3896 non
2740 3839 3013 3912 exprimit
3054 3842 3302 3896 Irenaeus
3350 3857 3620 3911 quaenam

1980 3933 2151 3990 fuerit
2176 3931 2290 3987 alia
2321 3929 2420 3986 illa
2452 3929 2661 4002 capita,
2722 3929 2780 3984 in
2812 3928 3029 4000 quibus
3084 3928 3359 3983 Anicetus
3391 3945 3425 3983 a
3452 3928 3621 4001 Poly-

1979 4039 2151 4095 carpo
2182 4019 2524 4086 dissidebat,
2556 4019 2900 4089 conjecturae
2930 4021 3128 4073 tamen
3156 4016 3321 4072 locus
3352 4032 3482 4071 esse
3514 4033 3621 4087 po-

1978 4116 2093 4169 test
2149 4111 2209 4166 in
2262 4108 2353 4165 his
2410 4108 2590 4163 fuisse
2651 4105 2965 4161 discrimen
3024 4104 3192 4178 panis
3222 4103 3621 4172 eucharistici,

1978 4216 2155 4275 quem
2182 4202 2430 4270 utraque
2460 4196 2715 4252 Ecclesia
2743 4194 3035 4251 diversum
3071 4193 3403 4250 adhibebat.

2050 4289 2210 4345 Hanc
2240 4286 2632 4357 conjecturam
2677 4284 2846 4354 juvat
2903 4282 3170 4356 Origenis
3215 4280 3529 4339 auctoritas
3563 4281 3623 4336 in

1980 4377 2238 4434 Matthei
2268 4378 2443 4449 caput
2471 4391 2566 4428 xv1
2597 4373 2669 4428 ad
2699 4389 2931 4428 versum
2966 4374 3052 4437 16,
3106 4371 3206 4429 ubi
3239 4372 3310 4428 de
3341 4372 3623 4427 fermento

1980 4467 2404 4522 Phariszeorum
2434 4461 3091 4536 agens,aitfermentum
3115 4478 3231 4517 non
3254 4460 3443 4517 solum
3468 4459 3626 4515 sumi

228 4553 524 4611 existimat
551 4554 781 4609 Graecos
814 4574 841 4602 ‹‹
875 4555 1187 4624 postquam
1235 4550 1492 4605 tunicam
1525 4550 1758 4605 Domini
1789 4551 1873 4605 in-
1903 4568 1949 4632 D
1978 4573 2082 4628 pro
2114 4554 2399 4619 doctrina,
2432 4552 2532 4607 sed
2562 4551 2739 4607 etiam
2770 4566 2873 4621 pro
2904 4549 3035 4606 aliis
3066 4550 3240 4605 rebus
3271 4553 3390 4604 tam
3421 4548 3481 4602 in
3512 4547 3624 4602 Ve-

230 4642 578 4701 consutilem
609 4641 949 4709 diviserunt,
986 4643 1047 4695 ut
1078 4643 1367 4712 perpetuas
1387 4638 1685 4694 divisionis
1706 4656 1872 4695 scan-

231 4732 431 4790 dalum
461 4721 917 4803 interponerent,
945 4727 1215 4785 sacrificii
1267 4727 1448 4783 ritum
1482 4731 1697 4782 temere
1742 4744 1870 4782 mu-

229 4826 406 4890 tasse,
437 4843 467 4873 ››
498 4819 722 4876 scilicet
773 4818 896 4873 loco
955 4832 1295 4888 azymorum
1327 4815 1655 4871 adhibendo
1688 4831 1869 4887 panes

231 4912 630 4967 fermentatos.
656 4906 909 4964 Jacobus
939 4906 1009 4961 de
1049 4905 1325 4970 Vitriaco,
1360 4906 1418 4959 in
1471 4904 1731 4959 Historiae
1765 4904 1872 4960 Oc-

233 4997 540 5057 cidentalis
568 5013 697 5069 cap.
728 4996 820 5063 38,
852 4994 1061 5050 iisdem
1110 4993 1228 5049 fere
1258 4994 1451 5049 verbis
1480 4993 1743 5049 eamdem
1778 5009 1872 5048 ex-

235 5083 1068 5162 ponitsententiam,nimirum
1091 5082 1318 5138 Graecos
1342 5086 1474 5153 post
1486 5082 1874 5138 secessionem

234 5195 267 5233 a
296 5177 517 5234 Latinis
547 5173 827 5230 defecisse
858 5171 928 5226 ab
960 5188 1072 5226 usu
1111 5187 1467 5243 azymorum,
1501 5194 1529 5221 «
1563 5189 1634 5227 ne
1667 5171 1875 5226 Roma-

235 5283 443 5322 narum
512 5262 829 5320 Ecclesium
885 5259 1103 5316 imitari
1158 5259 1577 5314 viderentur.»
1631 5260 1752 5323 Quo
1806 5260 1878 5315 de

233 5355 549 5426 schismate
578 5352 912 5423 loquantur,
945 5349 1016 5404 de
1047 5347 1350 5415 Photiano,
1383 5366 1456 5403 an
1488 5348 1559 5404 de
1592 5348 1690 5403 illo
1720 5348 1876 5419 quod
1920 5388 1925 5395 .

234 5460 337 5517 per
352 5439 693 5500 Michaelem
715 5436 1077 5493 Cerularium
1104 5436 1421 5492 conﬂatum
1444 5442 1554 5506 est,
1580 5443 1778 5493 neuter
1792 5453 1881 5492 cx-

235 5530 433 5605 plicat.
465 5530 625 5586 Hanc
657 5526 1005 5584 sententiam
1036 5525 1287 5599 amplexi
1330 5531 1469 5582 sunt
1498 5525 1761 5598 plerique
1793 5544 1878 5583 re-

237 5621 525 5681 centiores
545 5617 904 5677 Latinorum.

1982 4644 2089 4700 teri
2120 4658 2297 4715 quam
2328 4640 2389 4695 in
2422 4640 2575 4695 Novo
2616 4640 3012 4695 Testamento.
3049 4641 3197 4694 Tum
3230 4636 3427 4692 subdit
3453 4652 3466 4691 :
3488 4644 3627 4690 Οὕτω

1980 4732 2031 4780 δὲ
2089 4734 2275 4794 μὴποτε
2332 4729 2461 4791 ζύμη
2516 4731 2571 4776 οὺ
2630 4727 2958 4791 προσφόρεται
3014 4727 3091 4775 ἐπι
3139 4728 3195 4773 τὸ
3244 4722 3585 4786 Θυσιαστήριον
3606 4739 3622 4785 ;

1981 4842 2008 4869 ‹‹
2042 4822 2130 4872 An
2162 4834 2277 4872 non
2310 4820 2367 4872 et
2396 4814 2711 4887 aliquando
2743 4815 3094 4870 fermentum
3126 4813 3366 4868 offertur
3404 4809 3513 4865 sub
3546 4809 3629 4865 a1-

1979 4910 2103 4962 tare
2122 4907 2150 4961 ‘I
2180 4928 2208 4955 »
2244 4904 2361 4959 Etsi
2389 4903 2542 4959 enim
2571 4920 2683 4958 non
2705 4903 2873 4975 plane
2894 4907 3116 4958 certum
3139 4900 3238 4970 sit,
3271 4914 3412 4953 num
3435 4897 3630 4969 potius

1983 4996 2054 5050 de
2084 4995 2239 5051 Novo
2268 4993 2544 5064 loquatur
2590 5008 2764 5060 quam
2798 4992 2868 5046 de
2916 4988 3108 5045 Veteri
3140 4988 3537 5053 Testamento,
3570 4986 3628 5040 in

1983 5101 2098 5155 quo
2131 5081 2460 5139 fermentati
2494 5096 2672 5152 panes
2696 5094 3119 5150 nonnunquam
3145 5074 3633 5143 oti'erebantur,ex

1986 5172 2219 5227 Levitici
2277 5168 2566 5241 capitibus
2623 5185 2700 5223 v11
2761 5171 2817 5221 et
2846 5184 3015 5232 xxvu,
3076 5169 3271 5220 tamen
3311 5163 3528 5235 potius,
3560 5164 3631 5219 de

1984 5261 2138 5315 Novo
2170 5257 2583 5330 intelligendus
2613 5254 2841 5310 videtur
2868 5270 2937 5309 ex
2966 5270 3033 5309 eo
3065 5253 3217 5325 quod
3243 5268 3388 5307 usus
3410 5251 3487 5306 sit
3513 5267 3632 5306 ver-

1986 5348 2059 5404 bo
2091 5348 2370 5419 temporis
2403 5343 2726 5418 praesentis.
2789 5342 3029 5398 Accedit
3075 5340 3228 5413 quod
3261 5341 3319 5396 in
3355 5340 3631 5394 Tractatu

1987 5437 2204 5494 xxxvin
2231 5436 2571 5492 Mattbeeum
2597 5430 2884 5504 imperitis
2909 5429 3205 5487 nonnullis
3228 5427 3637 5498 occurrit,qui-
3712 5446 3718 5452 ·

1990 5529 2102 5584 bus
2134 5528 2194 5582 in
2227 5530 2481 5583 mentem
2513 5522 2705 5579 venire
2734 5515 2952 5595 posset,
2987 5519 3249 5593 exemplo
3279 5518 3496 5575 Christi
3529 5516 3633 5571 Pa-

1993 5617 2134 5675 scha
2156 5616 2403 5675 Judaico
2423 5628 2581 5671 more
2603 5616 2657 5669 et
2679 5628 3017 5685 azymorum
3047 5610 3202 5668 diem
3224 5605 3637 5667 celebrandum
