  <div class='ocr_page' id='page_1' title='image "/cluster/home/n/w/nwhite01/storage/ocr_20150623/143/uva.x000829790/645.png"; bbox 0 0 3970 6218; ppageno 0'>
   <div class='ocr_carea' id='block_1_1' title="bbox 357 292 516 359">
    <p class='ocr_par' dir='ltr' id='par_1_1' title="bbox 357 292 516 359">
     <span class='ocr_line' id='line_1_1' title="bbox 357 292 516 359; baseline -0.006 -2"><span class='ocrx_word' id='word_1_1' title='bbox 357 292 516 359; x_wconf 75' lang='grc'><strong>1239</strong></span> 
     </span>
    </p>
   </div>
   <div class='ocr_carea' id='block_1_2' title="bbox 1390 289 2721 387">
    <p class='ocr_par' dir='ltr' id='par_1_2' title="bbox 1390 289 2721 387">
     <span class='ocr_line' id='line_1_2' title="bbox 1390 289 2721 387; baseline 0.021 -27"><span class='ocrx_word' id='word_1_2' title='bbox 1390 293 1786 360; x_wconf 85' lang='lat' dir='ltr'>APPENDIX</span> <span class='ocrx_word' id='word_1_3' title='bbox 1831 295 1934 360; x_wconf 84' lang='lat' dir='ltr'>AD</span> <span class='ocrx_word' id='word_1_4' title='bbox 1979 289 2240 372; x_wconf 69' lang='lat' dir='ltr'>OPERA</span> <span class='ocrx_word' id='word_1_5' title='bbox 2285 309 2721 387; x_wconf 81' lang='lat' dir='ltr'>HUMBERTI.</span> 
     </span>
    </p>
   </div>
   <div class='ocr_carea' id='block_1_3' title="bbox 3593 332 3758 399">
    <p class='ocr_par' dir='ltr' id='par_1_3' title="bbox 3593 332 3758 399">
     <span class='ocr_line' id='line_1_3' title="bbox 3593 332 3758 399; baseline 0.024 -3"><span class='ocrx_word' id='word_1_6' title='bbox 3593 332 3758 399; x_wconf 60' lang='grc'>1940</span> 
     </span>
    </p>
   </div>
   <div class='ocr_carea' id='block_1_4' title="bbox 355 427 3749 539">
    <p class='ocr_par' dir='ltr' id='par_1_4' title="bbox 355 427 3749 539">
     <span class='ocr_line' id='line_1_4' title="bbox 355 427 3749 539; baseline 0.013 -55"><span class='ocrx_word' id='word_1_7' title='bbox 355 428 578 496; x_wconf 88' lang='lat' dir='ltr'><strong>Quibus</strong></span> <span class='ocrx_word' id='word_1_8' title='bbox 595 427 903 500; x_wconf 82' lang='lat' dir='ltr'>respondet</span> <span class='ocrx_word' id='word_1_9' title='bbox 923 428 1214 539; x_wconf 47' lang='lat' dir='ltr'>eajomnia</span> <span class='ocrx_word' id='word_1_10' title='bbox 1235 444 1347 539; x_wconf 48' lang='lat' dir='ltr'>nan</span> <span class='ocrx_word' id='word_1_11' title='bbox 1365 430 1575 539; x_wconf 33' lang='lat' dir='ltr'>ja‘mlre</span> <span class='ocrx_word' id='word_1_12' title='bbox 1595 428 1851 539; x_wconf 73' lang='lat' dir='ltr'>ipsa,sed</span> <span class='ocrx_word' id='word_1_13' title='bbox 1875 432 1993 539; x_wconf 73' lang='lat' dir='ltr'>spi-</span> <span class='ocrx_word' id='word_1_14' title='bbox 2021 432 2082 505; x_wconf 78' lang='grc' dir='ltr'><strong>Α</strong></span> <span class='ocrx_word' id='word_1_15' title='bbox 2111 440 2308 539; x_wconf 63' lang='lat' dir='ltr'>ticeret</span> <span class='ocrx_word' id='word_1_16' title='bbox 2328 449 2455 539; x_wconf 89' lang='lat' dir='ltr'>ejus</span> <span class='ocrx_word' id='word_1_17' title='bbox 2477 459 2946 526; x_wconf 86' lang='lat' dir='ltr'>argumentum.J</span> <span class='ocrx_word' id='word_1_18' title='bbox 2952 476 3046 517; x_wconf 90' lang='lat' dir='ltr'>am</span> <span class='ocrx_word' id='word_1_19' title='bbox 3075 476 3210 536; x_wconf 86' lang='lat' dir='ltr'>ergo</span> <span class='ocrx_word' id='word_1_20' title='bbox 3230 461 3537 538; x_wconf 87' lang='lat' dir='ltr'>Philoponi</span> <span class='ocrx_word' id='word_1_21' title='bbox 3558 470 3749 539; x_wconf 67' lang='lat' dir='ltr'>atate,</span> 
     </span>
    </p>
   </div>
   <div class='ocr_carea' id='block_1_5' title="bbox 354 517 1996 582">
    <p class='ocr_par' dir='ltr' id='par_1_5' title="bbox 354 517 1996 582">
     <span class='ocr_line' id='line_1_5' title="bbox 354 517 1996 582; baseline 0.002 -8"><span class='ocrx_word' id='word_1_22' title='bbox 354 518 508 574; x_wconf 89' lang='lat' dir='ltr'>ritali</span> <span class='ocrx_word' id='word_1_23' title='bbox 542 534 717 572; x_wconf 90' lang='lat' dir='ltr'>sensu</span> <span class='ocrx_word' id='word_1_24' title='bbox 749 517 1065 572; x_wconf 84' lang='lat' dir='ltr'>exercenda</span> <span class='ocrx_word' id='word_1_25' title='bbox 1094 534 1240 573; x_wconf 88' lang='lat' dir='ltr'>esse.</span> <span class='ocrx_word' id='word_1_26' title='bbox 1275 518 1436 582; x_wconf 90' lang='lat' dir='ltr'>Quod</span> <span class='ocrx_word' id='word_1_27' title='bbox 1466 519 1573 574; x_wconf 83' lang='lat' dir='ltr'>etsi</span> <span class='ocrx_word' id='word_1_28' title='bbox 1605 519 1675 574; x_wconf 90' lang='lat' dir='ltr'>de</span> <span class='ocrx_word' id='word_1_29' title='bbox 1698 523 1818 576; x_wconf 92' lang='lat' dir='ltr'>tota</span> <span class='ocrx_word' id='word_1_30' title='bbox 1847 521 1996 579; x_wconf 88' lang='lat' dir='ltr'>ritus</span> 
     </span>
    </p>
   </div>
   <div class='ocr_carea' id='block_1_6' title="bbox 353 605 1993 679">
    <p class='ocr_par' dir='ltr' id='par_1_6' title="bbox 353 605 1993 679">
     <span class='ocr_line' id='line_1_6' title="bbox 353 605 1993 679; baseline 0.004 -18"><span class='ocrx_word' id='word_1_31' title='bbox 353 605 647 678; x_wconf 81' lang='lat' dir='ltr'>paschalis</span> <span class='ocrx_word' id='word_1_32' title='bbox 678 605 1080 660; x_wconf 82' lang='lat' dir='ltr'>observatione</span> <span class='ocrx_word' id='word_1_33' title='bbox 1112 605 1334 661; x_wconf 91' lang='lat' dir='ltr'>dictum</span> <span class='ocrx_word' id='word_1_34' title='bbox 1367 607 1544 662; x_wconf 90' lang='lat' dir='ltr'>videri</span> <span class='ocrx_word' id='word_1_35' title='bbox 1569 609 1772 679; x_wconf 84' lang='lat' dir='ltr'>possit,</span> <span class='ocrx_word' id='word_1_36' title='bbox 1800 617 1993 667; x_wconf 89' lang='lat' dir='ltr'>tamen</span> 
     </span>
    </p>
   </div>
   <div class='ocr_carea' id='block_1_7' title="bbox 353 693 1995 767">
    <p class='ocr_par' dir='ltr' id='par_1_7' title="bbox 353 693 1995 767">
     <span class='ocr_line' id='line_1_7' title="bbox 353 693 1995 767; baseline 0.004 -18"><span class='ocrx_word' id='word_1_37' title='bbox 353 695 423 750; x_wconf 89' lang='lat' dir='ltr'>ad</span> <span class='ocrx_word' id='word_1_38' title='bbox 456 695 872 749; x_wconf 89' lang='lat' dir='ltr'>removendum</span> <span class='ocrx_word' id='word_1_39' title='bbox 906 693 1080 749; x_wconf 87' lang='lat' dir='ltr'>etiam</span> <span class='ocrx_word' id='word_1_40' title='bbox 1113 711 1445 767; x_wconf 72' lang='lat' dir='ltr'>azymorum</span> <span class='ocrx_word' id='word_1_41' title='bbox 1477 713 1651 752; x_wconf 90' lang='lat' dir='ltr'>usum</span> <span class='ocrx_word' id='word_1_42' title='bbox 1684 701 1995 755; x_wconf 86' lang='lat' dir='ltr'>extenden-</span> 
     </span>
    </p>
   </div>
   <div class='ocr_carea' id='block_1_8' title="bbox 354 783 1992 862">
    <p class='ocr_par' dir='ltr' id='par_1_8' title="bbox 354 783 1992 862">
     <span class='ocr_line' id='line_1_8' title="bbox 354 783 1992 862; baseline 0.002 -24"><span class='ocrx_word' id='word_1_43' title='bbox 354 783 494 839; x_wconf 85' lang='lat' dir='ltr'>dum</span> <span class='ocrx_word' id='word_1_44' title='bbox 526 783 772 838; x_wconf 85' lang='lat' dir='ltr'>videtur.</span> <span class='ocrx_word' id='word_1_45' title='bbox 813 783 966 838; x_wconf 87' lang='lat' dir='ltr'>Idem</span> <span class='ocrx_word' id='word_1_46' title='bbox 1000 784 1312 840; x_wconf 89' lang='lat' dir='ltr'>dicendum</span> <span class='ocrx_word' id='word_1_47' title='bbox 1345 789 1431 840; x_wconf 88' lang='lat' dir='ltr'>est</span> <span class='ocrx_word' id='word_1_48' title='bbox 1464 785 1532 839; x_wconf 91' lang='lat' dir='ltr'>de</span> <span class='ocrx_word' id='word_1_49' title='bbox 1563 785 1786 842; x_wconf 85' lang='lat' dir='ltr'>Joanne</span> <span class='ocrx_word' id='word_1_50' title='bbox 1817 788 1992 862; x_wconf 58' lang='lat' dir='ltr'>Chry-</span> 
     </span>
    </p>
   </div>
   <div class='ocr_carea' id='block_1_9' title="bbox 351 872 1993 942">
    <p class='ocr_par' dir='ltr' id='par_1_9' title="bbox 351 872 1993 942">
     <span class='ocr_line' id='line_1_9' title="bbox 351 872 1993 942; baseline 0.003 -14"><span class='ocrx_word' id='word_1_51' title='bbox 351 875 631 942; x_wconf 89' lang='lat' dir='ltr'>sostomo,</span> <span class='ocrx_word' id='word_1_52' title='bbox 655 872 824 941; x_wconf 91' lang='lat' dir='ltr'>cujus</span> <span class='ocrx_word' id='word_1_53' title='bbox 855 872 1185 939; x_wconf 85' lang='lat' dir='ltr'>consimilia</span> <span class='ocrx_word' id='word_1_54' title='bbox 1201 874 1374 928; x_wconf 88' lang='lat' dir='ltr'>verba</span> <span class='ocrx_word' id='word_1_55' title='bbox 1397 878 1533 928; x_wconf 85' lang='lat' dir='ltr'>sunt</span> <span class='ocrx_word' id='word_1_56' title='bbox 1562 875 1619 929; x_wconf 92' lang='lat' dir='ltr'>in</span> <span class='ocrx_word' id='word_1_57' title='bbox 1652 875 1893 932; x_wconf 90' lang='lat' dir='ltr'>homilia</span> <span class='ocrx_word' id='word_1_58' title='bbox 1923 880 1993 934; x_wconf 93' lang='lat' dir='ltr'>de</span> 
     </span>
    </p>
   </div>
   <div class='ocr_carea' id='block_1_10' title="bbox 350 959 888 1032">
    <p class='ocr_par' dir='ltr' id='par_1_10' title="bbox 350 959 888 1032">
     <span class='ocr_line' id='line_1_10' title="bbox 350 959 888 1032; baseline -0.002 -17"><span class='ocrx_word' id='word_1_59' title='bbox 350 959 679 1032; x_wconf 80' lang='lat' dir='ltr'>proditione</span> <span class='ocrx_word' id='word_1_60' title='bbox 701 960 888 1015; x_wconf 64' lang='lat' dir='ltr'>Judaa.</span> 
     </span>
    </p>
   </div>
   <div class='ocr_carea' id='block_1_11' title="bbox 418 1048 1988 1124">
    <p class='ocr_par' dir='ltr' id='par_1_11' title="bbox 418 1048 1988 1124">
     <span class='ocr_line' id='line_1_11' title="bbox 418 1048 1988 1124; baseline 0.006 -23"><span class='ocrx_word' id='word_1_61' title='bbox 418 1048 1008 1104; x_wconf 82' lang='lat' dir='ltr'>Aliudtestimonium</span> <span class='ocrx_word' id='word_1_62' title='bbox 1030 1066 1130 1120; x_wconf 92' lang='lat' dir='ltr'>pro</span> <span class='ocrx_word' id='word_1_63' title='bbox 1155 1048 1393 1121; x_wconf 76' lang='lat' dir='ltr'>antiquo</span> <span class='ocrx_word' id='word_1_64' title='bbox 1417 1051 1680 1106; x_wconf 81' lang='lat' dir='ltr'>fermenti</span> <span class='ocrx_word' id='word_1_65' title='bbox 1701 1069 1809 1108; x_wconf 88' lang='lat' dir='ltr'>usu</span> <span class='ocrx_word' id='word_1_66' title='bbox 1835 1055 1988 1124; x_wconf 88' lang='lat' dir='ltr'>apud</span> 
     </span>
    </p>
   </div>
   <div class='ocr_carea' id='block_1_12' title="bbox 349 1137 1988 1210">
    <p class='ocr_par' dir='ltr' id='par_1_12' title="bbox 349 1137 1988 1210">
     <span class='ocr_line' id='line_1_12' title="bbox 349 1137 1988 1210; baseline 0.003 -17"><span class='ocrx_word' id='word_1_67' title='bbox 349 1137 577 1194; x_wconf 78' lang='lat' dir='ltr'>Graecos</span> <span class='ocrx_word' id='word_1_68' title='bbox 596 1139 824 1193; x_wconf 90' lang='lat' dir='ltr'>desumi</span> <span class='ocrx_word' id='word_1_69' title='bbox 848 1143 1035 1210; x_wconf 81' lang='lat' dir='ltr'>potest</span> <span class='ocrx_word' id='word_1_70' title='bbox 1057 1155 1122 1194; x_wconf 82' lang='lat' dir='ltr'>ex</span> <span class='ocrx_word' id='word_1_71' title='bbox 1143 1138 1422 1193; x_wconf 89' lang='lat' dir='ltr'>Chronico</span> <span class='ocrx_word' id='word_1_72' title='bbox 1447 1139 1553 1194; x_wconf 89' lang='lat' dir='ltr'>Ms.</span> <span class='ocrx_word' id='word_1_73' title='bbox 1592 1142 1737 1195; x_wconf 89' lang='lat' dir='ltr'>Datii</span> <span class='ocrx_word' id='word_1_74' title='bbox 1771 1142 1988 1198; x_wconf 86' lang='lat' dir='ltr'>Medio-</span> 
     </span>
    </p>
   </div>
   <div class='ocr_carea' id='block_1_13' title="bbox 344 1225 1983 1298">
    <p class='ocr_par' dir='ltr' id='par_1_13' title="bbox 344 1225 1983 1298">
     <span class='ocr_line' id='line_1_13' title="bbox 344 1225 1983 1298; baseline 0.002 -18"><span class='ocrx_word' id='word_1_75' title='bbox 344 1225 603 1281; x_wconf 88' lang='lat' dir='ltr'>lanensis</span> <span class='ocrx_word' id='word_1_76' title='bbox 652 1227 930 1298; x_wconf 82' lang='lat' dir='ltr'>episcopi,</span> <span class='ocrx_word' id='word_1_77' title='bbox 988 1225 1089 1298; x_wconf 79' lang='lat' dir='ltr'>qui</span> <span class='ocrx_word' id='word_1_78' title='bbox 1131 1225 1318 1280; x_wconf 89' lang='lat' dir='ltr'>medio</span> <span class='ocrx_word' id='word_1_79' title='bbox 1367 1231 1526 1281; x_wconf 83' lang='lat' dir='ltr'>sexto</span> <span class='ocrx_word' id='word_1_80' title='bbox 1586 1228 1796 1283; x_wconf 58' lang='lat' dir='ltr'>seculo</span> <span class='ocrx_word' id='word_1_81' title='bbox 1825 1229 1983 1283; x_wconf 80' lang='lat' dir='ltr'>vixit.</span> 
     </span>
    </p>
   </div>
   <div class='ocr_carea' id='block_1_14' title="bbox 346 1314 1983 1380">
    <p class='ocr_par' dir='ltr' id='par_1_14' title="bbox 346 1314 1983 1380">
     <span class='ocr_line' id='line_1_14' title="bbox 346 1314 1983 1380; baseline 0.002 -11"><span class='ocrx_word' id='word_1_82' title='bbox 346 1315 467 1380; x_wconf 88' lang='lat' dir='ltr'>Quo</span> <span class='ocrx_word' id='word_1_83' title='bbox 494 1315 552 1370; x_wconf 92' lang='lat' dir='ltr'>in</span> <span class='ocrx_word' id='word_1_84' title='bbox 585 1314 868 1370; x_wconf 88' lang='lat' dir='ltr'>Chronico</span> <span class='ocrx_word' id='word_1_85' title='bbox 900 1318 1137 1368; x_wconf 88' lang='lat' dir='ltr'>sanctus</span> <span class='ocrx_word' id='word_1_86' title='bbox 1194 1315 1540 1369; x_wconf 89' lang='lat' dir='ltr'>Ambrosius</span> <span class='ocrx_word' id='word_1_87' title='bbox 1567 1338 1592 1362; x_wconf 85' lang='lat'><strong>«</strong></span> <span class='ocrx_word' id='word_1_88' title='bbox 1655 1315 1983 1372; x_wconf 73' lang='lat' dir='ltr'>Graecorum</span> 
     </span>
    </p>
   </div>
   <div class='ocr_carea' id='block_1_15' title="bbox 343 1400 1981 1472">
    <p class='ocr_par' dir='ltr' id='par_1_15' title="bbox 343 1400 1981 1472">
     <span class='ocr_line' id='line_1_15' title="bbox 343 1400 1981 1472; baseline -0.002 -16"><span class='ocrx_word' id='word_1_89' title='bbox 343 1402 660 1457; x_wconf 88' lang='lat' dir='ltr'>Ecclesiam</span> <span class='ocrx_word' id='word_1_90' title='bbox 676 1403 732 1456; x_wconf 89' lang='lat' dir='ltr'>in</span> <span class='ocrx_word' id='word_1_91' title='bbox 748 1401 1018 1472; x_wconf 85' lang='lat' dir='ltr'>plurimis</span> <span class='ocrx_word' id='word_1_92' title='bbox 1032 1400 1240 1455; x_wconf 86' lang='lat' dir='ltr'>ofﬁciis</span> <span class='ocrx_word' id='word_1_93' title='bbox 1252 1401 1934 1459; x_wconf 86' lang='lat' dir='ltr'>venerabiliterimitatus</span> <span class='ocrx_word' id='word_1_94' title='bbox 1953 1426 1981 1454; x_wconf 86' lang='grc'><strong>››</strong></span> 
     </span>
    </p>
   </div>
   <div class='ocr_carea' id='block_1_16' title="bbox 342 1488 1982 1556">
    <p class='ocr_par' dir='ltr' id='par_1_16' title="bbox 342 1488 1982 1556">
     <span class='ocr_line' id='line_1_16' title="bbox 342 1488 1982 1556; baseline 0.003 -12"><span class='ocrx_word' id='word_1_95' title='bbox 342 1491 522 1544; x_wconf 82' lang='lat' dir='ltr'>fuisse</span> <span class='ocrx_word' id='word_1_96' title='bbox 552 1490 783 1554; x_wconf 91' lang='lat' dir='ltr'>dicitur,</span> <span class='ocrx_word' id='word_1_97' title='bbox 820 1512 845 1537; x_wconf 84' lang='lat'>«</span> <span class='ocrx_word' id='word_1_98' title='bbox 881 1494 935 1542; x_wconf 90' lang='lat' dir='ltr'>et</span> <span class='ocrx_word' id='word_1_99' title='bbox 962 1488 1315 1543; x_wconf 89' lang='lat' dir='ltr'>sacriﬁcium</span> <span class='ocrx_word' id='word_1_100' title='bbox 1364 1506 1587 1556; x_wconf 88' lang='lat' dir='ltr'>eorum,</span> <span class='ocrx_word' id='word_1_101' title='bbox 1617 1491 1839 1548; x_wconf 87' lang='lat' dir='ltr'>scilicet</span> <span class='ocrx_word' id='word_1_102' title='bbox 1869 1493 1982 1550; x_wconf 84' lang='lat' dir='ltr'>fer-</span> 
     </span>
    </p>
   </div>
   <div class='ocr_carea' id='block_1_17' title="bbox 341 1577 1981 1648">
    <p class='ocr_par' dir='ltr' id='par_1_17' title="bbox 341 1577 1981 1648">
     <span class='ocr_line' id='line_1_17' title="bbox 341 1577 1981 1648; baseline 0.002 -16"><span class='ocrx_word' id='word_1_103' title='bbox 341 1579 689 1643; x_wconf 89' lang='lat' dir='ltr'>mentatum,</span> <span class='ocrx_word' id='word_1_104' title='bbox 722 1591 854 1630; x_wconf 91' lang='lat' dir='ltr'>cum</span> <span class='ocrx_word' id='word_1_105' title='bbox 878 1580 1075 1630; x_wconf 90' lang='lat' dir='ltr'>nostro</span> <span class='ocrx_word' id='word_1_106' title='bbox 1098 1593 1297 1648; x_wconf 85' lang='lat' dir='ltr'>azyma</span> <span class='ocrx_word' id='word_1_107' title='bbox 1319 1577 1378 1633; x_wconf 92' lang='lat' dir='ltr'>in</span> <span class='ocrx_word' id='word_1_108' title='bbox 1401 1577 1793 1636; x_wconf 79' lang='lat' dir='ltr'>celeberrimis</span> <span class='ocrx_word' id='word_1_109' title='bbox 1821 1582 1981 1638; x_wconf 84' lang='lat' dir='ltr'>festi-</span> 
     </span>
    </p>
   </div>
   <div class='ocr_carea' id='block_1_18' title="bbox 336 1662 1980 1730">
    <p class='ocr_par' dir='ltr' id='par_1_18' title="bbox 336 1662 1980 1730">
     <span class='ocr_line' id='line_1_18' title="bbox 336 1662 1980 1730; baseline 0.005 -11"><span class='ocrx_word' id='word_1_110' title='bbox 336 1664 636 1730; x_wconf 89' lang='lat' dir='ltr'>vitatibus,</span> <span class='ocrx_word' id='word_1_111' title='bbox 696 1662 946 1720; x_wconf 80' lang='lat' dir='ltr'>maxime</span> <span class='ocrx_word' id='word_1_112' title='bbox 999 1665 1057 1719; x_wconf 92' lang='lat' dir='ltr'>in</span> <span class='ocrx_word' id='word_1_113' title='bbox 1090 1666 1512 1723; x_wconf 86' lang='lat' dir='ltr'>resurrectione</span> <span class='ocrx_word' id='word_1_114' title='bbox 1541 1668 1774 1725; x_wconf 89' lang='lat' dir='ltr'>Domini</span> <span class='ocrx_word' id='word_1_115' title='bbox 1806 1671 1980 1727; x_wconf 83' lang='lat' dir='ltr'>bene-</span> 
     </span>
    </p>
   </div>
   <div class='ocr_carea' id='block_1_19' title="bbox 2106 529 3753 630">
    <p class='ocr_par' dir='ltr' id='par_1_19' title="bbox 2106 529 3753 630">
     <span class='ocr_line' id='line_1_19' title="bbox 2106 529 3753 630; baseline 0.018 -45"><span class='ocrx_word' id='word_1_116' title='bbox 2106 529 2163 584; x_wconf 93' lang='lat' dir='ltr'>id</span> <span class='ocrx_word' id='word_1_117' title='bbox 2184 537 2271 589; x_wconf 86' lang='lat' dir='ltr'>est</span> <span class='ocrx_word' id='word_1_118' title='bbox 2301 538 2411 593; x_wconf 88' lang='lat' dir='ltr'>sub</span> <span class='ocrx_word' id='word_1_119' title='bbox 2433 541 2608 598; x_wconf 87' lang='lat' dir='ltr'>ﬁnem</span> <span class='ocrx_word' id='word_1_120' title='bbox 2633 545 2828 601; x_wconf 81' lang='lat' dir='ltr'>saeculi</span> <span class='ocrx_word' id='word_1_121' title='bbox 2857 547 3015 620; x_wconf 89' lang='lat' dir='ltr'>(nam</span> <span class='ocrx_word' id='word_1_122' title='bbox 3032 549 3269 608; x_wconf 89' lang='lat' dir='ltr'>Justino</span> <span class='ocrx_word' id='word_1_123' title='bbox 3291 555 3546 612; x_wconf 90' lang='lat' dir='ltr'>secundo</span> <span class='ocrx_word' id='word_1_124' title='bbox 3569 555 3753 630; x_wconf 79' lang='lat' dir='ltr'>impe-</span> 
     </span>
    </p>
   </div>
   <div class='ocr_carea' id='block_1_20' title="bbox 2103 626 3749 704">
    <p class='ocr_par' dir='ltr' id='par_1_20' title="bbox 2103 626 3749 704">
     <span class='ocr_line' id='line_1_20' title="bbox 2103 626 3749 704; baseline 0.019 -30"><span class='ocrx_word' id='word_1_125' title='bbox 2103 626 2268 679; x_wconf 89' lang='lat' dir='ltr'>rante</span> <span class='ocrx_word' id='word_1_126' title='bbox 2300 627 2613 703; x_wconf 87' lang='lat' dir='ltr'>scribebat)</span> <span class='ocrx_word' id='word_1_127' title='bbox 2647 633 2914 691; x_wconf 87' lang='lat' dir='ltr'>fermenti</span> <span class='ocrx_word' id='word_1_128' title='bbox 2938 654 3081 695; x_wconf 85' lang='lat' dir='ltr'>usus</span> <span class='ocrx_word' id='word_1_129' title='bbox 3103 644 3237 698; x_wconf 90' lang='lat' dir='ltr'>ante</span> <span class='ocrx_word' id='word_1_130' title='bbox 3256 643 3598 702; x_wconf 84' lang='lat' dir='ltr'>memoriam</span> <span class='ocrx_word' id='word_1_131' title='bbox 3621 626 3749 704; x_wconf 73' lang='lat' dir='ltr'>oin-</span> 
     </span>
    </p>
   </div>
   <div class='ocr_carea' id='block_1_21' title="bbox 2103 716 3562 784">
    <p class='ocr_par' dir='ltr' id='par_1_21' title="bbox 2103 716 3562 784">
     <span class='ocr_line' id='line_1_21' title="bbox 2103 716 3562 784; baseline 0.019 -20"><span class='ocrx_word' id='word_1_132' title='bbox 2103 725 2236 766; x_wconf 88' lang='lat' dir='ltr'>nem</span> <span class='ocrx_word' id='word_1_133' title='bbox 2271 716 2423 784; x_wconf 90' lang='lat' dir='ltr'>apud</span> <span class='ocrx_word' id='word_1_134' title='bbox 2457 718 2684 776; x_wconf 59' lang='lat' dir='ltr'>Graecos</span> <span class='ocrx_word' id='word_1_135' title='bbox 2717 723 3058 782; x_wconf 86' lang='lat' dir='ltr'>invaluerat.</span> <span class='ocrx_word' id='word_1_136' title='bbox 3554 763 3562 774; x_wconf 86' lang='lat'><strong>-</strong></span> 
     </span>
    </p>
   </div>
   <div class='ocr_carea' id='block_1_22' title="bbox 2174 799 3750 880">
    <p class='ocr_par' dir='ltr' id='par_1_22' title="bbox 2174 799 3750 880">
     <span class='ocr_line' id='line_1_22' title="bbox 2174 799 3750 880; baseline 0.017 -27"><span class='ocrx_word' id='word_1_137' title='bbox 2174 799 2320 856; x_wconf 92' lang='lat' dir='ltr'>Hinc</span> <span class='ocrx_word' id='word_1_138' title='bbox 2351 808 2439 860; x_wconf 89' lang='lat' dir='ltr'>est</span> <span class='ocrx_word' id='word_1_139' title='bbox 2469 809 2622 878; x_wconf 91' lang='lat' dir='ltr'>quod</span> <span class='ocrx_word' id='word_1_140' title='bbox 2658 811 2845 867; x_wconf 80' lang='lat' dir='ltr'>Latini</span> <span class='ocrx_word' id='word_1_141' title='bbox 2877 818 3071 871; x_wconf 84' lang='lat' dir='ltr'>exorto</span> <span class='ocrx_word' id='word_1_142' title='bbox 3103 817 3418 875; x_wconf 79' lang='lat' dir='ltr'>schismate</span> <span class='ocrx_word' id='word_1_143' title='bbox 3447 821 3750 880; x_wconf 86' lang='lat' dir='ltr'>Michaelis</span> 
     </span>
    </p>
   </div>
   <div class='ocr_carea' id='block_1_23' title="bbox 2101 887 3750 984">
    <p class='ocr_par' dir='ltr' id='par_1_23' title="bbox 2101 887 3750 984">
     <span class='ocr_line' id='line_1_23' title="bbox 2101 887 3750 984; baseline 0.018 -44"><span class='ocrx_word' id='word_1_144' title='bbox 2101 887 2402 959; x_wconf 89' lang='lat' dir='ltr'>Cerularii,</span> <span class='ocrx_word' id='word_1_145' title='bbox 2462 911 2596 950; x_wconf 91' lang='lat' dir='ltr'>cum</span> <span class='ocrx_word' id='word_1_146' title='bbox 2650 914 2920 971; x_wconf 89' lang='lat' dir='ltr'>azymum</span> <span class='ocrx_word' id='word_1_147' title='bbox 2973 920 3186 976; x_wconf 85' lang='lat' dir='ltr'>panem</span> <span class='ocrx_word' id='word_1_148' title='bbox 3245 907 3588 968; x_wconf 90' lang='lat' dir='ltr'>fermentata</span> <span class='ocrx_word' id='word_1_149' title='bbox 3609 913 3750 984; x_wconf 87' lang='lat' dir='ltr'>jure</span> 
     </span>
    </p>
   </div>
   <div class='ocr_carea' id='block_1_24' title="bbox 2100 977 3744 1074">
    <p class='ocr_par' dir='ltr' id='par_1_24' title="bbox 2100 977 3744 1074">
     <span class='ocr_line' id='line_1_24' title="bbox 2100 977 3744 1074; baseline 0.017 -46"><span class='ocrx_word' id='word_1_150' title='bbox 2100 977 2355 1046; x_wconf 79' lang='lat' dir='ltr'>praeferri</span> <span class='ocrx_word' id='word_1_151' title='bbox 2389 998 2558 1052; x_wconf 89' lang='lat' dir='ltr'>posse</span> <span class='ocrx_word' id='word_1_152' title='bbox 2608 991 3051 1060; x_wconf 89' lang='lat' dir='ltr'>contenderent,</span> <span class='ocrx_word' id='word_1_153' title='bbox 3113 1012 3406 1068; x_wconf 85' lang='lat' dir='ltr'>nusquam</span> <span class='ocrx_word' id='word_1_154' title='bbox 3444 1003 3637 1056; x_wconf 89' lang='lat' dir='ltr'>tamen</span> <span class='ocrx_word' id='word_1_155' title='bbox 3671 1001 3744 1074; x_wconf 86' lang='lat' dir='ltr'>(si</span> 
     </span>
    </p>
   </div>
   <div class='ocr_carea' id='block_1_25' title="bbox 2098 1063 3744 1146">
    <p class='ocr_par' dir='ltr' id='par_1_25' title="bbox 2098 1063 3744 1146">
     <span class='ocr_line' id='line_1_25' title="bbox 2098 1063 3744 1146; baseline 0.019 -31"><span class='ocrx_word' id='word_1_156' title='bbox 2098 1063 2242 1119; x_wconf 88' lang='lat' dir='ltr'>bene</span> <span class='ocrx_word' id='word_1_157' title='bbox 2275 1067 2538 1137; x_wconf 88' lang='lat' dir='ltr'>memini)</span> <span class='ocrx_word' id='word_1_158' title='bbox 2567 1075 2793 1132; x_wconf 66' lang='lat' dir='ltr'>Graecos</span> <span class='ocrx_word' id='word_1_159' title='bbox 2822 1079 3094 1136; x_wconf 63' lang='lat' dir='ltr'>admissae</span> <span class='ocrx_word' id='word_1_160' title='bbox 3127 1085 3403 1142; x_wconf 81' lang='lat' dir='ltr'>novitatis</span> <span class='ocrx_word' id='word_1_161' title='bbox 3435 1087 3744 1146; x_wconf 87' lang='lat' dir='ltr'>insimula-</span> 
     </span>
    </p>
   </div>
   <div class='ocr_carea' id='block_1_26' title="bbox 2097 1156 3744 1242">
    <p class='ocr_par' dir='ltr' id='par_1_26' title="bbox 2097 1156 3744 1242">
     <span class='ocr_line' id='line_1_26' title="bbox 2097 1156 3744 1242; baseline 0.019 -38"><span class='ocrx_word' id='word_1_162' title='bbox 2097 1156 2252 1216; x_wconf 90' lang='lat' dir='ltr'>runt,</span> <span class='ocrx_word' id='word_1_163' title='bbox 2285 1156 2449 1242; x_wconf 89' lang='lat' dir='ltr'>quasi</span> <span class='ocrx_word' id='word_1_164' title='bbox 2482 1165 2711 1230; x_wconf 90' lang='lat' dir='ltr'>recepto</span> <span class='ocrx_word' id='word_1_165' title='bbox 2741 1167 3038 1233; x_wconf 90' lang='lat' dir='ltr'>quondam</span> <span class='ocrx_word' id='word_1_166' title='bbox 3069 1187 3272 1242; x_wconf 90' lang='lat' dir='ltr'>azyma</span> <span class='ocrx_word' id='word_1_167' title='bbox 3321 1174 3744 1234; x_wconf 83' lang='lat' dir='ltr'>fermentatum</span> 
     </span>
    </p>
   </div>
   <div class='ocr_carea' id='block_1_27' title="bbox 2093 1241 3744 1326">
    <p class='ocr_par' dir='ltr' id='par_1_27' title="bbox 2093 1241 3744 1326">
     <span class='ocr_line' id='line_1_27' title="bbox 2093 1241 3744 1326; baseline 0.019 -36"><span class='ocrx_word' id='word_1_168' title='bbox 2093 1242 2297 1309; x_wconf 89' lang='lat' dir='ltr'>postea</span> <span class='ocrx_word' id='word_1_169' title='bbox 2323 1241 2675 1301; x_wconf 83' lang='lat' dir='ltr'>induxerint.</span> <span class='ocrx_word' id='word_1_170' title='bbox 2709 1252 2871 1314; x_wconf 88' lang='lat' dir='ltr'>Quod</span> <span class='ocrx_word' id='word_1_171' title='bbox 2903 1241 3248 1326; x_wconf 82' lang='lat' dir='ltr'>argumento</span> <span class='ocrx_word' id='word_1_172' title='bbox 3277 1267 3368 1318; x_wconf 87' lang='lat' dir='ltr'>est</span> <span class='ocrx_word' id='word_1_173' title='bbox 3410 1265 3650 1324; x_wconf 85' lang='lat' dir='ltr'>Latinos</span> <span class='ocrx_word' id='word_1_174' title='bbox 3679 1267 3744 1322; x_wconf 88' lang='lat' dir='ltr'>in</span> 
     </span>
    </p>
   </div>
   <div class='ocr_carea' id='block_1_28' title="bbox 2091 1326 3746 1426">
    <p class='ocr_par' dir='ltr' id='par_1_28' title="bbox 2091 1326 3746 1426">
     <span class='ocr_line' id='line_1_28' title="bbox 2091 1326 3746 1426; baseline 0.02 -47"><span class='ocrx_word' id='word_1_175' title='bbox 2091 1341 2158 1380; x_wconf 89' lang='lat' dir='ltr'>ea</span> <span class='ocrx_word' id='word_1_176' title='bbox 2187 1326 2369 1384; x_wconf 86' lang='lat' dir='ltr'>fuisse</span> <span class='ocrx_word' id='word_1_177' title='bbox 2397 1335 2795 1404; x_wconf 88' lang='lat' dir='ltr'>persuasione,</span> <span class='ocrx_word' id='word_1_178' title='bbox 2815 1341 3144 1400; x_wconf 65' lang='lat' dir='ltr'>Graecorum</span> <span class='ocrx_word' id='word_1_179' title='bbox 3177 1347 3530 1408; x_wconf 87' lang='lat' dir='ltr'>fermentum</span> <span class='ocrx_word' id='word_1_180' title='bbox 3555 1371 3588 1410; x_wconf 92' lang='lat' dir='ltr'>a</span> <span class='ocrx_word' id='word_1_181' title='bbox 3617 1355 3746 1426; x_wconf 85' lang='lat' dir='ltr'>pri-</span> 
     </span>
    </p>
   </div>
   <div class='ocr_carea' id='block_1_29' title="bbox 2092 1413 3742 1504">
    <p class='ocr_par' dir='ltr' id='par_1_29' title="bbox 2092 1413 3742 1504">
     <span class='ocr_line' id='line_1_29' title="bbox 2092 1413 3742 1504; baseline 0.02 -37"><span class='ocrx_word' id='word_1_182' title='bbox 2092 1413 2206 1470; x_wconf 88' lang='lat' dir='ltr'>mis</span> <span class='ocrx_word' id='word_1_183' title='bbox 2230 1419 2593 1490; x_wconf 89' lang='lat' dir='ltr'>temporibus</span> <span class='ocrx_word' id='word_1_184' title='bbox 2616 1423 3231 1504; x_wconf 89' lang='lat' dir='ltr'>obtinuisse.Denique</span> <span class='ocrx_word' id='word_1_185' title='bbox 3244 1438 3600 1498; x_wconf 86' lang='lat' dir='ltr'>Humbertus</span> <span class='ocrx_word' id='word_1_186' title='bbox 3617 1413 3742 1500; x_wconf 70' lang='lat' dir='ltr'>ear-</span> 
     </span>
    </p>
   </div>
   <div class='ocr_carea' id='block_1_30' title="bbox 2091 1502 3735 1600">
    <p class='ocr_par' dir='ltr' id='par_1_30' title="bbox 2091 1502 3735 1600">
     <span class='ocr_line' id='line_1_30' title="bbox 2091 1502 3735 1600; baseline 0.019 -45"><span class='ocrx_word' id='word_1_187' title='bbox 2091 1502 2324 1572; x_wconf 91' lang='lat' dir='ltr'>dinalis,</span> <span class='ocrx_word' id='word_1_188' title='bbox 2358 1506 2416 1561; x_wconf 93' lang='lat' dir='ltr'>in</span> <span class='ocrx_word' id='word_1_189' title='bbox 2450 1513 2829 1582; x_wconf 89' lang='lat' dir='ltr'>responsione</span> <span class='ocrx_word' id='word_1_190' title='bbox 2860 1517 2928 1572; x_wconf 89' lang='lat' dir='ltr'>ad</span> <span class='ocrx_word' id='word_1_191' title='bbox 2962 1502 3245 1589; x_wconf 77' lang='lat' dir='ltr'>Nicetam,</span> <span class='ocrx_word' id='word_1_192' title='bbox 3287 1530 3484 1596; x_wconf 89' lang='lat' dir='ltr'>aperte</span> <span class='ocrx_word' id='word_1_193' title='bbox 3513 1528 3735 1600; x_wconf 88' lang='lat' dir='ltr'>innuit,</span> 
     </span>
    </p>
   </div>
   <div class='ocr_carea' id='block_1_31' title="bbox 2087 1593 3736 1674">
    <p class='ocr_par' dir='ltr' id='par_1_31' title="bbox 2087 1593 3736 1674">
     <span class='ocr_line' id='line_1_31' title="bbox 2087 1593 3736 1674; baseline 0.018 -29"><span class='ocrx_word' id='word_1_194' title='bbox 2087 1593 2350 1664; x_wconf 86' lang='lat' dir='ltr'>tempore</span> <span class='ocrx_word' id='word_1_195' title='bbox 2408 1602 2584 1655; x_wconf 79' lang='lat' dir='ltr'>sextae</span> <span class='ocrx_word' id='word_1_196' title='bbox 2641 1603 2867 1673; x_wconf 82' lang='lat' dir='ltr'>synodi,</span> <span class='ocrx_word' id='word_1_197' title='bbox 2926 1606 2983 1662; x_wconf 86' lang='lat' dir='ltr'>id</span> <span class='ocrx_word' id='word_1_198' title='bbox 3015 1611 3102 1663; x_wconf 90' lang='lat' dir='ltr'>est</span> <span class='ocrx_word' id='word_1_199' title='bbox 3160 1610 3271 1666; x_wconf 88' lang='lat' dir='ltr'>sub</span> <span class='ocrx_word' id='word_1_200' title='bbox 3320 1593 3498 1671; x_wconf 84' lang='lat' dir='ltr'>ﬁnem</span> <span class='ocrx_word' id='word_1_201' title='bbox 3532 1593 3736 1674; x_wconf 70' lang='lat' dir='ltr'>saeculi</span> 
     </span>
    </p>
   </div>
   <div class='ocr_carea' id='block_1_32' title="bbox 2090 1681 3740 1778">
    <p class='ocr_par' dir='ltr' id='par_1_32' title="bbox 2090 1681 3740 1778">
     <span class='ocr_line' id='line_1_32' title="bbox 2090 1681 3740 1778; baseline 0.018 -44"><span class='ocrx_word' id='word_1_202' title='bbox 2090 1681 2478 1755; x_wconf 86' lang='lat' dir='ltr'>septimi,quae</span> <span class='ocrx_word' id='word_1_203' title='bbox 2502 1703 2654 1743; x_wconf 92' lang='lat' dir='ltr'>anno</span> <span class='ocrx_word' id='word_1_204' title='bbox 2683 1691 2790 1746; x_wconf 86' lang='lat'>680</span> <span class='ocrx_word' id='word_1_205' title='bbox 2821 1691 3021 1750; x_wconf 89' lang='lat' dir='ltr'>habita</span> <span class='ocrx_word' id='word_1_206' title='bbox 3051 1701 3158 1765; x_wconf 89' lang='lat' dir='ltr'>est,</span> <span class='ocrx_word' id='word_1_207' title='bbox 3193 1698 3421 1757; x_wconf 83' lang='lat' dir='ltr'>Graecos</span> <span class='ocrx_word' id='word_1_208' title='bbox 3452 1702 3564 1760; x_wconf 89' lang='lat' dir='ltr'>alio</span> <span class='ocrx_word' id='word_1_209' title='bbox 3585 1722 3740 1778; x_wconf 88' lang='lat' dir='ltr'>pane</span> 
     </span>
    </p>
   </div>
   <div class='ocr_carea' id='block_1_33' title="bbox 337 1751 3737 1866">
    <p class='ocr_par' dir='ltr' id='par_1_33' title="bbox 337 1751 3737 1866">
     <span class='ocr_line' id='line_1_33' title="bbox 337 1751 3737 1866; baseline 0.012 -59"><span class='ocrx_word' id='word_1_210' title='bbox 337 1751 571 1807; x_wconf 86' lang='lat' dir='ltr'>dixisse.</span> <span class='ocrx_word' id='word_1_211' title='bbox 597 1774 622 1800; x_wconf 82' lang='grc'>››</span> <span class='ocrx_word' id='word_1_212' title='bbox 641 1752 699 1808; x_wconf 91' lang='lat' dir='ltr'>Si</span> <span class='ocrx_word' id='word_1_213' title='bbox 718 1769 847 1808; x_wconf 90' lang='lat' dir='ltr'>vero</span> <span class='ocrx_word' id='word_1_214' title='bbox 871 1752 1198 1809; x_wconf 84' lang='lat' dir='ltr'>fermentati</span> <span class='ocrx_word' id='word_1_215' title='bbox 1218 1755 1385 1826; x_wconf 90' lang='lat' dir='ltr'>panis</span> <span class='ocrx_word' id='word_1_216' title='bbox 1407 1773 1550 1813; x_wconf 91' lang='lat' dir='ltr'>usus</span> <span class='ocrx_word' id='word_1_217' title='bbox 1573 1759 1727 1830; x_wconf 90' lang='lat' dir='ltr'>apud</span> <span class='ocrx_word' id='word_1_218' title='bbox 1748 1760 1977 1816; x_wconf 76' lang='lat' dir='ltr'>Graecos</span> <span class='ocrx_word' id='word_1_219' title='bbox 2004 1795 2054 1860; x_wconf 81' lang='grc' dir='ltr'>Β</span> <span class='ocrx_word' id='word_1_220' title='bbox 2090 1784 2227 1824; x_wconf 91' lang='lat' dir='ltr'>usos</span> <span class='ocrx_word' id='word_1_221' title='bbox 2259 1771 2440 1829; x_wconf 86' lang='lat' dir='ltr'>fuisse</span> <span class='ocrx_word' id='word_1_222' title='bbox 2471 1791 2647 1846; x_wconf 91' lang='lat' dir='ltr'>quam</span> <span class='ocrx_word' id='word_1_223' title='bbox 2672 1778 2929 1846; x_wconf 89' lang='lat' dir='ltr'>Latinos,</span> <span class='ocrx_word' id='word_1_224' title='bbox 2953 1799 3018 1838; x_wconf 91' lang='lat' dir='ltr'>ac</span> <span class='ocrx_word' id='word_1_225' title='bbox 3039 1783 3312 1842; x_wconf 66' lang='lat' dir='ltr'>Romanis</span> <span class='ocrx_word' id='word_1_226' title='bbox 3335 1789 3489 1846; x_wconf 88' lang='lat' dir='ltr'>sedis</span> <span class='ocrx_word' id='word_1_227' title='bbox 3511 1751 3737 1866; x_wconf 53' lang='lat' dir='ltr'>legratos</span> 
     </span>
     <span class='ocr_line' id='line_1_34' title="bbox 337 1841 1808 1866; baseline 0 0"><span class='ocrx_word' id='word_1_228' title='bbox 337 1843 600 1866; x_wconf 54' lang='lat' dir='ltr'>_--A-L....</span> <span class='ocrx_word' id='word_1_229' title='bbox 653 1845 770 1866; x_wconf 65' lang='grc' dir='ltr'>--.ιι</span> <span class='ocrx_word' id='word_1_230' title='bbox 807 1841 1085 1866; x_wconf 56' lang='grc' dir='ltr'>Δ-Αῑικληῖζ</span> <span class='ocrx_word' id='word_1_231' title='bbox 1113 1846 1273 1866; x_wconf 68' lang='grc' dir='ltr'>..ι-ι-</span> <span class='ocrx_word' id='word_1_232' title='bbox 1338 1846 1556 1866; x_wconf 70' lang='lat'>__-_!-_-</span> <span class='ocrx_word' id='word_1_233' title='bbox 1598 1865 1618 1866; x_wconf 52' lang='grc' dir='ltr'><em>η</em></span> <span class='ocrx_word' id='word_1_234' title='bbox 1644 1865 1655 1866; x_wconf 35' lang='grc' dir='ltr'><em>γ</em></span> <span class='ocrx_word' id='word_1_235' title='bbox 1738 1864 1747 1866; x_wconf 72' lang='lat'>-</span> <span class='ocrx_word' id='word_1_236' title='bbox 1798 1853 1808 1866; x_wconf 76' lang='grc' dir='ltr'>ι</span> 
     </span>
    </p>
   </div>
   <div class='ocr_carea' id='block_1_34' title="bbox 335 1841 1974 1919">
    <p class='ocr_par' dir='ltr' id='par_1_34' title="bbox 335 1841 1974 1919">
     <span class='ocr_line' id='line_1_35' title="bbox 335 1841 1974 1919; baseline 0.006 -23"><span class='ocrx_word' id='word_1_237' title='bbox 335 1843 602 1912; x_wconf 90' lang='lat' dir='ltr'>receptus</span> <span class='ocrx_word' id='word_1_238' title='bbox 650 1845 775 1898; x_wconf 90' lang='lat' dir='ltr'>erat</span> <span class='ocrx_word' id='word_1_239' title='bbox 794 1841 1088 1897; x_wconf 83' lang='lat' dir='ltr'>Ambrosii</span> <span class='ocrx_word' id='word_1_240' title='bbox 1111 1846 1298 1910; x_wconf 82' lang='lat' dir='ltr'>aetate,</span> <span class='ocrx_word' id='word_1_241' title='bbox 1333 1846 1565 1901; x_wconf 89' lang='lat' dir='ltr'>credere</span> <span class='ocrx_word' id='word_1_242' title='bbox 1593 1865 1698 1919; x_wconf 92' lang='lat' dir='ltr'>par</span> <span class='ocrx_word' id='word_1_243' title='bbox 1727 1853 1817 1904; x_wconf 90' lang='lat' dir='ltr'>est</span> <span class='ocrx_word' id='word_1_244' title='bbox 1845 1866 1974 1905; x_wconf 90' lang='lat' dir='ltr'>mo-</span> 
     </span>
    </p>
   </div>
   <div class='ocr_carea' id='block_1_35' title="bbox 334 1928 1980 2002">
    <p class='ocr_par' dir='ltr' id='par_1_35' title="bbox 334 1928 1980 2002">
     <span class='ocr_line' id='line_1_36' title="bbox 334 1928 1980 2002; baseline 0.005 -18"><span class='ocrx_word' id='word_1_245' title='bbox 334 1945 457 1984; x_wconf 88' lang='lat' dir='ltr'>rem</span> <span class='ocrx_word' id='word_1_246' title='bbox 475 1928 632 1985; x_wconf 91' lang='lat' dir='ltr'>hunc</span> <span class='ocrx_word' id='word_1_247' title='bbox 645 1946 711 1986; x_wconf 88' lang='lat' dir='ltr'>ex</span> <span class='ocrx_word' id='word_1_248' title='bbox 726 1929 1006 2002; x_wconf 90' lang='lat' dir='ltr'>primaria</span> <span class='ocrx_word' id='word_1_249' title='bbox 1017 1933 1346 1988; x_wconf 67' lang='lat' dir='ltr'>Graecorum</span> <span class='ocrx_word' id='word_1_250' title='bbox 1363 1932 1621 1991; x_wconf 90' lang='lat' dir='ltr'>Ecclesia</span> <span class='ocrx_word' id='word_1_251' title='bbox 1646 1937 1980 1993; x_wconf 89' lang='lat' dir='ltr'>descendis-</span> 
     </span>
    </p>
   </div>
   <div class='ocr_carea' id='block_1_36' title="bbox 335 2017 1979 2090">
    <p class='ocr_par' dir='ltr' id='par_1_36' title="bbox 335 2017 1979 2090">
     <span class='ocr_line' id='line_1_37' title="bbox 335 2017 1979 2090; baseline 0.005 -16"><span class='ocrx_word' id='word_1_252' title='bbox 335 2019 784 2090; x_wconf 89' lang='lat' dir='ltr'>se.Atquoniam</span> <span class='ocrx_word' id='word_1_253' title='bbox 799 2020 868 2074; x_wconf 92' lang='lat' dir='ltr'>de</span> <span class='ocrx_word' id='word_1_254' title='bbox 883 2017 1061 2087; x_wconf 87' lang='lat' dir='ltr'>hujus</span> <span class='ocrx_word' id='word_1_255' title='bbox 1075 2019 1338 2075; x_wconf 90' lang='lat' dir='ltr'>Chronici</span> <span class='ocrx_word' id='word_1_256' title='bbox 1353 2023 1695 2078; x_wconf 88' lang='lat' dir='ltr'>auctoritate</span> <span class='ocrx_word' id='word_1_257' title='bbox 1709 2025 1979 2082; x_wconf 91' lang='lat' dir='ltr'>dubitant</span> 
     </span>
    </p>
   </div>
   <div class='ocr_carea' id='block_1_37' title="bbox 334 2107 1975 2180">
    <p class='ocr_par' dir='ltr' id='par_1_37' title="bbox 334 2107 1975 2180">
     <span class='ocr_line' id='line_1_38' title="bbox 334 2107 1975 2180; baseline 0.004 -18"><span class='ocrx_word' id='word_1_258' title='bbox 334 2107 622 2176; x_wconf 90' lang='lat' dir='ltr'>nonnulli,</span> <span class='ocrx_word' id='word_1_259' title='bbox 659 2108 872 2180; x_wconf 91' lang='lat' dir='ltr'>quibus</span> <span class='ocrx_word' id='word_1_260' title='bbox 933 2107 1369 2180; x_wconf 89' lang='lat' dir='ltr'>supposititium</span> <span class='ocrx_word' id='word_1_261' title='bbox 1419 2114 1475 2165; x_wconf 93' lang='lat' dir='ltr'>et</span> <span class='ocrx_word' id='word_1_262' title='bbox 1505 2113 1842 2169; x_wconf 89' lang='lat' dir='ltr'>recentioris</span> <span class='ocrx_word' id='word_1_263' title='bbox 1874 2115 1975 2169; x_wconf 72' lang='lat' dir='ltr'>aevi</span> 
     </span>
    </p>
   </div>
   <div class='ocr_carea' id='block_1_38' title="bbox 332 2196 1976 2273">
    <p class='ocr_par' dir='ltr' id='par_1_38' title="bbox 332 2196 1976 2273">
     <span class='ocr_line' id='line_1_39' title="bbox 332 2196 1976 2273; baseline 0.004 -21"><span class='ocrx_word' id='word_1_264' title='bbox 332 2212 460 2252; x_wconf 89' lang='lat' dir='ltr'>esse</span> <span class='ocrx_word' id='word_1_265' title='bbox 486 2197 806 2263; x_wconf 88' lang='lat' dir='ltr'>videtur,de</span> <span class='ocrx_word' id='word_1_266' title='bbox 828 2213 893 2251; x_wconf 93' lang='lat' dir='ltr'>eo</span> <span class='ocrx_word' id='word_1_267' title='bbox 917 2196 1172 2268; x_wconf 88' lang='lat' dir='ltr'>amplius</span> <span class='ocrx_word' id='word_1_268' title='bbox 1195 2198 1254 2252; x_wconf 91' lang='lat' dir='ltr'>in</span> <span class='ocrx_word' id='word_1_269' title='bbox 1277 2199 1976 2273; x_wconf 33' lang='lat' dir='ltr'>consequentibus‘agen-</span> 
     </span>
    </p>
   </div>
   <div class='ocr_carea' id='block_1_39' title="bbox 332 2285 1974 2355">
    <p class='ocr_par' dir='ltr' id='par_1_39' title="bbox 332 2285 1974 2355">
     <span class='ocr_line' id='line_1_40' title="bbox 332 2285 1974 2355; baseline 0.005 -16"><span class='ocrx_word' id='word_1_270' title='bbox 332 2286 495 2340; x_wconf 92' lang='lat' dir='ltr'>dum.</span> <span class='ocrx_word' id='word_1_271' title='bbox 534 2285 767 2340; x_wconf 89' lang='lat' dir='ltr'>Interim</span> <span class='ocrx_word' id='word_1_272' title='bbox 793 2290 930 2340; x_wconf 93' lang='lat' dir='ltr'>noto</span> <span class='ocrx_word' id='word_1_273' title='bbox 962 2285 1284 2342; x_wconf 91' lang='lat' dir='ltr'>Cbronicon</span> <span class='ocrx_word' id='word_1_274' title='bbox 1308 2285 1611 2355; x_wconf 90' lang='lat' dir='ltr'>istud,etsi</span> <span class='ocrx_word' id='word_1_275' title='bbox 1637 2291 1974 2348; x_wconf 85' lang='lat' dir='ltr'>recentioris</span> 
     </span>
    </p>
   </div>
   <div class='ocr_carea' id='block_1_40' title="bbox 329 2373 1974 2446">
    <p class='ocr_par' dir='ltr' id='par_1_40' title="bbox 329 2373 1974 2446">
     <span class='ocr_line' id='line_1_41' title="bbox 329 2373 1974 2446; baseline 0.004 -18"><span class='ocrx_word' id='word_1_276' title='bbox 329 2373 406 2428; x_wconf 91' lang='lat' dir='ltr'>sit</span> <span class='ocrx_word' id='word_1_277' title='bbox 435 2373 710 2437; x_wconf 89' lang='lat' dir='ltr'>auctoris,</span> <span class='ocrx_word' id='word_1_278' title='bbox 764 2390 878 2427; x_wconf 93' lang='lat' dir='ltr'>non</span> <span class='ocrx_word' id='word_1_279' title='bbox 927 2378 1122 2427; x_wconf 90' lang='lat' dir='ltr'>tamen</span> <span class='ocrx_word' id='word_1_280' title='bbox 1155 2376 1432 2429; x_wconf 91' lang='lat' dir='ltr'>continuo</span> <span class='ocrx_word' id='word_1_281' title='bbox 1473 2376 1786 2446; x_wconf 88' lang='lat' dir='ltr'>rejicienda</span> <span class='ocrx_word' id='word_1_282' title='bbox 1846 2396 1974 2435; x_wconf 90' lang='lat' dir='ltr'>esse</span> 
     </span>
    </p>
   </div>
   <div class='ocr_carea' id='block_1_41' title="bbox 329 2461 1970 2535">
    <p class='ocr_par' dir='ltr' id='par_1_41' title="bbox 329 2461 1970 2535">
     <span class='ocr_line' id='line_1_42' title="bbox 329 2461 1970 2535; baseline 0.005 -20"><span class='ocrx_word' id='word_1_283' title='bbox 329 2477 692 2533; x_wconf 56' lang='lat' dir='ltr'>quaecunque</span> <span class='ocrx_word' id='word_1_284' title='bbox 713 2462 773 2514; x_wconf 91' lang='lat' dir='ltr'>in</span> <span class='ocrx_word' id='word_1_285' title='bbox 795 2477 860 2515; x_wconf 88' lang='lat' dir='ltr'>eo</span> <span class='ocrx_word' id='word_1_286' title='bbox 881 2461 1437 2532; x_wconf 87' lang='lat' dir='ltr'>leguntur,maxime</span> <span class='ocrx_word' id='word_1_287' title='bbox 1453 2463 1778 2535; x_wconf 84' lang='lat' dir='ltr'>singularia</span> <span class='ocrx_word' id='word_1_288' title='bbox 1799 2466 1970 2533; x_wconf 77' lang='lat' dir='ltr'>facta,</span> 
     </span>
    </p>
   </div>
   <div class='ocr_carea' id='block_1_42' title="bbox 329 2548 1972 2627">
    <p class='ocr_par' dir='ltr' id='par_1_42' title="bbox 329 2548 1972 2627">
     <span class='ocr_line' id='line_1_43' title="bbox 329 2548 1972 2627; baseline 0.004 -23"><span class='ocrx_word' id='word_1_289' title='bbox 329 2566 455 2622; x_wconf 81' lang='lat' dir='ltr'>quae</span> <span class='ocrx_word' id='word_1_290' title='bbox 481 2565 594 2604; x_wconf 93' lang='lat' dir='ltr'>non</span> <span class='ocrx_word' id='word_1_291' title='bbox 617 2548 728 2604; x_wconf 90' lang='lat' dir='ltr'>nisi</span> <span class='ocrx_word' id='word_1_292' title='bbox 752 2565 820 2603; x_wconf 84' lang='lat' dir='ltr'>ex</span> <span class='ocrx_word' id='word_1_293' title='bbox 839 2548 1270 2619; x_wconf 88' lang='lat' dir='ltr'>antiquioribus</span> <span class='ocrx_word' id='word_1_294' title='bbox 1291 2552 1687 2610; x_wconf 87' lang='lat' dir='ltr'>monumentis</span> <span class='ocrx_word' id='word_1_295' title='bbox 1710 2554 1972 2627; x_wconf 90' lang='lat' dir='ltr'>accipere</span> 
     </span>
    </p>
   </div>
   <div class='ocr_carea' id='block_1_43' title="bbox 327 2637 1374 2711">
    <p class='ocr_par' dir='ltr' id='par_1_43' title="bbox 327 2637 1374 2711">
     <span class='ocr_line' id='line_1_44' title="bbox 327 2637 1374 2711; baseline 0 -18"><span class='ocrx_word' id='word_1_296' title='bbox 327 2639 515 2711; x_wconf 89' lang='lat' dir='ltr'>potuit</span> <span class='ocrx_word' id='word_1_297' title='bbox 545 2637 642 2693; x_wconf 90' lang='lat' dir='ltr'>ille</span> <span class='ocrx_word' id='word_1_298' title='bbox 673 2637 1004 2709; x_wconf 87' lang='lat' dir='ltr'>quicunque</span> <span class='ocrx_word' id='word_1_299' title='bbox 1036 2643 1124 2692; x_wconf 87' lang='lat' dir='ltr'>est</span> <span class='ocrx_word' id='word_1_300' title='bbox 1155 2641 1374 2693; x_wconf 88' lang='lat' dir='ltr'>auctor.</span> 
     </span>
    </p>
   </div>
   <div class='ocr_carea' id='block_1_44' title="bbox 396 2725 1969 2787">
    <p class='ocr_par' dir='ltr' id='par_1_44' title="bbox 396 2725 1969 2787">
     <span class='ocr_line' id='line_1_45' title="bbox 396 2725 1969 2787; baseline 0.005 -8"><span class='ocrx_word' id='word_1_301' title='bbox 396 2727 613 2782; x_wconf 89' lang='lat' dir='ltr'>Verum</span> <span class='ocrx_word' id='word_1_302' title='bbox 662 2725 1026 2781; x_wconf 88' lang='lat' dir='ltr'>luculentum</span> <span class='ocrx_word' id='word_1_303' title='bbox 1075 2730 1162 2781; x_wconf 90' lang='lat' dir='ltr'>est</span> <span class='ocrx_word' id='word_1_304' title='bbox 1205 2727 1275 2781; x_wconf 91' lang='lat' dir='ltr'>de</span> <span class='ocrx_word' id='word_1_305' title='bbox 1326 2729 1654 2784; x_wconf 70' lang='lat' dir='ltr'>Graecorum</span> <span class='ocrx_word' id='word_1_306' title='bbox 1689 2729 1969 2787; x_wconf 87' lang='lat' dir='ltr'>fermento</span> 
     </span>
    </p>
   </div>
   <div class='ocr_carea' id='block_1_45' title="bbox 323 2813 1970 2888">
    <p class='ocr_par' dir='ltr' id='par_1_45' title="bbox 323 2813 1970 2888">
     <span class='ocr_line' id='line_1_46' title="bbox 323 2813 1970 2888; baseline 0.004 -18"><span class='ocrx_word' id='word_1_307' title='bbox 323 2815 568 2870; x_wconf 88' lang='lat' dir='ltr'>Joannis</span> <span class='ocrx_word' id='word_1_308' title='bbox 608 2813 913 2887; x_wconf 91' lang='lat' dir='ltr'>Philoponi</span> <span class='ocrx_word' id='word_1_309' title='bbox 946 2814 1348 2870; x_wconf 89' lang='lat' dir='ltr'>testimonium</span> <span class='ocrx_word' id='word_1_310' title='bbox 1382 2815 1439 2870; x_wconf 92' lang='lat' dir='ltr'>in</span> <span class='ocrx_word' id='word_1_311' title='bbox 1473 2816 1867 2888; x_wconf 86' lang='lat' dir='ltr'>disputatione</span> <span class='ocrx_word' id='word_1_312' title='bbox 1899 2821 1970 2876; x_wconf 94' lang='lat' dir='ltr'>de</span> 
     </span>
    </p>
   </div>
   <div class='ocr_carea' id='block_1_46' title="bbox 325 2903 1970 2978">
    <p class='ocr_par' dir='ltr' id='par_1_46' title="bbox 325 2903 1970 2978">
     <span class='ocr_line' id='line_1_47' title="bbox 325 2903 1970 2978; baseline 0.004 -20"><span class='ocrx_word' id='word_1_313' title='bbox 325 2903 627 2968; x_wconf 90' lang='lat' dir='ltr'>Paschate,</span> <span class='ocrx_word' id='word_1_314' title='bbox 687 2903 747 2957; x_wconf 92' lang='lat' dir='ltr'>in</span> <span class='ocrx_word' id='word_1_315' title='bbox 809 2920 943 2974; x_wconf 88' lang='lat' dir='ltr'>qua,</span> <span class='ocrx_word' id='word_1_316' title='bbox 1006 2908 1069 2956; x_wconf 92' lang='lat' dir='ltr'>ut</span> <span class='ocrx_word' id='word_1_317' title='bbox 1116 2903 1244 2974; x_wconf 91' lang='lat' dir='ltr'>jam</span> <span class='ocrx_word' id='word_1_318' title='bbox 1303 2903 1440 2974; x_wconf 84' lang='lat' dir='ltr'>dixi,</span> <span class='ocrx_word' id='word_1_319' title='bbox 1492 2909 1696 2961; x_wconf 88' lang='lat' dir='ltr'>auctor</span> <span class='ocrx_word' id='word_1_320' title='bbox 1726 2909 1970 2978; x_wconf 89' lang='lat' dir='ltr'>probare</span> 
     </span>
    </p>
   </div>
   <div class='ocr_carea' id='block_1_47' title="bbox 324 2991 1970 3058">
    <p class='ocr_par' dir='ltr' id='par_1_47' title="bbox 324 2991 1970 3058">
     <span class='ocr_line' id='line_1_48' title="bbox 324 2991 1970 3058; baseline 0.004 -12"><span class='ocrx_word' id='word_1_321' title='bbox 324 2991 534 3047; x_wconf 89' lang='lat' dir='ltr'>nititur</span> <span class='ocrx_word' id='word_1_322' title='bbox 574 2991 869 3047; x_wconf 87' lang='lat' dir='ltr'>Christum</span> <span class='ocrx_word' id='word_1_323' title='bbox 919 2991 977 3046; x_wconf 92' lang='lat' dir='ltr'>in</span> <span class='ocrx_word' id='word_1_324' title='bbox 1024 2991 1233 3047; x_wconf 90' lang='lat' dir='ltr'>ultima</span> <span class='ocrx_word' id='word_1_325' title='bbox 1281 2993 1452 3048; x_wconf 65' lang='lat' dir='ltr'>Coena</span> <span class='ocrx_word' id='word_1_326' title='bbox 1499 3012 1612 3050; x_wconf 92' lang='lat' dir='ltr'>non</span> <span class='ocrx_word' id='word_1_327' title='bbox 1646 2995 1970 3058; x_wconf 86' lang='lat' dir='ltr'>celebrasse</span> 
     </span>
    </p>
   </div>
   <div class='ocr_carea' id='block_1_48' title="bbox 323 3079 1966 3157">
    <p class='ocr_par' dir='ltr' id='par_1_48' title="bbox 323 3079 1966 3157">
     <span class='ocr_line' id='line_1_49' title="bbox 323 3079 1966 3157; baseline 0.005 -24"><span class='ocrx_word' id='word_1_328' title='bbox 323 3079 545 3135; x_wconf 88' lang='lat' dir='ltr'>Pascha</span> <span class='ocrx_word' id='word_1_329' title='bbox 575 3079 776 3151; x_wconf 84' lang='lat' dir='ltr'>legale,</span> <span class='ocrx_word' id='word_1_330' title='bbox 803 3096 988 3151; x_wconf 88' lang='lat' dir='ltr'>neque</span> <span class='ocrx_word' id='word_1_331' title='bbox 1016 3097 1233 3152; x_wconf 84' lang='lat' dir='ltr'>agnum</span> <span class='ocrx_word' id='word_1_332' title='bbox 1257 3085 1357 3136; x_wconf 87' lang='lat' dir='ltr'>aut</span> <span class='ocrx_word' id='word_1_333' title='bbox 1385 3098 1589 3154; x_wconf 89' lang='lat' dir='ltr'>azyma</span> <span class='ocrx_word' id='word_1_334' title='bbox 1620 3086 1966 3157; x_wconf 90' lang='lat' dir='ltr'>comedisse,</span> 
     </span>
    </p>
   </div>
   <div class='ocr_carea' id='block_1_49' title="bbox 2089 1866 3736 1952">
    <p class='ocr_par' dir='ltr' id='par_1_49' title="bbox 2089 1866 3736 1952">
     <span class='ocr_line' id='line_1_50' title="bbox 2089 1866 3736 1952; baseline 0.019 -41"><span class='ocrx_word' id='word_1_335' title='bbox 2089 1874 2312 1914; x_wconf 89' lang='lat' dir='ltr'>morem</span> <span class='ocrx_word' id='word_1_336' title='bbox 2330 1877 2504 1918; x_wconf 89' lang='lat' dir='ltr'>suum</span> <span class='ocrx_word' id='word_1_337' title='bbox 2529 1866 2728 1921; x_wconf 91' lang='lat' dir='ltr'>utendi</span> <span class='ocrx_word' id='word_1_338' title='bbox 2751 1869 2972 1938; x_wconf 85' lang='lat' dir='ltr'>azymis</span> <span class='ocrx_word' id='word_1_339' title='bbox 2992 1870 3374 1933; x_wconf 90' lang='lat' dir='ltr'>Constantino</span> <span class='ocrx_word' id='word_1_340' title='bbox 3397 1877 3736 1952; x_wconf 89' lang='lat' dir='ltr'>imperatori</span> 
     </span>
    </p>
   </div>
   <div class='ocr_carea' id='block_1_50' title="bbox 2089 1949 2465 2018">
    <p class='ocr_par' dir='ltr' id='par_1_50' title="bbox 2089 1949 2465 2018">
     <span class='ocr_line' id='line_1_51' title="bbox 2089 1949 2465 2018; baseline 0.016 -17"><span class='ocrx_word' id='word_1_341' title='bbox 2089 1949 2465 2018; x_wconf 90' lang='lat' dir='ltr'>approbasse.</span> 
     </span>
    </p>
   </div>
   <div class='ocr_carea' id='block_1_51' title="bbox 2156 2035 3729 2122">
    <p class='ocr_par' dir='ltr' id='par_1_51' title="bbox 2156 2035 3729 2122">
     <span class='ocr_line' id='line_1_52' title="bbox 2156 2035 3729 2122; baseline 0.019 -32"><span class='ocrx_word' id='word_1_342' title='bbox 2156 2035 2260 2092; x_wconf 88' lang='lat' dir='ltr'>His</span> <span class='ocrx_word' id='word_1_343' title='bbox 2290 2039 2425 2094; x_wconf 91' lang='lat' dir='ltr'>addi</span> <span class='ocrx_word' id='word_1_344' title='bbox 2486 2048 2737 2113; x_wconf 89' lang='lat' dir='ltr'>possunt</span> <span class='ocrx_word' id='word_1_345' title='bbox 2793 2049 2849 2101; x_wconf 93' lang='lat' dir='ltr'>et</span> <span class='ocrx_word' id='word_1_346' title='bbox 2878 2045 3004 2104; x_wconf 65' lang='lat' dir='ltr'>alia;</span> <span class='ocrx_word' id='word_1_347' title='bbox 3036 2051 3402 2122; x_wconf 70' lang='lat' dir='ltr'>conjecturae.</span> <span class='ocrx_word' id='word_1_348' title='bbox 3433 2056 3729 2120; x_wconf 88' lang='lat' dir='ltr'>Nimirum</span> 
     </span>
    </p>
   </div>
   <div class='ocr_carea' id='block_1_52' title="bbox 2085 2125 3734 2209">
    <p class='ocr_par' dir='ltr' id='par_1_52' title="bbox 2085 2125 3734 2209">
     <span class='ocr_line' id='line_1_53' title="bbox 2085 2125 3734 2209; baseline 0.019 -32"><span class='ocrx_word' id='word_1_349' title='bbox 2085 2125 2240 2194; x_wconf 92' lang='lat' dir='ltr'>quod</span> <span class='ocrx_word' id='word_1_350' title='bbox 2265 2126 2589 2196; x_wconf 89' lang='lat' dir='ltr'>Pbotius,in</span> <span class='ocrx_word' id='word_1_351' title='bbox 2615 2131 2862 2204; x_wconf 87' lang='lat' dir='ltr'>epistola</span> <span class='ocrx_word' id='word_1_352' title='bbox 2886 2136 3247 2209; x_wconf 64' lang='lat' dir='ltr'>64,agnoscit</span> <span class='ocrx_word' id='word_1_353' title='bbox 3266 2143 3650 2205; x_wconf 79' lang='lat' dir='ltr'>differentiam</span> <span class='ocrx_word' id='word_1_354' title='bbox 3673 2156 3734 2209; x_wconf 87' lang='lat' dir='ltr'>et</span> 
     </span>
    </p>
   </div>
   <div class='ocr_carea' id='block_1_53' title="bbox 2084 2211 3730 2308">
    <p class='ocr_par' dir='ltr' id='par_1_53' title="bbox 2084 2211 3730 2308">
     <span class='ocr_line' id='line_1_54' title="bbox 2084 2211 3730 2308; baseline 0.018 -41"><span class='ocrx_word' id='word_1_355' title='bbox 2084 2211 2624 2275; x_wconf 88' lang='lat' dir='ltr'>dissimilitudinem</span> <span class='ocrx_word' id='word_1_356' title='bbox 2641 2237 2744 2292; x_wconf 88' lang='lat' dir='ltr'>per</span> <span class='ocrx_word' id='word_1_357' title='bbox 2757 2223 2947 2280; x_wconf 90' lang='lat' dir='ltr'>varias</span> <span class='ocrx_word' id='word_1_358' title='bbox 2964 2225 3254 2286; x_wconf 89' lang='lat' dir='ltr'>Ecclesias</span> <span class='ocrx_word' id='word_1_359' title='bbox 3267 2240 3318 2288; x_wconf 76' lang='grc' dir='ltr'>ἔν</span> <span class='ocrx_word' id='word_1_360' title='bbox 3346 2244 3446 2299; x_wconf 81' lang='grc' dir='ltr'>ταῖς</span> <span class='ocrx_word' id='word_1_361' title='bbox 3475 2249 3730 2308; x_wconf 67' lang='grc' dir='ltr'>μυστικαῖς</span> 
     </span>
    </p>
   </div>
   <div class='ocr_carea' id='block_1_54' title="bbox 2083 2303 3733 2396">
    <p class='ocr_par' dir='ltr' id='par_1_54' title="bbox 2083 2303 3733 2396">
     <span class='ocr_line' id='line_1_55' title="bbox 2083 2303 3733 2396; baseline 0.018 -40"><span class='ocrx_word' id='word_1_362' title='bbox 2083 2308 2278 2370; x_wconf 73' lang='grc' dir='ltr'>θυσίαις,</span> <span class='ocrx_word' id='word_1_363' title='bbox 2313 2325 2342 2353; x_wconf 91' lang='grc'>‹‹</span> <span class='ocrx_word' id='word_1_364' title='bbox 2375 2303 2435 2360; x_wconf 89' lang='lat' dir='ltr'>in</span> <span class='ocrx_word' id='word_1_365' title='bbox 2469 2308 2730 2380; x_wconf 84' lang='lat' dir='ltr'>mysticis</span> <span class='ocrx_word' id='word_1_366' title='bbox 2761 2311 3095 2384; x_wconf 86' lang='lat' dir='ltr'>sacriﬁciis;</span> <span class='ocrx_word' id='word_1_367' title='bbox 3121 2339 3149 2369; x_wconf 86' lang='lat'>»</span> <span class='ocrx_word' id='word_1_368' title='bbox 3184 2321 3339 2392; x_wconf 88' lang='lat' dir='ltr'>quod</span> <span class='ocrx_word' id='word_1_369' title='bbox 3358 2323 3428 2378; x_wconf 91' lang='lat' dir='ltr'>de</span> <span class='ocrx_word' id='word_1_370' title='bbox 3449 2303 3598 2396; x_wconf 86' lang='lat' dir='ltr'>pane</span> <span class='ocrx_word' id='word_1_371' title='bbox 3619 2328 3733 2385; x_wconf 85' lang='lat' dir='ltr'>Eu-</span> 
     </span>
    </p>
   </div>
   <div class='ocr_carea' id='block_1_55' title="bbox 2083 2390 3727 2479">
    <p class='ocr_par' dir='ltr' id='par_1_55' title="bbox 2083 2390 3727 2479">
     <span class='ocr_line' id='line_1_56' title="bbox 2083 2390 3727 2479; baseline 0.018 -36"><span class='ocrx_word' id='word_1_372' title='bbox 2083 2390 2393 2447; x_wconf 88' lang='lat' dir='ltr'>charistico</span> <span class='ocrx_word' id='word_1_373' title='bbox 2424 2395 2598 2450; x_wconf 90' lang='lat' dir='ltr'>etiam</span> <span class='ocrx_word' id='word_1_374' title='bbox 2630 2397 2875 2472; x_wconf 86' lang='lat' dir='ltr'>intelligi</span> <span class='ocrx_word' id='word_1_375' title='bbox 2917 2407 3128 2475; x_wconf 89' lang='lat' dir='ltr'>potest,</span> <span class='ocrx_word' id='word_1_376' title='bbox 3162 2390 3468 2479; x_wconf 72' lang='lat' dir='ltr'>siquidem</span> <span class='ocrx_word' id='word_1_377' title='bbox 3483 2419 3727 2472; x_wconf 90' lang='lat' dir='ltr'>sanctus</span> 
     </span>
    </p>
   </div>
   <div class='ocr_carea' id='block_1_56' title="bbox 2082 2478 3732 2572">
    <p class='ocr_par' dir='ltr' id='par_1_56' title="bbox 2082 2478 3732 2572">
     <span class='ocr_line' id='line_1_57' title="bbox 2082 2478 3732 2572; baseline 0.017 -38"><span class='ocrx_word' id='word_1_378' title='bbox 2082 2478 2284 2550; x_wconf 90' lang='lat' dir='ltr'>Nicon,</span> <span class='ocrx_word' id='word_1_379' title='bbox 2316 2498 2428 2537; x_wconf 92' lang='lat' dir='ltr'>non</span> <span class='ocrx_word' id='word_1_380' title='bbox 2461 2483 2686 2558; x_wconf 89' lang='lat' dir='ltr'>integro</span> <span class='ocrx_word' id='word_1_381' title='bbox 2708 2493 2841 2559; x_wconf 90' lang='lat' dir='ltr'>post</span> <span class='ocrx_word' id='word_1_382' title='bbox 2873 2489 3145 2550; x_wconf 89' lang='lat' dir='ltr'>Photium</span> <span class='ocrx_word' id='word_1_383' title='bbox 3171 2478 3383 2554; x_wconf 68' lang='lat' dir='ltr'>saeculo</span> <span class='ocrx_word' id='word_1_384' title='bbox 3405 2500 3623 2572; x_wconf 86' lang='lat' dir='ltr'>elapso,</span> <span class='ocrx_word' id='word_1_385' title='bbox 3642 2521 3732 2562; x_wconf 84' lang='lat' dir='ltr'>re-</span> 
     </span>
    </p>
   </div>
   <div class='ocr_carea' id='block_1_57' title="bbox 2081 2567 3732 2654">
    <p class='ocr_par' dir='ltr' id='par_1_57' title="bbox 2081 2567 3732 2654">
     <span class='ocr_line' id='line_1_58' title="bbox 2081 2567 3732 2654; baseline 0.018 -34"><span class='ocrx_word' id='word_1_386' title='bbox 2081 2567 2389 2639; x_wconf 90' lang='lat' dir='ltr'>prehendit</span> <span class='ocrx_word' id='word_1_387' title='bbox 2418 2575 2705 2630; x_wconf 83' lang='lat' dir='ltr'>Armenes</span> <span class='ocrx_word' id='word_1_388' title='bbox 2740 2579 2892 2649; x_wconf 91' lang='lat' dir='ltr'>quod</span> <span class='ocrx_word' id='word_1_389' title='bbox 2925 2583 3143 2654; x_wconf 81' lang='lat' dir='ltr'>azymis</span> <span class='ocrx_word' id='word_1_390' title='bbox 3193 2567 3732 2650; x_wconf 38' lang='lat' dir='ltr'>uterentur‘contra</span> 
     </span>
    </p>
   </div>
   <div class='ocr_carea' id='block_1_58' title="bbox 2082 2659 3723 2743">
    <p class='ocr_par' dir='ltr' id='par_1_58' title="bbox 2082 2659 3723 2743">
     <span class='ocr_line' id='line_1_59' title="bbox 2082 2659 3723 2743; baseline 0.018 -34"><span class='ocrx_word' id='word_1_391' title='bbox 2082 2673 2300 2712; x_wconf 89' lang='lat' dir='ltr'>morem</span> <span class='ocrx_word' id='word_1_392' title='bbox 2325 2659 2769 2719; x_wconf 63' lang='lat' dir='ltr'>Graecorum.Ad</span> <span class='ocrx_word' id='word_1_393' title='bbox 2791 2666 2911 2724; x_wconf 87' lang='lat' dir='ltr'>haec</span> <span class='ocrx_word' id='word_1_394' title='bbox 2934 2671 3089 2743; x_wconf 90' lang='lat' dir='ltr'>quod</span> <span class='ocrx_word' id='word_1_395' title='bbox 3113 2671 3438 2733; x_wconf 85' lang='lat' dir='ltr'>Graeciante</span> <span class='ocrx_word' id='word_1_396' title='bbox 3459 2679 3723 2739; x_wconf 87' lang='lat' dir='ltr'>schisma</span> 
     </span>
    </p>
   </div>
   <div class='ocr_carea' id='block_1_59' title="bbox 2081 2744 3724 2832">
    <p class='ocr_par' dir='ltr' id='par_1_59' title="bbox 2081 2744 3724 2832">
     <span class='ocr_line' id='line_1_60' title="bbox 2081 2744 3724 2832; baseline 0.018 -34"><span class='ocrx_word' id='word_1_397' title='bbox 2081 2744 2431 2803; x_wconf 89' lang='lat' dir='ltr'>Photianum</span> <span class='ocrx_word' id='word_1_398' title='bbox 2455 2767 2603 2822; x_wconf 91' lang='lat' dir='ltr'>pane</span> <span class='ocrx_word' id='word_1_399' title='bbox 2619 2753 2822 2810; x_wconf 91' lang='lat' dir='ltr'>eodem</span> <span class='ocrx_word' id='word_1_400' title='bbox 2841 2757 3014 2814; x_wconf 92' lang='lat' dir='ltr'>modo</span> <span class='ocrx_word' id='word_1_401' title='bbox 3033 2760 3724 2832; x_wconf 86' lang='lat' dir='ltr'>formato,scilicetdenso</span> 
     </span>
    </p>
   </div>
   <div class='ocr_carea' id='block_1_60' title="bbox 2080 2834 3723 2926">
    <p class='ocr_par' dir='ltr' id='par_1_60' title="bbox 2080 2834 3723 2926">
     <span class='ocr_line' id='line_1_61' title="bbox 2080 2834 3723 2926; baseline 0.018 -39"><span class='ocrx_word' id='word_1_402' title='bbox 2080 2837 2136 2888; x_wconf 93' lang='lat' dir='ltr'>et</span> <span class='ocrx_word' id='word_1_403' title='bbox 2157 2834 2401 2907; x_wconf 90' lang='lat' dir='ltr'>integro,</span> <span class='ocrx_word' id='word_1_404' title='bbox 2418 2837 2624 2895; x_wconf 90' lang='lat' dir='ltr'>iisdem</span> <span class='ocrx_word' id='word_1_405' title='bbox 2639 2843 2878 2899; x_wconf 90' lang='lat' dir='ltr'>omnino</span> <span class='ocrx_word' id='word_1_406' title='bbox 2892 2844 3302 2908; x_wconf 89' lang='lat' dir='ltr'>instrumentis</span> <span class='ocrx_word' id='word_1_407' title='bbox 3322 2857 3496 2926; x_wconf 88' lang='lat' dir='ltr'>atque</span> <span class='ocrx_word' id='word_1_408' title='bbox 3509 2856 3723 2916; x_wconf 89' lang='lat' dir='ltr'>ritibus</span> 
     </span>
    </p>
   </div>
   <div class='ocr_carea' id='block_1_61' title="bbox 2080 2922 3724 3006">
    <p class='ocr_par' dir='ltr' id='par_1_61' title="bbox 2080 2922 3724 3006">
     <span class='ocr_line' id='line_1_62' title="bbox 2080 2922 3724 3006; baseline 0.018 -31"><span class='ocrx_word' id='word_1_409' title='bbox 2080 2922 2395 2980; x_wconf 90' lang='lat' dir='ltr'>utebantur</span> <span class='ocrx_word' id='word_1_410' title='bbox 2414 2925 2472 2980; x_wconf 93' lang='lat' dir='ltr'>in</span> <span class='ocrx_word' id='word_1_411' title='bbox 2494 2925 2732 3001; x_wconf 85' lang='lat' dir='ltr'>liturgia</span> <span class='ocrx_word' id='word_1_412' title='bbox 2753 2948 2921 2988; x_wconf 89' lang='lat' dir='ltr'>sacra</span> <span class='ocrx_word' id='word_1_413' title='bbox 2941 2935 3156 3006; x_wconf 91' lang='lat' dir='ltr'>quibus</span> <span class='ocrx_word' id='word_1_414' title='bbox 3177 2939 3352 2997; x_wconf 91' lang='lat' dir='ltr'>etiam</span> <span class='ocrx_word' id='word_1_415' title='bbox 3376 2922 3532 3000; x_wconf 77' lang='lat' dir='ltr'>nunc</span> <span class='ocrx_word' id='word_1_416' title='bbox 3551 2950 3724 3003; x_wconf 89' lang='lat' dir='ltr'>utun-</span> 
     </span>
    </p>
   </div>
   <div class='ocr_carea' id='block_1_62' title="bbox 2077 3013 3722 3104">
    <p class='ocr_par' dir='ltr' id='par_1_62' title="bbox 2077 3013 3722 3104">
     <span class='ocr_line' id='line_1_63' title="bbox 2077 3013 3722 3104; baseline 0.013 -41"><span class='ocrx_word' id='word_1_417' title='bbox 2077 3013 2195 3078; x_wconf 92' lang='lat' dir='ltr'>tur,</span> <span class='ocrx_word' id='word_1_418' title='bbox 2239 3013 2635 3070; x_wconf 89' lang='lat' dir='ltr'>Instrumenta</span> <span class='ocrx_word' id='word_1_419' title='bbox 2681 3019 2974 3091; x_wconf 78' lang='lat' dir='ltr'>praecipua</span> <span class='ocrx_word' id='word_1_420' title='bbox 3023 3029 3163 3080; x_wconf 91' lang='lat' dir='ltr'>sunt</span> <span class='ocrx_word' id='word_1_421' title='bbox 3207 3035 3388 3102; x_wconf 78' lang='grc' dir='ltr'>λόγχη,</span> <span class='ocrx_word' id='word_1_422' title='bbox 3421 3039 3601 3104; x_wconf 75' lang='grc' dir='ltr'>δίσκος,</span> <span class='ocrx_word' id='word_1_423' title='bbox 3631 3043 3722 3094; x_wconf 79' lang='grc' dir='ltr'>άσ-</span> 
     </span>
    </p>
   </div>
   <div class='ocr_carea' id='block_1_63' title="bbox 2077 3101 3724 3192">
    <p class='ocr_par' dir='ltr' id='par_1_63' title="bbox 2077 3101 3724 3192">
     <span class='ocr_line' id='line_1_64' title="bbox 2077 3101 3724 3192; baseline 0.019 -42"><span class='ocrx_word' id='word_1_424' title='bbox 2077 3111 2190 3170; x_wconf 79' lang='grc' dir='ltr'>τὴρ,</span> <span class='ocrx_word' id='word_1_425' title='bbox 2227 3117 2352 3170; x_wconf 71' lang='lat' dir='ltr'>qua:</span> <span class='ocrx_word' id='word_1_426' title='bbox 2382 3101 2636 3158; x_wconf 87' lang='lat' dir='ltr'>Joannes</span> <span class='ocrx_word' id='word_1_427' title='bbox 2668 3105 3116 3177; x_wconf 87' lang='lat' dir='ltr'>Chrysostomus</span> <span class='ocrx_word' id='word_1_428' title='bbox 3145 3113 3205 3170; x_wconf 90' lang='lat' dir='ltr'>in</span> <span class='ocrx_word' id='word_1_429' title='bbox 3237 3101 3500 3192; x_wconf 85' lang='lat' dir='ltr'>Liturgia</span> <span class='ocrx_word' id='word_1_430' title='bbox 3527 3101 3635 3180; x_wconf 84' lang='lat' dir='ltr'>sua</span> <span class='ocrx_word' id='word_1_431' title='bbox 3664 3130 3724 3182; x_wconf 88' lang='lat' dir='ltr'>et</span> 
     </span>
    </p>
   </div>
   <div class='ocr_carea' id='block_1_64' title="bbox 323 3159 3719 3273">
    <p class='ocr_par' dir='ltr' id='par_1_64' title="bbox 323 3159 3719 3273">
     <span class='ocr_line' id='line_1_65' title="bbox 2132 3159 3719 3182; baseline 0 -5"><span class='ocrx_word' id='word_1_432' title='bbox 2242 3159 2260 3170; x_wconf 66' lang='grc' dir='ltr'><strong><em>ε</em></strong></span> <span class='ocrx_word' id='word_1_433' title='bbox 2735 3159 2804 3177; x_wconf 51' lang='grc' dir='ltr'><strong><em>πυ</em></strong></span> <span class='ocrx_word' id='word_1_434' title='bbox 2830 3159 3116 3168; x_wconf 58' lang='grc' dir='ltr'>-τ--ν--ν</span> <span class='ocrx_word' id='word_1_435' title='bbox 3237 3159 3391 3174; x_wconf 65' lang='grc' dir='ltr'>...ειη</span> <span class='ocrx_word' id='word_1_436' title='bbox 3447 3159 3500 3176; x_wconf 75' lang='grc' dir='ltr'>ις.</span> <span class='ocrx_word' id='word_1_437' title='bbox 3527 3159 3635 3180; x_wconf 66' lang='lat' dir='ltr'>sua</span> <span class='ocrx_word' id='word_1_438' title='bbox 3664 3159 3719 3182; x_wconf 74' lang='grc' dir='ltr'>υ..</span> 
     </span>
     <span class='ocr_line' id='line_1_66' title="bbox 323 3159 3719 3273; baseline 0.014 -51"><span class='ocrx_word' id='word_1_439' title='bbox 323 3171 450 3223; x_wconf 88' lang='lat' dir='ltr'>tum</span> <span class='ocrx_word' id='word_1_440' title='bbox 491 3167 920 3223; x_wconf 88' lang='lat' dir='ltr'>Eucharistiam</span> <span class='ocrx_word' id='word_1_441' title='bbox 944 3186 1056 3222; x_wconf 92' lang='lat' dir='ltr'>non</span> <span class='ocrx_word' id='word_1_442' title='bbox 1101 3186 1168 3223; x_wconf 82' lang='lat' dir='ltr'>ex</span> <span class='ocrx_word' id='word_1_443' title='bbox 1189 3186 1390 3241; x_wconf 70' lang='lat' dir='ltr'>azyma</span> <span class='ocrx_word' id='word_1_444' title='bbox 1424 3188 1594 3242; x_wconf 90' lang='lat' dir='ltr'>pane,</span> <span class='ocrx_word' id='word_1_445' title='bbox 1629 3174 1728 3230; x_wconf 91' lang='lat' dir='ltr'>sed</span> <span class='ocrx_word' id='word_1_446' title='bbox 1761 3190 1831 3231; x_wconf 84' lang='lat' dir='ltr'>ex</span> <span class='ocrx_word' id='word_1_447' title='bbox 1860 3175 1966 3232; x_wconf 83' lang='lat' dir='ltr'>fer-</span> <span class='ocrx_word' id='word_1_448' title='bbox 1997 3159 2039 3224; x_wconf 80' lang='lat' dir='ltr'>C</span> <span class='ocrx_word' id='word_1_449' title='bbox 2076 3186 2398 3244; x_wconf 84' lang='lat' dir='ltr'>Germanus</span> <span class='ocrx_word' id='word_1_450' title='bbox 2420 3192 2749 3260; x_wconf 89' lang='lat' dir='ltr'>patriarcha</span> <span class='ocrx_word' id='word_1_451' title='bbox 2777 3159 3461 3273; x_wconf 54' lang='lat' dir='ltr'>ConstantinopolitanSs</span> <span class='ocrx_word' id='word_1_452' title='bbox 3482 3209 3540 3266; x_wconf 90' lang='lat' dir='ltr'>in</span> <span class='ocrx_word' id='word_1_453' title='bbox 3567 3211 3719 3270; x_wconf 91' lang='lat' dir='ltr'>Con-</span> 
     </span>
    </p>
   </div>
   <div class='ocr_carea' id='block_1_65' title="bbox 323 3256 1966 3331">
    <p class='ocr_par' dir='ltr' id='par_1_65' title="bbox 323 3256 1966 3331">
     <span class='ocr_line' id='line_1_67' title="bbox 323 3256 1966 3331; baseline 0.007 -22"><span class='ocrx_word' id='word_1_454' title='bbox 323 3259 582 3310; x_wconf 89' lang='lat' dir='ltr'>mentato</span> <span class='ocrx_word' id='word_1_455' title='bbox 611 3256 932 3312; x_wconf 85' lang='lat' dir='ltr'>confectam</span> <span class='ocrx_word' id='word_1_456' title='bbox 957 3256 1156 3312; x_wconf 83' lang='lat' dir='ltr'>fuisse.</span> <span class='ocrx_word' id='word_1_457' title='bbox 1191 3258 1336 3313; x_wconf 90' lang='lat' dir='ltr'>Nam</span> <span class='ocrx_word' id='word_1_458' title='bbox 1384 3261 1685 3331; x_wconf 90' lang='lat' dir='ltr'>proposita</span> <span class='ocrx_word' id='word_1_459' title='bbox 1716 3263 1829 3317; x_wconf 92' lang='lat' dir='ltr'>sibi</span> <span class='ocrx_word' id='word_1_460' title='bbox 1860 3265 1966 3322; x_wconf 89' lang='lat' dir='ltr'>ob-</span> 
     </span>
    </p>
   </div>
   <div class='ocr_carea' id='block_1_66' title="bbox 312 3342 1963 3416">
    <p class='ocr_par' dir='ltr' id='par_1_66' title="bbox 312 3342 1963 3416">
     <span class='ocr_line' id='line_1_68' title="bbox 312 3342 1963 3416; baseline 0.006 -19"><span class='ocrx_word' id='word_1_461' title='bbox 312 3342 568 3414; x_wconf 90' lang='lat' dir='ltr'>jectione</span> <span class='ocrx_word' id='word_1_462' title='bbox 585 3361 785 3400; x_wconf 92' lang='lat' dir='ltr'>eorum</span> <span class='ocrx_word' id='word_1_463' title='bbox 805 3345 903 3416; x_wconf 90' lang='lat' dir='ltr'>qui</span> <span class='ocrx_word' id='word_1_464' title='bbox 922 3345 1196 3401; x_wconf 91' lang='lat' dir='ltr'>dicebant</span> <span class='ocrx_word' id='word_1_465' title='bbox 1213 3345 1512 3403; x_wconf 89' lang='lat' dir='ltr'>Christum</span> <span class='ocrx_word' id='word_1_466' title='bbox 1535 3349 1963 3408; x_wconf 87' lang='lat' dir='ltr'>Eucharistiam</span> 
     </span>
    </p>
   </div>
   <div class='ocr_carea' id='block_1_67' title="bbox 319 3431 1962 3510">
    <p class='ocr_par' dir='ltr' id='par_1_67' title="bbox 319 3431 1962 3510">
     <span class='ocr_line' id='line_1_69' title="bbox 319 3431 1962 3510; baseline 0.005 -23"><span class='ocrx_word' id='word_1_467' title='bbox 319 3431 627 3504; x_wconf 89' lang='lat' dir='ltr'>discipulis</span> <span class='ocrx_word' id='word_1_468' title='bbox 651 3433 969 3505; x_wconf 67' lang='lat' dir='ltr'>praebuisse</span> <span class='ocrx_word' id='word_1_469' title='bbox 992 3435 1181 3506; x_wconf 89' lang='lat' dir='ltr'>primo</span> <span class='ocrx_word' id='word_1_470' title='bbox 1214 3435 1309 3490; x_wconf 91' lang='lat' dir='ltr'>die</span> <span class='ocrx_word' id='word_1_471' title='bbox 1339 3452 1696 3509; x_wconf 81' lang='lat' dir='ltr'>azymorum,</span> <span class='ocrx_word' id='word_1_472' title='bbox 1731 3440 1962 3510; x_wconf 88' lang='lat' dir='ltr'>quando</span> 
     </span>
    </p>
   </div>
   <div class='ocr_carea' id='block_1_68' title="bbox 317 3521 1963 3597">
    <p class='ocr_par' dir='ltr' id='par_1_68' title="bbox 317 3521 1963 3597">
     <span class='ocr_line' id='line_1_70' title="bbox 317 3521 1963 3597; baseline 0.005 -21"><span class='ocrx_word' id='word_1_473' title='bbox 317 3521 538 3578; x_wconf 89' lang='lat' dir='ltr'>Pascha</span> <span class='ocrx_word' id='word_1_474' title='bbox 568 3523 974 3592; x_wconf 89' lang='lat' dir='ltr'>immolabant,</span> <span class='ocrx_word' id='word_1_475' title='bbox 1009 3523 1306 3597; x_wconf 88' lang='lat' dir='ltr'>simulque</span> <span class='ocrx_word' id='word_1_476' title='bbox 1335 3540 1524 3597; x_wconf 87' lang='lat' dir='ltr'>agnus</span> <span class='ocrx_word' id='word_1_477' title='bbox 1547 3527 1963 3584; x_wconf 92' lang='lat' dir='ltr'>comedebatur</span> 
     </span>
    </p>
   </div>
   <div class='ocr_carea' id='block_1_69' title="bbox 314 3613 1961 3686">
    <p class='ocr_par' dir='ltr' id='par_1_69' title="bbox 314 3613 1961 3686">
     <span class='ocr_line' id='line_1_71' title="bbox 314 3613 1961 3686; baseline 0.004 -20"><span class='ocrx_word' id='word_1_478' title='bbox 314 3614 373 3666; x_wconf 89' lang='lat' dir='ltr'>et</span> <span class='ocrx_word' id='word_1_479' title='bbox 396 3628 668 3684; x_wconf 91' lang='lat' dir='ltr'>azymum</span> <span class='ocrx_word' id='word_1_480' title='bbox 688 3629 823 3668; x_wconf 90' lang='lat' dir='ltr'>cum</span> <span class='ocrx_word' id='word_1_481' title='bbox 846 3613 1044 3670; x_wconf 92' lang='lat' dir='ltr'>herbis</span> <span class='ocrx_word' id='word_1_482' title='bbox 1065 3614 1623 3686; x_wconf 87' lang='lat' dir='ltr'>amaris,respondet</span> <span class='ocrx_word' id='word_1_483' title='bbox 1643 3630 1744 3672; x_wconf 90' lang='lat' dir='ltr'>eos</span> <span class='ocrx_word' id='word_1_484' title='bbox 1764 3633 1831 3672; x_wconf 78' lang='lat' dir='ltr'>ex</span> <span class='ocrx_word' id='word_1_485' title='bbox 1851 3616 1961 3672; x_wconf 87' lang='lat' dir='ltr'>hoc</span> 
     </span>
    </p>
   </div>
   <div class='ocr_carea' id='block_1_70' title="bbox 311 3699 1957 3777">
    <p class='ocr_par' dir='ltr' id='par_1_70' title="bbox 311 3699 1957 3777">
     <span class='ocr_line' id='line_1_72' title="bbox 311 3699 1957 3777; baseline 0.006 -24"><span class='ocrx_word' id='word_1_486' title='bbox 311 3699 439 3770; x_wconf 91' lang='lat' dir='ltr'>ipso</span> <span class='ocrx_word' id='word_1_487' title='bbox 487 3701 740 3757; x_wconf 86' lang='lat' dir='ltr'>maxime</span> <span class='ocrx_word' id='word_1_488' title='bbox 787 3703 1062 3758; x_wconf 84' lang='lat' dir='ltr'>refutari:</span> <span class='ocrx_word' id='word_1_489' title='bbox 1099 3712 1251 3760; x_wconf 75' lang='grc' dir='ltr'>Οὐδὲν</span> <span class='ocrx_word' id='word_1_490' title='bbox 1279 3713 1392 3775; x_wconf 75' lang='grc' dir='ltr'>γὰρ,</span> <span class='ocrx_word' id='word_1_491' title='bbox 1439 3703 1650 3774; x_wconf 90' lang='lat' dir='ltr'>inquit,</span> <span class='ocrx_word' id='word_1_492' title='bbox 1685 3711 1736 3760; x_wconf 68' lang='grc' dir='ltr'>ἕν</span> <span class='ocrx_word' id='word_1_493' title='bbox 1764 3715 1832 3777; x_wconf 84' lang='grc' dir='ltr'>τῷ</span> <span class='ocrx_word' id='word_1_494' title='bbox 1862 3713 1957 3762; x_wconf 82' lang='grc' dir='ltr'>δεί-</span> 
     </span>
    </p>
   </div>
   <div class='ocr_carea' id='block_1_71' title="bbox 308 3788 1956 3859">
    <p class='ocr_par' dir='ltr' id='par_1_71' title="bbox 308 3788 1956 3859">
     <span class='ocr_line' id='line_1_73' title="bbox 308 3788 1956 3859; baseline 0.004 -25"><span class='ocrx_word' id='word_1_495' title='bbox 308 3803 431 3850; x_wconf 81' lang='grc' dir='ltr'>πνῳ,</span> <span class='ocrx_word' id='word_1_496' title='bbox 479 3788 646 3850; x_wconf 83' lang='grc' dir='ltr'>γέγονε</span> <span class='ocrx_word' id='word_1_497' title='bbox 693 3793 929 3851; x_wconf 76' lang='grc' dir='ltr'>τοιοῦτον,</span> <span class='ocrx_word' id='word_1_498' title='bbox 985 3791 1044 3849; x_wconf 85' lang='grc' dir='ltr'>ὡς</span> <span class='ocrx_word' id='word_1_499' title='bbox 1090 3791 1187 3850; x_wconf 69' lang='grc' dir='ltr'>ἠδη</span> <span class='ocrx_word' id='word_1_500' title='bbox 1235 3793 1384 3850; x_wconf 71' lang='grc' dir='ltr'>εἶπον,</span> <span class='ocrx_word' id='word_1_501' title='bbox 1427 3790 1536 3840; x_wconf 75' lang='grc' dir='ltr'>οὐδὲ</span> <span class='ocrx_word' id='word_1_502' title='bbox 1574 3793 1759 3854; x_wconf 74' lang='grc' dir='ltr'>ἄζυμον</span> <span class='ocrx_word' id='word_1_503' title='bbox 1807 3795 1956 3859; x_wconf 77' lang='grc' dir='ltr'>ἄρτον</span> 
     </span>
    </p>
   </div>
   <div class='ocr_carea' id='block_1_72' title="bbox 308 3875 1953 3943">
    <p class='ocr_par' dir='ltr' id='par_1_72' title="bbox 308 3875 1953 3943">
     <span class='ocr_line' id='line_1_74' title="bbox 308 3875 1953 3943; baseline 0.005 -20"><span class='ocrx_word' id='word_1_504' title='bbox 308 3875 570 3926; x_wconf 78' lang='grc' dir='ltr'>ἀντίτυπον</span> <span class='ocrx_word' id='word_1_505' title='bbox 613 3882 700 3926; x_wconf 88' lang='grc' dir='ltr'>τοῦ</span> <span class='ocrx_word' id='word_1_506' title='bbox 752 3879 868 3927; x_wconf 77' lang='grc' dir='ltr'>ἰδίου</span> <span class='ocrx_word' id='word_1_507' title='bbox 918 3880 1140 3943; x_wconf 67' lang='grc' dir='ltr'>σώματος</span> <span class='ocrx_word' id='word_1_508' title='bbox 1177 3881 1272 3933; x_wconf 84' lang='grc' dir='ltr'>τοῖς</span> <span class='ocrx_word' id='word_1_509' title='bbox 1322 3878 1496 3928; x_wconf 78' lang='grc' dir='ltr'>ἑαυτοῦ</span> <span class='ocrx_word' id='word_1_510' title='bbox 1547 3881 1779 3943; x_wconf 72' lang='grc' dir='ltr'>μαθηταῖς</span> <span class='ocrx_word' id='word_1_511' title='bbox 1837 3883 1953 3931; x_wconf 81' lang='grc' dir='ltr'>ἔδω-</span> 
     </span>
    </p>
   </div>
   <div class='ocr_carea' id='block_1_73' title="bbox 307 3948 1954 4034">
    <p class='ocr_par' dir='ltr' id='par_1_73' title="bbox 307 3948 1954 4034">
     <span class='ocr_line' id='line_1_75' title="bbox 307 3948 1954 4034; baseline 0.005 -22"><span class='ocrx_word' id='word_1_512' title='bbox 307 3981 392 4013; x_wconf 71' lang='grc' dir='ltr'>κεν</span> <span class='ocrx_word' id='word_1_513' title='bbox 421 3966 446 4014; x_wconf 84' lang='grc' dir='ltr'>ὁ</span> <span class='ocrx_word' id='word_1_514' title='bbox 476 3970 693 4031; x_wconf 77' lang='grc' dir='ltr'>Χριστὸς.</span> <span class='ocrx_word' id='word_1_515' title='bbox 725 3948 952 4031; x_wconf 29' lang='grc' dir='ltr'>Ἐγενετοι</span> <span class='ocrx_word' id='word_1_516' title='bbox 985 3971 1076 4032; x_wconf 79' lang='grc' dir='ltr'>γὰρ</span> <span class='ocrx_word' id='word_1_517' title='bbox 1123 3969 1183 4015; x_wconf 81' lang='grc' dir='ltr'>ἂν</span> <span class='ocrx_word' id='word_1_518' title='bbox 1229 3970 1310 4015; x_wconf 80' lang='grc' dir='ltr'>καὶ</span> <span class='ocrx_word' id='word_1_519' title='bbox 1353 3969 1515 4034; x_wconf 77' lang='grc' dir='ltr'>μέχρι,</span> <span class='ocrx_word' id='word_1_520' title='bbox 1549 3971 1653 4019; x_wconf 84' lang='grc' dir='ltr'>νῦν.</span> <span class='ocrx_word' id='word_1_521' title='bbox 1689 3972 1750 4019; x_wconf 74' lang='grc' dir='ltr'>Εἴ</span> <span class='ocrx_word' id='word_1_522' title='bbox 1793 3972 1843 4020; x_wconf 83' lang='grc' dir='ltr'>δὲ</span> <span class='ocrx_word' id='word_1_523' title='bbox 1890 3971 1954 4034; x_wconf 73' lang='grc' dir='ltr'>ἦν</span> 
     </span>
    </p>
   </div>
   <div class='ocr_carea' id='block_1_74' title="bbox 305 4054 1951 4126">
    <p class='ocr_par' dir='ltr' id='par_1_74' title="bbox 305 4054 1951 4126">
     <span class='ocr_line' id='line_1_76' title="bbox 305 4054 1951 4126; baseline 0.007 -26"><span class='ocrx_word' id='word_1_524' title='bbox 305 4055 476 4117; x_wconf 79' lang='grc' dir='ltr'>πρώτη</span> <span class='ocrx_word' id='word_1_525' title='bbox 520 4058 618 4103; x_wconf 86' lang='grc' dir='ltr'>τῶν</span> <span class='ocrx_word' id='word_1_526' title='bbox 658 4057 856 4118; x_wconf 77' lang='grc' dir='ltr'>ἀζύμων</span> <span class='ocrx_word' id='word_1_527' title='bbox 903 4056 1083 4116; x_wconf 78' lang='grc' dir='ltr'>ἐκείνη,</span> <span class='ocrx_word' id='word_1_528' title='bbox 1133 4055 1373 4103; x_wconf 78' lang='grc' dir='ltr'>ἀδυνατον</span> <span class='ocrx_word' id='word_1_529' title='bbox 1421 4054 1484 4115; x_wconf 71' lang='grc' dir='ltr'>ἦν</span> <span class='ocrx_word' id='word_1_530' title='bbox 1531 4059 1747 4119; x_wconf 78' lang='grc' dir='ltr'>ζυμοτὴν</span> <span class='ocrx_word' id='word_1_531' title='bbox 1799 4062 1951 4126; x_wconf 69' lang='grc' dir='ltr'>ἄρτον</span> 
     </span>
    </p>
   </div>
   <div class='ocr_carea' id='block_1_75' title="bbox 306 4144 1951 4216">
    <p class='ocr_par' dir='ltr' id='par_1_75' title="bbox 306 4144 1951 4216">
     <span class='ocr_line' id='line_1_77' title="bbox 306 4144 1951 4216; baseline 0.007 -18"><span class='ocrx_word' id='word_1_532' title='bbox 306 4151 467 4210; x_wconf 74' lang='grc' dir='ltr'>αὐτοῖς</span> <span class='ocrx_word' id='word_1_533' title='bbox 494 4152 764 4216; x_wconf 71' lang='grc' dir='ltr'>εὑρεθῆναι,</span> <span class='ocrx_word' id='word_1_534' title='bbox 798 4145 857 4200; x_wconf 91' lang='lat' dir='ltr'>id</span> <span class='ocrx_word' id='word_1_535' title='bbox 890 4150 997 4214; x_wconf 91' lang='lat' dir='ltr'>est,</span> <span class='ocrx_word' id='word_1_536' title='bbox 1031 4168 1056 4195; x_wconf 93' lang='grc'>‹‹</span> <span class='ocrx_word' id='word_1_537' title='bbox 1088 4145 1234 4200; x_wconf 89' lang='lat' dir='ltr'>Nam</span> <span class='ocrx_word' id='word_1_538' title='bbox 1277 4144 1422 4199; x_wconf 90' lang='lat' dir='ltr'>nihil</span> <span class='ocrx_word' id='word_1_539' title='bbox 1452 4145 1661 4203; x_wconf 91' lang='lat' dir='ltr'>horum</span> <span class='ocrx_word' id='word_1_540' title='bbox 1697 4149 1755 4203; x_wconf 92' lang='lat' dir='ltr'>in</span> <span class='ocrx_word' id='word_1_541' title='bbox 1787 4167 1951 4209; x_wconf 72' lang='lat' dir='ltr'>omna</span> 
     </span>
    </p>
   </div>
   <div class='ocr_carea' id='block_1_76' title="bbox 307 4231 1948 4312">
    <p class='ocr_par' dir='ltr' id='par_1_76' title="bbox 307 4231 1948 4312">
     <span class='ocr_line' id='line_1_78' title="bbox 307 4231 1948 4312; baseline 0.007 -28"><span class='ocrx_word' id='word_1_542' title='bbox 307 4231 783 4302; x_wconf 88' lang='lat' dir='ltr'>contigit,utjam</span> <span class='ocrx_word' id='word_1_543' title='bbox 806 4232 946 4300; x_wconf 85' lang='lat' dir='ltr'>dixi,</span> <span class='ocrx_word' id='word_1_544' title='bbox 979 4248 1167 4303; x_wconf 89' lang='lat' dir='ltr'>neque</span> <span class='ocrx_word' id='word_1_545' title='bbox 1188 4249 1457 4303; x_wconf 90' lang='lat' dir='ltr'>azymum</span> <span class='ocrx_word' id='word_1_546' title='bbox 1505 4236 1725 4308; x_wconf 87' lang='lat' dir='ltr'>proprii</span> <span class='ocrx_word' id='word_1_547' title='bbox 1747 4254 1948 4312; x_wconf 88' lang='lat' dir='ltr'>corpo-</span> 
     </span>
    </p>
   </div>
   <div class='ocr_carea' id='block_1_77' title="bbox 304 4317 1948 4391">
    <p class='ocr_par' dir='ltr' id='par_1_77' title="bbox 304 4317 1948 4391">
     <span class='ocr_line' id='line_1_79' title="bbox 304 4317 1948 4391; baseline 0.009 -19"><span class='ocrx_word' id='word_1_548' title='bbox 304 4317 386 4373; x_wconf 88' lang='lat' dir='ltr'>ris</span> <span class='ocrx_word' id='word_1_549' title='bbox 412 4317 741 4391; x_wconf 90' lang='lat' dir='ltr'>antitypum</span> <span class='ocrx_word' id='word_1_550' title='bbox 763 4319 1067 4390; x_wconf 89' lang='lat' dir='ltr'>discipulis</span> <span class='ocrx_word' id='word_1_551' title='bbox 1087 4320 1210 4374; x_wconf 89' lang='lat' dir='ltr'>suis</span> <span class='ocrx_word' id='word_1_552' title='bbox 1232 4320 1498 4378; x_wconf 89' lang='lat' dir='ltr'>Christus</span> <span class='ocrx_word' id='word_1_553' title='bbox 1519 4325 1696 4380; x_wconf 93' lang='lat' dir='ltr'>dedit.</span> <span class='ocrx_word' id='word_1_554' title='bbox 1722 4327 1867 4383; x_wconf 89' lang='lat' dir='ltr'>Nam</span> <span class='ocrx_word' id='word_1_555' title='bbox 1891 4335 1948 4386; x_wconf 91' lang='lat' dir='ltr'>et</span> 
     </span>
    </p>
   </div>
   <div class='ocr_carea' id='block_1_78' title="bbox 302 4405 1945 4488">
    <p class='ocr_par' dir='ltr' id='par_1_78' title="bbox 302 4405 1945 4488">
     <span class='ocr_line' id='line_1_80' title="bbox 302 4405 1945 4488; baseline 0.008 -27"><span class='ocrx_word' id='word_1_556' title='bbox 302 4405 412 4462; x_wconf 90' lang='lat' dir='ltr'>hoc</span> <span class='ocrx_word' id='word_1_557' title='bbox 453 4406 628 4462; x_wconf 90' lang='lat' dir='ltr'>etiam</span> <span class='ocrx_word' id='word_1_558' title='bbox 663 4423 816 4462; x_wconf 91' lang='lat' dir='ltr'>nunc</span> <span class='ocrx_word' id='word_1_559' title='bbox 849 4408 1028 4463; x_wconf 85' lang='lat' dir='ltr'>ﬁeret.</span> <span class='ocrx_word' id='word_1_560' title='bbox 1064 4408 1122 4463; x_wconf 91' lang='lat' dir='ltr'>Si</span> <span class='ocrx_word' id='word_1_561' title='bbox 1156 4413 1354 4465; x_wconf 90' lang='lat' dir='ltr'>autem</span> <span class='ocrx_word' id='word_1_562' title='bbox 1388 4409 1488 4466; x_wconf 93' lang='lat' dir='ltr'>illa</span> <span class='ocrx_word' id='word_1_563' title='bbox 1518 4413 1725 4470; x_wconf 86' lang='lat' dir='ltr'>fuisset</span> <span class='ocrx_word' id='word_1_564' title='bbox 1753 4418 1945 4488; x_wconf 91' lang='lat' dir='ltr'>prima</span> 
     </span>
    </p>
   </div>
   <div class='ocr_carea' id='block_1_79' title="bbox 2073 3275 3718 3372">
    <p class='ocr_par' dir='ltr' id='par_1_79' title="bbox 2073 3275 3718 3372">
     <span class='ocr_line' id='line_1_81' title="bbox 2073 3275 3718 3372; baseline 0.019 -45"><span class='ocrx_word' id='word_1_565' title='bbox 2073 3275 2448 3346; x_wconf 86' lang='lat' dir='ltr'>templatione</span> <span class='ocrx_word' id='word_1_566' title='bbox 2479 3295 2586 3333; x_wconf 90' lang='lat' dir='ltr'>sua</span> <span class='ocrx_word' id='word_1_567' title='bbox 2615 3290 3094 3342; x_wconf 88' lang='lat' dir='ltr'>commemorant.</span> <span class='ocrx_word' id='word_1_568' title='bbox 3131 3290 3305 3349; x_wconf 91' lang='lat' dir='ltr'>Porro</span> <span class='ocrx_word' id='word_1_569' title='bbox 3336 3310 3404 3350; x_wconf 87' lang='lat' dir='ltr'>ex</span> <span class='ocrx_word' id='word_1_570' title='bbox 3463 3314 3529 3353; x_wconf 92' lang='lat' dir='ltr'>eo</span> <span class='ocrx_word' id='word_1_571' title='bbox 3560 3303 3718 3372; x_wconf 91' lang='lat' dir='ltr'>quod</span> 
     </span>
    </p>
   </div>
   <div class='ocr_carea' id='block_1_80' title="bbox 2072 3363 3716 3445">
    <p class='ocr_par' dir='ltr' id='par_1_80' title="bbox 2072 3363 3716 3445">
     <span class='ocr_line' id='line_1_82' title="bbox 2072 3363 3716 3445; baseline 0.018 -30"><span class='ocrx_word' id='word_1_572' title='bbox 2072 3363 2142 3417; x_wconf 90' lang='lat' dir='ltr'>de</span> <span class='ocrx_word' id='word_1_573' title='bbox 2172 3379 2320 3434; x_wconf 89' lang='lat' dir='ltr'>pane</span> <span class='ocrx_word' id='word_1_574' title='bbox 2340 3363 2562 3436; x_wconf 85' lang='lat' dir='ltr'>integro</span> <span class='ocrx_word' id='word_1_575' title='bbox 2586 3372 2641 3423; x_wconf 92' lang='lat' dir='ltr'>et</span> <span class='ocrx_word' id='word_1_576' title='bbox 2671 3369 2850 3426; x_wconf 90' lang='lat' dir='ltr'>denso</span> <span class='ocrx_word' id='word_1_577' title='bbox 2873 3375 3212 3433; x_wconf 90' lang='lat' dir='ltr'>coronulam</span> <span class='ocrx_word' id='word_1_578' title='bbox 3234 3379 3495 3439; x_wconf 88' lang='lat' dir='ltr'>lanceola</span> <span class='ocrx_word' id='word_1_579' title='bbox 3515 3363 3716 3445; x_wconf 68' lang='lat' dir='ltr'>deme-</span> 
     </span>
    </p>
   </div>
   <div class='ocr_carea' id='block_1_81' title="bbox 2068 3451 3715 3541">
    <p class='ocr_par' dir='ltr' id='par_1_81' title="bbox 2068 3451 3715 3541">
     <span class='ocr_line' id='line_1_83' title="bbox 2068 3451 3715 3541; baseline 0.016 -36"><span class='ocrx_word' id='word_1_580' title='bbox 2068 3451 2210 3506; x_wconf 89' lang='lat' dir='ltr'>bant</span> <span class='ocrx_word' id='word_1_581' title='bbox 2240 3452 2297 3507; x_wconf 93' lang='lat' dir='ltr'>in</span> <span class='ocrx_word' id='word_1_582' title='bbox 2320 3453 2914 3541; x_wconf 75' lang='lat' dir='ltr'>sacriﬁcium,colligo</span> <span class='ocrx_word' id='word_1_583' title='bbox 2935 3479 3116 3534; x_wconf 89' lang='lat' dir='ltr'>panes</span> <span class='ocrx_word' id='word_1_584' title='bbox 3134 3467 3205 3522; x_wconf 88' lang='lat' dir='ltr'>ab</span> <span class='ocrx_word' id='word_1_585' title='bbox 3231 3468 3375 3541; x_wconf 90' lang='lat' dir='ltr'>ipsis</span> <span class='ocrx_word' id='word_1_586' title='bbox 3397 3475 3523 3529; x_wconf 90' lang='lat' dir='ltr'>tum</span> <span class='ocrx_word' id='word_1_587' title='bbox 3543 3475 3715 3532; x_wconf 88' lang='lat' dir='ltr'>adbi-</span> 
     </span>
    </p>
   </div>
   <div class='ocr_carea' id='block_1_82' title="bbox 2068 3538 3718 3624">
    <p class='ocr_par' dir='ltr' id='par_1_82' title="bbox 2068 3538 3718 3624">
     <span class='ocr_line' id='line_1_84' title="bbox 2068 3538 3718 3624; baseline 0.016 -30"><span class='ocrx_word' id='word_1_588' title='bbox 2068 3538 2218 3594; x_wconf 92' lang='lat' dir='ltr'>bitos</span> <span class='ocrx_word' id='word_1_589' title='bbox 2251 3539 2430 3596; x_wconf 84' lang='lat' dir='ltr'>fuisse</span> <span class='ocrx_word' id='word_1_590' title='bbox 2452 3559 2681 3599; x_wconf 87' lang='lat' dir='ltr'>crassos</span> <span class='ocrx_word' id='word_1_591' title='bbox 2705 3549 2762 3601; x_wconf 91' lang='lat' dir='ltr'>et</span> <span class='ocrx_word' id='word_1_592' title='bbox 2792 3538 3338 3624; x_wconf 16' lang='lat' dir='ltr'>inﬁatos,qualesﬁin</span> <span class='ocrx_word' id='word_1_593' title='bbox 3362 3575 3537 3617; x_wconf 88' lang='lat' dir='ltr'>usum</span> <span class='ocrx_word' id='word_1_594' title='bbox 3561 3579 3718 3622; x_wconf 90' lang='lat' dir='ltr'>com-</span> 
     </span>
    </p>
   </div>
   <div class='ocr_carea' id='block_1_83' title="bbox 2066 3629 3714 3709">
    <p class='ocr_par' dir='ltr' id='par_1_83' title="bbox 2066 3629 3714 3709">
     <span class='ocr_line' id='line_1_85' title="bbox 2066 3629 3714 3709; baseline 0.018 -29"><span class='ocrx_word' id='word_1_595' title='bbox 2066 3643 2302 3683; x_wconf 90' lang='lat' dir='ltr'>munem</span> <span class='ocrx_word' id='word_1_596' title='bbox 2336 3629 2569 3700; x_wconf 91' lang='lat' dir='ltr'>cedunt,</span> <span class='ocrx_word' id='word_1_597' title='bbox 2596 3631 2653 3687; x_wconf 91' lang='lat' dir='ltr'>id</span> <span class='ocrx_word' id='word_1_598' title='bbox 2685 3639 2774 3690; x_wconf 89' lang='lat' dir='ltr'>est</span> <span class='ocrx_word' id='word_1_599' title='bbox 2803 3636 3426 3703; x_wconf 85' lang='lat' dir='ltr'>fermentatos.Verum</span> <span class='ocrx_word' id='word_1_600' title='bbox 3457 3649 3551 3708; x_wconf 90' lang='lat' dir='ltr'>his</span> <span class='ocrx_word' id='word_1_601' title='bbox 3581 3668 3714 3709; x_wconf 86' lang='lat' dir='ltr'>con-</span> 
     </span>
    </p>
   </div>
   <div class='ocr_carea' id='block_1_84' title="bbox 2055 3715 3710 3809">
    <p class='ocr_par' dir='ltr' id='par_1_84' title="bbox 2055 3715 3710 3809">
     <span class='ocr_line' id='line_1_86' title="bbox 2055 3715 3710 3809; baseline 0.018 -40"><span class='ocrx_word' id='word_1_602' title='bbox 2055 3715 2304 3786; x_wconf 87' lang='lat' dir='ltr'>jecturis</span> <span class='ocrx_word' id='word_1_603' title='bbox 2322 3719 2545 3791; x_wconf 90' lang='lat' dir='ltr'>potiora</span> <span class='ocrx_word' id='word_1_604' title='bbox 2567 3726 2707 3776; x_wconf 90' lang='lat' dir='ltr'>sunt</span> <span class='ocrx_word' id='word_1_605' title='bbox 2727 3732 3075 3797; x_wconf 87' lang='lat' dir='ltr'>argumenta</span> <span class='ocrx_word' id='word_1_606' title='bbox 3101 3747 3232 3803; x_wconf 85' lang='lat' dir='ltr'>quae</span> <span class='ocrx_word' id='word_1_607' title='bbox 3253 3750 3322 3790; x_wconf 82' lang='lat' dir='ltr'>ex</span> <span class='ocrx_word' id='word_1_608' title='bbox 3340 3738 3710 3809; x_wconf 89' lang='lat' dir='ltr'>superiorum</span> 
     </span>
    </p>
   </div>
   <div class='ocr_carea' id='block_1_85' title="bbox 2063 3807 3709 3893">
    <p class='ocr_par' dir='ltr' id='par_1_85' title="bbox 2063 3807 3709 3893">
     <span class='ocr_line' id='line_1_87' title="bbox 2063 3807 3709 3893; baseline 0.016 -34"><span class='ocrx_word' id='word_1_609' title='bbox 2063 3807 2369 3862; x_wconf 90' lang='lat' dir='ltr'>auctorum</span> <span class='ocrx_word' id='word_1_610' title='bbox 2399 3808 2751 3867; x_wconf 88' lang='lat' dir='ltr'>testimoniis</span> <span class='ocrx_word' id='word_1_611' title='bbox 2782 3814 3018 3886; x_wconf 79' lang='lat' dir='ltr'>adduxi,</span> <span class='ocrx_word' id='word_1_612' title='bbox 3051 3834 3119 3874; x_wconf 84' lang='lat' dir='ltr'>ex</span> <span class='ocrx_word' id='word_1_613' title='bbox 3135 3822 3353 3893; x_wconf 93' lang='lat' dir='ltr'>quibus</span> <span class='ocrx_word' id='word_1_614' title='bbox 3375 3807 3500 3882; x_wconf 85' lang='lat' dir='ltr'>sola</span> <span class='ocrx_word' id='word_1_615' title='bbox 3517 3827 3709 3887; x_wconf 87' lang='lat' dir='ltr'>Philo-</span> 
     </span>
    </p>
   </div>
   <div class='ocr_carea' id='block_1_86' title="bbox 2061 3892 3706 3982">
    <p class='ocr_par' dir='ltr' id='par_1_86' title="bbox 2061 3892 3706 3982">
     <span class='ocr_line' id='line_1_88' title="bbox 2061 3892 3706 3982; baseline 0.015 -35"><span class='ocrx_word' id='word_1_616' title='bbox 2061 3892 2198 3964; x_wconf 93' lang='lat' dir='ltr'>poni</span> <span class='ocrx_word' id='word_1_617' title='bbox 2229 3895 2542 3952; x_wconf 88' lang='lat' dir='ltr'>auctoritas</span> <span class='ocrx_word' id='word_1_618' title='bbox 2558 3899 2827 3958; x_wconf 82' lang='lat' dir='ltr'>sufﬁcere</span> <span class='ocrx_word' id='word_1_619' title='bbox 2847 3903 3078 3961; x_wconf 89' lang='lat' dir='ltr'>videtur</span> <span class='ocrx_word' id='word_1_620' title='bbox 3098 3892 3168 3963; x_wconf 90' lang='lat' dir='ltr'>ad</span> <span class='ocrx_word' id='word_1_621' title='bbox 3192 3911 3560 3982; x_wconf 90' lang='lat' dir='ltr'>probandum</span> <span class='ocrx_word' id='word_1_622' title='bbox 3591 3916 3706 3972; x_wconf 84' lang='lat' dir='ltr'>fer-</span> 
     </span>
    </p>
   </div>
   <div class='ocr_carea' id='block_1_87' title="bbox 2062 3986 3707 4068">
    <p class='ocr_par' dir='ltr' id='par_1_87' title="bbox 2062 3986 3707 4068">
     <span class='ocr_line' id='line_1_89' title="bbox 2062 3986 3707 4068; baseline 0.016 -33"><span class='ocrx_word' id='word_1_623' title='bbox 2062 3987 2324 4038; x_wconf 89' lang='lat' dir='ltr'>mentum</span> <span class='ocrx_word' id='word_1_624' title='bbox 2356 3986 2509 4057; x_wconf 88' lang='lat' dir='ltr'>apud</span> <span class='ocrx_word' id='word_1_625' title='bbox 2545 3987 2774 4046; x_wconf 81' lang='lat' dir='ltr'>Graecos</span> <span class='ocrx_word' id='word_1_626' title='bbox 2806 3991 2877 4046; x_wconf 88' lang='lat' dir='ltr'>ab</span> <span class='ocrx_word' id='word_1_627' title='bbox 2914 3992 3078 4051; x_wconf 88' lang='lat' dir='ltr'>initio</span> <span class='ocrx_word' id='word_1_628' title='bbox 3111 3996 3395 4068; x_wconf 81' lang='lat' dir='ltr'>Ecclesiae,</span> <span class='ocrx_word' id='word_1_629' title='bbox 3429 4005 3532 4057; x_wconf 87' lang='lat' dir='ltr'>aut</span> <span class='ocrx_word' id='word_1_630' title='bbox 3552 4009 3707 4062; x_wconf 87' lang='lat' dir='ltr'>certe</span> 
     </span>
    </p>
   </div>
   <div class='ocr_carea' id='block_1_88' title="bbox 2058 4072 3706 4153">
    <p class='ocr_par' dir='ltr' id='par_1_88' title="bbox 2058 4072 3706 4153">
     <span class='ocr_line' id='line_1_90' title="bbox 2058 4072 3706 4153; baseline 0.014 -29"><span class='ocrx_word' id='word_1_631' title='bbox 2058 4087 2236 4143; x_wconf 90' lang='lat' dir='ltr'>prope</span> <span class='ocrx_word' id='word_1_632' title='bbox 2266 4072 2338 4127; x_wconf 87' lang='lat' dir='ltr'>ab</span> <span class='ocrx_word' id='word_1_633' title='bbox 2366 4072 2550 4142; x_wconf 92' lang='lat' dir='ltr'>initio,</span> <span class='ocrx_word' id='word_1_634' title='bbox 2584 4081 2883 4151; x_wconf 89' lang='lat' dir='ltr'>receptum</span> <span class='ocrx_word' id='word_1_635' title='bbox 2909 4098 3306 4153; x_wconf 85' lang='lat' dir='ltr'>perseverasse</span> <span class='ocrx_word' id='word_1_636' title='bbox 3323 4087 3392 4141; x_wconf 89' lang='lat' dir='ltr'>ad</span> <span class='ocrx_word' id='word_1_637' title='bbox 3425 4089 3706 4148; x_wconf 72' lang='lat' dir='ltr'>saeculum</span> 
     </span>
    </p>
   </div>
   <div class='ocr_carea' id='block_1_89' title="bbox 2057 4160 3709 4244">
    <p class='ocr_par' dir='ltr' id='par_1_89' title="bbox 2057 4160 3709 4244">
     <span class='ocr_line' id='line_1_91' title="bbox 2057 4160 3709 4244; baseline 0.012 -31"><span class='ocrx_word' id='word_1_638' title='bbox 2057 4160 2376 4231; x_wconf 89' lang='lat' dir='ltr'>septimum</span> <span class='ocrx_word' id='word_1_639' title='bbox 2403 4180 2416 4230; x_wconf 89' lang='lat'><strong>;</strong></span> <span class='ocrx_word' id='word_1_640' title='bbox 2441 4179 2555 4234; x_wconf 88' lang='lat' dir='ltr'>quo</span> <span class='ocrx_word' id='word_1_641' title='bbox 2580 4180 2647 4220; x_wconf 82' lang='lat' dir='ltr'>ex</span> <span class='ocrx_word' id='word_1_642' title='bbox 2665 4165 2924 4239; x_wconf 88' lang='lat' dir='ltr'>tempore</span> <span class='ocrx_word' id='word_1_643' title='bbox 2950 4175 3172 4226; x_wconf 87' lang='lat' dir='ltr'>constat</span> <span class='ocrx_word' id='word_1_644' title='bbox 3195 4189 3496 4244; x_wconf 89' lang='lat' dir='ltr'>nunquam</span> <span class='ocrx_word' id='word_1_645' title='bbox 3523 4175 3709 4234; x_wconf 90' lang='lat' dir='ltr'>inter-</span> 
     </span>
    </p>
   </div>
   <div class='ocr_carea' id='block_1_90' title="bbox 2057 4248 2540 4307">
    <p class='ocr_par' dir='ltr' id='par_1_90' title="bbox 2057 4248 2540 4307">
     <span class='ocr_line' id='line_1_92' title="bbox 2057 4248 2540 4307; baseline 0.006 -5"><span class='ocrx_word' id='word_1_646' title='bbox 2057 4248 2305 4304; x_wconf 90' lang='lat' dir='ltr'>missum</span> <span class='ocrx_word' id='word_1_647' title='bbox 2342 4250 2540 4307; x_wconf 85' lang='lat' dir='ltr'>fuisse.</span> 
     </span>
    </p>
   </div>
   <div class='ocr_carea' id='block_1_91' title="bbox 2125 4337 3699 4420">
    <p class='ocr_par' dir='ltr' id='par_1_91' title="bbox 2125 4337 3699 4420">
     <span class='ocr_line' id='line_1_93' title="bbox 2125 4337 3699 4420; baseline 0.012 -28"><span class='ocrx_word' id='word_1_648' title='bbox 2125 4337 2228 4392; x_wconf 91' lang='lat' dir='ltr'>His</span> <span class='ocrx_word' id='word_1_649' title='bbox 2260 4341 2452 4394; x_wconf 89' lang='lat' dir='ltr'>tamen</span> <span class='ocrx_word' id='word_1_650' title='bbox 2471 4356 2795 4412; x_wconf 86' lang='lat' dir='ltr'>repugnare</span> <span class='ocrx_word' id='word_1_651' title='bbox 2810 4343 3040 4399; x_wconf 89' lang='lat' dir='ltr'>videtur</span> <span class='ocrx_word' id='word_1_652' title='bbox 3057 4344 3222 4403; x_wconf 91' lang='lat' dir='ltr'>locus</span> <span class='ocrx_word' id='word_1_653' title='bbox 3248 4349 3404 4420; x_wconf 90' lang='lat' dir='ltr'>apud</span> <span class='ocrx_word' id='word_1_654' title='bbox 3423 4355 3699 4412; x_wconf 89' lang='lat' dir='ltr'>sanctum</span> 
     </span>
    </p>
   </div>
   <div class='ocr_carea' id='block_1_92' title="bbox 2051 4423 3694 4504">
    <p class='ocr_par' dir='ltr' id='par_1_92' title="bbox 2051 4423 3694 4504">
     <span class='ocr_line' id='line_1_94' title="bbox 2051 4423 3694 4504; baseline 0.012 -24"><span class='ocrx_word' id='word_1_655' title='bbox 2051 4423 2351 4480; x_wconf 88' lang='lat' dir='ltr'>Justinum</span> <span class='ocrx_word' id='word_1_656' title='bbox 2384 4426 2442 4481; x_wconf 91' lang='lat' dir='ltr'>in</span> <span class='ocrx_word' id='word_1_657' title='bbox 2474 4427 2715 4501; x_wconf 88' lang='lat' dir='ltr'>Dialogo</span> <span class='ocrx_word' id='word_1_658' title='bbox 2745 4445 2880 4484; x_wconf 89' lang='lat' dir='ltr'>cum</span> <span class='ocrx_word' id='word_1_659' title='bbox 2900 4431 3226 4504; x_wconf 90' lang='lat' dir='ltr'>Tryphone,</span> <span class='ocrx_word' id='word_1_660' title='bbox 3253 4436 3352 4491; x_wconf 91' lang='lat' dir='ltr'>ubi</span> <span class='ocrx_word' id='word_1_661' title='bbox 3375 4437 3592 4496; x_wconf 89' lang='lat' dir='ltr'>oblatio</span> <span class='ocrx_word' id='word_1_662' title='bbox 3614 4442 3694 4498; x_wconf 85' lang='lat' dir='ltr'>si-</span> 
     </span>
    </p>
   </div>
   <div class='ocr_carea' id='block_1_93' title="bbox 301 4493 3702 4596">
    <p class='ocr_par' dir='ltr' id='par_1_93' title="bbox 301 4493 3702 4596">
     <span class='ocr_line' id='line_1_95' title="bbox 301 4493 3702 4596; baseline 0.011 -48"><span class='ocrx_word' id='word_1_663' title='bbox 301 4493 424 4549; x_wconf 90' lang='lat' dir='ltr'>dies</span> <span class='ocrx_word' id='word_1_664' title='bbox 456 4511 811 4567; x_wconf 82' lang='lat' dir='ltr'>azymorum,</span> <span class='ocrx_word' id='word_1_665' title='bbox 848 4512 962 4551; x_wconf 91' lang='lat' dir='ltr'>non</span> <span class='ocrx_word' id='word_1_666' title='bbox 1020 4497 1307 4569; x_wconf 92' lang='lat' dir='ltr'>potuisset</span> <span class='ocrx_word' id='word_1_667' title='bbox 1347 4501 1599 4571; x_wconf 90' lang='lat' dir='ltr'>reperire</span> <span class='ocrx_word' id='word_1_668' title='bbox 1630 4503 1940 4562; x_wconf 85' lang='lat' dir='ltr'>fermenta-</span> <span class='ocrx_word' id='word_1_669' title='bbox 1970 4522 2018 4587; x_wconf 84' lang='lat' dir='ltr'><strong>D</strong></span> <span class='ocrx_word' id='word_1_670' title='bbox 2050 4511 2200 4566; x_wconf 60' lang='lat' dir='ltr'>mila;</span> <span class='ocrx_word' id='word_1_671' title='bbox 2216 4513 2572 4586; x_wconf 88' lang='lat' dir='ltr'>proeisquia</span> <span class='ocrx_word' id='word_1_672' title='bbox 2611 4514 3340 4596; x_wconf 73' lang='lat' dir='ltr'>leprapurgabantur,quaa</span> <span class='ocrx_word' id='word_1_673' title='bbox 3388 4525 3702 4587; x_wconf 78' lang='lat' dir='ltr'>inferiren-</span> 
     </span>
    </p>
   </div>
   <div class='ocr_carea' id='block_1_94' title="bbox 298 4581 1939 4656">
    <p class='ocr_par' dir='ltr' id='par_1_94' title="bbox 298 4581 1939 4656">
     <span class='ocr_line' id='line_1_96' title="bbox 298 4581 1939 4656; baseline 0.009 -18"><span class='ocrx_word' id='word_1_674' title='bbox 298 4583 449 4638; x_wconf 82' lang='lat' dir='ltr'>tum.</span> <span class='ocrx_word' id='word_1_675' title='bbox 477 4605 503 4632; x_wconf 88' lang='lat'>»</span> <span class='ocrx_word' id='word_1_676' title='bbox 536 4584 614 4639; x_wconf 88' lang='lat' dir='ltr'>Ex</span> <span class='ocrx_word' id='word_1_677' title='bbox 634 4581 727 4639; x_wconf 89' lang='lat' dir='ltr'>his</span> <span class='ocrx_word' id='word_1_678' title='bbox 750 4583 1052 4656; x_wconf 90' lang='lat' dir='ltr'>Philoponi</span> <span class='ocrx_word' id='word_1_679' title='bbox 1082 4585 1273 4642; x_wconf 91' lang='lat' dir='ltr'>verbis</span> <span class='ocrx_word' id='word_1_680' title='bbox 1303 4586 1526 4644; x_wconf 89' lang='lat' dir='ltr'>clarum</span> <span class='ocrx_word' id='word_1_681' title='bbox 1557 4595 1646 4647; x_wconf 86' lang='lat' dir='ltr'>est</span> <span class='ocrx_word' id='word_1_682' title='bbox 1666 4609 1772 4649; x_wconf 85' lang='lat' dir='ltr'>suo</span> <span class='ocrx_word' id='word_1_683' title='bbox 1792 4599 1939 4652; x_wconf 85' lang='lat' dir='ltr'>tem-</span> 
     </span>
    </p>
   </div>
   <div class='ocr_carea' id='block_1_95' title="bbox 295 4672 1940 4754">
    <p class='ocr_par' dir='ltr' id='par_1_95' title="bbox 295 4672 1940 4754">
     <span class='ocr_line' id='line_1_97' title="bbox 295 4672 1940 4754; baseline 0.007 -25"><span class='ocrx_word' id='word_1_684' title='bbox 295 4689 433 4744; x_wconf 91' lang='lat' dir='ltr'>pore</span> <span class='ocrx_word' id='word_1_685' title='bbox 453 4672 829 4738; x_wconf 59' lang='lat' dir='ltr'>Gracos,non</span> <span class='ocrx_word' id='word_1_686' title='bbox 853 4691 1144 4746; x_wconf 90' lang='lat' dir='ltr'>azymum,</span> <span class='ocrx_word' id='word_1_687' title='bbox 1172 4676 1272 4731; x_wconf 90' lang='lat' dir='ltr'>sed</span> <span class='ocrx_word' id='word_1_688' title='bbox 1297 4675 1706 4736; x_wconf 87' lang='lat' dir='ltr'>fermentatum</span> <span class='ocrx_word' id='word_1_689' title='bbox 1728 4699 1940 4754; x_wconf 90' lang='lat' dir='ltr'>panem</span> 
     </span>
    </p>
   </div>
   <div class='ocr_carea' id='block_1_96' title="bbox 2049 4602 3699 4694">
    <p class='ocr_par' dir='ltr' id='par_1_96' title="bbox 2049 4602 3699 4694">
     <span class='ocr_line' id='line_1_98' title="bbox 2049 4602 3699 4694; baseline 0.012 -39"><span class='ocrx_word' id='word_1_690' title='bbox 2049 4604 2168 4656; x_wconf 89' lang='lat' dir='ltr'>tata</span> <span class='ocrx_word' id='word_1_691' title='bbox 2189 4605 2363 4669; x_wconf 84' lang='lat' dir='ltr'>erat,«</span> <span class='ocrx_word' id='word_1_692' title='bbox 2389 4602 2576 4674; x_wconf 87' lang='lat' dir='ltr'>ﬁgura</span> <span class='ocrx_word' id='word_1_693' title='bbox 2595 4603 2762 4674; x_wconf 90' lang='lat' dir='ltr'>panis</span> <span class='ocrx_word' id='word_1_694' title='bbox 2789 4606 3162 4665; x_wconf 89' lang='lat' dir='ltr'>eucharistici</span> <span class='ocrx_word' id='word_1_695' title='bbox 3186 4633 3214 4661; x_wconf 83' lang='grc'>››</span> <span class='ocrx_word' id='word_1_696' title='bbox 3239 4613 3420 4670; x_wconf 85' lang='lat' dir='ltr'>fuisse</span> <span class='ocrx_word' id='word_1_697' title='bbox 3461 4615 3699 4694; x_wconf 82' lang='lat' dir='ltr'>dicitur,</span> 
     </span>
    </p>
   </div>
   <div class='ocr_carea' id='block_1_97' title="bbox 2048 4695 3695 4768">
    <p class='ocr_par' dir='ltr' id='par_1_97' title="bbox 2048 4695 3695 4768">
     <span class='ocr_line' id='line_1_99' title="bbox 2048 4695 3695 4768; baseline 0.013 -25"><span class='ocrx_word' id='word_1_698' title='bbox 2048 4697 2195 4756; x_wconf 84' lang='grc' dir='ltr'>τύπος</span> <span class='ocrx_word' id='word_1_699' title='bbox 2221 4695 2284 4756; x_wconf 75' lang='grc' dir='ltr'>ἢν</span> <span class='ocrx_word' id='word_1_700' title='bbox 2312 4701 2398 4744; x_wconf 81' lang='grc' dir='ltr'>τοῦ</span> <span class='ocrx_word' id='word_1_701' title='bbox 2428 4698 2460 4745; x_wconf 75' lang='grc' dir='ltr'><strong><em>ἄ</em></strong></span> <span class='ocrx_word' id='word_1_702' title='bbox 2489 4713 2575 4746; x_wconf 88' lang='grc' dir='ltr'>του</span> <span class='ocrx_word' id='word_1_703' title='bbox 2604 4702 2690 4759; x_wconf 81' lang='grc' dir='ltr'>τῆς</span> <span class='ocrx_word' id='word_1_704' title='bbox 2720 4701 3046 4768; x_wconf 76' lang='grc' dir='ltr'>εὐχαριστίας.</span> <span class='ocrx_word' id='word_1_705' title='bbox 3076 4697 3295 4757; x_wconf 88' lang='lat' dir='ltr'>Verum</span> <span class='ocrx_word' id='word_1_706' title='bbox 3318 4719 3555 4760; x_wconf 89' lang='lat' dir='ltr'>necesse</span> <span class='ocrx_word' id='word_1_707' title='bbox 3576 4723 3695 4765; x_wconf 91' lang='lat' dir='ltr'>non</span> 
     </span>
    </p>
   </div>
   <div class='ocr_carea' id='block_1_98' title="bbox 292 4761 1939 4840">
    <p class='ocr_par' dir='ltr' id='par_1_98' title="bbox 292 4761 1939 4840">
     <span class='ocr_line' id='line_1_100' title="bbox 292 4761 1939 4840; baseline 0.009 -25"><span class='ocrx_word' id='word_1_708' title='bbox 292 4761 354 4817; x_wconf 91' lang='lat' dir='ltr'>in</span> <span class='ocrx_word' id='word_1_709' title='bbox 386 4778 508 4818; x_wconf 91' lang='lat' dir='ltr'>rem</span> <span class='ocrx_word' id='word_1_710' title='bbox 540 4778 768 4818; x_wconf 87' lang='lat' dir='ltr'>sacram</span> <span class='ocrx_word' id='word_1_711' title='bbox 826 4762 1189 4831; x_wconf 83' lang='lat' dir='ltr'>adhibuisse,</span> <span class='ocrx_word' id='word_1_712' title='bbox 1247 4767 1720 4839; x_wconf 88' lang='lat' dir='ltr'>quandoquidem</span> <span class='ocrx_word' id='word_1_713' title='bbox 1753 4772 1853 4840; x_wconf 88' lang='lat' dir='ltr'>ait,</span> <span class='ocrx_word' id='word_1_714' title='bbox 1889 4774 1939 4828; x_wconf 90' lang='lat' dir='ltr'>si</span> 
     </span>
    </p>
   </div>
   <div class='ocr_carea' id='block_1_99' title="bbox 291 4849 1939 4933">
    <p class='ocr_par' dir='ltr' id='par_1_99' title="bbox 291 4849 1939 4933">
     <span class='ocr_line' id='line_1_101' title="bbox 291 4849 1939 4933; baseline 0.007 -27"><span class='ocrx_word' id='word_1_715' title='bbox 291 4849 558 4908; x_wconf 88' lang='lat' dir='ltr'>Christus</span> <span class='ocrx_word' id='word_1_716' title='bbox 586 4851 646 4906; x_wconf 93' lang='lat' dir='ltr'>in</span> <span class='ocrx_word' id='word_1_717' title='bbox 675 4869 876 4924; x_wconf 86' lang='lat' dir='ltr'>azyma</span> <span class='ocrx_word' id='word_1_718' title='bbox 894 4853 1315 4909; x_wconf 89' lang='lat' dir='ltr'>Eucharistiam</span> <span class='ocrx_word' id='word_1_719' title='bbox 1340 4855 1645 4928; x_wconf 90' lang='lat' dir='ltr'>discipulis</span> <span class='ocrx_word' id='word_1_720' title='bbox 1665 4861 1788 4915; x_wconf 91' lang='lat' dir='ltr'>suis</span> <span class='ocrx_word' id='word_1_721' title='bbox 1807 4878 1939 4933; x_wconf 87' lang='lat' dir='ltr'>por-</span> 
     </span>
    </p>
   </div>
   <div class='ocr_carea' id='block_1_100' title="bbox 290 4940 1935 5010">
    <p class='ocr_par' dir='ltr' id='par_1_100' title="bbox 290 4940 1935 5010">
     <span class='ocr_line' id='line_1_102' title="bbox 290 4940 1935 5010; baseline 0.007 -16"><span class='ocrx_word' id='word_1_722' title='bbox 290 4940 681 5010; x_wconf 83' lang='lat' dir='ltr'>rexisset,fore</span> <span class='ocrx_word' id='word_1_723' title='bbox 705 4947 771 4997; x_wconf 89' lang='lat' dir='ltr'>ut</span> <span class='ocrx_word' id='word_1_724' title='bbox 799 4941 856 4997; x_wconf 92' lang='lat' dir='ltr'>id</span> <span class='ocrx_word' id='word_1_725' title='bbox 879 4941 1051 4997; x_wconf 90' lang='lat' dir='ltr'>etiam</span> <span class='ocrx_word' id='word_1_726' title='bbox 1083 4947 1211 4998; x_wconf 91' lang='lat' dir='ltr'>tum</span> <span class='ocrx_word' id='word_1_727' title='bbox 1253 4944 1310 4997; x_wconf 91' lang='lat' dir='ltr'>in</span> <span class='ocrx_word' id='word_1_728' title='bbox 1334 4942 1589 5000; x_wconf 89' lang='lat' dir='ltr'>Ecclesia</span> <span class='ocrx_word' id='word_1_729' title='bbox 1631 4948 1810 5004; x_wconf 89' lang='lat' dir='ltr'>ﬁeret.</span> <span class='ocrx_word' id='word_1_730' title='bbox 1854 4951 1935 5006; x_wconf 82' lang='lat' dir='ltr'>Ex</span> 
     </span>
    </p>
   </div>
   <div class='ocr_carea' id='block_1_101' title="bbox 287 5031 1931 5110">
    <p class='ocr_par' dir='ltr' id='par_1_101' title="bbox 287 5031 1931 5110">
     <span class='ocr_line' id='line_1_103' title="bbox 287 5031 1931 5110; baseline 0.007 -27"><span class='ocrx_word' id='word_1_731' title='bbox 287 5044 354 5084; x_wconf 91' lang='lat' dir='ltr'>eo</span> <span class='ocrx_word' id='word_1_732' title='bbox 400 5045 533 5085; x_wconf 90' lang='lat' dir='ltr'>vero</span> <span class='ocrx_word' id='word_1_733' title='bbox 565 5031 723 5102; x_wconf 87' lang='lat' dir='ltr'>quod</span> <span class='ocrx_word' id='word_1_734' title='bbox 752 5048 922 5087; x_wconf 91' lang='lat' dir='ltr'>secus</span> <span class='ocrx_word' id='word_1_735' title='bbox 954 5049 1046 5087; x_wconf 91' lang='lat' dir='ltr'>res</span> <span class='ocrx_word' id='word_1_736' title='bbox 1079 5049 1139 5086; x_wconf 90' lang='lat' dir='ltr'>se</span> <span class='ocrx_word' id='word_1_737' title='bbox 1165 5032 1425 5100; x_wconf 91' lang='lat' dir='ltr'>haberet,</span> <span class='ocrx_word' id='word_1_738' title='bbox 1457 5031 1633 5092; x_wconf 82' lang='lat' dir='ltr'>infert</span> <span class='ocrx_word' id='word_1_739' title='bbox 1661 5036 1931 5110; x_wconf 87' lang='lat' dir='ltr'>Philopo-</span> 
     </span>
    </p>
   </div>
   <div class='ocr_carea' id='block_1_102' title="bbox 287 5119 1930 5199">
    <p class='ocr_par' dir='ltr' id='par_1_102' title="bbox 287 5119 1930 5199">
     <span class='ocr_line' id='line_1_104' title="bbox 287 5119 1930 5199; baseline 0.007 -27"><span class='ocrx_word' id='word_1_740' title='bbox 287 5135 398 5173; x_wconf 91' lang='lat' dir='ltr'>nus</span> <span class='ocrx_word' id='word_1_741' title='bbox 430 5119 728 5175; x_wconf 90' lang='lat' dir='ltr'>Christum</span> <span class='ocrx_word' id='word_1_742' title='bbox 775 5138 890 5175; x_wconf 89' lang='lat' dir='ltr'>non</span> <span class='ocrx_word' id='word_1_743' title='bbox 943 5119 1112 5192; x_wconf 86' lang='lat' dir='ltr'>legali</span> <span class='ocrx_word' id='word_1_744' title='bbox 1149 5137 1308 5176; x_wconf 90' lang='lat' dir='ltr'>more</span> <span class='ocrx_word' id='word_1_745' title='bbox 1340 5138 1562 5179; x_wconf 86' lang='lat' dir='ltr'>coenam</span> <span class='ocrx_word' id='word_1_746' title='bbox 1597 5125 1653 5179; x_wconf 92' lang='lat' dir='ltr'>in</span> <span class='ocrx_word' id='word_1_747' title='bbox 1711 5127 1930 5199; x_wconf 88' lang='lat' dir='ltr'>azymis</span> 
     </span>
    </p>
   </div>
   <div class='ocr_carea' id='block_1_103' title="bbox 281 5207 1926 5285">
    <p class='ocr_par' dir='ltr' id='par_1_103' title="bbox 281 5207 1926 5285">
     <span class='ocr_line' id='line_1_105' title="bbox 281 5207 1926 5285; baseline 0.007 -24"><span class='ocrx_word' id='word_1_748' title='bbox 281 5207 597 5277; x_wconf 88' lang='lat' dir='ltr'>peregisse.</span> <span class='ocrx_word' id='word_1_749' title='bbox 631 5207 908 5264; x_wconf 59' lang='lat' dir='ltr'>Pra&#39;terea</span> <span class='ocrx_word' id='word_1_750' title='bbox 965 5208 1107 5264; x_wconf 89' lang='lat' dir='ltr'>satis</span> <span class='ocrx_word' id='word_1_751' title='bbox 1137 5213 1374 5280; x_wconf 89' lang='lat' dir='ltr'>apparet</span> <span class='ocrx_word' id='word_1_752' title='bbox 1431 5211 1734 5285; x_wconf 91' lang='lat' dir='ltr'>Philoponi</span> <span class='ocrx_word' id='word_1_753' title='bbox 1766 5233 1926 5272; x_wconf 91' lang='lat' dir='ltr'>men-</span> 
     </span>
    </p>
   </div>
   <div class='ocr_carea' id='block_1_104' title="bbox 282 5297 1925 5372">
    <p class='ocr_par' dir='ltr' id='par_1_104' title="bbox 282 5297 1925 5372">
     <span class='ocr_line' id='line_1_106' title="bbox 282 5297 1925 5372; baseline 0.007 -23"><span class='ocrx_word' id='word_1_754' title='bbox 282 5299 400 5349; x_wconf 86' lang='lat' dir='ltr'>tem</span> <span class='ocrx_word' id='word_1_755' title='bbox 433 5311 562 5350; x_wconf 90' lang='lat' dir='ltr'>esse</span> <span class='ocrx_word' id='word_1_756' title='bbox 595 5313 900 5369; x_wconf 86' lang='lat' dir='ltr'>nunquam</span> <span class='ocrx_word' id='word_1_757' title='bbox 926 5299 983 5352; x_wconf 92' lang='lat' dir='ltr'>in</span> <span class='ocrx_word' id='word_1_758' title='bbox 1010 5297 1264 5353; x_wconf 87' lang='lat' dir='ltr'>Ecclesia</span> <span class='ocrx_word' id='word_1_759' title='bbox 1285 5298 1482 5354; x_wconf 69' lang='lat' dir='ltr'>Graeca</span> <span class='ocrx_word' id='word_1_760' title='bbox 1503 5318 1713 5372; x_wconf 90' lang='lat' dir='ltr'>panem</span> <span class='ocrx_word' id='word_1_761' title='bbox 1743 5304 1925 5362; x_wconf 88' lang='lat' dir='ltr'>alium</span> 
     </span>
    </p>
   </div>
   <div class='ocr_carea' id='block_1_105' title="bbox 230 5384 1923 5453">
    <p class='ocr_par' dir='ltr' id='par_1_105' title="bbox 230 5384 1923 5453">
     <span class='ocr_line' id='line_1_107' title="bbox 230 5384 1923 5453; baseline 0.008 -17"><span class='ocrx_word' id='word_1_762' title='bbox 230 5428 240 5437; x_wconf 88' lang='lat'>.</span> <span class='ocrx_word' id='word_1_763' title='bbox 283 5398 459 5452; x_wconf 88' lang='lat' dir='ltr'>quam</span> <span class='ocrx_word' id='word_1_764' title='bbox 483 5384 583 5453; x_wconf 89' lang='lat' dir='ltr'>qui</span> <span class='ocrx_word' id='word_1_765' title='bbox 610 5387 749 5439; x_wconf 91' lang='lat' dir='ltr'>tunc</span> <span class='ocrx_word' id='word_1_766' title='bbox 776 5387 905 5441; x_wconf 92' lang='lat' dir='ltr'>usui</span> <span class='ocrx_word' id='word_1_767' title='bbox 932 5387 1192 5453; x_wconf 90' lang='lat' dir='ltr'>erat,hoc</span> <span class='ocrx_word' id='word_1_768' title='bbox 1214 5391 1302 5443; x_wconf 88' lang='lat' dir='ltr'>est</span> <span class='ocrx_word' id='word_1_769' title='bbox 1321 5388 1734 5447; x_wconf 81' lang='lat' dir='ltr'>fermentatum</span> <span class='ocrx_word' id='word_1_770' title='bbox 1759 5395 1923 5450; x_wconf 85' lang='lat' dir='ltr'>adhi-</span> 
     </span>
    </p>
   </div>
   <div class='ocr_carea' id='block_1_106' title="bbox 281 5467 1923 5550">
    <p class='ocr_par' dir='ltr' id='par_1_106' title="bbox 281 5467 1923 5550">
     <span class='ocr_line' id='line_1_108' title="bbox 281 5467 1923 5550; baseline 0.013 -30"><span class='ocrx_word' id='word_1_771' title='bbox 281 5467 467 5524; x_wconf 91' lang='lat' dir='ltr'>bitum</span> <span class='ocrx_word' id='word_1_772' title='bbox 491 5469 690 5526; x_wconf 85' lang='lat' dir='ltr'>fuisse.</span> <span class='ocrx_word' id='word_1_773' title='bbox 719 5473 863 5529; x_wconf 89' lang='lat' dir='ltr'>Nam</span> <span class='ocrx_word' id='word_1_774' title='bbox 887 5474 934 5527; x_wconf 89' lang='lat' dir='ltr'>si</span> <span class='ocrx_word' id='word_1_775' title='bbox 964 5476 1348 5532; x_wconf 89' lang='lat' dir='ltr'>mutationem</span> <span class='ocrx_word' id='word_1_776' title='bbox 1372 5476 1686 5550; x_wconf 85' lang='lat' dir='ltr'>aliquando</span> <span class='ocrx_word' id='word_1_777' title='bbox 1710 5482 1923 5540; x_wconf 86' lang='lat' dir='ltr'>factam</span> 
     </span>
    </p>
   </div>
   <div class='ocr_carea' id='block_1_107' title="bbox 281 5555 1923 5636">
    <p class='ocr_par' dir='ltr' id='par_1_107' title="bbox 281 5555 1923 5636">
     <span class='ocr_line' id='line_1_109' title="bbox 281 5555 1923 5636; baseline 0.015 -30"><span class='ocrx_word' id='word_1_778' title='bbox 281 5555 466 5623; x_wconf 85' lang='lat' dir='ltr'>azymi</span> <span class='ocrx_word' id='word_1_779' title='bbox 496 5557 666 5626; x_wconf 85' lang='lat' dir='ltr'>panis</span> <span class='ocrx_word' id='word_1_780' title='bbox 698 5559 755 5612; x_wconf 92' lang='lat' dir='ltr'>in</span> <span class='ocrx_word' id='word_1_781' title='bbox 787 5561 1201 5618; x_wconf 84' lang='lat' dir='ltr'>fermentatum</span> <span class='ocrx_word' id='word_1_782' title='bbox 1227 5566 1578 5636; x_wconf 83' lang='lat' dir='ltr'>agnovisset,</span> <span class='ocrx_word' id='word_1_783' title='bbox 1605 5569 1749 5626; x_wconf 88' lang='lat' dir='ltr'>nihil</span> <span class='ocrx_word' id='word_1_784' title='bbox 1783 5589 1923 5630; x_wconf 90' lang='lat' dir='ltr'>con-</span> 
     </span>
    </p>
   </div>
   <div class='ocr_carea' id='block_1_108' title="bbox 2046 4777 3693 4865">
    <p class='ocr_par' dir='ltr' id='par_1_108' title="bbox 2046 4777 3693 4865">
     <span class='ocr_line' id='line_1_110' title="bbox 2046 4777 3693 4865; baseline 0.012 -33"><span class='ocrx_word' id='word_1_785' title='bbox 2046 4781 2136 4833; x_wconf 92' lang='lat' dir='ltr'>est</span> <span class='ocrx_word' id='word_1_786' title='bbox 2165 4783 2228 4832; x_wconf 91' lang='lat' dir='ltr'>ut</span> <span class='ocrx_word' id='word_1_787' title='bbox 2257 4777 2444 4849; x_wconf 87' lang='lat' dir='ltr'>ﬁgura</span> <span class='ocrx_word' id='word_1_788' title='bbox 2498 4778 2558 4834; x_wconf 90' lang='lat' dir='ltr'>in</span> <span class='ocrx_word' id='word_1_789' title='bbox 2587 4781 2861 4839; x_wconf 89' lang='lat' dir='ltr'>omnibus</span> <span class='ocrx_word' id='word_1_790' title='bbox 2917 4785 2999 4840; x_wconf 90' lang='lat' dir='ltr'>rei</span> <span class='ocrx_word' id='word_1_791' title='bbox 3031 4786 3290 4860; x_wconf 85' lang='lat' dir='ltr'>ﬁguratae</span> <span class='ocrx_word' id='word_1_792' title='bbox 3322 4793 3693 4865; x_wconf 90' lang='lat' dir='ltr'>respondeat.</span> 
     </span>
    </p>
   </div>
   <div class='ocr_carea' id='block_1_109' title="bbox 2682 4925 3048 4984">
    <p class='ocr_par' dir='ltr' id='par_1_109' title="bbox 2682 4925 3048 4984">
     <span class='ocr_line' id='line_1_111' title="bbox 2682 4925 3048 4984; baseline 0.016 -6"><span class='ocrx_word' id='word_1_793' title='bbox 2682 4925 2914 4982; x_wconf 82' lang='lat' dir='ltr'>CAPUT</span> <span class='ocrx_word' id='word_1_794' title='bbox 2956 4928 3048 4984; x_wconf 80' lang='grc' dir='ltr'>[ν.</span> 
     </span>
    </p>
   </div>
   <div class='ocr_carea' id='block_1_110' title="bbox 2148 5008 3575 5080">
    <p class='ocr_par' dir='ltr' id='par_1_110' title="bbox 2148 5008 3575 5080">
     <span class='ocr_line' id='line_1_112' title="bbox 2148 5008 3575 5080; baseline 0.014 -20"><span class='ocrx_word' id='word_1_795' title='bbox 2148 5008 2314 5076; x_wconf 76' lang='lat' dir='ltr'>Quali</span> <span class='ocrx_word' id='word_1_796' title='bbox 2345 5023 2488 5079; x_wconf 85' lang='lat' dir='ltr'>pane</span> <span class='ocrx_word' id='word_1_797' title='bbox 2515 5015 2746 5068; x_wconf 80' lang='lat' dir='ltr'>utantur</span> <span class='ocrx_word' id='word_1_798' title='bbox 2766 5015 2894 5072; x_wconf 61' lang='lat' dir='ltr'>alim</span> <span class='ocrx_word' id='word_1_799' title='bbox 2921 5020 3199 5076; x_wconf 76' lang='lat' dir='ltr'>societates</span> <span class='ocrx_word' id='word_1_800' title='bbox 3228 5021 3575 5080; x_wconf 72' lang='lat' dir='ltr'>Christianae.</span> 
     </span>
    </p>
   </div>
   <div class='ocr_carea' id='block_1_111' title="bbox 2109 5131 3689 5219">
    <p class='ocr_par' dir='ltr' id='par_1_111' title="bbox 2109 5131 3689 5219">
     <span class='ocr_line' id='line_1_113' title="bbox 2109 5131 3689 5219; baseline 0.012 -33"><span class='ocrx_word' id='word_1_801' title='bbox 2109 5131 2435 5187; x_wconf 66' lang='lat' dir='ltr'>Moscovitaa</span> <span class='ocrx_word' id='word_1_802' title='bbox 2448 5136 2504 5189; x_wconf 90' lang='lat' dir='ltr'>et</span> <span class='ocrx_word' id='word_1_803' title='bbox 2519 5133 2865 5207; x_wconf 84' lang='lat' dir='ltr'>Rutheni,ut</span> <span class='ocrx_word' id='word_1_804' title='bbox 2880 5141 2939 5195; x_wconf 91' lang='lat' dir='ltr'>in</span> <span class='ocrx_word' id='word_1_805' title='bbox 2955 5144 3284 5200; x_wconf 67' lang='lat' dir='ltr'>Graecorum</span> <span class='ocrx_word' id='word_1_806' title='bbox 3302 5143 3434 5202; x_wconf 89' lang='lat' dir='ltr'>aliis</span> <span class='ocrx_word' id='word_1_807' title='bbox 3447 5145 3689 5219; x_wconf 88' lang='lat' dir='ltr'>ritibus,</span> 
     </span>
    </p>
   </div>
   <div class='ocr_carea' id='block_1_112' title="bbox 2034 5219 3686 5308">
    <p class='ocr_par' dir='ltr' id='par_1_112' title="bbox 2034 5219 3686 5308">
     <span class='ocr_line' id='line_1_114' title="bbox 2034 5219 3686 5308; baseline 0.012 -33"><span class='ocrx_word' id='word_1_808' title='bbox 2034 5219 2118 5276; x_wconf 90' lang='lat' dir='ltr'>ita</span> <span class='ocrx_word' id='word_1_809' title='bbox 2147 5220 2492 5278; x_wconf 89' lang='lat' dir='ltr'>fermentata</span> <span class='ocrx_word' id='word_1_810' title='bbox 2511 5240 2660 5295; x_wconf 92' lang='lat' dir='ltr'>pane</span> <span class='ocrx_word' id='word_1_811' title='bbox 2682 5231 2945 5284; x_wconf 92' lang='lat' dir='ltr'>utuntur.</span> <span class='ocrx_word' id='word_1_812' title='bbox 2964 5230 3286 5289; x_wconf 88' lang='lat' dir='ltr'>Alexander</span> <span class='ocrx_word' id='word_1_813' title='bbox 3315 5234 3686 5308; x_wconf 87' lang='lat' dir='ltr'>Gwagninus</span> 
     </span>
    </p>
   </div>
   <div class='ocr_carea' id='block_1_113' title="bbox 2033 5308 3685 5398">
    <p class='ocr_par' dir='ltr' id='par_1_113' title="bbox 2033 5308 3685 5398">
     <span class='ocr_line' id='line_1_115' title="bbox 2033 5308 3685 5398; baseline 0.013 -35"><span class='ocrx_word' id='word_1_814' title='bbox 2033 5308 2093 5364; x_wconf 91' lang='lat' dir='ltr'>in</span> <span class='ocrx_word' id='word_1_815' title='bbox 2123 5309 2518 5382; x_wconf 87' lang='lat' dir='ltr'>Descriptione</span> <span class='ocrx_word' id='word_1_816' title='bbox 2550 5313 2847 5372; x_wconf 83' lang='lat' dir='ltr'>Moscoviae</span> <span class='ocrx_word' id='word_1_817' title='bbox 2874 5319 3142 5377; x_wconf 90' lang='lat' dir='ltr'>observat</span> <span class='ocrx_word' id='word_1_818' title='bbox 3171 5322 3448 5381; x_wconf 90' lang='lat' dir='ltr'>mulieres</span> <span class='ocrx_word' id='word_1_819' title='bbox 3477 5342 3685 5398; x_wconf 84' lang='lat' dir='ltr'>prove-</span> 
     </span>
    </p>
   </div>
   <div class='ocr_carea' id='block_1_114' title="bbox 2033 5399 3682 5486">
    <p class='ocr_par' dir='ltr' id='par_1_114' title="bbox 2033 5399 3682 5486">
     <span class='ocr_line' id='line_1_116' title="bbox 2033 5399 3682 5486; baseline 0.012 -33"><span class='ocrx_word' id='word_1_820' title='bbox 2033 5402 2137 5453; x_wconf 72' lang='lat' dir='ltr'>cta:</span> <span class='ocrx_word' id='word_1_821' title='bbox 2168 5399 2375 5470; x_wconf 84' lang='lat' dir='ltr'>aetatis,</span> <span class='ocrx_word' id='word_1_822' title='bbox 2408 5402 2460 5455; x_wconf 90' lang='lat' dir='ltr'>et</span> <span class='ocrx_word' id='word_1_823' title='bbox 2494 5403 2744 5460; x_wconf 84' lang='lat' dir='ltr'>maxime</span> <span class='ocrx_word' id='word_1_824' title='bbox 2775 5405 2983 5466; x_wconf 89' lang='lat' dir='ltr'>viduas</span> <span class='ocrx_word' id='word_1_825' title='bbox 3017 5412 3389 5469; x_wconf 88' lang='lat' dir='ltr'>sacerdotum</span> <span class='ocrx_word' id='word_1_826' title='bbox 3424 5413 3682 5486; x_wconf 84' lang='lat' dir='ltr'>relictas,</span> 
     </span>
    </p>
   </div>
   <div class='ocr_carea' id='block_1_115' title="bbox 2033 5488 3673 5577">
    <p class='ocr_par' dir='ltr' id='par_1_115' title="bbox 2033 5488 3673 5577">
     <span class='ocr_line' id='line_1_117' title="bbox 2033 5488 3673 5577; baseline 0.014 -36"><span class='ocrx_word' id='word_1_827' title='bbox 2033 5488 2188 5560; x_wconf 90' lang='lat' dir='ltr'>apud</span> <span class='ocrx_word' id='word_1_828' title='bbox 2217 5488 2520 5545; x_wconf 87' lang='lat' dir='ltr'>Ruthenos</span> <span class='ocrx_word' id='word_1_829' title='bbox 2579 5493 2864 5552; x_wconf 84' lang='lat' dir='ltr'>conﬁcere</span> <span class='ocrx_word' id='word_1_830' title='bbox 2905 5515 3118 5570; x_wconf 88' lang='lat' dir='ltr'>panem</span> <span class='ocrx_word' id='word_1_831' title='bbox 3151 5502 3445 5571; x_wconf 88' lang='lat' dir='ltr'>sacriﬁcii,</span> <span class='ocrx_word' id='word_1_832' title='bbox 3495 5520 3673 5577; x_wconf 87' lang='lat' dir='ltr'>quem</span> 
     </span>
    </p>
   </div>
   <div class='ocr_carea' id='block_1_116' title="bbox 2032 5579 2694 5650">
    <p class='ocr_par' dir='ltr' id='par_1_116' title="bbox 2032 5579 2694 5650">
     <span class='ocr_line' id='line_1_118' title="bbox 2032 5579 2694 5650; baseline 0.015 -22"><span class='ocrx_word' id='word_1_833' title='bbox 2032 5598 2061 5628; x_wconf 88' lang='lat'>«</span> <span class='ocrx_word' id='word_1_834' title='bbox 2093 5579 2382 5650; x_wconf 88' lang='lat' dir='ltr'>proskura</span> <span class='ocrx_word' id='word_1_835' title='bbox 2405 5600 2434 5628; x_wconf 91' lang='lat'>»</span> <span class='ocrx_word' id='word_1_836' title='bbox 2463 5584 2694 5639; x_wconf 89' lang='lat' dir='ltr'>vocant.</span> 
     </span>
    </p>
   </div>
  </div>
