3970 6218
338 407 497 476 1243

339 638 427 689 ter
455 634 791 689 Michaelem
823 633 1091 691 inventus
1140 636 1215 691 sit
1262 655 1455 705 nemo,
1502 638 1600 710 qui
1634 639 1869 694 Latinos
1900 639 1973 694 ob

339 738 676 793 azymorum
724 740 899 778 usum
950 726 1369 796 reprehendere
1418 745 1600 784 ausus
1649 729 1743 792 sit,
1777 745 1976 783 conse-

336 828 524 883 quens
555 816 642 866 est
673 829 770 866 eos
802 830 903 884 per
924 817 1110 868 totum
1134 814 1277 869 illud
1312 820 1547 887 tempus
1565 818 1782 889 azymis
1816 834 1973 882 usos,

337 905 438 955 aut
461 900 669 955 saltem
704 902 872 955 Leoni
906 902 984 956 ita
1017 920 1361 973 persuasum
1395 905 1593 960 fuisse.
1616 906 1774 960 Alias
1829 905 1976 960 nihil

334 988 767 1060 valeretipsius
816 997 1227 1060 argumentum
1280 992 1559 1050 adversus
1614 994 1972 1050 Michaelem.

332 1078 531 1150 Neque
561 1079 715 1133 enim
740 1079 1045 1134 calumnia:
1078 1082 1443 1137 occasionem
1470 1084 1722 1154 prabere
1755 1083 1974 1155 potuis-

335 1171 423 1221 set
454 1184 599 1221 usus
628 1166 800 1232 ille,si
836 1169 1095 1221 nondum
1129 1168 1609 1225 exstitisset.Eam
1646 1187 1814 1241 porro
1846 1186 1974 1224 esse

332 1254 537 1309 Leonis
570 1258 1039 1324 mentem,neque
1073 1256 1141 1309 de
1164 1257 1318 1325 jure,
1345 1258 1442 1311 sed
1492 1258 1562 1311 de
1611 1258 1759 1310 facto
1791 1256 1969 1327 expli-

330 1343 449 1398 cari
482 1359 651 1414 posse
682 1346 837 1413 patet
866 1361 933 1397 ex
962 1344 1207 1415 epistola
1234 1345 1257 1399 l
1298 1346 1369 1399 ad
1411 1346 1682 1400 eumdem
1733 1344 1971 1400 Michae-

331 1431 533 1498 lem,in
567 1448 681 1503 qua
711 1432 913 1487 scribit
945 1448 1149 1488 omnes
1172 1437 1454 1505 quotquot
1479 1435 1548 1487 ab
1573 1432 1844 1487 instituta
1874 1433 1970 1486 Ec-

330 1520 508 1577 clesia
564 1520 831 1575 exstitere
876 1526 1159 1593 martyres
1217 1522 1371 1592 apud
1431 1521 1683 1587 Latinos,
1725 1520 1961 1591 azymis,

328 1610 385 1665 id
418 1615 505 1665 est
551 1609 914 1665 Eucharistia
956 1611 1012 1666 in
1063 1611 1278 1682 azymis
1327 1613 1684 1675 consecrata,
1732 1608 1964 1680 sagina-

325 1703 417 1754 tos
442 1698 642 1764 fuisse,
688 1702 746 1753 et
793 1698 966 1770 paulo
1022 1703 1154 1753 ante
1206 1697 1396 1751 innuit
1442 1696 1778 1752 Latinorum
1808 1697 1964 1753 hunc

325 1804 549 1843 morem
597 1804 665 1841 ex
714 1786 898 1842 sancti
948 1787 1097 1841 Petri
1147 1786 1513 1841 institutione
1548 1786 1959 1842 descendisse:

323 1899 351 1927 ‹‹
384 1878 766 1949 Quapropter,
796 1875 1007 1945 inquit,
1040 1877 1265 1928 atanta
1307 1873 1563 1929 amentia
1603 1875 1725 1944 jam
1758 1876 1963 1946 resipi-

322 1967 487 2031 scite,
539 1972 596 2022 et
645 1965 873 2020 Latinos
920 1979 1049 2017 vere
1098 1961 1434 2028 catholicos,
1496 1968 1671 2035 atque
1725 1965 1963 2020 maximi

320 2056 473 2112 Petri
505 2055 818 2111 familiares
842 2050 1698 2124 discipulos,institutionisque
1730 2055 1857 2124 ejus
1874 2055 1969 2109 de-

318 2146 568 2201 votiores
599 2147 909 2200 sectatores
939 2144 1163 2195 cessate
1212 2140 1631 2197 subsannando
1682 2144 1962 2215 azymitas

325 2252 553 2291 vocare.
591 2256 619 2283 ))

389 2350 602 2405 Eadem
634 2346 743 2401 fuit
768 2344 1056 2399 sententia
1086 2345 1390 2401 Humberti
1419 2345 1735 2401 cardinalis
1788 2346 1847 2401 in
1882 2362 1967 2402 re-

317 2436 630 2511 sponsione
664 2435 735 2489 ad
760 2433 1099 2489 Michaelem
1133 2434 1378 2489 dicentis
1410 2434 1731 2490 Ecclesiam
1756 2439 1957 2490 Roma-

316 2542 453 2584 nam
477 2525 547 2579 ad
582 2540 754 2578 suum
789 2538 977 2595 usque
1007 2527 1240 2595 tempus
1274 2540 1389 2578 non
1421 2540 1683 2579 cessasse
1735 2524 1806 2579 ab
1841 2541 1956 2579 usu

314 2629 671 2689 azymorum,
704 2612 845 2668 etin
893 2611 1270 2683 responsione
1319 2612 1390 2667 ad
1435 2611 1717 2680 Nicetam,
1770 2612 1951 2667 tradi-

312 2708 530 2764 tionem
548 2718 675 2759 esse
693 2699 1021 2773 apostolica:
1037 2699 1605 2755 sedis.Consentiunt
1630 2700 1880 2772 Algerus
1903 2700 1964 2755 in

314 2795 415 2849 lib.
449 2812 510 2860 ιι,
543 2808 669 2863 cap.
696 2790 860 2862 3,qui
896 2805 1130 2845 omnem
1180 2788 1498 2845 Ecclesiam
1547 2794 1753 2861 praeter
1811 2791 1966 2845 Grae-

310 2899 436 2940 cam
459 2899 527 2937 ex
543 2880 853 2936 traditione
879 2879 1211 2951 principum
1233 2877 1498 2934 Ecclesia:
1537 2879 1689 2935 Petri
1716 2883 1773 2934 et
1796 2878 1965 2934 Pauli

311 2973 372 3028 in
404 2971 622 3044 azymis
651 2968 1011 3034 celebrasse;
1041 2972 1208 3040 Hugo
1246 2969 1473 3024 Tuscus
1496 2985 1595 3023 seu
1632 2968 1961 3037 Eterianus,

314 3061 414 3133 qui
448 3061 510 3115 in
543 3059 643 3114 lib.
676 3076 717 3113 ιι
751 3058 821 3113 de
849 3057 1198 3125 Haeresibus,
1224 3074 1350 3128 cap.
1386 3059 1473 3125 17,
1509 3056 1825 3112 Ecclesiam
1862 3062 1965 3113 La-

313 3150 496 3205 tinam
526 3164 730 3220 azyma
759 3151 1036 3219 perpetuo
1068 3146 1411 3201 immolasse
1444 3164 1456 3212 ;
1492 3152 1548 3201 et
1589 3146 1880 3217 Rupertus
1904 3146 1965 3201 in

1373 408 1769 478 APPENDIX
1811 409 1915 477 AD
1959 402 2224 480 OPEBA
2266 413 2703 484 HUMBERTI.

332 546 504 602 mille
533 551 589 603 et
612 545 817 618 viginti
848 561 882 602 a
911 545 1180 619 passione
1209 546 1522 606 Salvatoris
1552 566 1737 606 annos
1775 573 1795 599 ι
1833 567 1970 622 ριιω-
2004 545 2064 621 A‘

3578 408 3731 482 1244

2160 552 2221 606 ln
2252 555 2508 610 secundo
2553 554 2757 613 ordine
2803 558 2893 614 est
2943 554 3267 614 Alexander
3309 552 3538 613 Alensis
3586 552 3647 610 in
3695 553 3728 610 4

2089 645 2294 711 quaest.
2328 644 2421 711 32,
2454 645 2718 700 membro
2748 647 2802 711 3,
2835 646 2907 702 ad
2938 645 3213 702 ultimum
3239 665 3253 716 ;
3285 660 3538 717 eumque
3568 660 3725 700 secu-

2086 733 2184 785 tas
2216 731 2616 789 Bonaventura
2644 735 2883 791 totidem
2931 736 3160 803 verbis;
3213 739 3269 791 et
3310 737 3549 790 semotus
3575 732 3724 788 Tho-

2087 834 2214 874 mas
2246 821 2303 875 in
2335 821 2631 893 prolixiori
2664 825 3085 879 commentario
3116 825 3175 880 in
3207 826 3239 880 4
3263 825 3401 880 dist.
3434 825 3720 895 x1,quaast.

2084 905 2139 975 2,
2173 913 2281 964 art.
2313 914 2347 964 2
2373 930 2385 978 ;
2420 912 2519 981 qui
2553 916 2819 968 auctores
2851 917 3059 968 testem
3082 914 3330 969 afferunt
3359 916 3606 967 Leonem
3630 926 3725 982 pa-

2084 1013 2219 1068 pam
2270 999 2581 1068 dicentem,
2642 1000 2985 1057 imminente
3034 1002 3238 1057 haeresi
3297 1001 3719 1069 Ebionitarum,

2083 1091 2315 1142 sanctos
2347 1089 2541 1143 Patres
2572 1089 2858 1160 recepisse
2890 1094 2954 1146 ut
2983 1090 3335 1147 sacriﬁcium
3375 1107 3443 1146 ex
3474 1090 3718 1146 fermen-

2082 1180 2201 1230 tato
2234 1177 2616 1231 conﬁceretur
2646 1177 2718 1231 ad
2750 1182 3005 1249 tempus.

2148 1289 2409 1359 Denique
2438 1290 2752 1346 Durandus
2782 1292 2839 1346 in
2874 1294 2903 1345 4
2935 1293 3155 1360 dist.xr,
3176 1298 3382 1364 quaest.
3417 1295 3470 1359 4,
3504 1293 3563 1348 in
3594 1308 3720 1348 cor-

2077 1392 2212 1447 pore
2243 1375 2323 1430 ait
2352 1374 2645 1446 apostolos
2678 1377 2737 1431 in
2771 1378 3064 1449 primitiva
3095 1380 3348 1435 Ecclesia
3377 1397 3551 1435 usum
3590 1396 3721 1451 azy-

2076 1480 2305 1518 morum
2335 1462 2613 1531 tenuisse,
2646 1469 2706 1519 et
2735 1465 2808 1519 ab
2838 1465 2909 1521 iis
2952 1466 3109 1521 hunc
3157 1482 3379 1522 morem
3424 1467 3722 1536 accepisse

2071 1551 2387 1607 Ecclesiam
2403 1553 3323 1611 Romanam.Posteaincrescente
3336 1553 3541 1610 haeresi
3555 1553 3721 1609 Ebio-

2074 1641 2352 1708 nitarum,
2384 1641 2484 1713 qui
2517 1640 2786 1696 dicebant
2807 1642 2985 1698 simul
3016 1661 3148 1699 cum
3170 1643 3481 1716 Evangelio
3506 1640 3723 1713 legalia

2073 1729 2694 1794 observanda,sanctos
2724 1731 2943 1798 Patres,
2977 1748 3048 1787 ne
3078 1732 3161 1787 eis
3194 1732 3527 1787 consentire
3556 1731 3719 1787 vide-

2072 1822 2294 1887 rentur,
2344 1817 2598 1874 voluisse
2642 1820 2713 1874 ad
2763 1824 2995 1891 tempus
3043 1821 3152 1875 hoc
3193 1825 3621 1877 sacramentum
3651 1840 3723 1881 ex

1996 1911 2041 1976 Β
2073 1907 2419 1962 fermentata
2453 1906 2692 1974 conﬁci;
2725 1911 2785 1962 at
2833 1913 3098 1964 cessante
3147 1908 3351 1965 heresi
3398 1909 3718 1987 Ecclesiam

2078 1999 2400 2051 Romanam
2432 1996 2503 2049 ad
2542 1995 2856 2067 pristinum
2906 1996 3150 2051 rediisse
3196 2012 3441 2065 morem,
3491 1998 3720 2057 Graicos

2077 2100 2208 2139 vero
2239 2081 2496 2139 noluisse
2523 2083 2728 2137 redire.
2780 2082 2910 2138 Haec
2940 2084 3011 2138 de
3059 2083 3289 2155 placitis
3336 2084 3719 2145 scholastico-

2076 2189 2206 2227 rum
2236 2176 2521 2239 veterum,
2552 2171 2767 2244 quibus
2794 2172 3142 2228 recentiores
3171 2172 3553 2244 plerique,alii
3583 2176 3720 2235 aliis

2076 2278 2178 2333 pro
2213 2278 2319 2316 sua
2352 2260 2602 2332 quisque
2634 2264 2811 2327 secta,
2843 2259 3159 2316 adhaerent.
3193 2261 3448 2318 Joannes
3495 2263 3717 2322 Gerson

2074 2350 2135 2404 in
2167 2351 2439 2405 Tractatu
2473 2348 2543 2403 de
2582 2348 2993 2404 communione
3023 2340 3219 2405 censet
3264 2350 3496 2407 Latinos
3528 2369 3717 2425 quon-

2075 2438 2211 2494 dam
2244 2438 2570 2494 sacerdotes
2601 2436 2919 2492 confecisse
2949 2436 3448 2495 Eucharistiamin
3470 2441 3721 2498 fermen-

2074 2531 2231 2594 tato;
2266 2531 2326 2582 at
2355 2542 2469 2597 quo
2503 2531 2784 2597 tempore,
2820 2542 3004 2598 quave
3032 2526 3355 2595 occasione,
3389 2546 3502 2585 non
3530 2533 3721 2603 expri-

2074 2614 2200 2671 mit.

2144 2730 2335 2786 Aliam
2358 2729 2538 2785 iniere
2566 2730 2717 2785 viam
2750 2730 3013 2786 historici
3047 2731 3286 2803 quidam
3321 2732 3673 2791 recentiores
3700 2755 3715 2793 :

2076 2818 2355 2874 nimirum
2385 2818 2669 2874 Martinus
2702 2818 2955 2874 Polonus
2977 2823 3033 2873 et
3052 2818 3525 2893 Platina,quibus
3544 2822 3719 2879 Joan-

2075 2924 2177 2963 nes
2224 2906 2493 2962 Calvinus
2541 2906 2910 2978 astipulatur.
2964 2907 3047 2962 Ex
3097 2906 3191 2962 his
3238 2908 3465 2979 primus
3504 2911 3578 2965 ad
3609 2927 3715 2967 an-

2074 3012 2217 3051 num
2249 2996 2372 3058 132,
2406 2994 2506 3049 ubi
2539 2995 2609 3049 de
2637 2993 2959 3050 Alexandro
2989 3011 3141 3067 papa
3170 2996 3310 3069 agit,
3344 2997 3467 3053 hac
3495 2996 3714 3057 habet:

2079 3107 2107 3135 ‹‹
2132 3085 2235 3139 Hic
2265 3071 2437 3139 etiam
2469 3082 2673 3138 statuit
2703 3087 2766 3138 ut
2794 3083 2925 3139 vino
2948 3088 3099 3156 Aqua
3127 3085 3535 3143 misceretur...
3568 3092 3627 3144 et
3650 3094 3720 3145 ut

2073 3173 2289 3229 oblatio
2319 3174 2482 3227 ﬁeret
2525 3188 2594 3227 ex
2640 3187 2840 3243 azyma
2888 3176 2946 3227 et
2993 3172 3053 3227 in
3104 3174 3335 3230 modica
3363 3177 3715 3247 quantitate,

312 3240 416 3343 Et"
449 3256 510 3304 Π)
544 3238 615 3294 de
646 3236 861 3343 Dif'inif
1985 3275 2029 3343 α
2072 3263 2308 3318 dicens:
2344 3261 2472 3315 Haec
2501 3234 2729 3314 oblatio'
2750 3263 2969 3331 quanto
2999 3261 3207 3333 potior,
3251 3234 3414 3319 tanto
3446 3266 3649 3323 rarior.
3686 3234 3717 3318 λ

314 3330 637 3384 Romanam
669 3328 866 3381 censet
894 3324 1249 3381 fermentum
1268 3322 1327 3379 in
1351 3323 1636 3379 sacriﬁcio
1650 3340 1955 3396 nunquam

311 3416 672 3474 adhibuisse.

374 3533 651 3606 Ejusdem
681 3529 1014 3586 traditionis
1065 3529 1303 3584 ineunte
1351 3526 1545 3583 seculo
1594 3545 1693 3582 xm
1731 3544 1953 3600 propu-

307 3627 517 3696 gnator
538 3620 653 3687 fuit
682 3618 1052 3675 Innocentius
1085 3618 1240 3690 Papa
1269 3617 1471 3688 IlI,qui
1502 3616 1576 3672 de
1610 3617 1950 3673 Latinorum

310 3710 527 3784 azymis
558 3724 757 3781 agens,
790 3724 993 3763 eorum
1026 3710 1374 3781 perpetuum
1410 3721 1583 3759 usum
1609 3705 1872 3760 defendit
1899 3706 1961 3760 in

309 3800 411 3855 lib.
447 3816 520 3868 IV,
552 3798 623 3853 de
650 3797 845 3861 Missa,
878 3813 1004 3868 cap.
1042 3797 1075 3850 4
1108 3812 1120 3849 :
1173 3818 1200 3844 ‹‹
1237 3794 1323 3849 Ab
1361 3793 1508 3866 ipsis
1557 3810 1713 3866 ergo,
1748 3793 1961 3865 inquit,

309 3888 496 3944 beatis
510 3885 788 3958 apostolis
810 3885 974 3939 Petro
998 3888 1055 3938 et
1088 3882 1291 3949 Paulo,
1312 3899 1460 3953 quos
1490 3885 1547 3936 et
1574 3882 1733 3937 vivos
1757 3882 1965 3938 habuit

310 3978 613 4050 (Romana
642 3972 981 4041 Ecclesia)et
1026 3972 1331 4027 defunctos
1379 3971 1650 4037 custodit,
1684 3970 1840 4026 hunc
1871 3988 1963 4027 sa-

311 4066 515 4123 criﬁcii
569 4063 746 4119 ritum
793 4062 1043 4134 accepit,
1096 4076 1269 4132 quem
1319 4058 1602 4114 hactenus
1644 4052 1968 4116 inviolabili

326 4153 490 4211 cultu
520 4152 785 4208 servavit.
824 4172 852 4200 ››

388 4276 729 4333 Innocentio
757 4292 787 4330 e
818 4274 1066 4345 vestigio
1090 4271 1374 4328 successit
1394 4270 1875 4328 scholasticorum
1901 4290 1972 4332 ω-

313 4384 438 4441 tas,
470 4381 720 4437 quorum
752 4363 949 4435 Opinio
980 4363 1051 4417 de
1080 4377 1280 4433 azymo
1322 4360 1657 4416 Latinorum
1707 4364 1795 4415 est
1841 4363 1969 4433 ejus

323 4470 501 4512 usum
534 4454 605 4508 ab
637 4452 805 4507 initio
837 4450 1133 4507 nascentis
1163 4448 1431 4504 Ecclesia:
1455 4447 1765 4521 inccepisse
1788 4455 1968 4523 ;post-

321 4563 391 4602 ea
417 4558 572 4610 vero,
606 4541 916 4614 ingruente
955 4539 1364 4595 Ebionmorum
1408 4537 1612 4593 haaresi
1664 4537 1765 4609 qui
1812 4537 1970 4611 lega-

2069 3350 2273 3407 Nescio
2304 3366 2375 3403 an
2406 3365 2474 3403 ex
2503 3348 2706 3403 eodem
2751 3348 2910 3404 fonte
2952 3349 3297 3407 Barlaamus
3345 3352 3718 3412 Hieracensis

2069 3441 2397 3512 episcopus,
2427 3435 2656 3491 Martini
2691 3436 2807 3492 fere
2836 3437 3097 3509 aequalis,
3128 3438 3283 3494 idem
3308 3441 3485 3499 tradit
3514 3442 3572 3497 in
3596 3445 3717 3514 epi-

2070 3527 2218 3585 stola
2245 3528 2317 3583 de
2348 3526 2565 3581 unione
2594 3525 2902 3597 utriusque
2930 3526 3222 3582 Ecclesiae.
3262 3528 3489 3584 Platina
3534 3530 3592 3586 id
3639 3533 3717 3589 ab

2068 3617 2394 3672 Alexandro
2424 3616 2709 3670 statutum
2739 3614 2898 3683 dicit,
2931 3638 2960 3666 ‹‹
2994 3619 3060 3671 ut
3090 3615 3377 3672 Ebionitis
3425 3617 3719 3677 haereticis

2071 3703 2468 3761 calumniandi
2498 3702 2723 3758 occasio
2753 3702 3210 3760 auferretur.»Et
3237 3704 3508 3762 Calvinus
3538 3707 3599 3763 in
3630 3708 3720 3765 In-

2071 3793 2447 3851 stitutionum
2476 3791 2637 3847 lib.1v
2661 3809 2674 3847 :
2708 3792 3203 3861 «Fermentatum,
3222 3794 3498 3866 inquit,et
3515 3796 3717 3869 vulga-

2072 3889 2200 3940 tum
2230 3898 2441 3955 panem
2471 3881 2652 3937 fuisse
2681 3886 2816 3937 ante
2843 3886 3083 3955 tempus
3124 3882 3437 3940 Alexandri
3468 3887 3717 3943 Romani

2074 3972 2329 4046 episcopi
2359 3975 2599 4026 narrant
2618 3970 2898 4041 historias,
2942 3972 3043 4044 qui
3076 3971 3304 4044 primus
3334 3989 3533 4045 azymo
3565 3989 3716 4045 pane

2075 4062 2395 4119 delectatus
2425 4063 2533 4115 est.
2566 4062 2690 4126 Qua
2715 4060 2774 4115 id
2815 4061 3060 4128 ratione,
3109 4078 3225 4116 non
3268 4061 3452 4129 video,
3503 4061 3617 4119 nisi
3649 4067 3717 4119 ut

2076 4150 2264 4225 plebis
2293 4148 2494 4206 oculos
2525 4164 2671 4204 novo
2701 4148 3030 4221 spectaculo
3052 4149 3110 4203 in
3133 4147 3582 4203 admirationem
3598 4154 3724 4204 tra-

2076 4241 2241 4296 heret
2268 4237 2457 4310 magis
2495 4253 2673 4309 quam
2723 4240 2788 4290 ut
2817 4237 3044 4291 animos
3092 4235 3272 4305 proba
3318 4233 3595 4307 religione
3624 4237 3717 4291 in-

2079 4332 2347 4386 strueret.
2386 4350 2406 4375 n
2444 4326 2642 4381 Eidem
2674 4323 2971 4381 sententiae
3002 4322 3225 4378 accedit
3249 4320 3535 4378 Radulfus
3560 4326 3723 4381 Tun-

2078 4417 2308 4492 grensis
2335 4416 2413 4475 de,
2434 4428 2722 4469 canonum
2753 4410 3141 4475 observantia,
3174 4425 3300 4482 cap.
3338 4412 3430 4466 23.

2149 4544 2293 4599 Tam
2311 4540 2638 4612 pugnantes
2655 4533 2961 4591 hominum
2983 4535 3305 4591 sententias
3322 4533 3591 4592 retulisse
3605 4536 3729 4595 huc

324 4634 405 4691 lia
431 4630 727 4689 observari
759 4632 1023 4701 oportere
1052 4628 1359 4693 docebant,
1383 4631 1737 4699 praeceptum
1786 4628 1970 4685 fuisse
1999 4644 2045 4709 Π
2076 4631 2283 4688 saltem
2308 4626 2545 4701 juverit,
2579 4628 2642 4680 ut
2670 4621 3001 4695 intelligant
3019 4639 3225 4680 omnes
3246 4640 3426 4696 quam
3444 4625 3724 4684 intricata

312 4728 382 4780 ut
412 4721 643 4793 rejectis
675 4718 897 4792 azymis
931 4717 1344 4773 fermentatum
1377 4715 1783 4771 admitteretur
1806 4720 1961 4784 ;tum

317 4810 622 4868 desinente
650 4806 1124 4875 haeresi,Latinos
1153 4805 1226 4861 ad
1257 4820 1459 4877 azyma
1473 4804 1665 4860 denuo
1696 4804 1958 4861 rediisse.

315 4901 504 4972 Hujus
533 4896 803 4972 praecepti
833 4902 1082 4953 Leonem
1125 4910 1337 4968 papam
1386 4891 1483 4947 alii
1529 4893 1733 4948 dicunt
1761 4898 1959 4950 aucto-

313 5004 463 5057 rem,
501 4986 599 5041 alii
630 5002 747 5040 non
781 4990 1098 5054 auctorem,
1132 4983 1231 5040 sed
1264 4985 1471 5038 testem
1521 4986 1813 5049 asserunt,
1863 4980 1959 5036 alii

317 5093 424 5133 nec
450 5079 682 5140 testem,
710 5091 816 5130 nec
847 5079 1167 5131 auctorem.
1200 5072 1262 5127 In
1312 5070 1519 5144 primis
1573 5074 1661 5126 est
1705 5070 1961 5126 Joannes

314 5167 479 5223 Duns
507 5168 712 5220 Scotus
740 5164 801 5219 in
829 5166 860 5220 4
894 5164 1031 5220 dist.
1077 5180 1156 5232 xx,
1205 5164 1411 5233 quaest.
1460 5161 1531 5214 5:
1582 5182 1609 5208 ‹‹
1646 5159 1767 5214 Sub
1811 5176 1963 5231 papa

316 5261 527 5321 Leone,
576 5254 789 5326 inquit,
854 5253 965 5309 fuit
1011 5251 1249 5308 haeresis
1296 5265 1535 5306 servans
1583 5246 1771 5319 legem
1826 5265 1960 5304 cum

314 5340 644 5413 Evangelio.
680 5343 745 5396 Et
790 5345 952 5411 tunc,
1003 5359 1075 5398 ne
1120 5341 1454 5396 viderentur
1504 5336 1687 5393 Latini
1737 5353 1964 5394 servare

314 5430 505 5503 legem
535 5430 895 5499 Judaaorum,
929 5434 1284 5502 praeceptum
1303 5427 1707 5483 fuitconﬁcere
1728 5426 1789 5481 in
1814 5443 1963 5499 pane

317 5517 804 5572 fermentato.8ed
840 5519 1218 5590 postquando
1248 5516 1420 5573 rediit
1439 5517 1584 5572 ﬁdes
1608 5520 1665 5571 et
1694 5515 1960 5584 invaluit,

318 5601 412 5654 usi
443 5606 583 5655 sunt
616 5603 795 5657 Latini
826 5622 974 5675 pane
1022 5623 1244 5678 azymo,
1297 5605 1449 5660 sicut
1494 5605 1679 5677 prius.
1714 5626 1742 5655 »
1796 5606 1958 5662 Idem

313 5685 461 5739 entit
489 5684 820 5743 Richardus
846 5692 907 5745 in
939 5693 1210 5748 eumdem
1240 5692 1457 5747 locum.

2072 4721 2149 4776 sit
2178 4714 2573 4775 controversia
2602 4713 2671 4767 de
2698 4727 2921 4784 azymo,
2973 4712 3210 4783 quantis
3242 4714 3592 4787 ambagibus
3619 4715 3712 4771 in-

2069 4808 2303 4875 voluta;
2336 4808 2463 4859 tum
2495 4802 2782 4873 quantum
2814 4799 3067 4867 intersit,
3099 4816 3217 4856 non
3248 4818 3316 4857 ex
3338 4801 3513 4857 trivio
3539 4802 3718 4861 falsa-

2070 4913 2201 4952 rum
2240 4891 2645 4957 traditionum,
2676 4891 2777 4944 aut
2808 4904 2876 4943 ex
2907 4888 3300 4961 supposititiis
3350 4890 3717 4966 auctoribus,

2070 4986 2168 5043 sed
2197 5001 2263 5040 ex
2294 4980 2534 5054 optimis
2566 4976 2933 5050 antiquitatis
2966 4979 3363 5035 monumentis
3383 4994 3583 5036 eruere
3623 4998 3727 5038 ve-

2070 5075 2324 5130 ritatem.
2358 5071 2544 5136 Quam
2573 5066 2727 5123 viam
2760 5067 3097 5139 quicunque
3151 5084 3268 5122 non
3297 5072 3613 5125 tenuerunt
3666 5070 3728 5126 in

2072 5162 2316 5233 supinos
2340 5162 2398 5215 et
2426 5157 2690 5229 insignes
2721 5171 2947 5211 errores
2976 5154 3200 5228 delapsi
3234 5158 3390 5211 sunt.
3413 5158 3598 5212 ZEtate
3627 5173 3728 5213 ve-

2070 5256 2262 5308 terum
2287 5247 2774 5304 scholasticorum
2797 5244 3361 5300 circumferehantur
3378 5245 3575 5301 nescio
3594 5262 3727 5318 quae

2075 5339 2294 5412 scripta
2340 5354 2444 5394 seu
2511 5336 2743 5391 decreta
2788 5333 2996 5390 Leonis
3049 5337 3107 5389 et
3132 5332 3464 5401 Alexandri,
3524 5335 3733 5407 spuria

2068 5432 2238 5497 certe,
2273 5427 2374 5484 sed
2407 5425 2671 5481 nondum
2703 5426 2850 5479 nota:
2883 5422 3188 5493 falsitatis;
3237 5423 3454 5495 quibus
3491 5423 3731 5481 adducti

2070 5522 2337 5576 auctores
2367 5511 2919 5587 superiores,varias
2949 5512 3021 5568 de
3049 5529 3252 5585 azymo
3277 5512 3606 5569 sententias
3638 5512 3734 5569 tei-

2069 5610 2343 5664 nuerunt.
2378 5605 2595 5660 Forsan
2626 5603 2799 5658 etiam
2850 5601 2951 5674 qui
3000 5602 3197 5658 dixere
3245 5602 3549 5659 occasione
3600 5601 3723 5658 ha:-

2070 5697 2215 5754 resis
2270 5692 2557 5752 Ebionicae
2608 5692 2848 5747 cautum
2906 5689 3090 5747 fuisse
3148 5708 3214 5748 ut
3273 5693 3607 5750 cessaretur
3660 5690 3737 5749 ab
