3970 6218
178 444 330 512 1945

1146 446 1595 515 MABILLONII
1638 446 2114 526 DISQUISITIO
2156 448 2258 513 DE
2301 449 2600 517 AZYMO.

3416 465 3570 529 1246

181 596 399 653 azymo,
431 579 547 638 huc
590 578 819 639 inducti
877 584 1018 640 sunt
1045 583 1389 641 auctoritate
1447 587 1633 641 sancti
1681 587 1814 658 Epi-
1844 587 1899 652 Α
1930 584 1988 640 in
2020 585 2279 642 Caesarea
2326 585 2700 657 Bibliotheca,
2743 587 2993 651 habetur
3049 593 3347 652 canticum
3407 598 3568 658 istud

179 670 551 744 phanii.Cum
582 671 740 728 enim
770 672 927 744 apud
950 672 1340 744 Epiphanium
1373 672 1627 745 legerent
1647 675 1815 730 Ebio-

182 776 334 816 uisos
381 759 596 816 erroris
658 764 911 829 notatos,
936 761 1091 831 quod
1125 761 1400 833 mysteria
1447 762 1721 819 offerrent
1752 779 1821 818 ex

182 864 379 922 azymo
395 852 451 904 et
467 865 622 920 aqua
643 848 790 917 sola,
807 853 1161 921 putaverunt
1180 868 1514 923 azymorum
1549 869 1723 907 usum
1754 868 1821 907 ea

184 937 483 995 occasione
503 937 787 1008 rejectum
821 938 892 993 ab
924 938 1179 994 Ecclesia
1210 940 1408 995 fuisse.
1443 941 1511 995 Et
1542 941 1679 1012 quia
1700 957 1824 1013 per-

185 1042 423 1083 suasum
453 1025 749 1082 habebant
777 1042 1000 1083 morem
1033 1028 1469 1099 utendiazymis
1489 1031 1643 1102 apud
1667 1029 1823 1085 Lati-

186 1130 289 1169 nos
319 1131 353 1169 a
384 1112 598 1169 Christi
641 1114 905 1187 exemplo
961 1115 1352 1184 descendisse,
1384 1116 1537 1172 hanc
1583 1118 1821 1172 domum

186 1202 531 1259 invenerunt
561 1201 936 1258 conciliandae
968 1203 1333 1259 difficultatis
1388 1204 1565 1270 viam,
1599 1209 1667 1260 ut
1694 1222 1823 1275 azy-

187 1306 348 1348 mum
377 1294 614 1364 propter
631 1290 932 1347 Ebionzeos
986 1292 1059 1347 ab
1117 1291 1371 1349 Ecclesia
1410 1294 1689 1364 rejectum
1722 1309 1823 1348 seu

187 1380 589 1436 intermissum
614 1379 905 1448 dicerent;
938 1385 1141 1452 postea
1168 1398 1302 1437 vero
1332 1386 1597 1438 cessante
1616 1382 1823 1441 hazresi

189 1468 457 1541 pradicta
486 1467 1070 1525 restitutum.Verum
1101 1470 1171 1525 de
1190 1469 1515 1543 Epiphanio
1538 1475 1758 1544 postea.

818 1610 1053 1667 CAPUT
1090 1611 1185 1667 VI.

361 1717 616 1785 Quaedam
640 1719 953 1792 testimonia
970 1717 1154 1774 dubiae
1179 1718 1311 1792 ﬁdei
1334 1735 1434 1791 pro
1465 1736 1657 1792 azyma

631 1790 951 1846 Latinorum
978 1790 1383 1862 expenduntur.

262 1914 324 1969 In
354 1913 511 1969 omni
535 1914 947 1984 controversia,
980 1920 1047 1971 ut
1073 1932 1209 1972 vera
1256 1933 1291 1972 a
1338 1916 1522 1985 falsis,
1557 1916 1641 1973 sic
1670 1920 1829 1973 certa

197 2000 269 2058 ab
326 2000 562 2057 incertis
618 2006 675 2059 et
732 2004 926 2061 dubiis
984 2020 1281 2061 secernere
1302 2006 1488 2077 juvat.
1552 2005 1692 2062 Hinc
1745 2011 1833 2062 est

193 2089 342 2160 quod
370 2088 568 2145 minus
583 2092 785 2161 peritis
808 2108 1030 2148 morem
1062 2110 1269 2166 gerens
1293 2095 1393 2166 qui
1434 2095 1505 2150 ad
1529 2094 1650 2150 haec
1672 2098 1830 2151 trac-

192 2176 364 2233 tanda
392 2178 568 2235 rudes
598 2183 655 2235 et
700 2180 976 2253 imparati
1008 2184 1315 2250 accedunt,
1348 2182 1458 2239 hoc
1506 2182 1632 2239 loco
1673 2200 1829 2239 seor-

197 2265 303 2322 sim
331 2264 561 2323 institui
591 2285 761 2341 agere
791 2270 860 2324 de
892 2269 1192 2326 nonnullis
1233 2271 1584 2327 testimoniis
1607 2276 1707 2327 aut
1727 2272 1831 2328 fal-

195 2354 273 2410 sis
302 2359 401 2411 aut
432 2356 629 2413 dubiis
653 2374 780 2429 qua:
802 2375 905 2431 pro
940 2376 1138 2432 azymo
1171 2359 1365 2416 afferri
1390 2364 1760 2432 possunt,ne,
1784 2361 1833 2416 si

197 2460 261 2500 ea
288 2443 503 2501 tacitus
532 2447 978 2517 praetermisero,
1011 2448 1114 2503 fiat
1160 2452 1225 2503 ut
1271 2448 1489 2505 incauti
1519 2448 1609 2505 vel
1639 2449 1833 2505 dubiis

199 2532 326 2605 pius
355 2549 524 2605 aequo
578 2534 752 2590 ﬁdem
799 2535 1133 2605 adhibeant,
1165 2536 1252 2592 vel
1305 2536 1470 2597 falsis
1517 2539 1741 2594 seducti
1773 2538 1832 2593 in

201 2636 454 2678 errorem
476 2622 769 2680 labantur.

260 2708 323 2766 In
356 2710 561 2767 dubiis
610 2711 866 2784 primum
913 2713 1164 2769 occurrit
1192 2713 1515 2770 Chronicon
1539 2716 1692 2787 quod
1724 2716 1834 2771 sub

195 2798 428 2854 nomine
463 2799 610 2855 Datii
640 2800 1090 2863 Mediolanensis
1119 2801 1375 2875 episcopi
1405 2802 1463 2857 in
1483 2802 1837 2859 bibliotheca

192 2885 458 2957 ejusdem
482 2887 744 2945 Ecclesia:
772 2894 1246 2962 asservatur;quo
1291 2890 1350 2945 in
1388 2891 1672 2947 Chronico
1713 2892 1836 2949 hac

192 2974 259 3029 de
290 2980 499 3033 sancto
519 2978 826 3035 Ambrosio
842 2977 1144 3052 leguntur:
1166 3002 1193 3030 ‹‹
1221 2980 1469 3036 Sanctus
1490 2981 1835 3038 Ambrosius

192 3060 524 3119 Graacorum
556 3065 873 3121 Ecclesiam
904 3066 963 3121 in
1003 3065 1274 3139 plurimis
1305 3066 1513 3122 ofﬁciis
1541 3068 1836 3124 venerabi-

188 3147 314 3207 liter
337 3152 618 3209 imitatus
649 3158 756 3222 est,
789 3154 889 3226 qui
919 3158 974 3210 et
1004 3155 1357 3211 sacrificium
1388 3157 1838 3223 eorum,scilicet

188 3237 629 3310 fermentatum,
663 3259 797 3299 cum
838 3248 1041 3300 nostro
1074 3261 1273 3316 azymo
1333 3243 1392 3299 in
1440 3244 1834 3302 celeberrimis

1926 690 2056 731 cum
2092 674 2201 730 hoc
2232 674 2439 732 titulo:
2476 699 2504 726 «
2535 678 2801 749 Hymnus
2832 697 3007 752 quem
3041 688 3282 741 sanctus
3322 689 3569 746 Ambro-

1927 762 2050 817 sius
2082 767 2137 817 et
2163 767 2402 819 sanctus
2432 767 2797 838 Augustinus
2824 768 3070 826 invicem
3093 775 3498 834 condiderunt.
3536 801 3564 830 ››

1928 852 2087 915 Quod
2108 856 2173 907 ut
2205 869 2409 923 parum
2432 859 2651 910 certum
2687 856 2925 925 sit,hinc
2956 864 3151 917 tamen
3184 872 3427 937 apparet
3448 886 3572 939 per-

1930 941 2259 995 suasionem
2293 943 2363 997 de
2406 944 2742 1001 auctoribus
2786 948 2957 1004 istius
3009 952 3216 1007 cantici
3276 971 3390 1010 non
3438 974 3568 1016 esse

1930 1029 2246 1083 admodum
2279 1047 2487 1085 novam
2519 1037 2575 1087 et
2604 1040 2912 1101 recentem,
2939 1039 3035 1092 sed
3072 1043 3171 1095 aut
3201 1042 3387 1113 ipsius
3416 1046 3564 1103 Datii

1929 1120 2212 1188 tempore,
2245 1123 2344 1173 aut
2374 1120 2544 1190 paulo
2574 1127 2707 1192 post
2731 1130 3040 1195 receptam.

2003 1205 2314 1261 Menardus
2348 1213 2544 1263 noster
2563 1209 2622 1263 in
2645 1211 2797 1265 notis
2820 1214 2889 1266 ad
2914 1212 3126 1271 librum
3168 1218 3568 1281 Sacramenta-

1933 1309 2085 1360 rum,
2124 1294 2224 1347 ubi
2266 1295 2334 1349 de
2384 1295 2491 1350 hoc
2540 1299 2764 1353 cantico
2821 1301 2958 1372 agit,
3016 1304 3244 1363 duobus
3309 1316 3572 1369 movetur

1933 1382 2298 1451 argumentis
2330 1384 2399 1437 ad
2449 1384 2773 1441 Chronicon
2823 1388 2978 1444 istud
3012 1393 3174 1449 Datio
3222 1396 3572 1456 subtrahen-

1933 1470 2099 1539 dum,
2133 1485 2341 1543 nempe
2370 1477 2426 1527 et
2468 1474 2624 1545 quod
2670 1477 2982 1547 Augustini
3041 1484 3339 1540 conversio
3396 1486 3455 1542 in
3507 1507 3573 1545 eo

1933 1557 2217 1614 Chronico
2248 1558 2417 1616 aliter
2465 1579 2643 1634 quam
2691 1581 2725 1618 a
2772 1566 3038 1623 Possidio
3068 1576 3125 1624 et
3179 1572 3251 1627 ab
3308 1573 3435 1645 ipso
3456 1578 3578 1632 Au-

1934 1647 2172 1718 gustino
2213 1650 2515 1718 referatur,
2540 1656 2595 1707 et
2625 1655 2779 1724 quod
2810 1655 3136 1714 Chronicon
3185 1676 3220 1715 a
3250 1661 3411 1727 nullo
3442 1682 3577 1721 auc-

1933 1738 2057 1790 tore
2090 1735 2332 1793 citatum
2365 1738 2611 1812 legatur.
2638 1742 2854 1800 Verum
2905 1750 2969 1801 ut
3011 1747 3177 1819 prius
3222 1748 3305 1806 ita
3334 1752 3432 1820 sit,
3463 1771 3578 1811 non

1936 1839 2066 1879 raro
2094 1828 2363 1882 auctores
2397 1828 2574 1884 etiam
2611 1832 2864 1902 mquales
2896 1833 2954 1890 in
2983 1837 3159 1893 unius
3197 1840 3581 1916 ejusdemque

1939 1911 2073 1967 facti
2098 1916 2433 1971 narratione
2468 1917 2820 1992 discrepant.
2847 1922 3141 1981 Posterius
3184 1927 3319 1985 inde
3366 1911 3579 1988 refelli-

1936 2002 2213 2072 tur,quod
2238 2002 2557 2060 Chronicon
2581 2007 2736 2063 istud
2762 2011 2872 2065 sub
2913 2014 3149 2071 nomine
3170 2018 3576 2079 Datiicitatum

1938 2088 2226 2158 videatur,
2247 2094 2373 2146 tum
2398 2095 2552 2164 apud
2593 2095 2835 2153 Paulum
2880 2099 3191 2158 diaconum
3218 2104 3279 2160 in
3315 2106 3579 2165 Historize

1941 2176 2208 2233 Miscella:
2235 2178 2382 2235 libro
2404 2187 2650 2248 sumtum
2682 2187 2835 2256 apud
2866 2186 3169 2260 vulgatum
3200 2195 3578 2254 Anastasium

1941 2265 2012 2320 de
2043 2265 2231 2322 Gestis
2280 2270 2647 2339 pontiﬁcium
2693 2274 2751 2328 in
2798 2275 3035 2333 Silverio
3084 2297 3253 2352 papa,
3302 2285 3399 2340 ubi
3432 2290 3579 2342 tem-

1941 2369 2077 2423 pore
2097 2353 2278 2426 hujus
2300 2359 2592 2428 pontiﬁcis
2611 2361 2793 2418 fames
2826 2364 3033 2437 ingens
3072 2369 3328 2428 sacviisse
3360 2390 3581 2431 memo-

1941 2446 2104 2498 ratur
2133 2468 2160 2493 ‹‹
2194 2462 2263 2500 ex
2292 2446 2569 2503 relatione
2587 2449 2737 2504 Datii
2760 2451 3013 2526 episcopi
3046 2457 3518 2520 Mediolanensis.
3553 2488 3581 2515 ››

1942 2530 2076 2594 Qum
2108 2549 2198 2588 res
2222 2534 2269 2589 si
2290 2535 2345 2589 in
2371 2537 2644 2608 pracdicto
2666 2539 2950 2597 Chronico
3002 2544 3248 2618 legatur,
3280 2549 3581 2609 fatendum

1943 2624 2032 2674 est
2059 2624 2160 2676 aut
2188 2622 2423 2679 Datium
2456 2626 2583 2697 ejus
2626 2645 2755 2684 esse
2811 2636 3128 2702 auctorem,
3163 2641 3261 2692 aut
3296 2644 3447 2695 certe
3479 2641 3587 2696 ali-

1944 2725 2117 2779 quem
2151 2710 2330 2767 alium
2364 2714 2539 2771 Paulo
2587 2716 2858 2789 Diacono,
2894 2721 2951 2776 id
2999 2729 3106 2791 est,
3139 2730 3338 2784 octavo
3372 2730 3585 2788 saeculo

1944 2798 2329 2870 superiorem,
2360 2803 2605 2875 ejusque
2635 2809 3075 2877 persuasionem
3120 2813 3303 2871 fuisse
3349 2834 3585 2891 azymo-

1944 2903 2075 2941 rum
2108 2904 2283 2943 usum
2314 2908 2431 2946 aavo
2461 2894 2752 2952 Ambrosii
2784 2898 3043 2970 viguisse
3070 2904 3223 2975 apud
3249 2905 3501 2964 Latinos.

2014 2975 2262 3033 Demum
2292 2980 2520 3036 etiamsi
2552 2983 2875 3043 Chronicon
2922 2988 3080 3045 istud
3130 2992 3232 3047 sevi
3280 2994 3359 3051 sit
3386 3014 3585 3054 recen-

1942 3062 2131 3132 tioris,
2162 3084 2275 3122 non
2306 3071 2502 3126 tamen
2538 3073 2813 3130 continuo
2864 3081 3263 3150 respuendum
3296 3090 3385 3142 est
3415 3088 3585 3160 quid-

1943 3155 2083 3224 quid
2107 3154 2166 3210 in
2201 3155 2299 3212 illo
2332 3160 2686 3231 continetur,
2719 3175 2845 3220 tum
2880 3167 3016 3238 quia
3056 3176 3281 3240 auctor,
3315 3154 3587 3248 quisquis

1941 3243 2179 3299 tandem
2213 3246 2307 3302 ille
2339 3249 2433 3315 sit,
2468 3249 2525 3304 id
2568 3268 2636 3306 ex
2666 3254 2955 3311 veteribus
3005 3243 3405 3320 monumentis
3437 3243 3587 3322 acci-

186 3326 629 3399 festivitatibus,
664 3330 915 3387 maxime
944 3331 1003 3386 in
1026 3331 1447 3388 resurrectione
1476 3334 1709 3390 Domini
1740 3335 1834 3390 be-
1862 3322 1904 3388 C
1943 3348 2078 3403 pere
2104 3334 2447 3405 potuit,tum
2477 3339 2614 3409 quia
2646 3341 2755 3397 hoc
2786 3343 2980 3415 ipsum
3014 3350 3168 3417 quod
3201 3351 3271 3406 de
3303 3370 3504 3426 azymo
3527 3356 3587 3412 in

184 3417 516 3475 nedicebat.
553 3440 581 3469 ››
614 3420 674 3476 Si
697 3420 768 3475 de
797 3420 977 3492 hujus
1024 3419 1293 3477 Chronici
1333 3422 1674 3478 auctoritate
1705 3439 1836 3479 con-

188 3507 408 3572 staret,l
421 3506 763 3563 uculentum
786 3508 1138 3565 haberemus
1171 3508 1575 3566 testimonium
1608 3511 1679 3566 ad
1704 3526 1832 3580 pro-

191 3593 451 3652 bandum
498 3595 767 3650 Latinam
797 3597 1115 3654 Ecclesiam
1163 3602 1425 3670 tempore
1458 3598 1740 3654 Ambrosii
1772 3597 1833 3654 in

191 3698 391 3754 azyma
422 3697 817 3739 consecrasse.
849 3687 920 3741 At
942 3687 1048 3742 viri
1097 3687 1251 3743 docti
1299 3686 1565 3743 nonnulli
1591 3687 1832 3744 Chroni-

191 3789 296 3829 con
338 3771 504 3828 istud
552 3773 861 3845 recentius,
898 3792 1025 3831 esse
1081 3779 1308 3849 putant.
1343 3776 1503 3831 Datio
1560 3776 1831 3849 episcopo

192 3860 311 3933 qui,
340 3858 557 3933 Vigilio
615 3878 767 3934 papa
815 3862 1072 3934 sedente,
1104 3864 1211 3920 hoc
1259 3868 1348 3921 est
1387 3867 1519 3920 ante
1570 3865 1830 3922 medium

190 3949 470 4006 saculum
502 3952 753 4020 sextum,
785 3950 1277 4009 Mediolanensem
1307 3952 1624 4009 Ecclesium
1669 3970 1830 4027 rege-

188 4037 567 4096 bat.Causam
597 4055 703 4095 cur
726 4040 882 4096 istud
915 4040 1239 4098 Chronicon
1270 4042 1435 4098 Datio
1467 4042 1830 4114 adjudicare-

188 4128 284 4183 tur
307 4126 513 4184 sedulo
543 4126 843 4201 inquisivi,
866 4132 993 4184 tum
1018 4129 1251 4201 scriptis
1301 4131 1373 4185 ad
1421 4131 1641 4187 amicos
1670 4130 1829 4188 litte-

190 4214 289 4285 ris,
346 4220 477 4271 tum
534 4216 713 4289 petito
771 4219 899 4291 ejus
954 4216 1215 4290 exemplo
1292 4235 1361 4274 ex
1411 4219 1831 4279 Mediolanensi

190 4302 567 4372 Bibliotheca,
622 4310 688 4362 ut
741 4306 987 4365 lectione
1055 4305 1323 4363 Chronici
1389 4307 1473 4365 rei
1530 4309 1831 4367 veritatem

188 4393 472 4466 expiscari
502 4411 758 4467 possem.
788 4396 1005 4453 Verum
1034 4394 1181 4452 nihil
1213 4395 1370 4452 aliud
1402 4412 1471 4454 ea
1490 4398 1561 4454 de
1592 4415 1652 4456 re
1687 4400 1831 4455 mihi

185 4481 395 4539 rescire
424 4481 593 4540 licuit
620 4489 829 4557 prater
856 4502 924 4542 ea
970 4502 1097 4558 qua:
1128 4502 1262 4543 mox
1303 4486 1613 4554 adducam,
1642 4505 1830 4561 neque

187 4568 471 4628 hactenus
517 4573 851 4647 exemplum
912 4574 1231 4647 expetitum
1287 4575 1565 4648 accipere.
1600 4577 1723 4641 Quo
1765 4579 1830 4634 fit

1944 3436 2010 3475 eo
2050 3421 2265 3493 legitur
2309 3442 2376 3479 ex
2426 3428 2608 3483 missa
2652 3431 3039 3489 Ambrosiana
3094 3438 3326 3507 pondus
3373 3421 3588 3500 habere

1941 3507 2261 3602 videtur.ln
2283 3512 2391 3568 hac
2422 3515 2578 3570 enim
2614 3517 2711 3572 ubi
2746 3519 2818 3574 de
2846 3520 3138 3579 oblatione
3169 3526 3338 3597 panis
3371 3529 3583 3602 agitur,

1943 3597 2189 3653 orationi
2215 3601 2588 3671 praemittitur
2618 3604 2726 3662 hoc
2770 3606 2976 3665 titulus
3026 3613 3180 3683 apud
3219 3597 3584 3676 Pameliumi

1943 3708 1971 3737 «
2000 3686 2224 3742 Oblatio
2256 3690 2425 3760 panis
2457 3694 2642 3764 azymi
2691 3712 2824 3751 cum
2870 3703 3099 3769 patena.
3132 3724 3161 3752 »
3187 3706 3358 3761 Porro
3390 3707 3586 3765 missa:

1941 3774 2142 3847 hujus,
2176 3794 2301 3849 quze
2319 3779 2706 3839 Ambrosiana
2734 3785 2967 3853 dicitur,
2995 3794 3288 3848 auctorem
3322 3799 3590 3869 agnoscit

1941 3868 2209 3920 sanctum
2243 3865 3001 3931 Ambrosium.Walafridus
3029 3876 3273 3934 Strabus
3295 3865 3477 3938 inlib.
3502 3884 3585 3941 De

1941 3953 2115 4008 rebus
2145 3952 2574 4025 ecclesiasticis,
2608 3975 2735 4031 cap.
2767 3964 2865 4016 22:
2902 3984 2930 4011 «
2969 3965 3339 4037 Ambrosius,
3365 3971 3580 4043 inquit,

1940 4040 2389 4099 Mediolanensis
2418 4044 2747 4119 episcopus,
2778 4053 2896 4106 tam
2919 4052 3112 4109 missas
3145 4072 3321 4127 quam
3358 4040 3588 4118 caetero-

1940 4147 2071 4186 rum
2089 4130 2534 4204 dispositionem
2557 4136 2883 4195 officiorum
2924 4158 3041 4197 sua).
3083 4143 3349 4203 Ecclesiae
3371 4153 3429 4205 et
3449 4148 3585 4208 aliis

1941 4219 2256 4292 Liguribus
2278 4222 2585 4291 ordinavit,
2607 4242 2733 4297 quas
2757 4232 2813 4283 et
2850 4246 3041 4302 usque
3075 4232 3248 4290 hodie
3276 4235 3337 4292 in
3370 4238 3588 4297 Medio-

1939 4308 2165 4365 lanensi
2213 4314 2485 4367 tenentur
2540 4313 2811 4372 Ecclesia.
2872 4342 2900 4368 «
2962 4319 3161 4395 Neque
3228 4342 3365 4384 vero
3414 4328 3585 4388 facile

1940 4398 2253 4455 dicendum
2284 4404 2372 4455 est
2416 4400 2653 4458 titulum
2694 4406 3036 4477 praedictum
3086 4429 3120 4468 a
3161 4416 3584 4476 recentioribus

1938 4487 2225 4544 insertum
2256 4488 2456 4558 fuisse,
2492 4490 2603 4548 nisi
2626 4492 2681 4547 id
2714 4496 2994 4566 probetur
3014 4500 3242 4560 idoneis
3273 4522 3584 4579 argumen-

1937 4576 2035 4632 tis.

186 4661 250 4714 ut
269 4660 340 4717 de
382 4660 567 4731 hujus
606 4661 873 4720 Chronici
921 4663 1265 4720 auctoritate
1322 4663 1468 4718 mihi
1516 4668 1669 4721 certo
1698 4683 1828 4739 pro-
1858 4685 1906 4750 D
1994 4665 2166 4721 ’Inter
2194 4666 2567 4738 supposititia
2597 4686 2700 4740 pro
2744 4688 2945 4746 azymo
2971 4678 3306 4738 testimonia
3334 4699 3581 4741 censen-

184 4748 454 4807 nuntiare
484 4767 601 4807 non
631 4750 821 4809 liceat.

249 4835 404 4895 Illud
454 4838 515 4895 in
565 4840 773 4911 primis
821 4844 1162 4914 suspectum
1216 4840 1406 4897 reddit
1472 4857 1619 4914 opus
1668 4842 1825 4898 istud

183 4941 297 4998 quo
324 4927 506 4984 refert
521 4929 811 4987 Antonius
847 4929 1198 4987 Possevinus
1259 4930 1330 4985 de
1376 4929 1483 4986 hoc
1512 4929 1822 4999 Chronico,

182 5034 211 5063 «
241 5013 299 5071 in
322 5032 441 5088 quo
476 5017 697 5075 scilicet
735 5018 816 5075 ait
850 5020 1134 5092 scriptum
1176 5022 1402 5076 exstare
1441 5020 1734 5077 canticum
1763 5022 1828 5077 ’l'e

177 5101 350 5160 Deum
373 5104 667 5163 laudamus
709 5122 743 5164 a
771 5108 989 5164 sanctis
1037 5107 1343 5163 Ambrosio
1392 5112 1448 5164 et
1494 5109 1823 5183 Augustino

178 5193 382 5249 statim
414 5211 449 5250 a
470 5195 764 5268 baptismo
793 5198 1056 5269 ejusdem
1080 5196 1395 5269 Augustini
1408 5196 1739 5255 alternatim
1770 5204 1827 5256 et

177 5294 245 5335 ex
270 5284 539 5355 tempore
581 5289 883 5343 cantatum
928 5285 1129 5353 tuisse,
1175 5288 1351 5358 atque
1398 5286 1534 5342 inde
1571 5289 1643 5344 ab
1692 5288 1823 5345 uni-

173 5382 342 5425 versa
368 5370 626 5429 Ecclesia
659 5374 1014 5448 frequentari
1046 5372 1309 5446 ccepisse.
1344 5394 1372 5423 »
1406 5374 1540 5439 Quae
1566 5393 1659 5432 res
1681 5394 1823 5433 non-

174 5456 356 5513 nullis
373 5466 665 5535 suspecta,
699 5480 770 5519 ne
802 5464 991 5520 dicam
1032 5462 1201 5531 falsa,
1232 5460 1415 5518 videri
1446 5465 1634 5536 possit
1664 5470 1720 5522 et
1748 5466 1819 5523 ab

173 5547 482 5604 recentiori
514 5553 769 5624 quodam
811 5558 1048 5611 auctore
1089 5552 1345 5609 inventa.
1380 5555 1728 5626 Quanquam
1761 5556 1820 5613 in

171 5648 284 5692 ms.
317 5634 470 5693 libro
507 5640 897 5714 Psalmorum,
930 5660 1106 5717 quem
1160 5641 1403 5698 Carolus
1451 5644 1697 5717 Magnus
1747 5647 1817 5702 ad

166 5725 495 5786 Adrianum
517 5746 728 5804 papam
758 5734 937 5807 misit,
969 5735 1139 5809 cujus
1172 5732 1601 5806 autographum
1628 5737 1819 5794 exstat

1939 4754 2082 4809 dum
2113 4757 2202 4810 est
2222 4755 2613 4845 fragmentum
2648 4760 2904 4832 epistolas
2928 4766 3037 4822 sub
3062 4769 3296 4825 nomine
3318 4770 3582 4845 Gregorii

1934 4844 2337 4916 papae,partim
2369 4862 2403 4899 a
2423 4849 2623 4902 sancto
2660 4849 2885 4908 Thoma
2922 4856 3210 4928 Aquinate
3236 4844 3485 4916 relatum
3517 4862 3579 4919 in

1935 4931 2190 4987 Summa:
2212 4950 2277 4987 ιιι
2306 4938 2491 5005 parte,
2512 4936 2701 4993 fusius
2722 4956 2854 4996 vero
2887 4942 2945 4999 in
2968 4945 3233 5015 ejusdem
3256 4956 3459 5006 catena
3478 4967 3578 5007 su-

1932 5037 2035 5093 per
2055 5021 2395 5078 Matthaeum
2419 5023 2509 5079 his
2533 5026 2725 5083 verbis
2750 5046 2762 5084 :
2789 5053 2817 5080 «
2846 5031 3160 5106 Gregorius
3190 5036 3252 5092 in
3288 5038 3572 5112 Registro.

1933 5109 2089 5166 Solet
2119 5115 2313 5167 autem
2361 5114 2678 5171 nonnullos
2730 5134 2960 5176 movere
3009 5126 3164 5195 quod
3210 5125 3270 5180 in
3319 5109 3578 5186 Ecclesia

1932 5199 2199 5256 nonnulli
2248 5202 2501 5257 offerunt
2544 5220 2725 5275 panes
2759 5223 3013 5281 azymos,
3042 5212 3140 5268 alii
3173 5214 3571 5276 fermentatos.

1933 5289 2188 5345 Ecclesia
2230 5307 2485 5363 namque
2537 5292 2801 5351 Romana
2862 5300 3028 5355 offert
3084 5319 3317 5376 azymos
3366 5323 3571 5379 panes,

1931 5383 2234 5452 propterea
2280 5381 2435 5453 quod
2482 5381 2767 5439 Dominus
2805 5387 2932 5444 sine
3000 5390 3120 5447 ulla
3164 5395 3574 5455 commistione

1931 5469 2190 5541 suscepit
2230 5486 2486 5526 carnem.
2524 5471 2660 5527 Aliae
2699 5491 2833 5530 vero
2873 5477 3137 5537 Ecclesiae
3180 5485 3430 5542 offerunt
3457 5486 3570 5544 fer-

1930 5561 2216 5627 mentum,
2244 5574 2349 5632 pro
2380 5574 2445 5614 eo
2477 5560 2631 5632 quod
2661 5561 2920 5622 Verbum
2965 5567 3151 5627 Patris
3177 5571 3450 5631 indutum
3482 5580 3574 5635 est

1930 5664 2186 5716 carnem,
2217 5652 2273 5704 et
2303 5652 2391 5705 est
2411 5666 2583 5707 verus
2611 5651 2765 5710 Deus
2790 5658 2848 5712 et
2892 5673 3064 5718 verus
3111 5661 3308 5721 homo.
3340 5664 3488 5723 Nam
3514 5672 3574 5725 et

1928 5738 2281 5799 fermentum
2330 5741 2744 5804 commiscetur
2793 5746 3013 5809 farinae.
3056 5752 3169 5812 Sed
3218 5757 3566 5815 tamentam
