3970 6218
344 359 500 425 1247

1377 359 1775 423 APPENDIX
1818 359 1919 422 AD
1964 358 2226 426 OPERA
2269 360 2710 428 HUMBERTI.

3583 355 3754 426 me

341 515 614 573 azymum
645 511 822 570 quam
854 495 1268 552 fermentatum
1300 494 1441 551 dum
1463 493 1778 564 sumimus,
1800 511 1984 550 unum
2012 491 2073 566 Α
2099 494 2193 568 plo
2230 496 2451 554 Sancta
2477 496 2702 571 Sophia
2733 513 2899 557 sacra
2928 513 2997 556 ex
3034 496 3370 572 praeeripto
3401 495 3742 573 Latinorum

341 604 553 659 corpus
576 584 804 642 Domini
825 584 1139 640 Salvatoris
1174 585 1355 640 nostri
1393 583 1700 640 efficimur.
1730 606 1756 633 »
1787 583 1986 655 Neque

341 676 498 731 enim
521 675 640 729 hac
681 675 854 730 verba
893 674 1264 746 reperiuntur
1301 673 1358 728 in
1403 673 1667 746 Registro
1710 673 1827 728 sive
1853 674 1989 728 Gre-

340 764 485 836 gorii
546 780 710 836 papa
768 764 962 835 primi,
1014 763 1130 818 sive
1177 762 1436 834 Gregorii
1497 761 1747 834 septimi.
1787 763 1988 818 Exstat

344 853 582 925 quidem
615 854 769 924 apud
795 853 1135 925 Gregorium
1161 852 1840 924 primum,cognomento
1864 851 1982 906 Ma-

337 959 542 1014 gnum,
567 941 813 1013 epistola
839 943 1127 1014 quadam,
1163 941 1441 996 nimirum
1472 941 1564 1005 64,
1588 939 1688 994 lib.
1711 956 1811 1006 v11,
1832 939 1983 993 indi-

337 1030 547 1086 ctionis
571 1031 858 1096 secunda,
883 1047 999 1102 qua
1038 1032 1094 1085 in
1117 1030 1363 1102 epistola
1399 1028 1808 1084 sanctissimus
1841 1045 1980 1100 pon-

336 1121 475 1175 tifex
497 1119 616 1191 agit
639 1121 709 1174 de
730 1119 904 1175 variis
927 1120 1137 1174 ritibus
1178 1118 1440 1174 Ecclesia
1478 1135 1613 1173 cum
1638 1118 1828 1173 Greca
1854 1121 1980 1172 tum

339 1209 634 1274 Romana;
687 1214 746 1262 at
790 1225 860 1263 ne
901 1209 1142 1263 verbum
1175 1209 1412 1280 quidem
1446 1209 1515 1262 de
1567 1222 1788 1278 azymo.
1823 1207 1981 1270 Qua-

336 1302 572 1370 propter
611 1314 679 1353 ex
724 1297 998 1369 pradicto
1047 1298 1375 1370 fragmento
1425 1295 1570 1352 nihil
1618 1295 1756 1349 certi
1801 1293 1978 1350 conﬁ-

335 1403 464 1444 cere
494 1404 830 1459 possumus.

405 1476 577 1532 Aliud
595 1477 859 1547 ejusdem
884 1476 1113 1547 generis
1135 1479 1547 1548 argumentum
1574 1470 1739 1528 nobis
1762 1485 1976 1542 suppe-

336 1564 738 1636 ditatepistola
750 1565 1013 1636 quadam
1029 1565 1234 1620 Isidori
1255 1562 1612 1636 Hispalensis
1630 1559 1885 1632 episcopi
1903 1558 1976 1614 ad

336 1657 682 1712 Redemtum
731 1653 1317 1719 archidiaconum,in
1348 1668 1463 1724 qua
1511 1649 1629 1705 hac
1680 1648 1855 1704 verba
1895 1646 1974 1702 le-

336 1749 592 1819 guntur:
627 1767 654 1793 «
688 1743 996 1799 lnnotuisti
1057 1741 1226 1798 nobis
1274 1740 1332 1794 in
1384 1737 1578 1794 animo
1620 1737 1724 1792 tibi
1757 1735 1979 1791 versari

337 1833 703 1907 scrupulum,
728 1833 880 1929 quod
911 1831 1220 1929 Orientalis
1253 1829 1468 1885 Christi
1500 1825 1845 1929 Ecclesialex
1868 1824 1978 1924 fer:
2009 1864 2058 1929 Β

339 1927 596 1982 mentato
623 1939 791 1995 pane,
825 1917 1208 1977 Occidentalis
1239 1934 1306 1974 ex
1341 1933 1542 1990 azymo
1593 1911 1977 1972 sacratissimi

337 2013 595 2087 corporis
625 2014 1057 2068 sacramentum
1098 2008 1380 2064 conficere
1409 2006 1732 2069 consuevit,
1759 2007 1816 2059 et
1840 1999 1978 2074 quia

335 2104 448 2176 ipsi
471 2100 793 2158 Orientales
824 2098 1054 2154 Latinos
1077 2113 1255 2168 super
1293 2096 1399 2151 hoc
1420 2093 1839 2166 reprehendere
1860 2107 1976 2146 non

334 2197 626 2250 verentur.
665 2211 692 2239 »
724 2191 874 2244 Tum
905 2190 1104 2242 auctor
1136 2186 1407 2241 Romana
1455 2182 1722 2239 Ecclesia
1754 2195 1976 2236 morem

339 2283 662 2356 approbare
691 2282 748 2334 et
784 2277 1115 2333 Gracorum
1157 2275 1402 2345 objectis
1446 2272 1779 2329 satisfacere
1809 2285 1978 2324 cona-

336 2379 451 2430 tur.
484 2369 657 2442 Atqui
680 2368 801 2423 hac
823 2364 1068 2438 epistola
1100 2363 1307 2418 merito
1328 2366 1601 2433 suspecta
1621 2359 1871 2426 videtur,
1904 2371 1976 2411 ne

336 2462 528 2518 dicam
556 2457 778 2531 spuria,
809 2454 928 2509 Etsi
962 2452 1118 2508 enim
1169 2451 1428 2506 Isidorus
1459 2447 1822 2520 Hispalensis
1854 2445 1974 2516 epi-

336 2566 550 2623 scopus
583 2545 927 2602 Redemtum
961 2540 1437 2596 archidiaconum
1470 2535 1760 2601 habuerit,
1779 2538 1974 2590 tamen

336 2621 495 2694 inea
525 2632 790 2708 epistola,
825 2631 978 2686 sicut
1024 2629 1200 2686 etiam
1255 2628 1314 2683 in
1370 2624 1736 2700 praecedenti,
1788 2621 1977 2678 multa

335 2730 476 2785 sunt
497 2741 623 2797 qua
646 2720 1000 2794 persuadent
1019 2721 1413 2773 commentum
1437 2732 1564 2772 esse
1588 2711 1974 2770 recentiorum

333 2821 686 2884 temporum.
735 2807 910 2864 Nulla
974 2807 1131 2862 enim
1191 2807 1276 2878 (ut
1323 2810 1528 2861 catera
1583 2800 1973 2871 dissimulem)

333 2899 655 2960 Orientales
684 2897 837 2952 inter
876 2900 932 2952 et
974 2895 1377 2952 Occidentales
1427 2890 1818 2949 controversia
1867 2889 1975 2944 fuit

333 2993 402 3048 de
425 3004 623 3062 azymo
653 2991 786 3042 ante
811 2984 1086 3042 saculum
1115 3002 1191 3051 x1,
1221 2988 1285 3038 ut
1315 2986 1543 3038 constat
1563 2977 1973 3036 testimonioin

329 3080 538 3155 primis
570 3075 775 3132 Leonis
807 3091 967 3148 papa
1002 3072 1158 3138 noni,
1204 3072 1301 3144 qui
1356 3069 1696 3126 Michaelem
1745 3065 1974 3124 Cerula-

333 3171 486 3226 rium
519 3182 733 3222 novum
759 3164 1097 3220 Latinorum
1138 3163 1209 3217 ob
1243 3178 1445 3233 azyma
1491 3159 1972 3215 calumniatorem

2097 585 2438 653 celebrasse,
2467 586 2678 644 Gracis
2696 587 2972 644 omnibus
2994 571 3235 644 modum
3258 585 3530 644 sacrificii
3545 571 3742 642 Latini

2095 675 2590 732 collaudantibus.
2634 685 2709 734 Ἐν
2745 688 2814 749 τῷ
2853 685 2968 749 νάῳ,
3009 675 3220 748 inquit,
3252 686 3339 744 τῆς
3373 683 3529 747 ’Δγίας
3567 681 3745 748 noete;

2092 775 2160 836 τῷ
2224 774 2328 838 Θέῷ
2392 774 2711 840 χαρὶζμένους
2774 774 3004 838 ἑορτάσαι
3066 776 3345 832 Δατινικῶς,
3411 773 3742 822 ἐπαινοῦντων

2095 863 2224 911 ὅλων
2278 866 2375 927 τῷν
2427 863 2677 923 Ἑλλήνων
2736 863 2918 928 τρόπον
2976 863 3060 912 τὸν
3119 862 3283 918 Θυσίας
3341 864 3610 922 Δατινικῆς.
3671 853 3738 909 Id

2096 945 2288 1000 forsan
2321 943 2519 999 hausit
2539 943 2796 999 Hilarion
2827 961 2896 999 ex
2923 943 3158 1016 vulgato
3190 943 3499 1000 Anastasio
3531 943 3630 1014 qui
3651 941 3738 998 ita

2092 1032 2151 1088 in
2178 1033 2480 1104 Agathone
2513 1049 2662 1104 papa
2693 1030 2988 1104 loquitur:
3027 1055 3054 1082 «
3087 1033 3272 1088 Tanta
3319 1037 3514 1088 autem
3547 1030 3737 1104 gratia

2090 1121 2286 1176 divina
2301 1119 2726 1192 Omnipotentis
2747 1136 3025 1176 concessa
3045 1125 3133 1176 est
3174 1121 3376 1178 missis
3415 1121 3572 1178 sedis
3593 1135 3733 1192 apo-

2089 1209 2302 1266 stolica
2334 1213 2398 1264 ut
2429 1209 2498 1263 ad
2519 1207 2776 1263 latitiam
2800 1209 3000 1280 populi
3027 1208 3113 1264 vel
3136 1210 3320 1264 sancti
3343 1209 3598 1279 concilii,
3631 1207 3735 1280 qui

2088 1297 2147 1351 in
2179 1297 2338 1368 regia
2368 1297 2508 1351 urbe
2537 1300 2726 1362 erant,
2746 1296 3005 1352 Joannes
3052 1296 3360 1368 episcopus
3391 1296 3736 1354 Portuensis

2090 1385 2386 1440 Dominico
2411 1384 2502 1440 die
2523 1389 2858 1440 octavarum
2895 1384 3128 1440 Pascha
3168 1384 3229 1439 in
3259 1384 3508 1442 ecclesia
3537 1386 3736 1442 Beata

2087 1474 2315 1546 Sophia
2348 1475 2560 1530 missas
2609 1472 2873 1545 publicas
2923 1473 3121 1528 Latine
3167 1472 3484 1529 celebraret
3527 1488 3727 1528 coram

2086 1563 2348 1635 principe
2394 1567 2451 1618 et
2498 1562 2849 1634 patriarcha,
2885 1567 2949 1616 ut
2999 1577 3200 1618 omnes
3255 1560 3615 1616 unanimiter
3665 1560 3729 1614 in

2085 1652 2290 1708 laudes
2313 1656 2368 1708 et
2385 1651 2657 1707 victorias
2680 1650 3082 1722 piissimorum
3110 1649 3532 1721 imperatorum
3553 1662 3619 1703 eo
3637 1646 3734 1703 die

2094 1740 2313 1797 Latinis
2340 1739 2582 1795 vocibus
2603 1737 3014 1794 acclamarent.
3033 1760 3060 1787 »
3079 1739 3162 1793 Ex
3181 1736 3395 1808 quibus
3427 1734 3620 1791 verbis
3640 1735 3730 1790 in-

2084 1829 2406 1902 telligimus
2439 1828 2682 1884 missam
2713 1828 2784 1882 ab
2817 1826 3024 1900 legatis
3057 1826 3258 1882 Latino
3282 1840 3443 1880 more
3474 1822 3728 1880 celebra-

2089 1923 2208 1975 tam
2241 1917 2422 1974 fuisse
2451 1935 2464 1983 ;
2500 1935 2572 1973 an
2620 1933 2751 1972 vero
2797 1916 2855 1972 in
2910 1914 3129 1988 azymis
3173 1914 3306 1970 inde
3335 1929 3454 1969 non
3479 1914 3727 1969 constat.

2087 2013 2218 2065 Hac
2249 2007 2318 2064 de
2347 2005 2542 2062 dubiis
2574 2009 2630 2062 et
2661 2003 2824 2061 falsis
2854 2003 3238 2078 argumentis.

2716 2146 2946 2202 CAPUT
2981 2144 3103 2200 vn.
3155 2127 3166 2132 ’

2084 2259 2472 2334 Proponuntur
2512 2255 2840 2325 conjecturae
2883 2254 2934 2308 et
2981 2255 3306 2334 argumenta
3329 2228 3604 2334 quaedam
3627 2268 3731 2324 pro

2323 2328 2550 2398 antiquo
2581 2322 2684 2380 zisu
2715 2339 3034 2397 azymorum
3053 2322 3209 2394 apud
3239 2322 3481 2380 Latinos.

2155 2457 2304 2508 Ante
2328 2449 2525 2507 omnia
2545 2447 3036 2504 considerandum
3057 2452 3146 2504 est
3165 2446 3467 2503 silentium
3488 2447 3733 2504 Patrum

2086 2541 2423 2598 Latinorum
2457 2536 2645 2592 Photii
2688 2540 2854 2592 atate
2898 2536 3288 2607 superiorum,
3319 2535 3420 2607 qui
3449 2535 3732 2592 Euchari-

2085 2631 2258 2687 stiam
2307 2627 2545 2683 ineunte
2591 2641 2834 2697 vespera
2881 2641 3217 2697 azymorum
3271 2642 3338 2680 ac
3385 2625 3630 2698 proinde
3669 2625 3730 2682 in

2085 2719 2326 2791 azymis,
2348 2715 2682 2772 institutam
2722 2714 2948 2770 docent.
2983 2713 3090 2780 Qui
3137 2730 3272 2770 cum
3321 2713 3469 2770 facto
3511 2713 3731 2770 Christi

2084 2805 2318 2866 Domini
2341 2801 2744 2860 inharendum
2765 2819 2892 2859 esse
2916 2801 2975 2857 in
3013 2802 3187 2859 istius
3209 2801 3560 2859 sacramenti
3591 2819 3728 2859 con-

2083 2897 2332 2955 fectione
2362 2893 2579 2961 dicant,
2614 2897 2788 2965 atque
2821 2891 2881 2947 in
2928 2891 3226 2948 nonnullis
3271 2891 3502 2959 ritibus,
3535 2891 3728 2948 sicubi

2084 2984 2316 3044 obvenit
2347 2982 2613 3050 mutatio,
2647 2980 2900 3036 rationes
2949 2981 3112 3037 facta
3151 2979 3492 3037 mutationis
3529 2980 3727 3054 inqui-

2085 3079 2235 3144 rant,
2270 3072 2493 3131 nullam
2526 3075 2720 3127 tamen
2751 3070 2822 3126 de
2853 3072 3078 3126 mutato
3108 3086 3309 3142 azymo
3340 3068 3726 3142 quastionem

2085 3167 2336 3222 movent.
2378 3162 2472 3218 Sic
2503 3177 2571 3216 ex
2599 3158 2867 3214 Patribue
2915 3157 3348 3230 antiquioribus
3394 3157 3730 3231 complures

334 3263 468 3334 pest
498 3255 656 3312 mille
686 3259 742 3310 et
760 3252 972 3326 viginti,
993 3270 1026 3308 a
1046 3250 1259 3307 Christi
1289 3231 1561 3323 passione
1591 3265 1776 3304 annos
1805 3247 1975 3304 exsti-
2005 3231 2048 3297 C
2085 3251 2331 3312 sollicite
2369 3263 2608 3305 causam
2632 3246 2914 3334 indagant
2934 3263 3038 3301 cur
3059 3263 3093 3301 a
3105 3247 3328 3318 jejunis
3359 3247 3730 3304 Eucharistia

333 3350 476 3406 tisse
506 3347 779 3402 affirmat.

405 3438 562 3492 Inter
590 3433 771 3489 dubia
793 3432 931 3487 item
955 3432 1302 3502 argumenta
1324 3443 1425 3499 pro
1448 3443 1654 3499 azymu
1685 3422 1972 3480 recenseri

332 3526 506 3583 debet
533 3525 591 3581 id
615 3521 769 3595 quod
793 3519 1148 3577 Humbertus
1170 3514 1481 3573 cardinalis
1520 3515 1578 3569 in
1598 3511 1974 3586 responsione

333 3617 402 3672 ad
422 3615 682 3670 Nicetam
728 3611 1093 3666 Pectoratum
1139 3607 1314 3662 refert
1351 3621 1418 3660 ex
1443 3603 1797 3676 quibusdam
1829 3601 1974 3657 actis

335 3707 508 3762 sexta
542 3700 771 3775 synodi,
794 3699 853 3754 in
875 3697 1094 3770 quibus
1124 3693 1664 3768 legebaturlegatos
1696 3690 1970 3764 apostoli-

335 3809 432 3850 cos
460 3795 694 3864 peraeta
741 3788 961 3861 synodo
1002 3804 1036 3841 a
1085 3783 1464 3841 Constantino
1505 3782 1853 3854 imperatore
1884 3781 1972 3837 in-

333 3883 677 3953 terrogatos,
719 3875 973 3949 qualiter
1023 3875 1285 3929 Romana
1325 3867 1583 3927 Ecclesia
1632 3869 1702 3924 de
1751 3869 1972 3926 sacriﬁ-

333 3971 421 4026 cio
451 3967 711 4040 corporis
734 3970 789 4022 et
813 3963 1118 4037 sanguinis
1143 3960 1368 4016 Domini
1393 3957 1576 4015 nostri
1594 3962 1730 4014 Jesu
1757 3958 1972 4014 Christi

331 4059 596 4116 ordinem
617 4059 859 4120 teneret,
883 4054 1034 4108 inter
1071 4051 1186 4105 alia
1225 4048 1625 4120 respondisse:
1654 4070 1682 4097 «
1714 4047 1975 4104 Oblatio-

333 4164 466 4205 nem
513 4163 638 4218 qua
690 4144 749 4198 in
799 4139 1153 4198 sacrificium
1195 4135 1396 4193 altaris
1441 4136 1701 4201 offertur,
1751 4135 1974 4192 nullam

333 4234 802 4292 commistionem
833 4234 935 4286 aut
981 4226 1410 4299 corruptionem
1451 4225 1720 4282 l'ermenti
1760 4225 1975 4282 habere

339 4323 567 4389 debere,
604 4321 704 4376 sed
738 4319 945 4375 debere
991 4332 1120 4372 esse
1178 4314 1482 4382 mundam,
1507 4314 1676 4384 juxta
1723 4314 1877 4386 quod
1915 4314 1976 4370 in

331 4411 522 4467 Gestis
552 4405 1258 4482 pontiﬁcalibuslegimus
1291 4418 1419 4458 esse
1440 4406 1748 4458 statutum.
1777 4427 1798 4455 ι
1826 4407 1973 4460 Tum

335 4498 537 4558 suddit
556 4498 944 4553 Humbertus:
968 4517 995 4545 «
1015 4498 1174 4548 Tunc
1196 4491 1415 4566 placuit
1438 4491 1704 4564 piissimo
1727 4492 1977 4567 principi

2083 3337 2454 3413 percipiatur,
2472 3349 2604 3388 cum
2629 3331 2699 3387 ab
2745 3331 2985 3388 canatis
3007 3333 3288 3404 apostolis
3308 3339 3578 3406 percepta
3605 3334 3722 3406 sit;

2082 3427 2280 3485 nullus
2304 3440 2436 3480 vero
2482 3420 2728 3495 inquirit
2773 3437 2879 3478 cur
2906 3421 3162 3478 Ecclesia
3209 3422 3470 3495 neglecto
3521 3439 3725 3494 azyrno

2082 3513 2400 3591 pratulerit
2430 3513 2866 3568 fermentatum.
2899 3511 3060 3576 Quod
3109 3528 3251 3567 sane
3276 3511 3325 3568 si
3359 3511 3728 3584 contigisset,

2081 3622 2197 3661 non
2228 3600 2504 3660 omissuri
2553 3599 2734 3656 fuisse
2781 3599 3054 3655 videntur
3099 3617 3340 3669 omnes;
3371 3616 3504 3658 cum
3536 3601 3728 3674 magis

2081 3693 2155 3750 ad
2185 3709 2307 3749 rem
2339 3687 2689 3748 sacramenti
2718 3689 2957 3745 accedat
2989 3689 3344 3746 fermentum
3377 3705 3555 3763 quam
3576 3690 3731 3762 jeju-

2080 3783 2247 3840 nium
2279 3783 2380 3838 aut
2407 3777 2652 3835 coenatio
2686 3777 3083 3851 percipientis.

2153 3872 2318 3926 Dices
2377 3868 2650 3924 Patribue
2691 3867 2950 3940 antiquis
2990 3867 3047 3923 id
3099 3867 3280 3924 fuisse
3335 3867 3725 3942 exploratum,

2081 3959 2305 4018 scilicet
2340 3957 2660 4025 Christum,
2704 3960 2936 4014 tantum
2976 3973 3046 4013 ex
3075 3957 3376 4014 occasione
3405 3961 3460 4012 et
3488 3961 3728 4030 propter

2083 4065 2304 4106 morem
2327 4046 2812 4122 gentis,azymum
2835 4046 2906 4103 ad
2925 4045 3349 4102 Eucharistiam
3361 4044 3725 4113 adhibuisse,

2082 4140 2352 4211 ideoque,
2383 4141 2442 4192 et
2473 4135 2522 4192 si
2552 4135 2901 4192 fermentata
2933 4150 3080 4207 pane
3102 4133 3192 4189 usi
3215 4133 3352 4202 sint,
3386 4149 3501 4188 non
3531 4133 3726 4190 visum

2083 4228 2267 4285 fuisse
2332 4225 2733 4282 necessarium
2800 4222 3091 4294 inquirere
3167 4221 3328 4276 facta
3377 4219 3725 4276 mutationis

2085 4333 2325 4375 causam
2357 4331 2484 4387 qua
2525 4312 2799 4370 omnibus
2828 4313 3026 4382 aperta
3057 4312 3198 4364 erat.

2156 4407 2244 4462 Ad
2292 4405 2402 4462 hoc
2451 4417 2665 4475 repono
2730 4397 2904 4455 etiam
2948 4396 3268 4469 Christum,
3319 4400 3378 4453 et
3425 4395 3734 4455 occasione

2085 4500 2316 4553 tantum
2341 4497 2400 4549 et
2429 4491 2500 4548 ob
2534 4503 2756 4545 morem
2785 4485 3122 4554 Judaicum,
3147 4502 3363 4557 aquam
3395 4485 3454 4541 in
3485 4484 3730 4544 calicem

334 4587 715 4648 Constantino
736 4586 858 4642 hac
877 4584 1112 4640 traditio
1137 4581 1464 4654 apostolica
1487 4580 1700 4637 sedis.»
1716 4581 1833 4638 Hoc
1853 4581 1980 4655 qui-
2013 4602 2057 4667 ι)
2088 4581 2502 4642 immiscuisse.
2527 4577 2694 4667 Nam,
2718 4579 2796 4667 ut
2829 4573 3082 4667 Jacobus
3123 4591 3161 4630 a-
3182 4574 3438 4631 Vitriaco
3463 4576 3736 4634 observat

335 4680 469 4735 dem
491 4675 896 4733 testimonium
912 4672 1172 4730 validum
1209 4675 1364 4727 esset
1391 4670 1464 4726 ad
1489 4669 1856 4743 probandum
1879 4689 1978 4728 an-

333 4768 566 4839 tiquum
582 4781 756 4820 usum
779 4777 1115 4836 azymorum
1161 4760 1312 4832 apud
1353 4758 1590 4814 Latinos
1629 4763 1762 4816 ante
1799 4777 1977 4833 syno-

334 4858 475 4913 dum
499 4859 744 4920 sextam,
768 4853 904 4909 side
933 4852 1144 4908 horum
1186 4853 1466 4905 Actorum
1487 4848 1726 4905 veritate
1747 4854 1977 4907 consta-

335 4943 664 5003 ret.Verum
687 4945 962 5014 suspecta
983 4939 1251 4996 videntur
1280 4937 1404 4992 hac
1440 4937 1582 4991 Acta
1603 4940 1728 4992 tum
1752 4937 1888 5009 quia
1921 4937 1980 4994 in

333 5032 588 5106 vulgatis
618 5035 788 5088 sexta
818 5029 1023 5104 synodi
1072 5027 1233 5083 Actis
1283 5023 1446 5081 nulla
1473 5026 1602 5096 ejus
1648 5025 1730 5082 rei
1764 5025 1980 5081 mentio

336 5121 647 5196 reperitur,
677 5126 803 5176 tum
836 5121 975 5192 quia
1022 5118 1082 5173 in
1124 5115 1316 5173 Gestis
1368 5113 1805 5188 pontificalibus
1836 5112 1981 5169 nihil

337 5213 409 5268 de
432 5227 694 5282 azymon
739 5208 1016 5264 Silvestro
1069 5223 1218 5279 papa
1270 5208 1558 5261 statutum
1607 5203 1842 5276 legitur,
1878 5203 1981 5259 sed

337 5303 568 5356 tantum
599 5298 671 5353 de
699 5296 876 5352 linteo
908 5297 1063 5370 quod
1096 5295 1316 5351 lineum
1351 5309 1479 5348 esse
1512 5293 1801 5364 pracepit.

406 5385 827 5440 Verumtamen
855 5385 1112 5441 Hilarion
1144 5382 1490 5448 monachus,
1524 5381 1584 5436 in
1623 5381 1884 5438 oratione
1913 5382 1984 5439 de

341 5487 492 5544 pane
523 5471 852 5526 Gracorum
884 5474 1130 5544 mystico
1170 5479 1227 5529 et
1263 5471 1603 5528 Latinorum
1635 5487 1858 5544 azymo,
1891 5471 1984 5528 his

339 5556 501 5611 Actis
514 5557 780 5610 nonnihil
795 5561 1156 5616 auctoritatis
1170 5559 1480 5615 conciliare
1491 5559 1880 5627 videtur,cum
1905 5563 1987 5618 ait

365 5643 1205 5717 egatos,peractasynodo,D'eo
1217 5647 1434 5720 gratias
1463 5649 1716 5716 acturos,
1746 5647 1806 5704 in
1837 5652 1986 5707 tem-

2087 4674 2146 4728 in
2164 4671 2425 4728 Historia
2447 4663 2833 4723 Occidentalis
2876 4679 3004 4734 cap.
3041 4663 3132 4729 38,
3159 4684 3187 4714 «
3216 4663 3350 4720 vino
3378 4681 3528 4739 puro
3560 4681 3734 4726 nemo

2086 4762 2272 4819 utitur
2309 4759 2370 4814 in
2409 4755 2675 4830 partibus
2707 4751 2846 4809 illis.
2879 4774 2907 4803 »
2941 4757 2998 4807 et
3023 4754 3218 4809 tamen
3259 4757 3478 4810 veteres
3505 4757 3730 4824 Patres,

2089 4849 2410 4924 Cyprianus
2430 4845 2490 4900 in
2513 4841 2718 4916 primis
2753 4842 2814 4897 in
2854 4839 3103 4914 epistola
3127 4843 3200 4898 ad
3225 4842 3538 4913 Cacilium,
3559 4845 3738 4912 tanta

2089 4955 2223 4996 cum
2247 4934 2522 5008 religione
2539 4931 2950 4988 admistionem
2968 4947 3132 5003 aqua
3152 4931 3212 4987 in
3233 4931 3474 4987 calicem
3494 4933 3738 4990 tuentur

2089 5025 2352 5099 exemplo
2378 5021 2721 5088 Servatoris,
2743 5023 2811 5077 ut
2847 5036 3018 5077 secus
3060 5020 3388 5096 iactitantes
3424 5037 3530 5094 pro
3551 5019 3737 5088 hare-

2089 5117 2222 5173 ticis
2242 5110 2660 5170 habuerint.Si
2699 5126 2836 5184 ergo
2873 5110 3137 5182 antiquis
3157 5109 3277 5166 illis
3297 5109 3571 5166 Patribue
3601 5125 3737 5182 per.-

2092 5220 2334 5262 suasum
2356 5201 2569 5274 fuit(ut
2608 5203 2760 5256 certe
2789 5203 3020 5256 constat
3057 5200 3211 5273 apud
3254 5199 3407 5271 illos)
3437 5197 3738 5268 Christum

2092 5296 2152 5350 in
2175 5291 2538 5349 instituenda
2557 5287 2924 5346 Eucharistia
2943 5303 3119 5344 usum
3153 5288 3375 5362 azymis
3392 5287 3596 5358 fuisse,
3619 5304 3739 5350 non

2089 5383 2257 5440 video
2297 5398 2422 5449 cur,
2447 5379 2494 5436 si
2535 5377 2707 5434 aliter
2735 5377 2796 5432 id
2829 5381 2952 5432 tum
2996 5376 3230 5433 fecisset
3264 5375 3542 5444 Ecclesia,
3565 5392 3740 5435 nemo

2093 5474 2224 5546 ejus
2255 5471 2336 5529 rei
2368 5485 2608 5527 causam
2640 5470 2740 5524 aut
2759 5465 3104 5538 inquisisset
3131 5469 3232 5524 aut
3261 5465 3651 5540 exposuisset.

2163 5562 2276 5619 Δί’ῐί
2285 5578 2355 5618 ne
2374 5559 2512 5618 huic
2527 5560 2942 5630 argumentum
2955 5561 3044 5613 est
3056 5558 3211 5630 quod
3225 5557 3402 5614 iidem
3420 5554 3503 5612 illi
3517 5554 3741 5625 Patres,

2095 5653 2197 5726 qui
2210 5653 2271 5710 in
2289 5649 2497 5728 primis
2508 5644 2775 5707 Ecclesia
2792 5643 3022 5703 saculis
3052 5645 3394 5716 ﬂoruerunt,
3411 5660 3545 5714 cum
3556 5646 3748 5722 agunt
