3970 6218
211 278 370 342 1249

1184 274 1638 342 MABILLONII
1682 273 2155 350 DISQUISITIO
2200 277 2302 338 DE
2348 275 2642 339 AZYMO.

3454 285 3480 342 1
3493 281 3610 344 250

209 407 1860 485 depanesacriﬁcii,ejusquecompositionemdescribunt
1887 408 1946 476 Α
1976 407 2160 466 nisset
2215 409 2462 466 mutatio
2514 408 2573 465 in
2627 425 2775 482 pane
2830 408 3238 467 eucharistico.
3280 413 3422 468 Cum
3454 413 3610 471 enim

212 499 516 573 nusquam
567 499 837 556 fermenti
871 498 1085 556 faciant
1118 499 1495 556 mentionem.
1528 501 1609 556 Ex
1637 501 1731 556 his
1762 500 1862 573 Cy-

219 591 469 665 prianus
510 588 565 644 in
590 587 838 662 epistola
863 588 934 644 ad
958 587 1268 655 Caecilium,
1292 593 1348 644 et
1371 594 1500 660 post
1521 605 1655 644 eum
1679 589 1862 645 Isido-

213 697 319 737 rus
350 677 717 751 Hispalensis
748 676 1056 749 episcopus
1088 675 1146 731 in
1181 676 1280 732 lib.
1305 694 1322 731 ι
1345 677 1415 732 de
1438 677 1656 734 Ofﬁciis
1683 677 1862 733 eccle-

215 767 495 833 siasticis,
531 782 656 838 cap.
696 767 780 832 l8,
812 765 1071 838 loquitur
1104 765 1163 820 in
1209 764 1365 820 hunc
1399 767 1674 821 modum:
1710 789 1738 815 «
1771 765 1864 820 Sic

212 873 351 913 vero
384 854 535 911 calix
583 852 814 909 Domini
866 853 1049 908 nostri
1097 854 1232 910 Jesu
1284 853 1495 911 Christi
1530 872 1644 910 non
1677 857 1868 928 potest

217 961 348 1003 esse
372 961 529 1016 aqua
545 942 690 1012 sola,
709 947 810 998 aut
826 942 1025 998 vinum
1045 941 1260 1013 solum,
1281 943 1391 999 nisi
1415 948 1729 1015 utrumque
1753 942 1864 999 sibi

219 1033 556 1098 misceatur,
583 1032 874 1103 quomodo
897 1048 1000 1088 nec
1023 1047 1234 1103 corpus
1256 1031 1485 1086 Domini
1519 1035 1710 1103 potest
1739 1045 1868 1086 esse

221 1122 417 1179 simila
437 1119 582 1186 sola,
603 1123 704 1174 aut
723 1136 877 1192 aqua
898 1118 1043 1185 sola,
1065 1119 1177 1173 nisi
1201 1123 1518 1191 utrumque
1540 1120 1865 1174 adunatum

221 1210 396 1268 fuerit
407 1207 812 1282 etcopulatum
829 1208 996 1280 panis
1011 1207 1186 1262 unius
1198 1224 1474 1279 compage
1489 1206 1868 1262 solidatum.»

223 1301 441 1357 Eadem
472 1297 649 1354 verba
679 1301 886 1369 preter
911 1296 1198 1352 Isidorum
1228 1295 1434 1367 repetit
1457 1295 1784 1350 Amalarius
1811 1294 1868 1350 in

225 1387 327 1444 lib.
362 1405 425 1443 ιιι
458 1388 527 1443 de
557 1383 780 1442 Ofﬁciis
810 1385 1241 1452 ecclesiasticis,
1273 1402 1398 1456 cap.
1434 1386 1520 1438 19.
1556 1385 1705 1440 Sane
1736 1400 1870 1440 cum

228 1477 548 1550 Cyprianus
579 1475 689 1530 hoc
719 1473 843 1529 loco
876 1477 1010 1546 agat
1029 1473 1099 1527 de
1121 1473 1540 1544 compositione
1561 1471 1730 1545 panis
1758 1473 1870 1526 Eu-

229 1563 796 1634 charistici,ejusque
815 1566 1008 1634 partes
1031 1560 1301 1616 distincte
1313 1560 1576 1633 explicet,
1595 1578 1706 1616 non
1731 1559 1872 1616 omi-

234 1653 406 1709 sisset
435 1652 807 1720 fermentum,
840 1649 888 1705 si
919 1648 1089 1721 panis
1121 1666 1358 1722 azymus
1391 1665 1497 1704 suo
1523 1652 1782 1722 tempore
1811 1647 1870 1704 in

234 1758 347 1798 usu
377 1756 492 1797 non
524 1739 747 1795 fuisset.

299 1849 394 1917 At,
425 1845 645 1918 inquis,
679 1845 824 1901 satis
877 1845 1231 1902 fermentum
1279 1844 1551 1918 exprimit
1596 1859 1729 1900 cum
1771 1842 1870 1910 ait,

233 1952 443 2008 corpus
472 1933 704 1991 Domini
735 1949 864 1990 esse
902 1949 1016 1989 non
1050 1947 1223 2006 posse
1270 1932 1528 1988 similam
1559 1931 1743 1988 solum
1775 1933 1877 1987 aut

235 2040 446 2096 aquam
477 2022 684 2088 solam,
721 2044 748 2072 ‹‹
781 2022 893 2078 nisi
927 2027 1242 2094 utrumque
1271 2022 1596 2077 adunatum
1628 2019 1800 2077 fuerit
1821 2023 1878 2075 et

234 2110 840 2184 copulatum,etpanis
853 2109 1030 2166 unius
1042 2126 1322 2182 compage
1334 2107 1876 2173 solidatum.»Quod

235 2200 391 2258 enim
422 2198 680 2272 copulat,
713 2199 932 2255 adunat
960 2203 1018 2254 et
1047 2197 1280 2266 solidat,
1312 2198 1663 2254 fermentum
1695 2201 1805 2253 est.

302 2315 520 2371 Verum
538 2315 676 2370 huic
697 2313 1062 2386 responsioni
1085 2315 1277 2369 obviat
1297 2313 1583 2386 Augustin
1594 2313 1734 2368 usin
1757 2329 1878 2369 ser-

235 2420 410 2460 mone
438 2406 508 2459 83
528 2405 600 2459 de
623 2403 888 2469 diversis,
915 2402 1013 2457 ubi
1035 2417 1236 2458 recens
1257 2402 1565 2474 baptizatis
1587 2417 1880 2473 exponens

235 2509 452 2549 mensae
484 2491 793 2548 Dominicaa
826 2494 1279 2556 sacramentum,
1303 2495 1360 2546 et
1381 2489 1614 2562 singula
1635 2505 1880 2562 quaeque

235 2583 553 2639 traducens
585 2581 654 2637 ad
689 2597 901 2645 mores,
935 2597 1050 2634 non
1083 2580 1274 2635 solum
1309 2579 1574 2635 fermenti
1607 2595 1722 2634 non
1755 2595 1880 2634 me-

236 2671 433 2738 minit,
467 2671 568 2726 sed
599 2671 772 2724 etiam
805 2685 1123 2742 granorum
1147 2685 1248 2724 seu
1270 2667 1504 2740 pollinis
1527 2668 1882 2738 conjunctio-

236 2775 376 2816 nem
407 2763 463 2814 et
483 2757 912 2830 copulationem
936 2773 1051 2812 non
1073 2756 1188 2812 nisi
1209 2773 1312 2828 per
1332 2773 1548 2828 aquam
1571 2756 1694 2810 ﬁeri
1716 2756 1884 2812 docet

235 2849 334 2905 his
363 2847 592 2904 verbis:
627 2871 654 2897 ‹‹
689 2846 1074 2902 Commendat
1112 2845 1276 2901 vobis
1307 2845 1365 2899 in
1400 2845 1510 2900 isto
1541 2861 1690 2917 pane
1733 2861 1881 2916 quo-

237 2937 556 2994 dammodo
574 2935 859 2991 unitatem
876 2951 1092 2990 amare.
1116 2933 1391 3006 Nunquid
1415 2933 1571 2988 enim
1595 2933 1766 3005 panis
1787 2932 1883 2990 ille

239 3027 313 3083 de
343 3041 462 3082 uno
491 3041 673 3098 grano
699 3025 888 3081 factus
917 3023 1048 3079 est?
1077 3022 1280 3078 Nonne
1302 3021 1486 3078 multa
1515 3027 1682 3078 erant
1705 3022 1882 3078 tritici

236 3131 425 3189 grana
441 3114 469 3170 ‘I
497 3114 609 3170 Sed
641 3117 955 3184 antequam
977 3113 1050 3205 ad
1074 3127 1284 3184 panem
1304 3111 1588 3205 venirent,
1613 3115 1884 3205 separata
1912 3137 1956 3205 ϐ

239 3208 446 3272 erant;
480 3219 585 3275 per
612 3218 826 3274 aquam
872 3202 1184 3272 conjuncta
1230 3204 1390 3267 sunt,
1421 3205 1478 3256 ct
1514 3204 1650 3273 post
1676 3216 1884 3273 quam-

241 3293 382 3350 dam
411 3291 843 3348 contritionem.
876 3289 999 3346 Nisi
1029 3291 1186 3346 enim
1237 3289 1492 3346 molatur
1519 3289 1802 3358 triticum,
1832 3294 1890 3345 et

240 3398 348 3455 per
375 3396 590 3454 aquam
614 3383 1057 3452 conspergatur,
1081 3379 1152 3433 ad
1174 3378 1346 3434 istam
1373 3378 1620 3434 formam
1648 3377 1890 3434 minime

237 3470 400 3527 venit
431 3486 560 3542 quae
592 3468 759 3541 panis
788 3472 1047 3523 vocatur.
1069 3467 1162 3522 Sic
1181 3471 1238 3522 et
1265 3483 1366 3522 vos
1393 3465 1752 3537 antejejunii
1777 3465 1887 3520 hu-

242 3558 630 3616 miliationem
682 3555 988 3612 exorcismi
1034 3559 1399 3611 sacramento
1431 3553 1600 3625 quasi
1632 3552 1888 3608 moleba-

241 3648 413 3704 mini.
445 3642 705 3699 Accessit
731 3644 1062 3715 baptismus
1083 3648 1141 3700 et
1170 3660 1358 3714 aqua;
1393 3641 1560 3714 quasi
1593 3641 1888 3712 conspersi

239 3736 412 3800 estis,
435 3738 502 3789 ut
521 3732 592 3788 ad
610 3732 857 3788 formam
881 3733 1049 3803 panis
1071 3732 1362 3788 veniretis.
1385 3731 1496 3786 Sed
1519 3731 1777 3786 nondum
1802 3735 1892 3786 est

243 3822 418 3899 panis
447 3822 574 3878 sine
604 3821 756 3894 igne.
788 3821 949 3884 Quod
980 3837 1118 3893 ergo
1139 3820 1430 3894 signiﬁcat
1459 3819 1634 3892 ignis,
1666 3819 1776 3874 hoc
1801 3823 1892 3874 est

247 3913 529 3970 chrisma.
556 3932 584 3961 »
614 3909 979 3982 Augustinus
1010 3908 1102 3965 his
1127 3909 1375 3981 aliisque
1403 3907 1592 3964 verbis
1623 3913 1891 3964 accurate

248 4000 488 4074 singula
516 3998 864 4070 distinguit;
917 4013 1233 4069 granorum
1293 3995 1720 4064 contritionem,
1755 4012 1891 4051 con-

248 4091 612 4164 spsrsionem
643 4093 701 4144 et
729 4086 1200 4158 conjunctionem
1229 4102 1330 4157 per
1357 4100 1571 4156 aquam
1595 4083 1803 4152 solam,
1834 4089 1894 4141 et

248 4179 590 4236 coctionem.
611 4177 808 4232 Altum
827 4177 898 4231 de
921 4175 1204 4230 fermento
1219 4173 1519 4230 silentium
1536 4172 1680 4229 satis
1699 4173 1894 4230 innuit

246 4267 395 4324 illud
420 4284 486 4324 eo
519 4274 776 4338 tempore
806 4263 1153 4320 inusitatum
1197 4262 1401 4318 fuisse.
1429 4262 1588 4318 Adde
1621 4267 1891 4319 sanctum

248 4358 544 4414 doctorem
576 4355 660 4410 uti
688 4352 972 4410 vocabulo
1008 4353 1304 4424 conspersi,
1337 4368 1451 4424 quo
1483 4367 1741 4409 massam
1765 4352 1894 4409 sine

251 4443 523 4502 fermenti
542 4442 890 4499 admistione
913 4457 1066 4514 aqua
1083 4439 1544 4514 conglutinatam
1575 4439 1895 4514 signiﬁcari

248 4536 498 4602 constat,
531 4536 596 4587 ut
624 4531 869 4587 inferius
891 4530 1323 4587 demonstrabo.

320 4647 532 4703 Eodem
567 4647 739 4702 modo
770 4645 869 4700 alii
919 4645 1119 4700 Patres
1150 4643 1473 4716 loquuntur
1499 4643 1572 4698 de
1602 4643 1891 4716 composi-

247 4734 405 4792 tione
461 4735 632 4808 panis
687 4733 1081 4798 eucharistici,
1135 4750 1282 4804 quos
1338 4732 1490 4787 inter
1529 4732 1894 4788 Gaudentius

248 4824 563 4881 Brixiensis
593 4824 902 4896 episcopus
933 4823 992 4876 in
1022 4822 1293 4876 Tractatu
1313 4825 1348 4874 2
1367 4821 1438 4876 de
1469 4819 1767 4888 Paschate,
1797 4835 1893 4875 ve-

249 4913 530 4971 nerabilis
557 4913 714 4968 Beda
743 4912 802 4966 in
824 4911 988 4966 Lucae
1008 4927 1136 4982 cap.
1160 4926 1304 4975 xxn,
1329 4913 1386 4964 et
1405 4908 1528 4975 alii,
1550 4907 1714 4964 nulla
1742 4909 1896 4965 facta

251 5001 550 5058 mentione
571 4999 862 5056 fermenti.

319 5109 599 5165 Praeterea
616 5106 779 5162 nulla
793 5105 903 5173 lex,
923 5102 1149 5159 nullum
1165 5104 1485 5164 decretum,
1503 5101 1730 5157 nullum
1748 5102 1894 5176 legis

250 5201 351 5254 aut
380 5196 595 5254 decreti
624 5195 933 5267 vestigium
967 5196 1155 5248 exstat
1201 5192 1357 5264 apud
1389 5195 1610 5246 veteres
1646 5191 1718 5246 de
1751 5191 1894 5247 reci-

248 5285 457 5360 piendo
488 5285 548 5340 in
581 5283 835 5339 Ecclesia
863 5298 1089 5354 axymo,
1123 5295 1314 5352 neque
1354 5280 1425 5335 de
1471 5279 1752 5335 mutando
1785 5279 1894 5335 fer-

249 5379 470 5444 mento,
504 5390 610 5430 nec
641 5373 712 5428 de
740 5370 1143 5427 transferendo
1165 5367 1352 5442 azymi
1381 5372 1438 5424 et
1467 5368 1738 5424 fermenti
1770 5384 1897 5440 pro-

249 5465 478 5524 miscuo
508 5475 621 5518 usu
652 5462 710 5517 in
734 5461 917 5536 azymi
941 5475 1312 5516 communem
1335 5457 1516 5513 ritum
1540 5472 1553 5512 :
1579 5457 1733 5530 quod
1758 5472 1897 5514 sane

249 5555 468 5619 mirum
501 5555 676 5626 esset,
708 5551 758 5612 si
789 5549 1101 5627 aliquando
1133 5547 1192 5608 in
1214 5545 1472 5608 Ecclesia
1489 5545 1693 5608 Latina
1717 5545 1899 5608 obve-

1971 497 2156 553 sancti
2189 499 2385 554 Patres
2409 506 2523 554 tam
2553 497 2783 554 solliciti
2809 498 3026 554 fuerint
3046 498 3116 554 de
3148 498 3220 553 iis
3246 516 3373 572 qua:
3405 502 3477 556 ad
3509 520 3610 558 au-

1971 587 2380 658 gustissimum
2413 587 2790 642 Eucharistize
2823 591 3253 643 sacramentum
3282 591 3610 660 pertinent;

1971 691 2104 730 cum
2127 679 2211 730 tot
2241 677 2470 730 decreta
2501 676 2861 732 condiderint
2892 676 2964 731 de
2994 675 3300 742 altaribus,
3333 683 3452 733 tam
3480 681 3613 736 ﬁxis

1973 779 2149 834 quam
2182 763 2519 829 mobilibus,
2553 765 2624 821 de
2653 765 2807 820 vasis
2838 765 3079 819 sacratis
3111 765 3297 837 deque
3325 765 3521 824 linteis
3554 769 3610 823 in

1974 851 2256 906 sacriﬁcio
2307 851 2565 919 usitatis,
2599 853 2669 908 de
2701 852 3068 907 Eucharistia
3106 854 3198 924 pie
3249 871 3314 909 ac
3348 856 3615 929 religiose

1973 944 2099 994 tum
2119 939 2514 1007 conﬁcienda;
2543 945 2667 996 tum
2688 941 3059 1013 porrigenda,
3076 946 3200 996 tum
3220 943 3612 1016 percipienda,

1975 1031 2100 1081 tum
2117 1028 2468 1082 asservanda
2489 1045 2621 1083 cum
2641 1034 2724 1084 tot
2743 1029 2978 1083 statutis
2995 1030 3351 1084 decreverint
3373 1034 3619 1089 retinen-

1976 1114 2110 1169 dam
2128 1132 2290 1186 aquze
2309 1115 2720 1171 admistionem
2744 1116 2804 1170 in
2822 1116 3081 1182 calicem,
3109 1119 3441 1175 mirandum
3464 1127 3618 1178 certe

1979 1203 2150 1257 fuerit
2180 1203 2228 1257 si
2261 1203 2445 1257 Latini
2497 1203 2814 1274 aliquando
2857 1204 3079 1273 abjecto
3111 1205 3394 1262 fermento
3427 1210 3618 1264 admi-

1981 1290 2161 1346 serint
2191 1307 2480 1362 azymum,
2518 1291 2574 1345 id
2606 1292 2903 1346 communi
2939 1309 3226 1348 consensu
3253 1295 3470 1353 factum
3494 1299 3621 1354 sine
3649 1357 3657 1367 ,

1981 1378 2104 1451 lege
2136 1377 2336 1443 fuisse,
2372 1379 2602 1433 nemine
2637 1381 2989 1435 reclamante
3014 1387 3115 1436 aut
3139 1383 3438 1441 referente.

2049 1494 2133 1549 Ad
2166 1493 2322 1549 hunc
2350 1493 2542 1548 locum
2579 1510 2842 1549 revocare
2865 1495 3034 1563 juvat
3064 1494 3118 1549 id
3165 1498 3318 1566 quod
3353 1501 3624 1570 superius

1980 1583 2278 1639 observavi
2311 1598 2379 1638 ex
2412 1583 2591 1639 missa
2620 1583 3031 1651 Ambrosiana,
3081 1583 3140 1637 in
3193 1601 3311 1655 qua
3349 1608 3378 1636 ‹‹
3411 1587 3625 1645 oblatio

1981 1671 2152 1744 panis
2181 1672 2368 1744 azymi
2398 1687 2533 1727 cum
2567 1675 2776 1743 patena
2834 1671 3098 1727 facienda
3145 1674 3560 1744 praescribitur.
3597 1698 3626 1727 ››

1903 1770 1952 1836 Β
1983 1759 2274 1816 Pamelius
2305 1760 2522 1832 quippe
2551 1759 2673 1815 haec
2699 1759 2874 1815 verba
2903 1759 3044 1832 legit
3065 1761 3124 1816 in
3147 1762 3344 1819 codice
3376 1781 3484 1820 ms.
3509 1781 3626 1836 quo

1985 1866 2128 1905 usus
2155 1854 2246 1903 est
2266 1849 2327 1902 in
2358 1848 2610 1904 editione
2637 1848 2806 1904 istius
2840 1849 3050 1916 Missae,
3087 1867 3213 1922 qua:
3261 1852 3334 1907 ab
3364 1853 3627 1926 antiquis

1984 1937 2292 1993 Ambrosio
2321 1936 2638 2004 tribuitur;
2699 1953 2801 1991 nec
2859 1937 3027 1993 facile
3085 1940 3430 1996 crediderim
3464 1959 3627 1998 men-

1984 2026 2202 2082 tionem
2233 2026 2418 2098 azymi
2441 2043 2474 2079 a
2496 2024 2918 2081 recentioribus
2939 2027 3248 2097 adjectam,
3281 2029 3496 2100 quibus
3516 2031 3626 2086 du-

1983 2115 2190 2170 bitatio
2222 2115 2292 2168 de
2321 2113 2611 2169 offerendo
2641 2131 2840 2186 azymo
2888 2114 3050 2170 nulla
3094 2117 3348 2172 suboriri
3379 2123 3624 2190 poterat.

2060 2231 2306 2300 Insuper
2330 2233 2680 2300 argumenta
2711 2246 2836 2301 qua
2867 2229 3112 2287 inferius
3142 2249 3246 2304 pro
3277 2234 3628 2291 stabiliendo

1988 2335 2322 2392 azymorum
2355 2318 2652 2372 communi
2689 2335 2796 2373 usu
2828 2323 2958 2373 ante
2989 2320 3249 2375 schisma
3275 2321 3624 2379 Pbotianum

1989 2409 2372 2473 adducentur,
2406 2407 2520 2460 huc
2548 2413 2870 2462 recurrunt.
2899 2407 3004 2470 Qui
3030 2408 3185 2462 enim
3209 2426 3477 2481 azymum
3502 2429 3630 2484 pro-

1989 2499 2132 2553 bant
2161 2501 2428 2552 auctores
2459 2494 2563 2561 illi,
2598 2496 2655 2549 id
2689 2500 2823 2550 ante
2868 2512 3102 2551 omnem
3135 2499 3476 2554 memoriam
3508 2501 3630 2557 usi-

1990 2591 2178 2641 tatum
2211 2585 2546 2640 ostendunt.

2603 2725 2838 2782 CAPUT
2878 2726 3024 2782 VIII.

1991 2838 2128 2910 Aliae
2154 2835 2501 2910 probatio-nes
2520 2847 2589 2886 ex
2608 2834 2788 2902 forma
2811 2840 2863 2910 et
2879 2832 3293 2910 conditionibus,
3304 2833 3638 2910 hostiarum,

2062 2904 2166 2962 ubi
2184 2905 2531 2976 explicantur
2559 2920 2789 2976 canones
2810 2904 2934 2968 duo,
2968 2921 3112 2960 unus
3139 2908 3363 2962 concilii
3408 2904 3638 2966 secundi

2064 2975 2405 3041 Turonensis,
2439 2975 2578 3030 alter
2613 2975 2862 3031 Toletani
2879 2992 2994 3030 xv1.

2064 3101 2303 3159 Oblatas
2325 3116 2426 3156 seu
2441 3099 2663 3156 hostias
2676 3100 2936 3156 minutas
2957 3117 3023 3156 ac
3037 3104 3242 3158 tenues
3255 3103 3464 3159 saeculo
3482 3120 3636 3160 nono

1996 3193 2198 3258 fuisse,
2229 3189 2434 3262 quales
2466 3189 2582 3245 fere
2613 3189 2785 3244 modo
2816 3189 3187 3256 adhibemus,
3210 3191 3347 3247 hinc
3376 3198 3552 3264 patet,
3581 3198 3640 3249 et

1997 3282 2151 3354 quod
2184 3278 2382 3336 rotula:
2413 3276 2784 3349 appellantur
2813 3279 2969 3349 apud
3022 3279 3251 3336 Isonem
3283 3282 3638 3338 monachum

1980 3366 2577 3433 ,Sancti-Gallensem,
2612 3370 2669 3420 et
2697 3366 2849 3437 quod
2883 3365 3038 3421 intra
3086 3368 3302 3422 ferrum
3343 3368 3640 3424 characte-

1999 3461 2192 3513 ratum
2226 3454 2702 3512 conﬁciebantur.
2755 3453 3012 3508 Modicas
3058 3470 3192 3510 vero
3241 3460 3415 3526 atque
3461 3457 3640 3514 exiles

1997 3546 2166 3618 longe
2197 3547 2330 3600 ante
2359 3542 2517 3598 istud
2549 3545 2784 3612 tempus
2817 3540 2996 3597 fuisse
3027 3541 3235 3613 colligo
3264 3547 3389 3597 tum
3413 3559 3481 3598 ex
3501 3561 3639 3600 con-

1999 3633 2130 3691 cilio
2160 3631 2437 3702 Toletano
2466 3645 2582 3694 xv1,
2615 3633 2740 3684 tum
2800 3646 2869 3684 ex
2926 3629 3129 3701 ﬁguris
3159 3630 3479 3694 nonnullis.
3512 3647 3642 3703 quis

1998 3724 2057 3777 in
2079 3718 2336 3791 antiquis
2354 3716 2812 3772 numismatibus
2833 3717 3118 3772 hactenus
3135 3723 3472 3790 supersunt.
3497 3721 3641 3776 Tres

1999 3810 2166 3866 nobis
2197 3806 2427 3862 exhibet
2449 3804 2730 3860 Claudius
2754 3805 3112 3871 Boterovius,
3139 3807 3210 3862 de
3231 3806 3531 3878 republica
3552 3807 3643 3864 lit-

1997 3898 2214 3955 teraria
2244 3897 2388 3952 bene
2419 3894 2687 3960 meritus,
2743 3895 2801 3948 in
2861 3893 3210 3950 collectaneo
3241 3900 3499 3951 veterum
3533 3915 3642 3953 nu-

1999 3985 2936 4048 mismatumFrancorum,omnes
2949 3982 3270 4038 Chariberti
3288 3985 3643 4042 Francorum

2000 4078 2174 4150 regis,
2213 4074 2312 4148 qui
2343 4087 2584 4145 regnare
2632 4071 2807 4143 coepit
2853 4087 3004 4126 anno
3051 4073 3151 4126 561
3208 4073 3264 4127 in
3307 4090 3492 4128 annos
3519 4090 3640 4132 sex.

1999 4167 2196 4224 Prima
2225 4164 2412 4237 ﬁgura
2444 4164 2630 4218 exstat
2660 4159 2718 4213 in
2748 4177 2880 4232 pag.
2909 4161 3034 4227 2-47,
3080 4161 3177 4215 ubi
3209 4161 3468 4234 pingitur
3497 4162 3646 4220 calix

2001 4259 2242 4313 ansatus
2273 4253 2331 4307 in
2362 4249 2576 4305 lunulze
2611 4265 2828 4304 cornua
2850 4248 2963 4303 duo
2987 4249 3275 4317 eminens,
3299 4251 3356 4305 in
3391 4267 3644 4323 quorum

2001 4345 2193 4400 medio
2225 4345 2465 4414 apparet
2495 4337 2738 4410 exiguus
2769 4336 3025 4392 circulus
3047 4339 3118 4393 ad
3143 4339 3395 4394 hostiam
3428 4341 3516 4412 (ut
3544 4341 3647 4398 Bo-

2000 4433 2216 4489 terovio
2245 4430 2435 4484 visum
2467 4428 2575 4498 est)
2603 4427 3050 4499 designandam,
3075 4429 3302 4500 adjecta
3330 4446 3432 4501 per
3462 4431 3647 4486 circu-

1921 4499 1968 4565 D
1999 4522 2123 4579 lum
2147 4520 2255 4574 hac
2278 4516 2678 4588 inscriptione,
2702 4514 3048 4582 Gavalelano,
3071 4499 3168 4589 qui
3194 4499 3357 4574 locus
3381 4523 3468 4574 est
3491 4535 3645 4574 cusaa

2002 4613 2246 4666 monetae
2274 4625 2288 4675 ;
2322 4623 2390 4662 ex
2421 4604 2536 4660 alia
2573 4620 2708 4659 vero
2753 4609 2918 4675 parte
2956 4606 3179 4678 efﬁgies
3213 4607 3366 4677 regis
3397 4607 3523 4661 sine
3551 4605 3646 4661 in-

2001 4698 2336 4771 scriptione.

2073 4804 2372 4859 Habentur
2401 4797 2527 4855 aliae
2563 4799 2688 4854 duae
2722 4798 2782 4854 in
2815 4815 2946 4872 pag.
2997 4801 3121 4867 252,
3172 4816 3424 4871 quarum
3456 4798 3647 4871 prima

2003 4891 2288 4964 superiori
2319 4889 2557 4945 omnino
2601 4887 2814 4943 similis
2859 4892 2983 4956 est;
3035 4888 3214 4943 altera
3243 4892 3361 4941 tres
3395 4887 3646 4945 circulos

2003 4999 2152 5056 quos
2182 4978 2519 5035 Boterovius
2550 4977 2753 5032 itidem
2802 4976 3027 5031 hostias
3074 4992 3202 5031 esse
3247 4979 3434 5047 putat,
3474 4977 3646 5034 nobis

2003 5071 2232 5128 exhibet
2263 5084 2397 5124 cum
2429 5066 2630 5121 eadem
2678 5064 3077 5136 inscriptione,
3126 5065 3445 5136 eademque
3493 5065 3646 5139 regis

2004 5159 2215 5233 efﬁgie,
2249 5161 2308 5212 at
2337 5155 2462 5212 sine
2494 5153 2752 5210 nominis
2784 5153 3185 5226 designatione
3205 5169 3430 5210 omnes.

2076 5275 2151 5332 Ut
2181 5279 2375 5330 autem
2407 5268 2745 5326 Boterovius
2771 5284 2869 5324 eas
2891 5267 3230 5324 Chariberto
3253 5269 3373 5342 regi
3403 5269 3645 5338 tribuat,

2005 5365 2234 5420 duobus
2248 5363 2512 5416 movetur
2527 5354 3178 5429 argumentis.Primum
3201 5361 3290 5412 est
3309 5357 3462 5429 quod
3477 5357 3648 5430 plura

2006 5454 2120 5513 alia
2150 5451 2510 5508 numismata
2539 5446 2610 5501 ab
2643 5445 2772 5518 ipso
2804 5445 3060 5500 exhibita
3079 5463 3148 5501 ex
3168 5463 3286 5502 una
3307 5453 3470 5519 parte
3499 5463 3645 5519 prm-

2007 5545 2200 5605 ferunt
2227 5538 2467 5601 calicem
2501 5537 2774 5596 ansatum
2805 5551 2940 5594 cum
2979 5551 3149 5594 cruce
3195 5535 3564 5614 superposita
3591 5539 3649 5598 et
