3970 6218
343 182 493 249 1251

1378 187 1773 248 APPENDIX
1821 189 1925 250 AD
1971 188 2230 251 OPERA
2274 190 2713 257 HUMBERTI.

3580 196 3739 262 1252

342 321 745 391 designatione
769 316 876 370 loci
912 318 1006 370 ubi
1042 334 1178 371 cusa
1210 323 1295 371 est
1328 323 1579 383 moneta,
1612 321 1981 374 Banm’aciaco
2013 328 2063 392 Α
2096 322 2460 381 Eucharistia
2502 325 2559 379 in
2605 326 2883 384 calicibus
2930 328 3245 402 aliquando
3293 330 3369 387 sit
3413 335 3734 388 asservata.

340 410 580 475 scilicet,
613 406 710 476 qui
747 404 907 459 locus
940 405 1137 457 itidem
1164 405 1219 457 in
1244 405 1432 459 tribus
1456 405 1585 458 aliis
1610 407 1733 474 jam
1770 422 1983 461 memo-

340 497 500 562 ratis,
534 496 723 549 tribus
755 492 1034 543 duntaxat
1065 493 1358 560 prioribus
1382 492 1591 547 litteris
1617 494 1978 564 exprimitur,

338 602 456 637 una
487 599 619 637 cum
652 579 825 633 verbo
861 578 1227 645 Garalclano;
1258 596 1325 634 ex
1347 580 1462 635 alia
1482 597 1615 634 vero
1643 587 1804 651 parte
1827 583 1980 653 regis

336 670 587 739 efﬁgiem
622 670 993 737 repraesentat
1024 683 1156 721 cum
1189 668 1295 721 hac
1328 668 1741 739 inscriptione:
1780 670 1978 725 Chari—

335 758 518 812 bertu:
552 772 669 811 mc.
704 754 962 808 Alterum
995 761 1407 827 argumentum
1454 761 1559 823 est,
1591 758 1745 828 quod
1778 757 1977 813 Chari-

332 846 495 900 berto
529 848 803 915 regnante
835 847 1007 913 atque
1040 850 1276 899 curante
1299 844 1654 900 celebratum
1678 850 1767 900 est
1789 848 1977 901 conci-

330 932 474 988 lium
510 932 833 988 secundum
889 932 1226 988 Turonense
1260 951 1410 989 anno
1440 936 1565 1001 566,
1600 951 1713 1006 quo
1748 934 1804 988 in
1838 951 1973 990 con-

329 1020 463 1075 cilio
497 1021 718 1086 Patres,
752 1036 975 1075 canone
996 1022 1046 1085 3,
1074 1026 1328 1077 statuere
1355 1045 1381 1070 «
1412 1027 1476 1076 ut
1506 1039 1713 1093 corpus
1742 1022 1972 1078 Domini

326 1108 387 1164 in
420 1109 589 1165 altari
622 1126 735 1164 non
768 1108 825 1162 in
866 1108 1211 1181 imaginario
1252 1110 1473 1175 ordine,
1507 1111 1606 1165 sed
1640 1110 1750 1164 sub
1781 1110 1970 1165 crucis

326 1197 497 1252 titulo
546 1200 1009 1269 componatur.»
1063 1200 1185 1261 Quo
1234 1214 1300 1251 ex
1348 1197 1472 1251 loco
1510 1198 1598 1251 vir
1626 1197 1966 1267 antiquaria!

326 1285 408 1341 rei
440 1286 914 1342 studiosissimus
958 1280 1555 1355 colligit'Chariberto
1586 1284 1873 1355 placuisse
1904 1288 1968 1338 ut

323 1374 383 1429 in
418 1374 762 1429 memoriam
800 1374 978 1442 hujus
1011 1372 1211 1425 statuti
1245 1388 1306 1426 se
1346 1376 1690 1443 procurante
1722 1372 1962 1439 conditi,

325 1469 571 1517 monetae
600 1462 767 1533 regis:
797 1460 973 1515 calice
993 1465 1195 1513 ansato
1219 1476 1352 1513 cum
1377 1460 1582 1515 hostiis
1608 1459 1965 1531 insigniren-

322 1554 436 1615 tur,
470 1566 537 1603 eo
568 1549 789 1605 scilicet
812 1548 982 1602 modo
1009 1564 1124 1618 quo
1155 1548 1580 1603 Eucharistiam
1604 1549 1659 1603 in
1684 1548 1966 1606 calicibus

320 1636 541 1692 ansatis
572 1637 646 1691 ab
676 1653 741 1691 eo
763 1640 1023 1705 tempore
1044 1640 1400 1691 asservatam
1423 1637 1603 1692 fuisse
1629 1639 1963 1695 Boterovius

319 1726 562 1797 probare
592 1721 862 1779 intendit.
886 1697 1033 1788 .Quaa
1056 1726 1254 1780 omnia
1278 1726 1325 1781 si
1343 1730 1498 1781 certa
1516 1727 1657 1795 sint,
1682 1727 1816 1782 inde
1838 1744 1966 1799 pio-
1996 1697 2044 1762 B

316 1812 506 1868 babile
555 1812 843 1869 habemus
900 1819 1317 1885 argumentum
1381 1815 1607 1870 oblatas
1668 1814 1880 1870 saeculo
1908 1832 1965 1871 v1

316 1906 520 1955 tenues
553 1917 619 1955 ac
649 1902 932 1967 modicas,
965 1902 1167 1973 quales
1200 1904 1317 1958 fere
1351 1904 1522 1959 modo
1556 1903 1864 1970 habemus,
1898 1921 1963 1960 ac

316 1988 557 2060 proinde
590 1988 1028 2046 infermentatas
1059 1992 1256 2046 fuisse.
1764 1982 1769 1986 ’

386 2097 621 2159 Verum,
656 2102 719 2150 ut
749 2096 858 2151 hac
890 2098 959 2151 de
987 2115 1045 2153 re
1076 2099 1264 2153 dicam
1311 2099 1466 2170 quod
1497 2100 1703 2161 sentio,
1737 2102 1957 2153 certum

316 2184 459 2239 mihi
483 2184 708 2239 videtur
731 2186 917 2256 primo
940 2187 1174 2256 quidem
1201 2187 1408 2242 calices
1432 2187 1757 2258 antiquitus
1778 2186 1957 2241 fuisse

315 2278 574 2338 ansatos,
607 2277 672 2328 ut
711 2272 912 2328 multis
941 2275 1147 2344 probat
1176 2276 1535 2345 Boterovius,
1556 2280 1682 2329 tum
1714 2292 1782 2330 ex
1810 2277 1957 2330 Ana-

314 2362 494 2416 stasio
526 2362 762 2433 vulgato
807 2362 863 2415 in
915 2362 1105 2417 Gestis
1159 2363 1501 2433 pontiﬁcum
1534 2364 1951 2430 Romanorum,

316 2454 439 2503 tum
474 2465 542 2503 ex
572 2449 720 2504 aliis.
773 2450 877 2512 Qui
938 2466 1067 2505 mos
1122 2451 1253 2505 inde
1300 2452 1489 2505 forsan
1525 2451 1955 2523 promanaverit

315 2538 468 2609 quod
503 2538 667 2605 calix,
701 2556 814 2610 quo
849 2538 1116 2593 Christus
1148 2539 1430 2593 Dominus
1461 2539 1519 2592 in
1554 2538 1759 2593 ultima
1790 2556 1954 2595 cmna

314 2644 458 2681 usus
487 2632 593 2692 est,
626 2632 851 2682 ansatus
883 2627 1063 2682 fuisse
1105 2626 1443 2698 perhibetur
1471 2628 1623 2698 apud
1660 2629 1950 2683 Adamna-

312 2732 453 2770 num
485 2715 776 2771 Hiiensem
811 2716 1161 2771 monachum
1194 2716 1250 2769 in
1276 2715 1377 2769 lib.
1410 2721 1525 2770 ibe
1549 2716 1687 2771 locis
1710 2717 1947 2785 sanctis,

310 2818 436 2873 cap.
468 2806 521 2858 8.
557 2804 779 2858 Locum’
801 2804 914 2859 huc
945 2804 1232 2859 ascribam
1267 2805 1324 2858 in
1378 2804 1627 2877 gratiam
1655 2806 1951 2861 studioso-

308 2906 477 2946 rum:
513 2913 541 2941 ‹‹
575 2892 728 2947 Inter
749 2892 909 2946 illam
934 2910 1165 2964 quoque
1191 2891 1615 2964 Golgothanam
1647 2893 1949 2948 basilicam

311 2984 369 3035 et
397 2981 763 3052 martyrium,
814 2982 1081 3051 quazdam
1132 2982 1283 3037 inest
1328 2983 1554 3049 exedra,
1604 2982 1662 3037 in
1712 2999 1827 3054 qua
1863 2986 1951 3037 est

2092 410 2237 465 Nam
2272 416 2372 467 aut
2403 412 2459 467 in
2493 414 2795 483 turricula,
2828 422 2930 472 aut
2958 418 3017 473 in
3041 418 3314 475 columba
3337 423 3613 493 argentea
3643 435 3737 476 re-

2090 499 2227 569 poni
2258 500 2502 557 solebat.
2566 502 2838 577 Legimus
2888 506 3127 578 quidem
3182 509 3336 581 apud
3389 508 3738 583 Gregorium

2090 587 2489 647 Turonensem
2523 591 2860 665 episcopum
2907 595 2966 649 in
3008 595 3109 652 lib.
3144 614 3160 651 1
3192 597 3263 653 de
3291 596 3483 653 Gloria
3514 602 3738 670 marty-

2087 691 2244 745 rum,
2275 694 2401 751 cap.
2443 680 2529 745 47,
2594 681 2833 737 calicem
2893 683 3296 756 crystallinum
3356 685 3457 757 qui
3513 686 3739 742 fractus

2088 764 2295 836 fuerat,
2316 767 2547 824 diaconi
2564 770 2824 827 oratione
2845 776 3261 845 restauratum,
3276 774 3450 845 jussu
3472 773 3735 847 episcopi

2083 868 2401 925 suspensum
2419 872 2583 928 super
2601 858 2779 912 altare
2799 858 3000 929 fuisse,
3020 862 3262 933 ejusque
3283 861 3363 917 rei
3383 860 3730 917 memoriam

2083 957 2278 997 annua
2324 943 2634 999 festivitate
2677 947 2993 1017 quotannis
3042 948 3411 1006 celebratam.
3462 953 3549 1005 An
3592 966 3729 1006 vero

2081 1029 2446 1086 Eucharistia
2476 1032 2534 1085 in
2566 1048 2632 1087 eo
2676 1040 3094 1105 asservaretur,
3126 1056 3240 1095 non
3272 1037 3475 1110 liquet.
3508 1037 3731 1094 Clarior

2077 1120 2165 1171 est
2194 1117 2356 1172 locus
2377 1117 2437 1172 in
2462 1118 2652 1174 Gestis
2674 1120 2931 1193 Gregorii
2953 1140 3114 1196 papae
3138 1126 3293 1182 tertii
3313 1126 3413 1199 qui
3438 1126 3728 1183 «calicem

2077 1219 2260 1258 unum
2298 1209 2638 1275 argenteum
2670 1208 2770 1278 qui
2792 1212 3023 1279 pendet,
3059 1234 3086 1261 »
3120 1213 3311 1284 inquit
3342 1218 3564 1284 auctor,
3602 1237 3629 1266 «
3663 1214 3725 1270 in

2074 1291 2274 1360 apside
2306 1293 2564 1360 oratorii,
2588 1315 2616 1344 »
2652 1294 2881 1351 dedisse
2903 1298 3267 1369 perhibetur,
3291 1318 3407 1357 non
3431 1302 3636 1371 alium,
3663 1304 3734 1358 ut

2072 1376 2321 1444 videtur,
2354 1381 2425 1435 ad
2459 1398 2655 1448 usum,
2690 1399 2865 1459 quam
2897 1386 2968 1440 ad
3002 1387 3461 1445 sacratissimam
3491 1390 3722 1448 Eucha-

2074 1466 2300 1522 ristiam
2332 1470 2809 1526 consecrandam.

2252 1656 2575 1727 Emplicatur
2603 1673 2777 1712 canon
2802 1658 2835 1712 3
2864 1660 3084 1715 concilii
3113 1678 3154 1715 II
3189 1663 3536 1720 Turonensis.

2146 1807 2213 1861 Et
2242 1808 2718 1880 quandoquidem
2767 1810 2881 1865 huc
2925 1811 3155 1866 devenit
3201 1814 3404 1883 oratio,
3448 1816 3717 1887 quaedam

2072 1894 2380 1952 observem
2405 1897 2574 1966 juvat
2604 1898 2676 1953 ad
2715 1897 3254 1970 interpretationem
3288 1903 3529 1961 canonis
3558 1905 3715 1961 tertii

2071 1983 2300 2039 concilii
2330 1986 2709 2053 Turonensis,
2755 2003 2871 2057 quo
2918 1987 3272 2061 praecipitur,
3327 2012 3358 2042 «
3408 1995 3474 2046 ut
3502 2009 3715 2066 corpus

2069 2070 2299 2127 Domini
2332 2073 2391 2127 in
2422 2074 2609 2141 altari,
2656 2089 2772 2129 non
2818 2075 3165 2147 imaginario
3213 2079 3437 2147 ordine,
3471 2082 3571 2138 sed
3602 2083 3713 2138 sub

2069 2161 2256 2214 crucis
2288 2160 2457 2216 titulo
2503 2166 2905 2234 componatur.
2960 2186 2986 2212 »
3035 2165 3231 2221 Canon
3290 2167 3399 2223 iste
3452 2171 3715 2228 eruditos

2066 2246 2219 2302 viros
2232 2249 2588 2319 jamdudum
2610 2254 2845 2322 torquet
2859 2257 3166 2325 versatque
3183 2255 3242 2309 in
3263 2255 3454 2313 varias
3481 2263 3710 2329 partes;

2065 2335 2135 2390 de
2156 2352 2270 2406 quo
2285 2340 2350 2391 ut
2367 2336 2637 2392 nonnihil
2655 2338 2869 2406 dicam,
2887 2341 3209 2397 notandum
3228 2347 3317 2399 est
3333 2343 3393 2399 in
3410 2345 3717 2404 nonnullis

2064 2424 2365 2480 codicibus
2423 2426 2629 2482 abesse
2675 2428 3118 2499 praepositiones
3150 2454 3179 2481 «
3220 2431 3280 2486 in
3317 2454 3344 2481 ››
3375 2436 3433 2489 et
3462 2435 3646 2491 «sub.
3681 2457 3714 2487 κ

2061 2512 2703 2585 Deindeimaginarium
2720 2515 2985 2571 ordinem
2999 2533 3135 2573 eum
3158 2534 3286 2575 esse
3308 2521 3409 2591 qui
3434 2521 3714 2596 imagini-

2061 2601 2171 2656 bus
2184 2601 2367 2656 sacris
2382 2601 3077 2673 vulgotribuebatur.Quo
3089 2607 3148 2662 in
3166 2622 3345 2665 sensu
3369 2631 3396 2659 ‹‹
3420 2609 3712 2684 imagina-

2058 2688 2145 2744 ria
2175 2689 2402 2760 pictura
2435 2712 2462 2739 ι)
2493 2690 2708 2745 dicitur
2731 2693 2887 2764 apud
2916 2695 3296 2752 Anastasium
3333 2696 3394 2753 in
3439 2698 3710 2759 versione

2061 2778 2303 2833 secundi
2334 2778 2564 2833 concilii
2594 2779 2828 2835 Nicznni.

2128 2884 2258 2940 Jam
2291 2884 2347 2939 in
2381 2885 2490 2941 hoc
2514 2902 2732 2942 canone
2763 2886 3106 2960 explicando
3140 2891 3381 2948 diversae
3412 2898 3552 2951 sunt
3574 2912 3707 2952 sen-

2058 2974 2256 3030 tentiae
2284 2976 2422 3030 tres.
2458 2975 2650 3030 Prima
2679 2976 2932 3032 Severini
2964 2977 3113 3033 Binii
3161 2980 3411 3038 dicentis
3455 2982 3704 3041 hoc’de-

311 3067 459 3123 calix
490 3069 737 3137 Domini,
772 3085 946 3140 quem
972 3085 1003 3122 a
1034 3085 1095 3124 se
1118 3070 1489 3125 benedictum
1514 3070 1747 3142 propria
1769 3087 1944 3125 manu
1979 3059 2021 3125 C
2059 3066 2214 3118 οωῐο
2246 3062 2538 3135 ρνοὺίὺθτί
2589 3086 2616 3111 (ί
2651 3081 2722 3120 ne
2770 3081 2985 3137 σονρυε
3032 3066 3264 3123 Domini
3312 3069 3465 3126 inter
3503 3088 3703 3130 sacras

304 3156 365 3212 in
399 3172 560 3211 caena
591 3155 777 3227 pridie
808 3174 983 3229 quam
1036 3162 1347 3229 pateretur,
1386 3160 1511 3230 ipse
1542 3159 1779 3214 conviva
1809 3175 1945 3229 apo-

305 3243 471 3299 stolis
522 3244 766 3299 tradidit
795 3245 1256 3314 convivantibus,
1301 3247 1399 3319 qui
1457 3252 1767 3319 argenteus
1798 3247 1947 3303 calix

302 3332 536 3387 sextarii
560 3332 765 3388 Gallici
789 3350 1126 3390 mensuram
1151 3335 1394 3403 habens,
1420 3336 1683 3407 duasque
1705 3336 1944 3393 ansulae

302 3420 360 3476 in
382 3438 445 3477 se
466 3438 534 3477 ex
556 3426 803 3494 utraque
826 3427 988 3495 parte
1010 3422 1357 3481 altrinsecus
1383 3426 1686 3480 continens
1709 3442 1943 3497 compo-

301 3510 465 3566 sitas.
498 3532 526 3561 η
561 3511 690 3566 Haec
715 3512 1095 3568 Adamnanus
1126 3517 1259 3568 ante
1300 3530 1486 3569 annos
1519 3515 1633 3569 fere
1665 3514 1821 3570 mille
1853 3531 1944 3569 re-

297 3598 433 3654 tulit
461 3616 529 3655 ex
561 3600 891 3655 narratione
939 3601 1153 3656 Arcultl
1212 3601 1493 3657 Gallicani
1525 3603 1806 3675 episcopi,
1840 3603 1940 3674 qui

297 3687 537 3744 calicem
567 3689 744 3744 istum
779 3695 1173 3762 conspexerat.

367 3795 634 3850 Secundo
666 3800 887 3851 certum
938 3797 1082 3851 mihi
1124 3796 1351 3852 videtur
1380 3799 1738 3855 numismata
1770 3817 1802 3855 a
1834 3801 1939 3855 Bo-

294 3884 513 3939 terovio
543 3884 798 3939 exhibita
826 3902 955 3940 vere
995 3902 1122 3940 esse
1174 3886 1494 3942 Chariberti
1547 3888 1719 3960 regis,
1754 3906 1942 3960 quan-

296 3972 612 4045 doquidem
637 3973 753 4029 alia
773 3973 942 4045 plura
965 3975 1230 4044 ejusdem
1250 3975 1479 4047 generis
1502 3976 1687 4048 ipsius
1706 3978 1942 4035 nomine

296 4061 531 4134 signata
555 4062 849 4118 videntur.

367 4168 560 4223 Tertio
589 4185 752 4240 asque
784 4168 1149 4240 exploratum
1182 4174 1342 4240 puto,
1376 4170 1435 4225 in
1466 4170 1585 4227 illis
1619 4173 1942 4230 numisma-

293 4255 453 4310 tibus
484 4271 681 4311 revera
710 4257 919 4312 calices
950 4262 1187 4312 ansatos
1233 4261 1656 4330 repraesentari,
1690 4264 1940 4320 maxime

294 4343 433 4415 quia
463 4343 724 4415 plerique
756 4345 990 4417 signum
1022 4346 1211 4401 crucis
1242 4350 1677 4419 superpositum
1700 4350 1935 4423 habent,

2055 3149 2342 3223 imagines
2373 3168 2548 3223 super
2571 3151 2737 3207 altari
2762 3153 2897 3225 poni
2920 3154 3143 3221 solitas,
3167 3158 3270 3213 sed
3295 3159 3492 3231 potius
3523 3161 3702 3218 collo-

2054 3245 2217 3296 cetur
2236 3240 2345 3295 sub
2362 3239 2490 3311 ipsa
2505 3255 2694 3309 cruce,
2716 3257 2841 3312 quae
2863 3242 2921 3296 in
2944 3244 3272 3302 meditullio
3289 3246 3478 3319 ipsius
3498 3249 3702 3309 altaris

2053 3328 2187 3401 poni
2211 3328 2527 3383 consuevit.
2555 3350 2584 3380 »
2608 3327 2805 3385 Altera
2827 3335 2917 3386 est
2932 3331 3135 3388 Jacobi
3159 3333 3460 3391 Sirmundi
3482 3337 3544 3392 in
3564 3354 3698 3410 cap.

2052 3418 2085 3471 4
2115 3416 2559 3488 Disquisitionis
2582 3418 2652 3474 de
2673 3434 2895 3488 azymo,
2919 3421 3214 3477 censentis
3236 3421 3383 3478 nihil
3405 3423 3565 3480 aliud
3586 3424 3699 3483 hoc

2051 3520 2270 3560 canone
2301 3521 2476 3577 quam
2514 3529 2534 3555 α
2572 3511 2637 3561 ut
2666 3507 2833 3578 panis
2863 3508 2924 3563 in
2976 3525 3187 3582 corpus
3218 3511 3448 3567 Domini
3497 3529 3701 3571 conse-

2051 3594 2324 3661 crandus,
2380 3610 2497 3649 non
2551 3594 2717 3650 aliter
2763 3613 2867 3667 pro
2910 3597 3198 3669 cujusque
3246 3599 3485 3657 arbitrio
3515 3617 3697 3673 quam

2050 3682 2341 3753 impressa
2367 3698 2539 3738 cruce
2588 3684 2888 3740 formetur.
2923 3708 2951 3735 ››
2983 3687 3178 3743 Tertia
3207 3692 3297 3745 est
3323 3688 3432 3744 viri
3473 3690 3703 3748 doctis-

2052 3768 2207 3835 simi,
2241 3769 2337 3841 qui
2372 3768 2669 3826 existimat
2723 3770 2879 3826 hunc
2932 3787 3212 3828 canonem
3245 3774 3696 3849 intelligendum

2049 3874 2179 3914 esse
2208 3858 2280 3913 de
2310 3860 2714 3931 componenda
2741 3859 3031 3917 oblatione
3061 3878 3193 3918 cum
3226 3863 3403 3920 calice
3433 3869 3695 3937 tempore

2050 3946 2321 4003 sacrificii
2353 3963 2383 4002 e
2415 3947 2650 4020 regione
2686 3948 2877 4005 crucis
2930 3950 2988 4004 in
3049 3952 3240 4007 medio
3271 3951 3438 4009 altari
3469 3954 3693 4025 positas,

2051 4052 2165 4091 non
2196 4051 2329 4090 vero
2360 4035 2433 4091 ad
2467 4037 2765 4093 dexteram
2798 4042 2901 4094 aut
2940 4038 3014 4093 ad
3062 4038 3364 4095 sinistram
3395 4056 3427 4095 e
3456 4042 3694 4113 regione

2048 4124 2397 4197 Maginum.

2121 4229 2233 4285 Sed
2257 4234 2321 4285 ut
2350 4230 2600 4302 ingenue
2631 4234 2886 4287 mentem
2919 4245 3107 4285 meam
3149 4230 3427 4303 aperiam,
3458 4231 3692 4289 videtur

2049 4335 2233 4375 canon
2266 4319 2362 4374 ille
2422 4335 2610 4391 neque
2668 4319 2740 4374 de
2797 4316 3215 4389 compositione
3267 4319 3436 4391 panis
3476 4320 3693 4377 eucha-

293 4405 352 4489 et
374 4450 527 4487 unus
551 4433 788 4504 quidem
809 4405 947 4488 cum
974 4405 1473 4508 monograminate
1494 4438 1709 4494 Christi
1730 4405 1938 4513 adjun:
1969 4424 2017 4489 D
2048 4411 2255 4513 nihil?
2283 4421 2523 4513 ,F‘93Pf’,
2540 4405 3381 4513 f‘f_,°f‘f‘_‘if’__q_‘3f‘f‘__tj"29°’°
3419 4409 3696 4513 “cutio”

295 4528 408 4579 cto.

365 4612 581 4675 Quarto
614 4629 959 4683 persuasum
992 4612 1169 4668 etiam
1203 4614 1343 4669 mihi
1372 4620 1478 4685 est,
1514 4634 1793 4675 canonem
1825 4625 1939 4677 ter-

292 4701 440 4756 tium
473 4701 702 4756 concilii
732 4703 1090 4759 Turonensis
1112 4705 1181 4759 de
1203 4708 1555 4762 asservanda
1578 4709 1943 4768 Eucharistia

292 4786 793 4862 interpretandum
828 4808 975 4848 esse.

370 4900 444 4952 At
472 4914 607 4953 vero
641 4915 758 4954 non
787 4900 866 4954 ita
898 4906 1266 4972 perspectum
1291 4902 1476 4958 habeo
1499 4922 1571 4959 an
1595 4906 1825 4962 minimi
1856 4908 1939 4964 illi

296 4984 519 5053 circuli,
557 4986 656 5057 qui
704 4987 984 5045 calicibus
1031 4991 1251 5045 ansatis
1292 4999 1789 5064 superponuntur,
1822 4996 1941 5052 sint

294 5090 442 5128 vera:
475 5074 699 5131 oblatae.
734 5077 857 5133 Non
893 5079 1046 5149 quod
1082 5079 1139 5133 id
1172 5079 1316 5134 mihi
1341 5082 1576 5138 omnino
1599 5085 1715 5139 veri
1747 5085 1941 5141 simile

296 5180 411 5218 non
444 5162 726 5233 videatur,
760 5167 859 5221 sed
885 5168 1036 5239 quod
1063 5168 1303 5225 artiﬁcis
1326 5169 1615 5243 imperitia
1634 5190 1746 5229 non
1770 5173 1941 5246 plane
1975 5196 1989 5213 ι

297 5267 421 5306 rem
454 5252 638 5307 oculis
671 5254 957 5312 exhibeat.
990 5258 1188 5329 Neque
1237 5258 1392 5314 enim
1425 5262 1659 5318 animus
1689 5268 1778 5318 est
1808 5262 1940 5336 plus

297 5338 572 5412 ponderis
601 5340 737 5397 dare
781 5346 1140 5415 argumentis
1171 5365 1348 5419 quam
1395 5365 1463 5405 ea
1492 5366 1607 5422 prae
1638 5368 1700 5408 se
1732 5352 1938 5410 ferant.

368 5443 587 5509 Deinde
618 5448 915 5512 nonnullis
945 5452 1122 5512 etiam
1152 5454 1398 5516 dubium
1440 5456 1621 5520 videri
1650 5461 1838 5539 possit
1866 5481 1939 5527 an

2050 4494 2264 4551 oblatio
2281 4498 2475 4550 tenere
2492 4494 2680 4560 debet,
2696 4491 2968 4564 explicari
2982 4508 3173 4565 posse.
3192 4495 3497 4567 Nusquam
3511 4497 3695 4570 enim,

2051 4584 2101 4640 si
2130 4601 2243 4641 non
2276 4582 2462 4651 fallor,
2496 4581 2872 4637 Eucharistia:
2904 4598 3114 4638 nomen
3138 4584 3293 4656 apud
3313 4590 3556 4655 veteres,
3579 4587 3697 4644 nisi

2051 4690 2155 4745 pro
2174 4672 2368 4728 hostia
2382 4674 3068 4743 consecratausurpatur.
3082 4672 3490 4745 Etantiquitus
3501 4676 3699 4733 oblata

2051 4759 2318 4817 sacriﬁcii
2349 4764 2631 4830 tempore,
2651 4775 2767 4813 non
2798 4759 3001 4815 ordine
3023 4766 3179 4817 recto
3199 4778 3232 4817 e
3249 4763 3483 4835 regione
3503 4765 3698 4821 crucis

2051 4847 2319 4920 componi
2352 4845 2594 4914 solebat,
2629 4847 2731 4902 sed
2775 4848 2846 4903 ad
2878 4847 3179 4905 sinistram
3220 4855 3444 4922 partem
3473 4852 3699 4924 calicis,

2046 4953 2155 4992 seu
2188 4935 2380 5008 potius
2412 4932 2559 4989 calix
2591 4957 2619 4985 «
2652 4935 2725 4990 ad
2757 4936 3059 4992 dexterum
3090 4936 3247 4995 lat'us
3277 4938 3503 5009 oblatas,
3526 4941 3701 5013 quasi

2050 5024 2396 5097 sanguinem
2419 5023 2653 5079 Domini
2675 5030 3085 5097 suscepturus,
3106 5044 3283 5099 quam
3304 5028 3375 5085 de
3396 5027 3575 5087 latere
3599 5035 3703 5088 Do-

2051 5112 2263 5169 minico
2286 5111 2633 5185 proﬂuxisse
2656 5114 3008 5183 credimus,»
3033 5119 3098 5170 ut
3113 5133 3182 5171 ex
3202 5117 3414 5174 Ordine
3436 5118 3699 5177 Romano

2051 5201 2251 5259 scribit
2282 5200 2654 5275 Micrologus,
2704 5206 2761 5258 et
2801 5220 2937 5260 cum
2980 5221 3047 5261 eo
3094 5206 3349 5263 Joannes
3387 5207 3699 5282 episcopus

2048 5289 2504 5347 Abrincatensis.
2558 5291 2921 5365 Quapropter
2970 5295 3390 5367 praeferendam
3430 5297 3698 5357 existimo

2050 5379 2401 5438 sententiam
2420 5380 2674 5454 primam
2700 5400 2713 5451 ;
2740 5382 2797 5437 in
2820 5399 2938 5455 qua
2956 5387 3152 5441 tamen
3174 5383 3435 5458 scrupuli
3456 5386 3699 5463 quidam

2052 5469 2199 5533 mihi
2229 5473 2455 5535 restant
2483 5486 2630 5552 quos
2657 5469 2753 5531 hic
2784 5470 3076 5535 discutere
3104 5473 3375 5537 conabor.
