3970 6218
196 265 228 325 1
240 262 365 323 253

1184 252 1635 317 MABILLONII
1681 247 2154 325 DISQUISITIO
2196 250 2299 312 DE
2342 248 2637 312 AZYMO.

3455 250 3609 309 1254

281 393 421 449 Due
454 392 594 447 sunt
614 385 992 443 difﬁcultates
1026 402 1151 458 quae
1175 386 1330 443 hunc
1352 404 1633 444 canonem
1666 387 1854 459 primo
1886 394 1938 461 Α
1969 384 2170 441 minici
2200 383 2459 455 corporis
2505 382 2848 461 habebatur,
2885 404 2911 431 ››
2954 380 3161 437 tulisse
3207 381 3423 437 dicitur
3454 402 3482 430 «
3539 382 3612 438 ad

203 481 313 538 illo
351 480 527 536 modo
548 475 900 548 explicatum
928 473 1250 547 implicant.
1286 477 1621 548 Prima,quo
1652 476 1711 531 in
1732 475 1857 531 loco

206 570 545 642 prostarent
592 568 733 620 tunc
790 563 1070 634 temporis
1109 562 1394 635 imagines
1440 564 1499 619 in
1542 563 1857 629 Ecclesiis;

208 657 401 713 altera
430 671 546 727 quo
569 653 685 708 ritu
706 649 1073 707 Eucharistia
1112 673 1139 702 «
1187 652 1297 707 sub
1337 653 1527 707 crucis
1579 651 1746 707 titulo
1800 652 1859 705 in

210 744 383 802 altari
419 766 448 793 »
479 744 947 814 componeretur.

288 834 377 888 Ad
428 832 705 905 primam,
765 828 1113 884 crediderim
1162 828 1299 883 totis
1359 829 1557 884 decem
1596 828 1861 884 Ecclesia:

214 920 449 979 saeculis
481 920 771 990 imagines
805 934 999 972 sacras
1021 918 1139 972 aris
1171 934 1285 973 non
1318 916 1497 973 fuisse
1528 918 1860 989 impositas.

214 1013 494 1068 Testatur
516 1013 625 1063 Leo
657 1024 807 1078 papa
838 1009 1083 1078 quartus
1114 1006 1172 1060 in
1204 1005 1446 1061 homilia
1475 1007 1729 1077 quadam
1772 1006 1864 1060 his

215 1099 439 1156 verbis:
476 1121 503 1148 ‹‹
527 1098 715 1168 Super
739 1095 920 1150 altare
942 1094 1085 1149 nihil
1110 1097 1381 1165 ponatur,
1403 1094 1517 1150 nisi
1567 1112 1752 1166 capsae
1812 1101 1868 1149 et

218 1186 501 1260 reliquiae,
532 1189 633 1240 aut
664 1185 807 1239 forte
863 1188 1113 1256 quatuor
1163 1182 1495 1255 Evangelia,
1542 1188 1599 1237 et
1655 1183 1871 1237 buxida

220 1293 357 1333 cum
389 1290 631 1348 corpore
652 1273 883 1328 Domini
915 1273 986 1328 ad
1003 1272 1279 1328 viaticum
1328 1271 1617 1339 infirmis;
1665 1277 1871 1327 caetera

221 1364 284 1421 in
308 1364 490 1421 nitido
519 1363 645 1418 loco
675 1361 1116 1417 recondantum
1154 1362 1367 1416 Eadem
1425 1360 1601 1416 verba
1665 1360 1872 1433 repetit

227 1452 537 1509 Ratherius
549 1449 903 1506 Veronensis
920 1449 1229 1521 episcopus
1244 1448 1300 1503 in
1321 1449 1597 1521 synodica
1609 1450 1872 1504 oratione

229 1543 300 1600 ad
333 1541 702 1615 presbyteros
733 1555 891 1595 suos.
945 1537 1139 1594 Flores
1174 1542 1369 1594 tamen
1412 1537 1586 1593 etiam
1618 1560 1648 1587 «
1697 1555 1875 1610 super

232 1629 414 1686 altare
444 1653 472 1679 »
522 1629 744 1702 positos
788 1627 994 1699 probat
1045 1626 1361 1682 Venantius
1410 1627 1760 1682 Fortunatus
1813 1627 1872 1682 in

231 1718 467 1789 lib.vm,
499 1716 752 1773 carmine
781 1719 834 1771 8.
863 1716 931 1770 Et
960 1731 1103 1771 crux
1152 1732 1329 1787 super
1384 1714 1563 1772 altare
1621 1716 1875 1788 pendere

229 1806 475 1873 solebat,
523 1810 669 1861 teste
724 1804 997 1877 Gregorio
1047 1803 1394 1870 Turonensi,
1446 1810 1649 1877 prazter
1706 1805 1873 1863 alios.

231 1895 353 1951 Etsi
384 1910 517 1949 vero
545 1892 1003 1964 scrinia,quibus
1029 1897 1362 1948 sanctorum
1389 1892 1642 1965 reliquias
1698 1893 1880 1950 inclu-

235 1983 808 2053 duntur,imaginum
822 1981 943 2036 loco
962 1981 1162 2036 haberi
1180 1979 1427 2052 possint,
1443 1986 1877 2038 constattamen

234 2070 513 2142 reliquias
542 2086 760 2136 sacras,
786 2086 850 2123 ac
883 2069 1122 2140 proinde
1152 2067 1487 2139 reliquiaria
1534 2069 1678 2141 ipsa,
1704 2087 1882 2144 super

233 2158 413 2217 altare
446 2158 638 2229 posita
666 2157 757 2212 vix
786 2157 966 2211 fuisse
1009 2162 1141 2211 ante
1182 2155 1459 2211 swculum
1501 2175 1743 2225 nonum,
1795 2161 1879 2214 uti

234 2247 379 2304 alias
395 2245 787 2301 demonstravi
818 2244 877 2299 in
910 2245 1247 2316 przel‘atione
1274 2243 1471 2300 saeculi
1498 2248 1741 2302 secundi
1776 2253 1877 2302 Be-

237 2334 537 2392 nedictini.
570 2335 651 2389 Ex
710 2334 927 2406 quibus
982 2332 1332 2405 intelligitur
1386 2338 1647 2406 tempore
1696 2336 1882 2391 habiti

235 2422 466 2480 concilii
498 2422 856 2478 Turonensis
877 2421 1163 2494 imagines
1188 2422 1245 2475 in
1276 2420 1559 2478 altaribus
1607 2440 1721 2479 non
1787 2424 1884 2480 ha-

236 2513 437 2569 buisse
450 2510 929 2582 locum.Ubiergo
952 2511 979 2565 ?
1012 2510 1227 2583 inquis.
1263 2514 1428 2566 Certe
1458 2511 1517 2566 in
1544 2511 1882 2580 batisteriis,

238 2601 301 2658 in
332 2599 772 2658 secretariisseu
795 2599 1081 2655 sacristiis
1113 2604 1282 2670 (quas
1328 2602 1649 2671 vocamus),
1670 2600 1729 2655 in
1754 2619 1887 2674 por-

238 2689 475 2758 ticibus,
508 2689 567 2742 in
595 2687 915 2760 parietibus
947 2692 1003 2742 et
1024 2686 1409 2759 ilaquearibus
1458 2688 1681 2760 templi.
1744 2690 1892 2745 Ima-

242 2778 411 2851 gines
436 2778 495 2832 in
527 2775 867 2848 baptisterio
898 2774 1206 2831 collocatas
1235 2792 1270 2830 a
1299 2776 1504 2831 Severo
1527 2776 1706 2833 fuisse
1722 2778 1890 2834 docet

244 2870 485 2923 sanctus
509 2863 789 2920 Paulinus
811 2864 1121 2935 episcopus
1153 2862 1211 2918 in
1232 2863 1481 2935 epistola
1508 2865 1573 2919 12
1593 2866 1665 2920 ad
1692 2866 1887 2938 ipsum

244 2954 481 3025 scripta.
514 2957 779 3008 Statuam
832 2952 1045 3008 Christi
1085 2951 1337 3021 Domini,
1388 2968 1514 3023 qua:
1565 2970 1599 3009 a
1646 2954 1890 3012 muliere

244 3041 550 3115 sanguinis
571 3040 851 3114 profluvio
881 3040 1125 3097 liberata
1142 3045 1333 3097 erecta
1363 3041 1568 3110 fuerat,
1596 3060 1631 3099 a
1658 3044 1887 3116 gentili-

246 3134 357 3189 bus
388 3129 946 3198 mutilatam,tideles
980 3131 1037 3185 in
1076 3130 1442 3187 diaconicum
1489 3148 1592 3188 seu
1642 3139 1888 3191 secreta-
1921 3118 1964 3185 C

246 3221 401 3276 rium
430 3218 683 3275 basilicae
717 3218 1064 3285 intulerunt,
1122 3223 1548 3291 competentem
1588 3222 1640 3277 ei
1689 3239 1889 3280 curam

244 3313 418 3380 atque
434 3308 865 3364 observantiam
888 3307 1666 3383 deferentes.Philosiorgius
1689 3318 1890 3369 auctor

241 3398 304 3454 in
328 3396 592 3453 Historias
623 3396 723 3453 lib.
748 3415 848 3465 vn,
871 3398 942 3453 de
964 3396 1233 3451 leonibus
1264 3397 1445 3453 sacris
1478 3398 1535 3454 in
1559 3400 1880 3471 porticibus

242 3485 754 3558 etinlaquearibus
767 3486 1014 3557 depictis
1032 3490 1132 3542 aut
1148 3486 1337 3542 afﬁxis
1362 3505 1376 3554 ;
1404 3487 1573 3542 testis
1607 3493 1696 3544 est
1726 3490 1881 3546 idem

245 3574 529 3632 Paulinus
558 3573 620 3627 in
651 3573 1007 3644 praelaudata
1030 3573 1312 3646 epistola;
1346 3574 1510 3631 testis
1542 3576 1678 3632 item
1719 3594 1892 3634 vene-

244 3662 454 3727 rabilis
482 3659 821 3715 Bedainlib.
858 3663 962 3717 ide
981 3662 1115 3718 Vita
1146 3663 1383 3734 Biscopi
1416 3664 1646 3720 abbatis
1672 3666 1891 3735 sui,ubi

244 3751 328 3808 ait
344 3748 658 3820 Biscopum
688 3748 873 3804 Roma
889 3749 1167 3806 detulisse
1197 3774 1224 3801 ‹‹
1258 3750 1517 3823 picturas
1565 3752 1892 3826 imaginum

249 3842 767 3909 sanctarum,quas
780 3837 851 3893 ad
884 3840 1209 3895 ornandam
1231 3838 1535 3896 ecclesiam
1559 3842 1718 3897 Beati
1741 3843 1891 3900 Petri

248 3925 497 4001 apostoli
519 3930 941 3992 construxerat,
966 3927 1281 3999 imaginem
1296 3927 1559 3985 videlicet
1587 3930 1767 3986 beatae
1790 3932 1893 3989 Dei

241 4014 543 4091 genitricis
564 4014 965 4081 Mariae,simul
992 4016 1313 4072 duodecim
1344 4017 1772 4089 apostolorum;
1791 4023 1892 4093 qui

235 4105 349 4159 bus
382 4104 637 4159 mediam
667 4104 931 4175 ejusdem
952 4102 1207 4158 ecclesiae
1238 4104 1614 4172 testudinem,
1657 4109 1831 4166 ducto
1856 4128 1891 4167 a

238 4192 459 4266 pariete
490 4192 561 4247 ad
590 4192 870 4264 parietem
900 4189 1182 4259 tabulato,
1220 4192 1617 4266 prmcingeret.
1646 4218 1674 4246 ››
1699 4198 1760 4253 Si
1794 4215 1893 4254 au-

234 4285 356 4338 tem
388 4280 723 4353 reliquiaria
755 4287 899 4354 (qua:
930 4280 1222 4353 vocamus)
1254 4280 1581 4354 imaginum
1613 4284 1736 4343 loco
1758 4304 1891 4344 cen-

237 4373 499 4439 seantur,
533 4369 654 4426 haec
684 4372 1149 4426 recondebantur
1170 4385 1235 4426 eo
1266 4375 1529 4443 tempore
1554 4374 1769 4431 subtus
1790 4380 1893 4432 aut

1969 474 2207 539 ostium,
2242 490 2391 543 squo
2422 454 2642 528 scilicet
2686 488 2755 527 ex
2802 470 3114 526 secretario
3169 470 3230 524 in
3278 471 3613 526 interiorem

1967 562 2291 625 basilicam,
2318 577 2417 616 seu
2436 561 2508 616 ad
2530 560 2722 616 locum
2740 560 2940 616 altaris
2958 559 3153 615 aditus
3173 564 3313 624 erat,
3352 583 3379 610 (ο
3396 560 3617 632 ingres-

1970 666 2188 721 susque
2210 650 2497 721 templum
2530 653 2595 704 ut
2622 666 2749 704 eam
2773 648 2942 704 altari
2974 649 3618 721 superponeret,elapsa

1969 738 2038 792 de
2061 754 2238 792 manu
2270 738 2417 807 ejus,
2453 737 2742 792 ferebatur
2762 736 2819 790 in
2850 740 3180 803 aera.»Quo
3211 737 3366 791 enim
3399 754 3466 792 ex
3489 738 3611 794 loco

1976 826 2425 881 «ministerium
2459 826 2718 897 corporis
2754 826 3032 880 Dominici
3089 847 3116 874 η
3170 826 3445 881 detulisse
3502 829 3614 883 dici

1973 919 2182 985 potest,
2208 914 2319 969 nisi
2350 931 2417 969 ex
2442 913 2798 969 secretario?
2821 915 2917 985 qui
2944 914 3107 968 locus
3132 914 3186 968 in
3211 917 3618 983 exedra(desti-

1977 1020 2112 1058 nam
2144 1004 2429 1057 vocabant
2460 1002 2727 1057 nonnulli
2756 1004 2769 1064 )
2802 1002 3054 1057 basilicae
3094 1004 3361 1058 exteriori
3418 1004 3618 1061 innixa

1975 1091 2401 1155 continebatur,
2435 1092 2504 1145 ad
2537 1092 2799 1145 dextram
2835 1090 3059 1145 scilicet
3112 1097 3333 1161 partem
3392 1092 3614 1164 altaris,

1976 1180 2225 1233 testante
2258 1178 2497 1233 Paulino
2530 1174 2585 1232 in
2620 1179 2918 1249 prrecitata
2948 1178 3195 1249 epistola
3215 1182 3283 1235 ad
3315 1182 3616 1250 Severum,

1978 1266 2079 1321 ubi
2112 1265 2370 1336 loquitur
2395 1288 2422 1313 ››
2448 1266 2518 1320 de
2539 1266 2866 1321 secretariis
2887 1267 3117 1321 duobus
3133 1268 3302 1337 juxta
3321 1272 3615 1342 apsidem»

1979 1353 2164 1422 (locus
2195 1353 2393 1408 altaris
2424 1356 2563 1421 erat)
2594 1354 2890 1424 utrimque
2917 1355 3153 1424 positis;
3188 1356 3475 1428 refertque
3496 1377 3620 1417 ver-

1980 1459 2083 1497 sus
2103 1441 2429 1497 indicantes
2455 1463 2481 1491 «
2496 1440 2688 1497 ofticia
2705 1441 3092 1513 singulorum.
3116 1464 3144 1492 ››
3161 1443 3229 1497 Et
3259 1445 3528 1514 quidemu
3548 1447 3620 1503 ad

1980 1531 2292 1586 dextram»
2318 1529 2376 1585 hi
2407 1533 2597 1586 erant:

2046 1664 2139 1731 Hie
2159 1663 2307 1731 locus
2337 1667 2417 1713 est
2434 1662 2754 1731 _venerau_da
2775 1677 2945 1726 penus
2966 1677 3071 1731 qua
3092 1664 3356 1731 conditur,
3379 1670 3430 1715 et
3457 1681 3565 1731 qua

2105 1727 2372 1776 Promitur
2400 1726 2541 1775 alma
2560 1726 2695 1776 sacri
2718 1739 2911 1790 pompa
2938 1726 3239 1776 ministerii.

1985 1851 2071 1905 Ad
2103 1850 2582 1905 sinistramerant
2622 1849 2753 1903 libri
2806 1849 2956 1904 sacri
3016 1867 3150 1906 cum
3194 1850 3306 1907 alio
3351 1853 3626 1923 disticho,

1988 1955 2322 2011 quanquam
2348 1956 2462 1993 non
2486 1938 2778 1993 immerito
2796 1938 3047 1993 dubitari
3068 1943 3257 2011 potest
3278 1958 3349 1994 an
3382 1942 3631 1998 hislocis

1990 2048 2017 2076 «
2049 2026 2439 2081 ministerium
2474 2026 2728 2097 corporis
2761 2026 3046 2081 Dominici
3070 2050 3104 2104 η
3128 2045 3230 2098 pro
3264 2029 3633 2086 Eucharistia

1989 2115 2141 2169 sumi
2175 2116 2402 2180 debeat,
2436 2132 2568 2168 cum
2604 2116 2797 2185 potius
2829 2115 2896 2179 de
2928 2132 3094 2168 sacra
3148 2115 3504 2186 supellectile
3556 2119 3630 2173 ad

1990 2204 2341 2259 sacriﬁcium
2374 2203 2649 2273 deputata
2677 2202 3121 2274 intelligendum
3153 2204 3433 2259 videatur.
3467 2205 3631 2268 Quod

1991 2292 2167 2347 etiam
2203 2291 2313 2345 dici
2354 2296 2540 2362 potest
2563 2293 2632 2345 de
2659 2315 2679 2339 «
2726 2292 2870 2345 turri
2906 2314 2931 2339 ››
2996 2290 3200 2346 Felicis
3254 2294 3633 2352 Bituricensis

1992 2380 2269 2452 episcopi,
2305 2396 2480 2450 quam
2504 2378 2700 2434 laudat
2729 2380 3080 2434 Fortunatus
3111 2379 3170 2433 in
3198 2379 3300 2435 lib.
3364 2399 3448 2448 ιιι,
3506 2400 3634 2438 car-

1995 2470 2152 2523 mins
2182 2470 2269 2522 23.
2305 2468 2618 2522 Dubitandi
2642 2469 2786 2523 ratio
2818 2467 3033 2539 petitur
3052 2469 3330 2523 exeodem
3362 2472 3637 2542 Gregorio

1995 2559 2054 2612 in
2084 2557 2185 2611 lib.
2222 2574 2259 2611 ιι
2286 2557 2357 2611 de
2400 2556 2595 2612 Gloria
2646 2562 2991 2628 martyrum,
3052 2573 3177 2628 cap.
3223 2559 3276 2626 8,
3329 2560 3499 2629 cujus
3542 2560 3637 2615 hic

1997 2646 2241 2701 titulus:
2283 2650 2389 2699 «De
2421 2646 2659 2701 interitu
2691 2663 2892 2701 eorum
2925 2644 3023 2716 qui
3054 2645 3442 2703 ministerium
3482 2648 3638 2705 basi-

1995 2734 2120 2790 lica:
2153 2739 2617 2807 exportaverunt.
2647 2758 2673 2783 »
2705 2734 2813 2789 Ubi
2846 2734 3221 2789 «ministerii»
3259 2736 3494 2792 nomine
3545 2737 3638 2792 in-

1996 2823 2208 2896 telligit
2239 2847 2265 2873 «
2304 2827 2571 2895 patenam
2621 2828 2677 2878 et
2717 2840 2938 2892 ureem,
3003 2823 3103 2894 qui
3157 2840 3308 2879 anax
3349 2824 3636 2895 dicitur,»

1997 2912 2342 2985 inquit,quae
2356 2930 2388 2967 a
2405 2912 2640 2967 nefariis
2657 2912 3012 2984 quibusdam
3027 2913 3399 2984 praedonibus
3412 2914 3644 2971 sublata

1999 3001 2219 3057 scribit.
2282 3002 2350 3056 Et
2394 3018 2601 3057 versus
2660 3000 2953 3055 Fortunati
2994 3000 3064 3055 de
3112 3000 3289 3057 calice
3332 3019 3471 3058 auro
3510 3020 3643 3060 con-

2002 3084 2190 3143 stante
2211 3091 2363 3143 recte
2394 3086 2664 3160 explicari
2688 3090 2957 3159 possunt,
2989 3104 3121 3143 cum
3157 3088 3237 3143 ita
3258 3089 3489 3146 canitin
3514 3106 3644 3146 car-

2004 3185 2160 3242 mine
2183 3187 2253 3241 de
2284 3191 2444 3241 turre
2474 3185 2680 3241 Felicis
2710 3185 2988 3258 episcOpi.

2063 3330 2177 3387 Qua
2197 3329 2343 3393 bene,
2362 3328 2550 3393 juncta
2578 3327 2784 3381 decent,
2805 3326 2995 3393 sacrati
3025 3332 3085 3393 ut
3105 3330 3343 3391 corporis
3364 3329 3520 3393 Agni.

2125 3391 2464 3454 Margaritum
2493 3391 2688 3454 ingens
2708 3404 2870 3454 aurea
2885 3390 3029 3454 dona
3049 3390 3242 3439 ferant.

2061 3451 2265 3502 Cedant
2293 3452 2635 3514 chrysolitliis
2656 3451 3093 3514 Salomoniavasa
3112 3451 3354 3501 metallis.

2124 3516 2243 3577 ipsa
2263 3513 2469 3577 placere
2490 3515 2656 3574 magis
2676 3527 2759 3562 ars
2776 3513 2903 3561 facit
2931 3516 3088 3575 atque
3118 3514 3265 3561 fides.

2071 3664 2332 3736 Denique
2361 3664 2420 3718 in
2445 3679 2554 3718 ms.
2591 3667 3098 3718 Sacramentorum
3131 3663 3301 3730 libro,
3326 3664 3426 3735 qui
3461 3664 3517 3719 in
3555 3667 3648 3721 Bi-

1999 3752 2290 3810 bliotheca
2319 3752 2515 3807 Sancti
2531 3750 2871 3807 Theoderici
2908 3767 3085 3822 prope
3133 3752 3344 3808 Remos
3384 3769 3647 3812 asserva-

1998 3847 2115 3909 tur,
2148 3839 2425 3896 chrismal
2455 3841 2634 3910 (quod
2674 3838 2972 3910 corporale
3006 3844 3303 3906 vocamus)
3326 3864 3352 3889 ‹‹
3382 3841 3644 3899 ministe-

2000 3931 2154 3985 rium
2184 3928 2442 4001 corporis
2472 3928 2687 3982 Christi
2718 3926 2984 3998 gerulum
3021 3949 3046 3975 ››
3079 3927 3408 3999 appellatur
3436 3928 3494 3983 in
3520 3946 3647 3987 ora-

1999 4019 2176 4085 tione,
2211 4018 2407 4091 quain
2440 4033 2613 4072 usum
2644 4033 2877 4071 sacrum
2903 4016 3283 4071 benedicitur.
3312 4021 3390 4070 Ex
3420 4018 3642 4088 quibus

2001 4108 2267 4164 dubitare
2289 4106 2442 4172 licet,
2466 4110 2530 4160 ut
2551 4106 2678 4175 jam
2708 4104 2846 4169 dixi,
2879 4122 2953 4159 an
2987 4104 3283 4159 Paulinus.
3330 4105 3644 4178 Gregorius

2000 4201 2057 4254 et
2085 4197 2435 4252 Fortunatus
2474 4194 2534 4248 in
2584 4193 2874 4265 praedictis
2934 4193 3077 4249 locis
3136 4194 3209 4248 de
3277 4194 3647 4253 Eucharistia

2000 4285 2335 4357 loquantur.
2356 4289 2481 4338 Non
2502 4283 2714 4337 desunt
2730 4288 2925 4337 tamen
2944 4283 3097 4354 apud
3130 4287 3350 4339 veteres
3379 4285 3479 4357 qui
3509 4285 3646 4342 Gre-

1999 4373 2145 4445 gorii
2175 4372 2367 4427 locum
2400 4372 2469 4426 de
2526 4371 2890 4427 Eucharistia
2935 4371 3244 4443 explicent.
3288 4374 3350 4427 In
3412 4373 3503 4429 his
3554 4379 3646 4431 est

235 4458 392 4515 intra
422 4459 616 4530 ipsum
649 4459 857 4517 altare:
882 4461 1051 4531 cujus
1075 4460 1155 4514 rei
1208 4466 1556 4533 argumenta
1614 4464 1784 4520 retuli
1822 4465 1880 4521 in
1921 4480 1964 4544 υ
1997 4460 3638 4532 sanctusOdoabbasCluniacensisinCollationum.lib11,

237 4546 575 4619 praefatione
591 4547 1226 4619 saeculisecundiErgo
1255 4553 1320 4604 ut
1348 4550 1420 4604 ad
1451 4567 1691 4608 sensum
1714 4570 1887 4609 cano-

240 4634 333 4691 nis
364 4640 635 4705 revertar,
660 4653 794 4693 eum
816 4636 1126 4709 prohibent
1155 4636 1355 4693 Patres
1414 4654 1484 4693 ne
1520 4640 1889 4697 Eucharistia

241 4744 270 4775 ‹‹
302 4724 361 4779 in
393 4724 740 4797 imaginario
762 4726 964 4781 ordine
994 4748 1017 4769 η
1046 4729 1533 4797 ponatur,eorum
1590 4731 1884 4787 sententia

241 4827 372 4869 esse
389 4813 712 4879 videtur,ut
729 4832 803 4870 ne
834 4814 893 4869 in
915 4814 1295 4887 baptisteriis,
1328 4806 1502 4871 autin
1529 4818 1878 4888 secretariis,

243 4905 345 4958 aut
361 4902 614 4975 denique
643 4904 752 4958 sub
780 4902 1479 4974 altari,proutnonnnulis
1499 4903 1557 4959 in
1588 4903 1732 4961 locis
1762 4907 1887 4962 fieri

240 4996 644 5069 consueverat,
675 5008 809 5047 cum
852 4991 1209 5064 imaginibus
1240 4993 1421 5048 sacris
1465 5001 1887 5053 asservaretur-

239 5080 377 5145 Quae
398 5097 535 5154 pars
557 5097 779 5154 negans
804 5085 895 5137 est
922 5080 1162 5137 canonis
1184 5082 1463 5153 praedicti.

307 5168 738 5226 Eucharistiam
756 5161 1049 5241 siquidem
1099 5168 1413 5241 aliquando
1453 5172 1509 5226 in
1557 5175 1884 5232 secretariis

236 5260 529 5314 servatam
550 5256 731 5314 fuisse
748 5257 941 5329 colligi
964 5260 1154 5328 potest
1173 5271 1241 5311 ex
1261 5256 1536 5329 Gregorio
1557 5260 1881 5319 Turonensi

235 5345 511 5419 episcopo
541 5345 600 5400 in
630 5344 774 5400 lib.I
804 5345 874 5401 de
894 5344 1088 5401 Gloria
1116 5347 1463 5416 martyrum,
1486 5364 1612 5420 cap.
1634 5350 1725 5417 86,
1783 5351 1882 5406 ubi

235 5434 522 5493 diaconus
542 5433 782 5507 quidam
794 5433 1436 5510 impurus,adventante
1456 5438 1726 5495 sacriﬁcii
1739 5444 1882 5496 tem-

233 5541 398 5607 pore,
427 5528 767 5601 qaeeeptam
798 5529 1042 5602 turrem,
1075 5522 1137 5585 in
1183 5539 1299 5601 qua
1332 5523 1731 5593 ministerium
1767 5529 1880 5595 Do.

1997 4567 2124 4621 cap.
2158 4551 2245 4616 32,
2274 4549 2371 4604 ubi
2394 4549 2515 4622 agit
2543 4549 2614 4604 de
2644 4549 2850 4604 infami
2882 4550 2978 4605 illo
3011 4550 3254 4606 diacono
3287 4551 3441 4622 apud
3499 4551 3640 4607 Gre-

1995 4638 2224 4710 gorium
2244 4641 2586 4703 memorato,
2614 4661 2641 4687 «
2670 4639 2769 4710 qui
2802 4639 2941 4693 dum
2975 4655 3211 4711 capsam
3233 4632 3369 4694 cum
3399 4656 3639 4711 corpore

1996 4727 2221 4782 Domini
2244 4726 2588 4794 deferret,de
2610 4727 2884 4783 manibus
2914 4727 3294 4801 elapsaest,et
3323 4744 3426 4799 per
3446 4743 3641 4784 aerem

1994 4832 2169 4888 super
2199 4814 2378 4871 altare
2401 4832 2650 4871 reversa.
2690 4838 2716 4864 η
2737 4817 2820 4871 Ad
2853 4817 2992 4883 haec,
3020 4818 3076 4871 in
3100 4815 3421 4882 chrismali,
3477 4817 3635 4887 quod

1995 4925 2023 4951 «
2047 4902 2437 4956 ministerium
2462 4902 2719 4974 corporis
2750 4902 2959 4958 Christi
2981 4903 3250 4975 gerulum
3286 4924 3306 4951 ι
3361 4902 3637 4974 superius

1993 4990 2226 5057 dicitur,
2258 4989 2619 5045 Eucharistia
2647 4993 3006 5058 servabatur,
3055 4996 3116 5045 ut
3155 4990 3364 5063 colligo
3403 5007 3472 5045 ex
3505 4990 3639 5047 Gla-

1992 5079 2082 5135 bri
2100 5079 2326 5135 Rodulfi
2350 5078 2643 5152 lib.v,cap.
2666 5081 2714 5135 1.
2745 5079 2995 5135 lbienim
3016 5095 3195 5151 agens
3216 5079 3288 5134 de
3310 5079 3634 5148 chrismali,

1992 5192 2020 5220 ‹‹
2055 5171 2209 5242 quod
2240 5185 2273 5223 a
2303 5169 2658 5240 quibusdam
2706 5168 3035 5241 Corporalis
3082 5166 3431 5239 appellatur,
3470 5190 3497 5218 »
3554 5170 3639 5225 ait

1990 5259 2177 5315 multa
2204 5276 2306 5331 per
2335 5258 2489 5313 istud
2524 5258 2780 5314 remedia
2808 5257 3093 5330 praestari,
3120 5279 3149 5308 «
3172 5257 3221 5312 si
3253 5257 3400 5313 fides
3428 5262 3628 5330 peten-

1989 5350 2139 5405 tium
2161 5349 2372 5420 exigat.
2404 5352 2553 5404 Nam
2582 5350 2785 5403 contra
2818 5346 3105 5415 incendia,
3155 5345 3365 5418 inquit,
3416 5348 3631 5420 smpius

1990 5439 2295 5505 elevatum,
2318 5442 2420 5494 aut
2438 5438 2826 5511 extinguendo
2866 5434 3246 5509 compescuit,
3280 5441 3384 5491 aut
3429 5442 3637 5493 retror-

1990 5545 2124 5590 sum
2155 5527 2399 5607 pepulit,
2431 5532 2534 5590 aut
2560 5528 2621 5589 in
2651 5531 2879 5608 partem
2908 5524 3154 5589 alteram
3171 5525 3425 5591 retorsit.
3448 5527 3636 5599 »Tum
