3970 6218
305 197 462 257 1255

1322 195 1718 256 ΑΡΡΕΝΒΙΧ
1771 196 1872 256 AD
1918 194 2180 258 OPERA
2222 196 2658 259 HUMBERTI.

3555 195 3583 255 Ι
3596 189 3718 256 256

305 346 425 385 rem
449 333 671 401 gestam
697 329 868 383 refert
895 329 951 381 in
977 328 1328 382 monasterio
1382 328 1724 382 Reomaensi
1754 351 1780 374 «
1813 332 1956 382 tem-
1983 330 2038 396 Α
2067 345 2372 400 nunquam
2403 329 2577 385 etiam
2599 327 2835 401 lapillis,
2868 343 3042 400 quem
3064 332 3216 383 certe
3274 325 3517 382 modum
3567 342 3717 398 prae-

304 436 444 489 pore
490 416 835 472 venerabilis
895 414 1171 468 Willelmi
1223 415 1452 468 abbatis
1487 438 1512 461 ››
1566 415 1674 469 sub
1712 415 1946 469 initium

301 507 564 561 videlicet
596 503 789 558 saeculi
820 520 896 570 x1,
923 519 1275 574 nempecuzn
1306 503 1670 558 uincendium
1706 503 1952 558 circum-

294 594 552 665 jacentia
567 592 903 646 monasterii
930 592 1648 663 ndepopularetur,fratres
1680 593 1946 662 ejusdem

303 682 411 736 loci
460 704 485 728 «
550 680 899 750 accipientes
943 679 1254 734 chrismale
1296 685 1466 735 conto
1526 681 1946 752 impositum,»

300 770 555 826 elevasse
586 768 728 823 illud
765 792 790 818 «
821 774 1025 824 contra
1055 769 1309 824 incendii
1351 770 1620 825 ﬂammas
1668 771 1792 825 dire
1843 770 1944 825 ﬂa-

299 864 556 931 grantes.
591 857 801 912 Statim
828 874 984 920 vero,
1034 857 1245 927 inquit,
1276 858 1430 912 idem
1480 857 1632 930 ignis
1691 859 1750 914 in
1817 876 1946 914 sese

297 946 912 1018 retorquens,minime
925 945 1180 1016 amplius
1198 963 1373 1017 quam
1391 947 1680 1002 invaserat
1691 947 1944 1018 arripere

297 1035 495 1092 valuit.
509 1035 689 1089 «Tum
712 1034 913 1089 subdit
935 1034 991 1088 id
1015 1035 1171 1105 quod
1195 1034 1263 1089 ad
1290 1035 1651 1106 propositum
1678 1041 1942 1092 nostrum

299 1123 670 1181 facit.«Panis
699 1127 894 1178 tamen
952 1121 1050 1177 ille
1101 1123 1438 1179 Dominicus
1485 1141 1628 1178 aura
1679 1125 1854 1180 ﬂante
1910 1143 1944 1180 a

298 1212 532 1270 contulo
563 1210 960 1284 elapsus,plus
993 1211 1188 1265 minus
1215 1211 1446 1266 duobus
1501 1210 1766 1266 miliariis
1809 1227 1940 1266 avo-

295 1302 439 1357 lavit
464 1317 650 1372 usque
674 1301 746 1354 ad
777 1298 975 1354 villam
1007 1299 1098 1354 cui
1130 1297 1399 1370 Tivalgas
1438 1297 1786 1354 vocabulum
1829 1304 1937 1365 est,

297 1391 498 1462 ibique
517 1404 696 1460 super
722 1388 962 1443 domum
986 1388 1293 1458 cujusdam
1330 1387 1566 1442 veniens
1616 1387 1784 1441 sedit.
1817 1389 1940 1452 Quo

295 1477 742 1552 proaecutus,ad
769 1475 1186 1532 monasterium
1211 1475 1520 1546 dignanter
1535 1478 1621 1530 est
1638 1474 1885 1530 delatus.
1913 1499 1934 1524 ι

296 1569 443 1623 Hinc
475 1571 633 1639 patet
666 1564 1086 1620 Eucharistiam
1109 1564 1166 1617 in
1189 1562 1489 1618 chrismali
1521 1579 1623 1618 seu
1656 1563 1940 1636 corporali

297 1657 396 1714 illo
419 1655 684 1728 (quodad
714 1653 1048 1708 «sinistrum
1071 1668 1252 1708 cornu
1268 1651 1471 1708 altaris
1484 1653 1940 1724 semperjacere,

298 1750 363 1801 ut
392 1746 463 1801 ad
500 1760 742 1799 manum
774 1741 958 1814 possit
985 1757 1113 1796 esse
1143 1745 1345 1795 contra
1375 1741 1696 1813 periculum
1728 1741 1941 1815 ignis,»

298 1835 479 1891 tradit
510 1832 816 1890 Udalricus
845 1830 902 1884 in
930 1829 1425 1886 Consuetudinem
1468 1830 1941 1888 Cluniacensium

297 1924 399 1981 lib.
435 1921 756 1994 n,cap.30)
784 1918 1079 1990 aliquibus
1131 1918 1340 1975 saltem
1399 1919 1459 1974 in
1517 1919 1661 1976 locis
1719 1921 1941 1976 Eucha-

301 2014 528 2070 ristiam
560 2009 870 2083 repositam
905 2006 1106 2062 fuisse.
1165 2007 1354 2070 Quare
1395 2007 1542 2064 nihil
1585 2014 1741 2064 vetat
1778 2010 1940 2081 quin,

301 2101 648 2158 «ministerii
681 2096 964 2154 Dominici
990 2097 1250 2168 corporis
1287 2119 1313 2145 ››
1346 2097 1604 2164 nomine,
1647 2097 1942 2169 intelliga-

302 2208 437 2248 mus
463 2185 880 2263 supellectilem
910 2190 967 2239 et
996 2201 1134 2238 vasa
1153 2201 1339 2250 sacra,
1385 2186 1444 2240 in
1502 2185 1718 2256 quibus
1767 2186 1942 2240 etiam

301 2277 667 2336 Eucharistia
708 2273 1066 2337 servabatur,
1111 2272 1198 2325 vel
1258 2272 1316 2326 in
1356 2273 1687 2339 secretario,
1739 2273 1822 2329 vel
1880 2273 1942 2328 in

303 2364 757 2439 baptisterio,vel
789 2378 964 2434 super
1001 2360 1179 2414 altare
1203 2361 1349 2414 «sub
1381 2361 1550 2417 titulo
1582 2363 1793 2418 crucis.
1817 2386 1843 2411 ››

372 2456 495 2510 Non
529 2459 722 2508 tamen
739 2448 1229 2521 praetermittenda
1254 2454 1342 2502 est
1371 2447 1485 2504 alia
1502 2450 1679 2521 hujus
1700 2451 1944 2507 canonis

303 2543 497 2608 lectio,
530 2541 626 2596 ubi
653 2556 753 2612 pro
773 2561 800 2587 «
835 2538 891 2591 in
923 2537 1269 2608 imaginario
1320 2538 1544 2605 ordine,
1589 2562 1616 2587 ››
1643 2541 1941 2608 scribitur,

306 2635 407 2688 «in
438 2630 708 2696 armario,
730 2628 817 2684 vel
851 2629 904 2682 in
935 2625 1280 2698 imaginario
1311 2627 1882 2685 ordine.Armarium
1913 2650 1940 2682 ιι

303 2720 674 2796 glossematis
704 2718 823 2772 vice
854 2717 1119 2770 additum
1161 2715 1450 2781 existimo,
1495 2733 1612 2772 non
1663 2719 1730 2772 ad
1791 2719 1946 2774 desi-

305 2811 539 2884 gnanda
569 2805 947 2862 tabernacula
978 2808 1178 2858 nostra
1208 2805 1658 2870 recentiora,sed
1676 2807 1746 2861 ad
1770 2806 1948 2878 expli-

306 2899 608 2955 candum«
643 2892 1055 2965 imaginarium
1097 2892 1380 2947 ordinem.
1406 2916 1432 2943 ››
1476 2894 1620 2948 Nam
1663 2895 1946 2966 imagines

307 2989 377 3045 ad
411 2987 656 3060 parietes
679 2983 961 3038 altaribus
982 2982 1312 3051 adjacentes
1342 2983 1592 3054 appendi
1625 2987 1681 3038 et
1710 2983 1945 3056 depingi

307 3050 591 3139 solebant,
625 3071 821 3142 ibique
850 3071 919 3125 ad
952 3050 1105 3125 latus
1124 3050 1533 3142 Evangelii—seu
1559 3072 1627 3125 ad
1651 3050 1945 3144 aquilona-
1975 3050 2018 3117 (αἶ

306 3182 426 3222 rem
445 3169 667 3237 partem
690 3161 1056 3215 habebantur
1071 3159 1423 3230 quibusdam
1443 3160 1498 3213 in
1519 3159 1657 3215 locis
1672 3161 1944 3230 armaria,

307 3256 366 3310 in
382 3254 596 3326 quibus
609 3249 1046 3306 sanctissimum
1070 3251 1506 3304 sacramentum
1526 3249 1950 3305 recondebatur

310 3348 377 3398 Et
406 3341 641 3414 quidem
675 3354 802 3393 mos
839 3337 951 3392 iste
993 3335 1274 3391 hactenus
1336 3344 1664 3408 perseverat
1703 3337 1760 3392 in
1823 3339 1948 3410 qui-

309 3430 557 3488 busdam
589 3426 870 3489 ecclesiis,
904 3431 1048 3497 puta
1068 3428 1260 3480 Romaz
1321 3427 1382 3480 in
1434 3425 1679 3482 ecclesia
1725 3427 1946 3482 Sanctae

309 3519 510 3577 Crucis
537 3517 595 3571 in
621 3513 1063 3579 Hierusalem,in
1095 3512 1407 3569 Gallicanis
1442 3514 1831 3583 nonnullis,ut
1852 3520 1952 3571 Pa-

308 3607 538 3666 ronaain
562 3603 876 3678 parochiali
907 3603 1151 3658 ecclesia
1171 3604 1622 3659 SanctiJoannis
1654 3606 1946 3676 Baptistae,

309 3702 365 3754 et
394 3703 527 3752 ante
563 3711 749 3748 annos
776 3694 974 3748 decem
1005 3691 1063 3746 in
1114 3692 1356 3747 basilica
1413 3692 1726 3758 Furseana,
1777 3698 1950 3766 atque

311 3786 370 3840 in
401 3783 652 3856 Belgicis
674 3781 988 3854 plerisque.
1024 3784 1188 3834 Hunc
1213 3797 1385 3835 usum
1410 3781 1689 3850 abrogare
1727 3781 1954 3836 videtur

309 3889 496 3930 canon
526 3870 903 3935 Turonensis,
929 3867 1341 3924 deﬁnientibus
1391 3869 1682 3934 Patribus,
1734 3874 1797 3923 ut
1841 3874 1951 3923 Eu-

309 3961 589 4019 oharistia
624 3976 802 4032 super
844 3957 1024 4012 altare
1082 3961 1527 4028 componeretur
1585 3981 1612 4007 «
1633 3958 1743 4014 sub
1782 3958 1953 4014 titulo

310 4049 524 4107 crucis.
555 4071 582 4098 ››

379 4143 513 4191 Haac
544 4141 633 4191 est
659 4135 774 4190 alia
806 4132 1125 4189 difﬁcultas
1177 4149 1302 4202 que
1343 4131 1512 4186 modo
1571 4131 1958 4188 examinanda

310 4229 418 4292 est,
446 4241 560 4295 quo
592 4227 754 4294 pacto
786 4221 1009 4277 scilicet
1037 4237 1187 4291 sepe
1216 4220 1409 4274 dietus
1443 4235 1627 4274 canon
1662 4220 1959 4292 pracipiat

311 4319 379 4369 ut
399 4335 425 4361 «
453 4311 892 4366 Eucharistiain
923 4307 1091 4363 altari
1121 4309 1232 4362 sub
1278 4305 1445 4361 titulo
1493 4309 1680 4362 crucis
1719 4325 1956 4379 compo-

2061 417 2314 473 scribere
2336 419 2568 473 videtur
2595 416 2908 473 concilium
2951 418 3309 473 Turonense.
3347 419 3473 471 Non
3511 418 3714 470 tamen

2058 507 2274 560 recedit
2298 523 2332 562 a
2362 511 2557 561 mente
2587 504 2816 562 concilii
2851 522 2977 561 mos
3017 505 3298 560 hactenus
3345 504 3602 559 usitatus
3651 502 3714 558 in

2059 595 2361 650 nonnullis
2393 594 2747 660 ecclesiis,in
2774 594 2989 665 quibus
3014 611 3044 649 e
3076 592 3271 665 stipite
3291 591 3480 648 crucis
3531 607 3716 662 super

2054 683 2234 738 altare
2265 683 2324 738 in
2347 683 2532 738 altum
2556 683 2623 739 de
2637 684 2761 737 ﬁxes
2785 681 3129 753 producitur
3148 681 3605 736 instrumentum
3637 677 3715 734 ad

2058 772 2315 826 medium
2335 770 2535 826 altaris
2555 776 2886 842 porrectum
2934 776 2989 825 et
3038 771 3427 834 incurvatum,
3473 784 3541 823 ex
3581 783 3700 839 quo

2057 861 2253 916 divina
2283 859 2648 916 Eucharistia
2678 861 2736 916 in
2759 859 2995 916 vasculo
3027 859 3263 931 pendet.

2127 953 2257 1004 Hec
2288 953 2428 1004 sunt
2449 964 2575 1018 quaa
2607 965 2711 1019 pro
2735 947 3122 1020 intelligentia
3150 944 3404 1018 praedicti
3457 943 3708 1000 canonis

2055 1036 2199 1092 mihi
2223 1040 2503 1092 venerunt
2530 1035 2588 1089 in
2613 1040 2892 1101 mentem,
2916 1035 3110 1090 nescio
3142 1051 3214 1090 an
3235 1033 3518 1090 studiosis
3559 1048 3705 1088 non-

2053 1123 2198 1178 nihil
2232 1124 2537 1196 profutura
2559 1139 2684 1195 qua!
2697 1123 2854 1178 dicta
2884 1126 3022 1178 sunt
3041 1122 3346 1180 occasione
3373 1120 3707 1178 hostiarum

2053 1229 2200 1284 quas
2223 1212 2500 1267 exhibent
2527 1215 2752 1266 veteres
2784 1216 3052 1267 monetae.

2263 1344 2584 1417 Explicatur
2611 1358 2792 1400 canon
2817 1343 2852 1399 6
2879 1342 3102 1400 concilii
3128 1357 3224 1398 xvr
3257 1341 3518 1399 Toletani.

2123 1477 2290 1534 Aliud
2348 1479 2762 1549 argumentum
2819 1492 2922 1548 pro
2978 1474 3158 1531 veteri
3194 1490 3307 1530 usu
3356 1487 3700 1546 azymorum

2053 1567 2208 1638 apud
2241 1566 2474 1621 Latinos
2497 1563 2633 1620 inde
2655 1564 2910 1621 sumitur
2935 1563 3090 1636 quod
3112 1563 3339 1636 antiqui
3360 1566 3561 1618 Patres
3592 1562 3701 1617 Ec-

2054 1655 2242 1711 clesizs
2290 1655 2499 1709 Latinas
2547 1653 2866 1709 utebantur
2897 1667 3047 1724 pane
3089 1651 3351 1708 studiose
3415 1648 3701 1718 confecto,

2052 1743 2301 1800 candido
2321 1759 2500 1816 supra
2529 1757 2930 1808 communem,
2962 1740 3217 1796 rotundo
3247 1755 3314 1796 ao
3350 1737 3537 1805 tenui,
3584 1753 3704 1794 non

2050 1832 2242 1904 spisso
2264 1847 2453 1904 neque
2474 1832 2678 1888 denso.
2699 1832 2834 1895 Quae
2861 1845 3067 1885 omnes
3099 1827 3278 1886 simul
3333 1826 3702 1884 conditiones

2052 1937 2256 1994 azymo
2291 1921 2428 1993 pani
2457 1919 2646 1992 magis
2676 1919 2970 1990 quadrent
2995 1933 3173 1991 quam
3202 1916 3570 1982 fermentato,
3591 1914 3693 1987 qui

2052 2009 2293 2066 inﬂatus
2323 2026 2389 2065 ac
2429 2010 2650 2065 densus
2692 2023 2822 2064 esse
2875 2005 3042 2063 solet.
3101 2007 3278 2062 Porro
3328 2004 3437 2060 has
3495 2018 3701 2060 omnes

2052 2097 2420 2154 eucharistici
2443 2097 2610 2168 panis
2631 2095 3102 2151 circumstantias
3131 2093 3308 2165 exigit
3327 2089 3556 2148 concilii
3602 2107 3703 2147 xxI

2051 2186 2309 2242 Toletani
2333 2201 2519 2241 canon
2550 2188 2771 2252 sextus,
2803 2183 2863 2239 in
2912 2199 3030 2255 quo
3072 2183 3294 2249 Patres,
3330 2179 3702 2254 reprehensis

2051 2274 2452 2330 sacerdotibus
2474 2272 2776 2328 nonnullis
2797 2271 2897 2344 qui
2919 2287 3128 2343 panem
3142 2292 3170 2320 «
3189 2269 3396 2326 usibus
3417 2269 3542 2325 suis
3563 2285 3707 2340 prae-

2053 2368 2323 2435 paratum
2357 2383 2386 2414 »
2446 2361 2507 2418 in
2543 2361 2898 2417 sacriﬁcium
2947 2359 3322 2424 adhibebant,
3376 2358 3701 2413 decernunt

2054 2475 2082 2502 «
2107 2467 2315 2524 panem
2339 2467 2453 2506 non
2476 2449 2590 2506 nisi
2611 2449 2907 2522 integrum
2931 2451 2987 2503 et
3004 2448 3278 2514 nitidum,
3304 2446 3485 2518 quiex
3505 2445 3704 2501 studio

2053 2541 2227 2597 fuerit
2248 2543 2625 2612 praeparatus,
2658 2554 2848 2609 neque
2865 2537 3081 2610 grande
3103 2534 3343 2608 aliquid,
3379 2533 3480 2590 sed
3511 2535 3700 2590 modi-

2054 2647 2182 2686 cam
2206 2632 2437 2685 tantum
2459 2625 2714 2682 oblatam
2743 2648 2771 2675 ››
2806 2641 2908 2697 pro
2928 2623 3105 2680 veteri
3127 2622 3545 2679 consuetudine
3567 2622 3702 2678 olfe-

2055 2717 2294 2774 rendam
2324 2731 2472 2770 esse.
2523 2714 2582 2769 Si
2632 2729 2768 2786 ergo
2821 2713 3066 2786 probare
3115 2716 3356 2784 potuero
3403 2725 3699 2781 lcanonem

2056 2807 2237 2861 istum
2257 2821 2372 2860 non
2394 2805 2464 2859 de
2481 2800 3148 2868 fermentato,utJacobo
3166 2799 3481 2856 Sirmundo
3502 2799 3697 2854 visum

2055 2901 2164 2960 est,
2189 2893 2291 2949 sed
2303 2893 2374 2947 de
2397 2907 2598 2963 azymo
2623 2907 2770 2962 pane
2792 2887 3040 2962 intelligi
3066 2891 3350 2960 oportere,
3380 2902 3551 2942 nemo
3582 2901 3701 2942 non

2056 2981 2332 3038 concedet
2361 2979 2570 3036 saeculo
2603 2979 2872 3050 septimo,
2923 2994 3035 3049 quo
3089 2976 3389 3033 desinente
3429 2975 3700 3030 habitum

2057 3075 2146 3128 est
2175 3067 2484 3126 concilium
2508 3083 2634 3123 eam
2654 3067 2833 3122 fuisse
2870 3063 3350 3137 Hispaniensium
3399 3055 3702 3135 episcopo-

2057 3176 2185 3214 rum
2212 3157 2672 3230 persuasionem,
2715 3155 2973 3208 Latinam
3033 3152 3346 3208 Ecclesiam
3396 3166 3703 3222 nunquam

2057 3247 2236 3302 alium
2257 3260 2466 3317 panem
2498 3259 2674 3314 quam
2710 3257 2960 3313 azynum
2993 3240 3052 3296 in
3079 3256 3200 3296 rem
3249 3255 3477 3295 sacram
3508 3239 3705 3294 admi-

2059 3350 2227 3390 SlSSB.

2129 3425 2384 3495 Agevero
2411 3420 2537 3492 jam
2562 3418 2864 3474 videamus
2893 3434 2966 3473 an
2998 3417 3069 3472 de
3101 3413 3212 3472 alio
3263 3431 3409 3488 pane
3431 3428 3609 3486 quam
3631 3413 3707 3469 de

2060 3526 2260 3584 azymo
2283 3509 2470 3582 possit
2489 3506 2763 3580 explicari
2796 3522 2983 3562 canon
3013 3506 3144 3570 iste,
3187 3519 3364 3576 quem
3408 3502 3706 3574 integrum

2059 3601 2152 3655 hic
2176 3597 2523 3671 praemittere
2545 3597 2731 3666 juvat.
2755 3596 2839 3651 Ad
2879 3597 3198 3651 conventus
3233 3591 3420 3649 nostri
3441 3590 3708 3663 agnitio-

2060 3705 2193 3745 nem
2223 3686 2480 3742 delatum
2501 3689 2590 3740 est
2611 3685 2765 3756 quod
2786 3684 2847 3739 in
2896 3682 3253 3756 quibusdam
3287 3680 3705 3752 Hispaniarum

2059 3777 2326 3851 partibus
2347 3773 2587 3846 quidam
2605 3773 2973 3828 sacerdotum
2995 3788 3110 3828 non
3141 3785 3324 3844 panes
3360 3768 3613 3824 mundos
3647 3769 3708 3823 et

2061 3865 2257 3922 studio
2288 3865 2640 3936 praeparatos
2673 3877 2852 3933 supra
2881 3876 3144 3916 mensam
3165 3857 3397 3916 Domini
3415 3859 3473 3912 in
3492 3854 3710 3912 sacrifi-

2063 3955 2150 4010 cio
2180 3953 2446 4018 offerant,
2476 3951 2579 4007 sed
2610 3951 2681 4006 de
2713 3949 2966 4022 panibus
2990 3949 3114 4006 suis
3138 3947 3344 4003 usibus
3370 3942 3712 4017 praeparatis

2063 4041 2388 4097 crustulam
2420 4039 2480 4094 in
2513 4039 2928 4096 rotunditatem
2948 4037 3232 4103 auferant,
3258 4048 3506 4104 eamque
3535 4046 3718 4101 super

2063 4131 2248 4186 altare
2267 4146 2402 4184 cum
2422 4128 2556 4184 vino
2587 4133 2644 4183 et
2663 4143 2816 4198 aqua
2827 4142 2929 4197 pro
2952 4139 3114 4180 sacro
3137 4119 3413 4175 libamine
3439 4117 3704 4172 offerant.

2065 4219 2223 4284 Quod
2252 4219 2468 4273 factum
2487 4230 2861 4286 nequaquam
2884 4214 2941 4267 in
2961 4227 3134 4267 sacra
3149 4205 3512 4262 auctoritatis
3529 4203 3712 4260 histo-

2067 4309 2154 4364 ria
2167 4312 2398 4380 gestum
2414 4303 2808 4378 perpenditur.
2828 4299 2989 4355 Unde
3004 4299 3060 4353 id
3079 4294 3481 4352 unanimitatis
3495 4297 3710 4350 nostra:

313 4406 504 4457 natur.
541 4421 568 4447 »
599 4397 827 4452 Titulus
840 4397 1031 4452 crucis
1053 4395 1344 4467 significat
1365 4411 1591 4450 crucem
1617 4397 1805 4468 ipsam
1828 4415 1956 4469 qua:
1988 4411 2033 4476 ι)
2063 4396 2278 4470 delegit
2296 4397 2611 4450 conventus
2643 4393 2707 4446 ut
2720 4405 2836 4444 non
2866 4386 3011 4443 alter
3039 4385 3207 4458 panis
3254 4384 3314 4439 in
3368 4381 3538 4438 altari
3593 4381 3718 4439 Do-

314 4505 490 4561 super
518 4487 697 4542 altare
730 4486 978 4556 pendere
995 4484 1236 4549 solebat,
1270 4486 1516 4539 testante
1537 4485 1811 4556 Gregorio
1829 4488 1954 4557 jam

313 4579 550 4635 laudato
585 4576 644 4631 in
666 4573 912 4633 lib.ude
945 4572 1242 4628 miraculis
1293 4572 1478 4627 sancti
1534 4572 1774 4638 Juliani,
1829 4590 1955 4646 cap.

316 4667 421 4723 l13:
458 4691 484 4716 «
521 4665 835 4730 Pendebat,
877 4664 1088 4735 inquit,
1129 4677 1305 4733 super
1355 4661 1550 4732 ipsum
1591 4662 1773 4718 altare
1822 4680 1962 4718 crux

314 4754 666 4827 holoobrysa
689 4753 936 4825 eleganti
960 4767 1132 4824 opere
1151 4751 1321 4806 facta.
1359 4773 1380 4800 ιι
1430 4754 1498 4805 At
1539 4766 1654 4821 quo
1713 4752 1771 4806 in
1817 4752 1980 4822 loco,

319 4861 505 4916 quove
555 4844 726 4899 modo
768 4859 908 4898 crux
955 4858 1133 4913 super
1179 4838 1360 4894 altare
1417 4840 1716 4910 penderet,
1773 4841 1965 4896 adhuc

319 4933 639 4988 obscurum
672 4936 780 4988 est.
826 4930 1108 4995 Quocirca
1166 4945 1350 5000 operae
1409 4927 1659 4997 pretium
1701 4933 1791 4983 est
1819 4927 1967 4983 scire

321 5021 475 5092 apud
500 5021 772 5092 antiquos
805 5035 1026 5075 morem
1049 5018 1232 5073 fuisse
1247 5022 1312 5070 ut
1331 5031 1510 5085 super
1527 5015 1734 5071 altaria
1765 5022 1968 5071 sancta

323 5108 687 5179 erigerentur
702 5109 1048 5177 ciboria,seu
1061 5103 1633 5174 turriculze,quatuor
1653 5104 1965 5159 minimum

321 5195 614 5252 columnis
635 5197 866 5264 innixae,
899 5215 1024 5269 qua:
1057 5193 1403 5252 transversis
1433 5192 1491 5246 in
1516 5193 1776 5248 medium
1796 5192 1968 5248 lineis

324 5283 592 5338 adunataa
624 5286 994 5341 sustinebant
1013 5300 1245 5340 crucem
1277 5281 1480 5338 altaris
1514 5282 1704 5337 medio
1727 5299 1969 5354 respon-

326 5369 562 5424 dentem
589 5388 602 5437 ;
633 5387 704 5426 ex
732 5388 848 5444 qua
864 5374 1151 5445 pendebat
1173 5369 1540 5427 Eucharistia
1561 5387 1746 5437 sacra,
1775 5388 1972 5427 vascu-

327 5453 406 5512 lis
433 5470 539 5512 seu
569 5456 856 5517 columbis
899 5462 1188 5534 argenteis
1237 5458 1501 5519 aureisve
1528 5458 1776 5531 inclusa,
1819 5478 1969 5520 non-

2068 4485 2213 4541 mini
2234 4478 2576 4540 sacerdotali
2607 4475 3006 4534 benedictione
3027 4472 3488 4530 sanctificandus
3513 4486 3722 4544 propo-

2069 4578 2261 4641 natur,
2293 4571 2405 4626 nisi
2435 4570 2660 4639 integer
2677 4570 2734 4621 et
2763 4563 3005 4629 nitidus,
3030 4563 3132 4634 qui
3173 4577 3242 4619 ex
3292 4559 3489 4618 studio
3543 4557 3722 4615 fuerit

2070 4663 2428 4736 praeparatus
2455 4674 2466 4713 :
2493 4671 2679 4726 neque
2699 4653 2919 4726 grande
2939 4651 3184 4725 aliquid,
3207 4651 3309 4707 sed
3334 4647 3567 4705 modica
3593 4651 3725 4736 tan-

2071 4734 2197 4806 tum
2216 4743 2758 4811 oblata,secundum
2771 4742 2926 4815 quod
2941 4739 3337 4797 ecclesiastica
3358 4734 3721 4794 consuetudo

2075 4840 2347 4894 retentat.
2376 4856 2403 4883 »

2143 4923 2352 4981 Omnia
2377 4918 2717 4993 praejudicia
2745 4920 2974 4993 exigere
2987 4919 3278 4988 videntur,
3311 4920 3576 4972 utcanon
3611 4912 3726 4970 iste

2075 5012 2394 5085 explicetur
2417 5011 2487 5065 de
2517 5024 2667 5081 pane
2698 5009 3131 5065 infermentato.
3164 5006 3359 5064 Primo
3392 5003 3548 5077 quod
3577 5006 3729 5059 vete-

2076 5099 2516 5158 resMozarabes
2539 5113 2642 5153 seu
2662 5097 2835 5154 Gothi
2883 5100 2944 5155 in
2996 5096 3294 5171 Hispaniis
3333 5109 3467 5150 cum
3517 5091 3727 5147 Arabi-

2077 5192 2190 5247 bus
2217 5189 2493 5261 degentes
2515 5188 2691 5260 (quod
2729 5187 2906 5254 etiam
2955 5189 3026 5243 de
3073 5184 3476 5259 superioribus
3522 5179 3728 5238 Gothis

2078 5278 2343 5351 ejusdem
2377 5276 2539 5349 regni
2569 5276 2776 5332 incolis
2799 5275 3236 5348 dicendum),ab
3251 5273 3493 5344 antiquo
3508 5268 3729 5342 azymis

2080 5368 2140 5424 in
2162 5364 2448 5423 sacrificio
2469 5365 2806 5422 utebantur.
2832 5365 3050 5422 Deinde
3079 5364 3232 5437 quod
3263 5366 3496 5419 centum
3553 5355 3728 5414 annis

2084 5461 2220 5538 post
2259 5454 2577 5517 concilium
2633 5454 2982 5516 Toletanum
3037 5470 3173 5515 cum
3213 5451 3346 5515 aliis
3381 5446 3608 5510 Latinis
3667 5445 3730 5510 in
