3970 6218
167 401 327 463 125⁸1

1141 393 1600 462 MABILLONII
1643 395 2112 474 DISQUISITIO
2158 396 2258 464 DE
2300 401 2595 469 AZYMO.

3413 405 3571 471 1258

163 552 371 610 azymo
401 532 842 600 conveniebant,
873 535 938 588 ut
963 535 1166 604 postea
1195 533 1626 589 demonstrabo.
1660 533 1814 590 Praa-
1844 537 1899 603 Α
1929 552 2140 607 panem
2173 538 2490 593 candidum
2523 554 2638 610 prae
2670 539 3112 608 communi,non
3141 555 3568 611 repugno,nam

163 631 324 683 terea
353 624 507 697 quod
537 639 606 679 ex
655 620 938 693 opusculo
985 620 1279 676 Eldefonsi
1324 621 1581 693 episcopi
1631 624 1814 692 perfe-

163 721 328 772 ctum
361 714 459 781 sit,
491 711 764 768 eumdem
797 726 972 766 usum
1003 726 1154 764 anno
1192 710 1298 764 845
1343 709 1598 782 viguisse
1657 710 1812 782 apud

166 805 477 878 Hispanos.

120 897 146 922 '
237 898 306 949 At
337 909 454 948 non
487 891 684 945 minus
705 889 898 944 favent
917 887 1090 942 verba
1111 885 1237 958 ipsa
1257 885 1578 942 concilii.ln
1604 887 1810 959 primis

162 981 457 1054 siquidem
489 978 658 1050 panis
697 975 1141 1041 eucharisticus,
1193 979 1258 1030 ut
1302 974 1637 1046 patet,alius
1684 980 1809 1031 tum

163 1071 237 1126 ab
267 1086 332 1125 eo
365 1083 494 1124 esse
523 1065 773 1122 debebat
801 1064 903 1135 qui
952 1063 1157 1118 usibus
1207 1079 1419 1117 mensae
1476 1063 1806 1135 commqnis

164 1121 576 1231 paratuserat,
610 1152 785 1219 alius,
818 1121 1082 1222 inquam,
1130 1151 1202 1205 ab
1239 1121 1810 1221 usitato.QuaigRi1r

166 1247 389 1303 ratione
417 1241 773 1300 Sirmundus
802 1239 978 1294 infert
1006 1255 1075 1293 ex
1103 1237 1428 1304 Ambrosio,
1462 1238 1562 1308 qui
1593 1253 1804 1308 panem

165 1333 622 1392 eucharisticum
653 1331 915 1385 usitatum
945 1333 1268 1391 vocat,eum
1287 1327 1470 1381 fuisse
1494 1327 1805 1380 fermenta-

165 1429 295 1478 tum
333 1423 535 1478 eadem
584 1433 818 1490 quoque
859 1431 965 1486 ego
1010 1414 1195 1470 infero
1242 1414 1440 1468 Patres
1497 1412 1806 1468 Toletanos

168 1512 469 1566 censuisse
480 1523 690 1580 panem
713 1520 944 1560 sacrum
967 1502 1147 1558 alium
1170 1519 1296 1558 esse
1318 1505 1582 1572 oportere
1604 1502 1675 1556 ab
1697 1501 1810 1557 usi-

167 1602 312 1666 tato,
344 1599 402 1652 id
433 1600 522 1652 est
567 1611 602 1652 a
649 1594 1018 1650 fermentato.
1068 1590 1458 1660 Expendenda
1503 1593 1641 1644 sunt
1687 1589 1804 1646 Sir-

169 1685 378 1741 mundi
405 1684 599 1747 verba,
639 1681 739 1752 qui
787 1678 966 1734 relato
1011 1677 1300 1732 Ambrosii
1350 1677 1679 1733 testimonio
1739 1695 1807 1732 ex

166 1774 272 1828 lib.
308 1789 382 1838 ιν,
415 1773 486 1827 de
517 1767 906 1826 Saoramentis
937 1783 1063 1838 cap.
1097 1767 1148 1828 4,
1193 1766 1291 1820 ubi
1343 1765 1590 1821 dicitur:
1645 1788 1673 1816 α
1718 1767 1804 1821 Tu

1923 629 1983 679 et
2031 624 2140 680 hoc
2171 626 2363 698 potius
2411 644 2610 698 azymo
2659 627 2926 683 convenit
2972 644 3148 699 quam
3201 628 3566 684 fermentato.

1922 711 2224 769 Udalricus
2256 715 2313 769 in
2345 713 2520 770 lib.1u
2551 715 3053 772 Consuetudinum
3086 715 3563 772 Cluniacensium

1921 817 2046 872 cap.
2086 803 2169 867 13,
2201 819 2378 874 agens
2409 804 2479 858 de
2510 805 2864 860 confectione
2886 804 3212 860 hostiarum
3238 805 3564 860 secundum

1922 905 2143 944 morem
2175 892 2511 946 monasterii
2548 893 2672 948 sui:
2709 918 2734 942 ‹‹
2775 893 3564 964 Conspergunt,inquit,cum

1919 993 2072 1047 aqua
2105 978 2479 1049 frigida,quia
2511 979 2641 1034 inde
2669 981 2816 1034 fiunt
2846 980 3045 1036 hostiae
3069 979 3563 1051 candidiores,qui

1922 1065 2068 1120 ritus
2100 1066 2312 1120 servari
2346 1084 2458 1121 non
2493 1073 2686 1139 potest
2718 1069 2776 1122 in
2810 1085 2958 1139 pane
2988 1069 3433 1138 lermentato,ad
3468 1085 3564 1124 cu-

1910 1152 2011 1221 jus
2042 1153 2461 1208 confectionem
2499 1172 2652 1224 aqua
2683 1156 2871 1210 calida
2901 1156 3225 1212 necessaria
3256 1160 3362 1212 est.
3388 1155 3561 1210 Panis

1919 1240 2207 1309 ejusmodi
2241 1239 2408 1295 nitidi
2443 1242 2712 1297 meminit
2739 1244 2892 1298 Beda
2922 1244 3182 1300 Historiae
3214 1242 3313 1298 lib.
3346 1261 3407 1308 II,
3431 1260 3557 1315 cap.

1914 1328 1969 1382 5.
2003 1327 2147 1382 Nam
2180 1329 2404 1383 Seberti
2435 1328 2749 1383 Christiani
2781 1331 2933 1400 regis
2975 1331 3350 1386 orientalium
3381 1330 3558 1386 Saxo-

1916 1431 2059 1470 num
2111 1415 2209 1470 lilii
2256 1420 2371 1471 tres
2404 1416 2740 1485 idololatraa,
2775 1433 2907 1474 cum
2929 1418 3189 1472 viderent
3220 1417 3556 1490 pontificem

1916 1502 2199 1558 Mellitum
2231 1503 2537 1559 celebratis
2558 1504 2618 1559 in
2641 1505 2896 1560 Ecclesia
2917 1505 3229 1560 Missarum
3253 1505 3561 1561 solemniis

1916 1591 2343 1647 Eucharistiam
2366 1593 2578 1664 pepulo
2603 1594 2759 1661 dare,
2777 1593 3046 1648 dicebant
3067 1593 3138 1647 ad
3162 1607 3297 1648 eum
3313 1592 3566 1648 barbara

1916 1677 2405 1751 inﬂatisuperbia:
2433 1703 2461 1731 »
2484 1681 2670 1744 Quare
2699 1700 2811 1736 non
2835 1681 3337 1752 etnobisporrigis
3352 1696 3562 1752 panem

1917 1769 2373 1837 nitidum,quem
2395 1775 2451 1824 et
2473 1771 2621 1841 patri
2646 1775 2842 1825 nostro
2868 1771 3018 1826 Saba
3041 1770 3222 1824 dabas
3243 1770 3301 1823 ?»
3329 1768 3435 1823 Ubi
3460 1785 3564 1840 pa-

166 1863 313 1916 forte
343 1860 522 1914 dicis:
557 1857 718 1912 Meus
763 1853 931 1926 panis
979 1858 1066 1909 est
1112 1853 1386 1920 usitatus,
1437 1858 1568 1922 etc.,
1602 1876 1629 1902 »
1684 1853 1807 1909 haec
1836 1889 1884 1954 B
1916 1873 2047 1911 nem
2081 1857 2332 1911 nitidum
2361 1873 2496 1912 eum
2528 1862 2733 1912 vocant
2763 1858 2861 1928 qui
2887 1862 3092 1929 praztcr
3113 1873 3335 1912 morem
3360 1856 3563 1911 candi-

165 1948 484 2006 subinfert:
522 1966 550 1996 «
580 1945 798 2014 Nempe
829 1943 927 2013 qui
960 1942 1242 1996 usitatum
1277 1942 1614 2012 mensisque
1661 1959 1804 2013 quo-

161 2036 401 2094 tidianis
425 2037 774 2106 usurpatum
795 2047 1006 2103 panem
1035 2030 1196 2097 dicit,
1220 2046 1487 2103 azymum
1518 2030 1674 2086 haud
1698 2031 1806 2085 du-

165 2128 329 2182 bium
361 2142 474 2181 non
506 2122 818 2194 significat.
857 2142 884 2169 »
916 2120 1086 2191 Ergo,
1118 2135 1186 2174 ex
1232 2119 1532 2174 Sirmundi
1588 2123 1803 2187 mente,

165 2216 269 2287 qui
313 2214 596 2269 usitatum
648 2209 984 2280 mensisque
1040 2207 1397 2279 quotidianis
1455 2213 1803 2280 usurpatum

165 2319 375 2375 panem
407 2319 440 2357 a
468 2299 753 2356 sacrificio
781 2297 1143 2354 exclundunt
1173 2313 1238 2351 ac
1271 2299 1566 2352 removent
1598 2297 1799 2352 Patres

164 2390 429 2448 Toletani
459 2403 728 2460 azymum
760 2386 917 2441 haud
951 2384 1126 2439 dubie
1156 2383 1507 2455 signiﬁcant.

232 2479 430 2550 Neque
461 2474 886 2548 argumentatio
919 2473 976 2528 in
1011 2489 1102 2527 me
1134 2473 1316 2543 regeri
1348 2476 1559 2544 potest,
1611 2472 1711 2544 qui
1743 2473 1802 2527 in

161 2587 229 2626 eo
287 2564 581 2622 Ambrosii
629 2563 753 2619 loco
801 2563 1084 2618 usitatum
1137 2577 1342 2632 panem
1404 2577 1514 2615 non
1556 2577 1658 2631 pro
1691 2561 1802 2616 fer-

160 2660 420 2713 mentato
451 2655 800 2723 usurpatum
832 2650 1136 2705 contendo.
1169 2649 1311 2703 Nem
1344 2648 1393 2703 si
1425 2652 1715 2703 constaret
1736 2665 1802 2704 eo

160 2748 222 2802 in
252 2745 379 2800 loco
412 2741 502 2813 agi
535 2739 606 2795 de
636 2737 854 2809 duplici
887 2753 1036 2808 pane
1068 2735 1372 2802 materiali,
1417 2753 1531 2790 uno
1566 2735 1800 2803 usitato,

157 2834 340 2892 altero
368 2831 565 2886 minus
595 2825 917 2889 communi,
937 2824 1214 2880 usitatum
1249 2840 1456 2894 panem
1476 2840 1676 2895 azymo
1698 2841 1799 2896 op-

157 2922 296 2995 poni
328 2919 480 2976 uitro
511 2915 907 2974 concederem.
941 2917 1016 2967 At
1045 2929 1175 2966 vero
1208 2911 1300 2966 hic
1350 2913 1601 2967 usitatus
1632 2913 1800 2984 panis

157 3027 277 3067 non
310 3007 446 3080 pani
480 3005 675 3060 minus
706 3002 944 3070 usitato,
978 3002 1078 3056 sed
1111 3001 1243 3072 pani
1276 3001 1694 3066 consecrato,id
1712 3005 1800 3056 est

157 3097 388 3168 corpori
417 3092 630 3150 Christi
662 3091 1065 3162 Opponitur,ac
1100 3089 1338 3159 proinde
1361 3105 1474 3143 non
1495 3089 1642 3144 valet
1662 3106 1797 3145 con-

158 3185 384 3257 paratio
414 3185 474 3238 in
507 3179 796 3238 sententia
827 3195 957 3233 mea
985 3195 998 3243 ;
1032 3177 1186 3248 valet,
1211 3182 1404 3231 autem
1433 3178 1487 3231 in
1511 3177 1799 3233 sententia

1917 1945 2025 1999 dus
2059 1949 2199 2000 erat.
2234 1945 2356 1999 Non
2399 1950 2592 1999 tamen
2629 1963 2694 2000 co
2727 1950 2950 2016 spectat
2994 1944 3175 2000 oratio
3207 1961 3359 2011 mea,
3393 1944 3563 2015 quasi

1914 2033 2159 2103 probare
2191 2033 2362 2088 velim
2389 2033 2495 2087 hoc
2528 2034 2764 2088 nomine
2798 2033 3012 2104 ubique
3053 2032 3297 2103 intelligi
3346 2048 3560 2103 panem

1913 2119 2581 2176 infermentatum.Certe
2615 2122 3024 2176 fermentatum
3057 2137 3123 2175 eo
3154 2119 3436 2175 vocabulo
3459 2120 3559 2174 de-

1914 2209 2210 2279 signatum
2242 2208 2369 2280 lego
2400 2210 2458 2263 in
2492 2209 2818 2263 Annalibus
2851 2209 3214 2264 Fudensibus
3238 2208 3310 2262 ad
3335 2223 3560 2264 annum

1914 2298 2038 2354 870.
2070 2297 2286 2352 Verum
2318 2314 2450 2352 cum
2481 2297 2740 2352 Toletani
2773 2297 2969 2352 Patres
3001 2321 3026 2346 ‹‹
3061 2297 3313 2352 nitidum
3341 2312 3556 2367 panem

1913 2390 2207 2457 opponant
2258 2386 2492 2451 usitato,
2529 2385 2891 2456 intelligendi
2944 2389 3082 2440 sunt
3111 2385 3182 2439 de
3234 2399 3382 2455 pane
3423 2401 3556 2455 azy-

1913 2491 2030 2540 mo,
2065 2473 2164 2552 qui
2222 2474 2562 2528 fermentata
2611 2490 2709 2527 seu
2756 2473 2972 2528 usitato
3021 2472 3191 2544 longe
3251 2471 3556 2527 candidior

1912 2567 2019 2617 est.

1980 2649 2172 2705 Tertio
2202 2648 2543 2720 praecipiunt
2585 2653 2784 2704 Patres
2833 2655 2896 2703 ut
2940 2634 3108 2720 panis
3160 2647 3431 2703 sacrificii
3481 2647 3560 2702 sit

1914 2761 1942 2789 «
1973 2739 2167 2794 studio
2199 2743 2574 2809 praeparatus.
2629 2759 2654 2786 »
2708 2737 3065 2792 Theodolfus
3117 2735 3560 2791 Aurelianensis

1909 2827 2216 2899 episcopus
2247 2826 2304 2879 in
2330 2824 2676 2895 Capitularis
2727 2829 2834 2879 art.
2870 2828 2940 2879 ὅς
3000 2846 3027 2873 ‹‹
3082 2827 3288 2888 Panes,
3342 2821 3560 2894 inquit,

1911 2933 2058 2987 quos
2091 2914 2205 2969 Deo
2238 2914 2294 2968 in
2328 2912 2676 2967 sacrificium
2712 2913 2955 2977 offertis,
2991 2915 3092 2966 aut
3124 2929 3157 2966 a
3186 2911 3349 2965 vobis
3388 2911 3560 2982 ipsis,

1909 3008 2010 3059 aut
2039 3020 2071 3056 a
2104 3001 2311 3057 vestris
2344 3001 2538 3072 pueris
2571 3017 2766 3056 coram
2798 3000 2961 3054 vobis
2992 2999 3172 3054 nitide
3202 3015 3265 3054 ac
3293 2999 3559 3054 studiose

1907 3092 2071 3147 flant.
2108 3113 2133 3139 »
2167 3092 2289 3154 Qua
2319 3088 2596 3160 religione
2628 3089 3019 3144 formarentur
3045 3105 3222 3160 panes
3254 3087 3325 3142 ad
3377 3102 3557 3142 usum

1909 3177 2178 3235 sacrificii
2209 3178 2362 3248 apud
2387 3176 2702 3232 monachos
2733 3175 3353 3241 Cluniacenses,docet
3384 3173 3562 3230 Udal-

154 3246 459 3330 éirmundi
491 3270 646 3324 hunc
672 3267 731 3321 in
763 3266 1040 3327 locum,et
1063 3265 1120 3318 in
1147 3281 1274 3319 mea
1302 3281 1404 3336 pro
1421 3282 1641 3321 canone
1662 3283 1796 3320 con-
1835 3246 1876 3312 Ο
1912 3269 2066 3324 ricus
2098 3266 2157 3321 in
2188 3266 2289 3321 lib.
2325 3283 2405 3332 ιιι,
2440 3265 2970 3337 cap.13.Siquidem
3006 3266 3400 3319 «frumentum
3425 3280 3562 3335 gra-

159 3359 281 3418 cilii
312 3357 596 3424 Toletani,
624 3372 759 3412 cum
790 3353 1096 3424 utrobique
1127 3353 1295 3424 panis
1327 3354 1577 3409 usitatus
1603 3370 1803 3426 azymo

163 3446 378 3519 opponi
404 3444 772 3499 concedatur.

233 3534 502 3590 Secundo
535 3533 730 3587 Patres
751 3530 1012 3586 Toletani
1037 3533 1290 3600 arguunt
1312 3530 1644 3586 sacerdotes
1675 3529 1802 3584 illos

159 3621 510 3694 Hispanicos
541 3619 696 3689 quod
728 3640 755 3666 ‹‹
789 3635 903 3672 non
937 3635 1116 3689 panes
1166 3618 1416 3672 mundos
1445 3640 1470 3666 »
1506 3619 1798 3684 offerrent,

160 3716 288 3767 tum
322 3705 669 3780 praecipiunt
699 3709 760 3759 ut
789 3705 990 3775 «panis
1018 3705 1238 3760 nitidus
1268 3728 1297 3754 »
1329 3705 1802 3761 oll'eratur.Panis

163 3798 446 3862 mundus,
473 3799 643 3866 prout
664 3791 978 3865 opponitur
999 3793 1393 3858 usitato,alius
1421 3793 1667 3865 intelligi
1687 3811 1804 3850 non

160 3889 354 3960 potest
403 3899 579 3956 quam
613 3881 782 3954 panis
810 3896 1014 3951 expers
1054 3882 1343 3952 fermenti,
1372 3883 1527 3953 quod
1570 3899 1808 3955 corrup-

163 3975 344 4030 tionis
372 3973 640 4028 efl‘ectum
673 3986 738 4025 ac
769 3968 1100 4041 symbolum
1123 3975 1234 4025 est.
1257 3974 1429 4026 Recte
1445 3970 1600 4026 hunc
1631 3972 1690 4026 in
1722 3971 1805 4027 lo-

163 4079 300 4119 cum
333 4062 690 4117 Humbertus
719 4056 1031 4114 eardinalis
1065 4058 1122 4112 in
1157 4059 1538 4130 responsione
1576 4061 1649 4114 ad
1702 4061 1807 4116 Mi-

165 4150 432 4208 chaelem
453 4143 812 4204 Cerularium
839 4164 851 4202 :
882 4168 903 4195 ι
933 4145 1094 4201 Sicut
1115 4147 1405 4202 sententia
1425 4146 1578 4220 vulgi
1603 4152 1810 4218 exstat,

161 4238 433 4296 fermenti
463 4237 624 4308 origo
655 4236 749 4303 sit,
783 4251 916 4290 cum
943 4238 1046 4290 aut
1077 4249 1287 4304 spuma
1339 4233 1508 4290 multi
1565 4251 1672 4292 seu
1705 4237 1812 4293 fax

170 4327 481 4398 cujusdam
507 4325 736 4381 rustica:
764 4323 1175 4395 potionis,quaa
1206 4322 1362 4394 apud
1393 4322 1589 4380 Gallos
1621 4327 1806 4384 cervi-

169 4415 259 4471 sia
287 4415 532 4482 dicitur;
565 4411 649 4469 vel
681 4417 834 4468 certe
855 4412 958 4482 jus
988 4410 1180 4467 elixati
1212 4411 1413 4467 hordei
1445 4416 1546 4468 aut
1587 4413 1812 4481 ciceris,

171 4504 291 4560 sive
321 4503 409 4558 lae
451 4501 709 4557 ficulnea:
739 4500 828 4556 vel
859 4516 1133 4572 pecorum
1166 4504 1524 4572 corruptum,
1556 4501 1820 4572 injicitur

1914 3355 2094 3410 natim
2125 3353 2370 3409 electum
2410 3375 2436 3400 »
2469 3370 2681 3423 magna
2712 3369 2844 3406 cum
2870 3353 3189 3407 reverentia
3211 3369 3244 3406 a
3265 3351 3557 3407 monacho

1913 3443 2060 3499 albis
2085 3442 2187 3494 ind
2201 3446 2295 3495 uto
2318 3441 2388 3495 ad
2412 3440 2753 3495 fariniarum
2773 3439 3029 3495 delatum
3060 3439 3559 3495 molebatur-Tum

1912 3531 2163 3586 cribrata
2193 3528 2370 3586 simili
2401 3529 2518 3582 ritu
2553 3527 2757 3591 farina,
2793 3550 2819 3574 «
2873 3544 3008 3582 cum
3063 3543 3216 3597 aqua
3275 3525 3486 3596 frigida
3519 3548 3551 3574 ››

1913 3617 2425 3688 conspergebatur.
2463 3616 2676 3670 Deinde
2714 3614 3134 3670 ferramentum
3167 3615 3224 3667 in
3284 3629 3398 3682 quo
3458 3629 3557 3667 co-

1916 3705 2158 3778 quentia:
2215 3707 2380 3759 erant
2429 3702 2629 3758 hostiae
2677 3703 2911 3756 tenebat
2959 3718 3293 3767 conversus,
3344 3716 3562 3756 manus

1916 3793 2222 3850 ehirotecis
2255 3792 2490 3847 indutas
2521 3791 2965 3863 habens.Longe
2989 3794 3119 3846 ante
3141 3790 3558 3846 Cluniacenses

1917 3883 2123 3940 1108th
2154 3904 2181 3930 «
2212 3897 2344 3936 cum
2375 3879 2547 3936 laude
2569 3877 2904 3951 psalmodiae
2925 3901 2951 3928 ››
2983 3880 3385 3934 formebantur
3405 3877 3566 3948 apud

1923 3970 2364 4044 Andaginenses
2395 3985 2496 4024 seu
2530 3967 2772 4023 coenobii
2805 3967 2990 4023 sancti
3023 3966 3297 4022 Hucberti
3349 3966 3403 4020 in
3456 3969 3568 4019 Ar-

1923 4062 2160 4116 duenna
2191 4057 2530 4124 monachos,
2567 4058 2650 4111 uti
2683 4055 2896 4128 legitur
2917 4057 2973 4110 in
2998 4055 3146 4111 libro
3171 4056 3240 4110 de
3267 4051 3566 4122 Miraculis

1923 4149 2113 4206 sancti
2144 4146 2420 4203 Hucberti
2465 4145 2826 4218 Tungrensis
2875 4143 3130 4217 episcopi
3183 4160 3307 4214 cap.
3359 4143 3412 4210 8,
3466 4140 3572 4197 ubi

1922 4237 2196 4295 monachi
2211 4251 2422 4308 «panes
2437 4235 2559 4290 suis
2579 4235 2853 4290 manibus
2877 4250 3008 4289 cum
3034 4233 3206 4290 laude
3226 4229 3572 4305 psalmodim

1927 4327 2206 4382 formatos
2231 4322 2625 4379 accumbenti-
2662 4323 2847 4378 Odoni
2881 4322 3077 4378 comiti
3110 4339 3262 4378 anno
3279 4320 3375 4377 841
3409 4319 3578 4376 obtu-

1926 4415 2063 4470 lisse
2094 4411 2684 4486 perhibentur.Erant
2713 4411 2798 4466 hae
2831 4411 3071 4484 eulogiae
3105 4428 3207 4467 seu
3239 4409 3444 4466 hostia:
3470 4409 3574 4463 be-

1927 4503 2323 4572 nedictae,quae
2355 4499 2603 4572 singulis
2635 4500 2842 4556 diebus
2873 4505 3006 4556 ante
3037 4515 3381 4555 communes
3412 4497 3575 4552 cibos

178 4606 509 4663 conspersae
544 4590 766 4646 farinae.
800 4590 943 4644 Cum
975 4603 1111 4660 ergo
1142 4603 1370 4658 spuma,
1393 4586 1517 4655 ltex,
1541 4589 1816 4647 elixatum
1852 4607 1897 4672 D
1930 4589 2233 4647 monachis
2267 4606 2382 4644 non
2412 4589 2861 4644 communicatis
2891 4588 2949 4644 in
3001 4589 3303 4644 relectorio
3348 4585 3573 4658 prabe-

170 4680 540 4754 leguminum
562 4683 618 4733 et
638 4677 727 4733 lac
743 4677 887 4732 ﬁcus
907 4675 994 4731 vel
1016 4691 1290 4747 pecorum
1312 4679 1648 4746 corruptum
1667 4679 1821 4749 apud

169 4769 439 4825 homines
469 4770 891 4838 computantur
929 4765 1079 4819 inter
1106 4763 1364 4830 sordida,
1422 4768 1650 4820 constat
1701 4765 1812 4822 fer-

171 4862 442 4914 mentum
495 4855 768 4912 sordibus
801 4869 916 4908 non
965 4852 1159 4907 carere
1205 4867 1308 4922 per
1353 4850 1569 4908 omnia.
1623 4853 1816 4910 Massa

172 4951 370 5003 autem
402 4944 736 5016 cuicunque
765 4943 1114 4997 fermentum
1146 4939 1403 5008 injicitur
1450 4955 1688 4998 necesse
1731 4945 1822 4998 est

173 5032 768 5106 corrumpatur,sicut
787 5029 867 5086 ait
887 5026 1360 5099 sapientissimus
1381 5027 1627 5084 Paulus:
1653 5052 1681 5079 ‹‹
1706 5029 1821 5085 Mo-

175 5124 378 5180 dicum
410 5123 762 5177 fermentum
793 5121 977 5172 totam
1011 5131 1268 5170 massam
1301 5116 1625 5188 corrumpit
1669 5117 1818 5186 (Gal.

174 5231 232 5280 v,
264 5212 344 5284 9).
379 5232 408 5262 ››
443 5211 661 5267 Eodem
693 5206 881 5262 tendit
909 5203 1156 5276 Algerus
1185 5203 1247 5257 in
1281 5203 1382 5270 lib,
1407 5219 1448 5258 II
1501 5205 1573 5260 de
1619 5205 1821 5264 Sacra-

179 5303 383 5357 mento
414 5314 541 5369 cap.
566 5296 655 5352 40.
688 5298 832 5349 Cum
855 5307 990 5364 ergo
1022 5294 1222 5345 Patres
1251 5289 1512 5346 Toletani
1547 5291 1618 5346 ad
1649 5293 1824 5350 sacri-

177 5387 384 5444 ﬁcium
408 5385 651 5457 exigunt
691 5397 903 5454 panem
953 5402 982 5431 «
1023 5377 1311 5434 mundum
1360 5395 1426 5434 ac
1474 5379 1749 5453 nitidum,
1793 5404 1822 5433 »

178 5475 363 5548 (quod
386 5475 542 5529 idem
576 5472 685 5527 hoc
705 5469 830 5526 loco
859 5469 1053 5526 forsan
1075 5482 1202 5522 esse
1220 5465 1515 5522 videbitur
1531 5474 1821 5528 secretum

175 5564 385 5625 volunt
411 5562 485 5619 ab
511 5559 674 5619 omni
707 5559 878 5615 sorde
907 5561 964 5613 et
990 5555 1274 5612 fermento
1305 5557 1714 5628 corruptionis.

248 5652 313 5718 Si
340 5656 540 5713 tamen
572 5672 601 5703 «
635 5647 804 5709 nitidi
837 5669 866 5699 ››
897 5644 1069 5720 panis
1098 5642 1350 5722 intelligi
1377 5647 1548 5722 putes
1568 5645 1678 5710 hoc
1696 5646 1825 5714 loco

505 5776 774 5868 Ρᾼτιιοι..
819 5771 1082 5862 CXLIII,

1933 4682 2170 4746 bantur,
2202 4681 2266 4732 ut
2296 4681 2452 4749 patet
2481 4681 2607 4731 tum
2639 4694 2708 4732 ex
2737 4677 2931 4733 libello
2961 4677 3416 4749 supplici,quem
3449 4688 3580 4727 mo~

1922 4766 2091 4822 nachi
2125 4764 2442 4820 Fuldenses
2472 4763 2676 4820 Carolo
2709 4766 2917 4838 Magno
2948 4767 3347 4838 porrexerunt,
3374 4760 3433 4814 in
3462 4775 3580 4830 quo

1930 4854 2296 4926 eulogiarum
2327 4851 2758 4924 perceptionem
2786 4858 2995 4910 vocant
3025 4876 3053 4903 «
3103 4845 3586 4908 communicatio-

1931 4959 2065 4999 nem
2101 4941 2267 4997 fracti
2297 4941 2465 5011 panis
2492 4958 2504 5008 ;
2527 4962 2554 4989 ››
2581 4946 2705 4997 tum
2739 4959 2806 4998 ex
2853 4942 3071 5014 synodo
3116 4933 3583 5012 Aquisgranensi

1934 5030 2072 5088 anni
2103 5029 2230 5099 8-l7,
2253 5033 2379 5083 tum
2411 5045 2478 5083 ex
2509 5028 2776 5085 Udalrico
2809 5031 2867 5084 in
2897 5030 2998 5084 lib.
3034 5045 3227 5098 n,cap.
3263 5021 3586 5094 38.0uippe

1928 5118 2191 5191 eulogite,
2226 5133 2328 5172 seu
2361 5115 2529 5187 panis
2551 5117 2913 5185 benedictus,
2939 5133 3007 5172 ex
3027 5117 3231 5171 eodem
3264 5121 3402 5168 tunc
3428 5123 3580 5183 pane

1929 5207 2149 5263 ﬁebant
2178 5221 2292 5278 quo
2333 5203 2580 5259 materia
2627 5204 2920 5274 sacriﬁcii,
2951 5219 3160 5275 nempe
3209 5219 3277 5259 ex
3333 5196 3582 5270 reliquis

1929 5294 2138 5351 hostiis
2167 5309 2282 5348 non
2308 5292 2684 5361 consecratis,
2718 5309 2863 5364 quas
2894 5290 3166 5347 monachi
3203 5289 3275 5345 ad
3326 5285 3580 5344 missam

1930 5382 2252 5439 offerebant
2284 5395 2510 5435 omnes.

2004 5471 2064 5526 ld
2096 5484 2282 5542 genus
2313 5466 2540 5534 oblatae,
2573 5483 2676 5522 seu
2709 5467 2892 5536 obliga,
2926 5483 3040 5522 non
3075 5483 3204 5522 raro
3254 5465 3430 5520 etiam
3485 5462 3585 5519 fie-

1935 5559 2077 5615 bant
2107 5557 2178 5612 ad
2210 5572 2385 5612 usum
2417 5572 2790 5612 communem
2820 5560 3068 5612 testante
3099 5552 3366 5611 Udalrico
3394 5552 3454 5608 in
3475 5549 3580 5610 lib.

1937 5646 2217 5728 1.08;).50.
2245 5644 2349 5712 ubi
2378 5644 2459 5710 ait
2480 5660 2532 5709 ια
2557 5645 2620 5709 In
2643 5645 3138 5730 Quinquagesima
3158 5641 3344 5705 solere
3367 5639 3590 5729 apponi

3183 5771 3264 5860 ἂρ
