3970 6218
424 341 576 404 1259

1461 328 1852 389 APPENDIX
1902 327 2004 387 AD
2051 323 2306 388 OPERA
2357 317 2792 384 HUMBER’I‘I.

3667 304 3832 372 1260

423 491 487 528 ea
518 489 642 542 qua:
677 471 734 524 in
769 469 1122 523 ferramento
1142 464 1540 518 characterato
1560 461 1630 514 de
1656 459 2066 529 conspersione
2095 462 2142 526 Α
2177 460 2405 512 tantum
2439 459 2503 510 ut
2532 469 2952 524 nonnunquam
2979 452 3051 508 ab
3081 451 3227 525 ipsis
3255 447 3504 522 publicis
3545 443 3831 518 negotia-

422 559 621 623 farinaz
653 554 1011 612 tenuissimas
1046 552 1218 617 ﬁunt,
1247 555 1304 605 et
1333 550 1404 605 ab
1439 547 1778 603 hominibus
1801 547 2070 601 Romanae

423 649 660 717 linguae,
693 642 929 699 Nebulae
972 659 1005 696 a
1053 639 1378 703 nostribus,
1431 636 1643 706 inquit,
1709 633 2081 706 appellantur

422 733 660 790 Oblatas.
690 755 716 781 »
752 732 908 787 Idem
933 733 1240 785 attestatur
1262 725 1641 781 Burchardus
1671 722 1996 778 monachus
2018 723 2076 776 in

419 822 570 878 libro
601 822 670 875 de
705 819 948 876 Casibus
979 816 1318 874 monasterii
1354 814 1550 871 Sancti
1575 812 1745 878 Galli,
1796 829 1975 885 agens
2006 813 2074 868 de

422 912 694 982 Notperto
729 909 960 972 abbate,
995 907 1096 978 qui
1129 930 1156 957 «
1201 905 1259 959 in
1282 903 1654 959 hebdomade
1700 900 1983 973 paschali,
2015 899 2073 954 in

425 999 668 1055 meridie
700 997 898 1051 vinum
917 999 975 1051 et
988 993 1214 1049 oblatas
1237 993 1360 1048 dari
1387 990 1744 1047 constituit.»
1772 989 1851 1044 De
1869 988 2074 1057 hujus-

427 1087 581 1142 modi
615 1084 825 1140 oblatis
841 1083 1220 1156 intelligenda
1236 1081 1466 1136 videtur
1488 1077 1806 1150 Eginhardi
1828 1075 2074 1148 epistola

426 1177 638 1246 52,qua
667 1172 1042 1228 Vicedomino
1074 1171 1320 1240 aliisque
1357 1167 1625 1222 ﬁdelibus
1657 1165 1781 1219 suis
1814 1163 2070 1233 praecipit

429 1287 454 1312 ‹‹
478 1267 542 1318 ut
559 1261 820 1334 eulogias
844 1259 1155 1332 prmparari
1181 1256 1396 1312 faciant
1419 1253 1740 1308 secundum
1767 1253 2070 1305 consuetu-

431 1352 650 1418 dinem,
685 1349 836 1404 sicut
870 1347 1015 1401 solet
1045 1346 1217 1399 homo
1258 1342 1328 1396 ad
1384 1357 1530 1411 opus
1580 1337 1807 1394 Domini
1860 1337 2065 1400 facere,

432 1445 550 1494 tam
584 1438 652 1492 ad
669 1453 813 1506 opus
832 1433 1028 1488 domui
1053 1429 1320 1486 Ludovici
1338 1424 1868 1499 quamN.conjugis
1881 1424 2066 1493 ejus.»

433 1528 509 1581 Ex
522 1542 635 1596 quo
657 1525 895 1592 apparet
916 1519 1100 1574 oblias
1121 1515 1410 1588 ejusmodi
1431 1514 1632 1569 eodem
1659 1512 1830 1567 modo
1854 1511 2068 1566 forma-

430 1619 519 1667 tas
552 1611 730 1665 fuisse
753 1623 927 1679 quam
961 1622 1171 1677 panem
1195 1605 1266 1660 ad
1290 1619 1464 1659 usum
1489 1600 1758 1657 sacriﬁcii
1783 1599 2068 1656 Dominici

429 1699 776 1756 confectum.
814 1699 892 1748 Ac
924 1693 1164 1766 proinde
1216 1698 1474 1762 tempore
1505 1687 1951 1761 Eginhardi,qui
1981 1703 2072 1743 re-

432 1786 750 1859 gnantibus
772 1782 970 1838 Carolo
985 1783 1193 1854 Magno
1207 1781 1452 1852 ejusque
1468 1777 1584 1834 ﬁlio
1603 1776 1893 1833 Ludovico
1911 1775 2050 1830 vixit

430 1874 653 1932 hostias
678 1875 829 1929 intra
853 1873 1069 1928 ferrum
1094 1871 1558 1926 characteratum
1588 1867 1877 1922 confectas
1902 1869 2077 1937 atque

433 1963 881 2019 infermentatas
914 1961 1112 2017 fuisse.

507 2051 706 2124 Itaque
739 2057 802 2106 ut
833 2051 902 2106 ad
937 2051 993 2105 id
1024 2048 1178 2105 unde
1212 2047 1513 2118 digressus
1547 2061 1679 2101 sum
1710 2060 1802 2099 me
1831 2044 2076 2098 referam

434 2142 604 2214 longe
635 2145 769 2196 ante
791 2139 1202 2194 Gluniacenses
1235 2135 1495 2192 studiose
1527 2134 1583 2187 id
1638 2137 1727 2188 est
1773 2131 1885 2202 piis
1943 2129 2076 2200 qui-

438 2232 688 2289 busdam
738 2227 949 2284 ritibus
997 2227 1199 2282 hostiae
1239 2223 1715 2289 conﬁciebantur,
1745 2236 1857 2273 non
1887 2216 2076 2273 solum

440 2321 593 2393 apud
616 2316 954 2382 monachos,
988 2316 1087 2370 sed
1121 2314 1295 2368 etiam
1327 2311 1483 2382 apud
1517 2309 1848 2373 clericos,ut
1878 2304 2080 2376 praeci-

440 2411 524 2482 pit
553 2402 1373 2475 Theodulfusepiscopusjam
1393 2395 1959 2466 laudatus,quihanc
1980 2409 2079 2449 cu-

441 2480 566 2554 ram
595 2494 948 2569 presbyteris
981 2495 1081 2546 aut
1111 2491 1369 2562 ipsorum
1403 2487 1599 2558 pueris
1639 2501 1741 2538 seu
1795 2480 2079 2536 ministris

441 2585 872 2658 imponit.ldem
907 2597 1012 2636 suo
1043 2585 1302 2649 tempore
1335 2578 1550 2630 factum
1575 2573 1781 2645 probat
1803 2571 2084 2624 llumber-

441 2657 543 2732 tus
571 2676 630 2729 in
663 2671 906 2745 epistola
929 2670 1000 2725 ad
1025 2665 1364 2723 Michaelem
1387 2661 1750 2718 Cerularium
1766 2659 1858 2714 his
1870 2657 2080 2714 verbis:

445 2789 471 2814 ‹‹
508 2766 772 2819 Romana
800 2765 855 2815 et
885 2754 1273 2814 Occidentalis
1296 2751 1554 2808 Ecclesia
1578 2768 1610 2804 a
1627 2747 1916 2804 ministris
1934 2746 2082 2802 sacri

445 2851 646 2908 altaris
680 2872 708 2899 »
739 2849 820 2917 (id
853 2851 940 2902 est
971 2849 1034 2900 ut
1065 2843 1201 2899 alibi
1233 2841 1431 2908 dicit,«
1465 2857 1498 2894 a
1521 2837 1782 2894 diaconis
1799 2852 1932 2892 cum
1951 2835 2084 2890 sub-

445 2936 707 2995 diaconis
739 2937 1000 3007 ipsisque
1020 2927 1635 2996 sacerdotibus,sacris
1669 2925 1898 2982 amictis
1917 2923 2086 2980 vesti-

446 3029 579 3098 bus)
611 3027 670 3080 in
697 3022 1007 3080 secretario
1038 3021 1206 3075 offert
1253 3032 1548 3090 azymum,
1583 3014 1740 3087 quod
1792 3029 1860 3069 ex
1905 3028 2085 3084 grano

447 3113 723 3172 frumenti
741 3117 796 3167 et
811 3111 1056 3182 limpida
1080 3107 1319 3180 lympha
1336 3104 1510 3160 fuerit
1530 3100 2083 3176 przssaratum.»Ne-

449 3222 562 3279 que
592 3208 786 3258 tamen
819 3203 901 3254 ita
933 3199 1050 3252 haec
1073 3176 1221 3251 cura
1240 3192 1594 3266 presbyteris
1614 3195 1670 3246 et
1691 3188 1978 3246 ministris
1999 3205 2087 3244 sa-
2117 3176 2159 3242 C

451 3278 566 3350 eris
598 3290 963 3362 competebat
993 3285 1134 3358 quin
1169 3281 1484 3354 aliquando
1524 3283 1800 3335 matronae
1849 3278 1955 3349 pias
1987 3293 2090 3332 seu

452 3387 668 3441 devota:
691 3397 840 3452 quas
867 3373 1340 3432 sanctimoniales
1363 3367 1729 3437 vocabant,id
1755 3367 1929 3436 ofﬁcii
1953 3367 2010 3421 in
2031 3383 2092 3421 se

453 3473 836 3543 susciperent,
870 3468 1045 3522 etiam
1078 3482 1143 3519 eo
1173 3467 1432 3533 tempore
1480 3476 1595 3530 quo
1645 3456 1866 3513 hostias
1916 3457 2090 3510 infer-

448 3567 738 3621 mentatas
768 3559 947 3614 fuisse
977 3552 1417 3610 constant.Nam
1450 3550 1509 3603 in
1537 3547 1683 3602 lib.n
1706 3547 1776 3600 de
1805 3544 2094 3616 Miraculis

449 3653 636 3710 sancti
659 3645 1084 3718 Wandegresili
1116 3641 1366 3707 abbatis,
1409 3655 1536 3710 cap.
1599 3636 1827 3704 ultimo,
1879 3633 2093 3705 legitur

449 3742 767 3814 quamdam
798 3731 1301 3793 sanctimonialem
1333 3745 1435 3784 seu
1477 3728 1742 3782 devotam
1791 3723 2089 3787 feminam,

450 3813 576 3903 qua:
610 3828 833 3884 meritis
882 3825 1066 3880 sancti
1110 3819 1216 3874 viri
1262 3834 1412 3872 anno
1461 3817 1560 3870 891
1615 3818 1821 3870 sanata
1882 3813 2089 3877 fuerat,

451 3901 716 3976 (ioblatas
730 3932 876 3988 quas
891 3913 1158 3969 oblatura
1169 3908 1415 3964 Domino
1429 3905 1487 3959 in
1502 3903 1822 3958 crastinum
1837 3905 1960 3956 erat
1971 3901 2090 3955 for-

453 4025 647 4065 masse
673 4026 723 4074 ;»
755 4011 895 4060 tunc
926 3999 1243 4057 accessisse
1275 3996 1345 4051 ad
1378 3993 1628 4064 ignem,«
1655 3996 1712 4046 et
1732 3991 1948 4044 ferrum
1976 4004 2090 4059 quo

451 4094 857 4167 imprimendae
891 4107 956 4144 ac
981 4083 1368 4156 decoquendaa
1391 4085 1553 4135 erant
1571 4077 1776 4134 oblata:
1803 4101 1828 4125 ››
1853 4076 2090 4146 (oblato-

452 4165 609 4241 rium
638 4185 805 4236 vocat
834 4179 1053 4234 ferrum
1085 4173 1242 4228 istud
1275 4174 1478 4224 auctor
1507 4168 1635 4237 ejus
1665 4165 1965 4236 temporis)
2000 4181 2090 4219 ar-

453 4267 956 4342 ripuisse.Eadem
978 4262 1257 4333 religione
1279 4261 1483 4314 sancta
1497 4254 1870 4326 Radegundis
1892 4252 2094 4324 regina

454 4358 668 4418 saeculo
701 4360 860 4412 sexto
882 4352 1058 4424 (quod
1093 4349 1266 4405 etiam
1281 4349 1436 4419 patet
1458 4345 1528 4400 de
1550 4347 1816 4400 matrona
1836 4342 2092 4414 quadam

456 4453 715 4507 Romana
741 4446 799 4500 in
827 4443 960 4497 Vita
989 4437 1247 4511 Gregorii
1281 4433 1496 4507 Magni)
1519 4434 1645 4505 jam
1678 4434 1828 4487 facta
1862 4454 1889 4482 «
1921 4449 2094 4488 sanc-

2190 547 2381 599 torum
2443 542 2698 598 tabernis
2757 545 3018 613 emptum
3069 555 3280 613 panem
3331 538 3402 594 ad
3456 533 3836 593 Dominicam

2192 649 2455 688 mensam
2526 631 2908 697 transferatis,
2959 645 3133 702 quem
3182 631 3495 684 tractatum
3545 622 3727 679 illotis
3781 622 3840 674 et

2186 720 2439 776 sordidis
2470 720 2745 776 manibus
2777 735 2988 792 negare
3019 735 3132 774 non
3165 716 3427 789 potestis.
3463 735 3492 763 »
3522 711 3667 768 Hinc
3687 724 3836 765 con-

2187 810 2380 865 ﬁcitur
2409 825 2610 881 azymo
2639 808 2774 880 pani
2809 808 3060 864 maxime
3108 805 3407 880 proprium
3437 817 3564 859 esse
3601 804 3668 855 ut
3691 798 3778 854 sit
3809 817 3839 846 «

2186 898 2381 954 studio
2414 902 2793 969 praeparatus.
2831 919 2858 946 »
3761 884 3764 888 ί

2191 1032 2335 1123 ‘Ne
2365 1029 2499 1101 quis
2528 1046 2664 1084 vero
2709 1031 2974 1084 eamdem
3025 1043 3172 1100 pene
3220 1024 3558 1097 religionem
3605 1034 3845 1092 praepa-

2181 1105 2361 1173 ﬁndo
2378 1119 2722 1172 fermentata
2762 1133 2911 1187 pane
2934 1117 3100 1172 facile
3123 1114 3338 1172 servari
3365 1127 3537 1184 posse
3558 1105 3848 1177 dicat,id-

2181 1222 2292 1275 quc
2349 1204 2642 1274 postulare
2698 1205 2898 1260 Patres
2937 1204 3266 1266 Toletanos,
3291 1198 3545 1257 occurrit
3577 1197 3635 1252 id
3669 1194 3846 1266 quod

2179 1295 2384 1362 quarto
2414 1291 2536 1345 loco
2571 1291 2629 1344 in
2661 1307 2863 1345 eorum
2886 1291 3113 1345 decreto
3131 1287 3726 1345 animadvertandum
3751 1285 3854 1337 est

2180 1397 2387 1450 nempe
2418 1381 2571 1450 quod
2606 1401 2632 1427 ‹‹
2668 1395 2878 1449 panem
2913 1379 3348 1448 integrum,non
3379 1380 3577 1430 tamen
3603 1370 3855 1445 grande

2181 1469 2420 1540 aliquid,
2445 1469 2545 1524 sed
2581 1467 2871 1523 modicam
2903 1471 3132 1522 tantum
3163 1464 3418 1521 oblatam
3447 1485 3474 1512 »
3508 1460 3706 1516 offerri
3733 1474 3859 1513 vo-

2182 1557 2330 1612 lunt.
2365 1556 2466 1611 His
2515 1555 2670 1610 enim
2719 1554 2910 1609 verbis
2964 1553 3200 1608 omnino
3248 1551 3559 1622 designant
3597 1546 3859 1601 oblatas

2187 1645 2366 1702 exiles
2381 1661 2445 1700 ac
2468 1643 2903 1713 tenues,quales
2934 1641 2992 1696 in
3025 1641 3193 1695 ferris
3223 1634 3641 1693 characteratis
3666 1648 3855 1688 com-

2185 1734 2319 1807 poni
2346 1732 2553 1789 solent.
2588 1733 2702 1786 Nec
2731 1734 2896 1784 vacat
2934 1729 3089 1799 quod
3125 1749 3151 1776 «
3201 1726 3495 1797 integrum
3528 1738 3779 1794 panem,
3823 1743 3853 1769 ››

2057 1817 2074 1891 ί
2105 1819 2151 1884 Β
2183 1839 2296 1878 non
2329 1825 2527 1877 tamen
2559 1820 2779 1891 grande
2809 1817 3052 1888 aliquid,
3096 1815 3199 1870 sed
3249 1812 3545 1868 modicum
3597 1814 3848 1865 tantum

2187 1910 2441 1966 oblatam
2472 1909 2728 1979 exigunt.
2763 1907 2848 1961 Ita
2875 1905 3032 1961 enim
3063 1901 3363 1958 declarant
3382 1902 3636 1955 mentem
3665 1914 3854 1954 suam

2187 2017 2301 2054 non
2332 2015 2460 2054 esse
2491 2001 2556 2052 ut
2587 1994 2814 2050 modica
2847 1990 2947 2047 illa
2972 2007 3037 2046 ac
3066 1989 3261 2045 tenuis
3288 1987 3485 2044 oblata
3521 2003 3590 2041 ex
3638 2001 3857 2041 crasso

2188 2103 2336 2158 pane
2365 2087 2791 2156 decerperetur,
2825 2081 2926 2136 sed
2959 2084 3023 2134 ut
3052 2079 3129 2134 sit
3158 2077 3383 2149 integer
3421 2074 3623 2147 panis;
3677 2073 3857 2145 quod

2188 2192 2328 2230 sane
2355 2175 2698 2229 fermentata
2731 2185 2878 2241 pane
2909 2167 3215 2223 convenire
3244 2181 3360 2220 non
3383 2161 3857 2234 potest.Etsnim

2187 2263 2286 2334 qui
2319 2263 2600 2315 fermento
2630 2262 2877 2323 constat,
2910 2272 3023 2310 non
3058 2255 3200 2310 adeo
3230 2252 3425 2308 tenuis
3474 2267 3540 2306 ac
3592 2247 3848 2321 gracilis

2188 2351 2389 2405 conﬁci
2423 2349 2588 2415 solet,
2617 2348 2716 2402 sed
2750 2361 2986 2400 crassus
3014 2359 3080 2398 ac
3125 2344 3381 2408 densus;
3416 2340 3560 2395 alias
3609 2339 3850 2394 frustra

2191 2439 2542 2493 fermentum
2569 2432 3122 2503 adhiberetur,quod
3147 2447 3262 2486 non
3283 2429 3395 2484 nisi
3423 2430 3493 2483 ad
3518 2427 3854 2482 inflandum

2192 2534 2249 2581 et
2279 2525 2665 2597 subigendam
2701 2537 2960 2578 massam
2993 2519 3428 2575 commiscetur.
3459 2519 3620 2571 Certe
3653 2514 3855 2570 Hum-

2193 2617 2394 2670 bertus
2423 2629 2491 2669 ex
2521 2629 2586 2667 eo
2620 2611 2773 2683 quod
2808 2605 3313 2679 Hierosolymitani
3347 2622 3462 2660 non
3484 2602 3599 2659 nisi
3633 2607 3852 2659 «tenue

2193 2703 2418 2758 oblatas
2449 2701 2706 2772 integras
2737 2703 2793 2753 et
2823 2713 2998 2754 sanas
3022 2717 3050 2746 »
3073 2695 3534 2759 aﬁ‘erebant,nou
3565 2708 3631 2746 eo
3663 2708 3738 2746 ex
3758 2707 3856 2746 so-

2191 2791 2311 2847 lido
2343 2806 2491 2862 pane
2521 2787 2783 2844 lanceola
2815 2803 2917 2858 pro
2947 2789 3277 2840 Graacorum
3310 2797 3472 2837 more
3521 2781 3849 2848 detractas,

2193 2897 2292 2936 eas
2321 2879 2501 2934 fuisse
2531 2893 2762 2949 azymas
2795 2875 3003 2947 probat
3031 2872 3092 2927 in
3106 2871 3486 2944 responsione
3499 2869 3570 2924 ad
3591 2868 3854 2924 Michae-

2194 2967 2606 3037 lem.Denique
2637 2963 2948 3020 concilium
2981 2961 3306 3028 Coiacense,
3331 2959 3486 3031 quod
3519 2974 3670 3013 anno
3704 2957 3854 3012 4088

2195 3057 2540 3112 celebratam
2564 3058 2670 3121 est,
2691 3068 2900 3124 panem
2927 3065 3195 3121 azymum
3228 3065 3344 3103 non
3375 3045 3507 3102 aliis
3535 3044 3729 3101 verbis
3751 3045 3853 3100 de-

2201 3146 2329 3200 ﬁnit
2359 3161 2480 3215 cap.
2515 3145 2549 3197 3
2579 3159 2756 3214 quam
2789 3140 2920 3194 istis
2949 3155 2962 3192 :
2988 3161 3015 3186 «
3056 3137 3257 3192 Hostia
3303 3135 3382 3190 sit
3427 3151 3496 3190 ex
3546 3133 3851 3189 frumento

2200 3251 2344 3290 sana
2374 3238 2428 3287 et
2452 3232 2732 3302 integra.»
2764 3229 2942 3283 Nemo
2976 3243 3088 3280 non
3119 3225 3273 3280 videt
3303 3221 3704 3279 deﬁnitioen‘m
3736 3223 3852 3277 Pa-

2200 3328 2356 3378 trum
2387 3319 2793 3376 Toletanorum
2827 3313 3114 3387 signatius
3145 3311 3380 3368 omnino
3404 3310 3718 3381 designare
3749 3326 3857 3382 pa-

2201 3427 2336 3466 nem
2355 3421 2624 3480 azymum
2647 3404 2920 3460 omnibus
2955 3401 3071 3456 illis
3101 3397 3715 3467 conditionibus,quas
3748 3414 3858 3452 su-

2201 3499 2396 3571 perius
2426 3493 2938 3567 explicavi,nempe
2967 3494 3031 3544 ut
3061 3488 3230 3560 panis
3259 3486 3410 3542 alius
3441 3485 3516 3539 sit
3531 3500 3712 3555 quam
3738 3485 3854 3556 qui

2201 3611 2229 3637 ‹‹
2263 3585 2468 3641 usibus
2491 3607 2517 3633 ››
2543 3597 2758 3636 mensae
2783 3577 3106 3639 commonis
3131 3597 3157 3625 ‹‹
3190 3576 3548 3647 praeparatus
3568 3576 3752 3642 est,ut
3774 3573 3857 3629 sit

2202 3676 2459 3731 mundus
2490 3688 2555 3727 ac
2589 3671 2829 3733 nitidus,
2864 3667 3057 3723 studio
3088 3666 3485 3737 praeparatus;
3513 3659 3702 3733 panis,
3753 3660 3854 3715 in-

2201 3780 2401 3836 quam,
2433 3761 2676 3832 integer,
2709 3775 2826 3813 non
2856 3762 3052 3812 tamen
3085 3753 3303 3826 grande
3327 3749 3675 3821 aliquid,sed
3715 3764 3851 3803 mo-

2202 3853 2331 3907 dica
2355 3855 2587 3906 tantum
2617 3847 2832 3903 oblata.
2868 3867 2896 3895 »
2948 3845 3082 3907 Quae
3130 3856 3269 3897 sane
3311 3838 3624 3909 descriptio
3671 3836 3854 3909 longe

2201 3937 2527 3996 accuratior
2554 3940 2643 3992 est
2675 3936 2747 3991 ad
2778 3931 3207 4005 designandum
3237 3943 3444 4000 panem
3476 3915 3856 3980 infermenta-

2201 4034 2327 4084 tum
2360 4043 2539 4099 quam
2571 4024 2670 4080 illa
2701 4021 2930 4079 concilii
2961 4017 3307 4082 Colacensis,
3331 4016 3500 4084 cujus
3521 4019 3718 4068 tamen
3750 4013 3856 4068 de-

2205 4122 2358 4172 creto
2378 4129 2649 4188 azymum
2679 4127 2892 4184 panem
2925 4102 3248 4179 signiﬁcari
3277 4105 3507 4156 constat
3535 4116 3666 4155 cum
3701 4099 3861 4156 cele-

2201 4186 2543 4260 bratum'sit
2572 4199 2881 4257 consilium
2911 4194 3066 4251 istud
3099 4193 3230 4262 post
3259 4186 3516 4243 schisma
3545 4186 3863 4244 Michaelis

2203 4292 2478 4350 Cerularii
2491 4333 2503 4344 .

2275 4429 2345 4482 Et
2378 4432 2572 4480 tamen
2605 4421 2759 4476 hunc
2789 4429 3068 4472 canonem
3102 4410 3333 4468 concilii
3354 4406 3646 4479 Toletani,
3670 4424 3854 4480 quem

456 4536 800 4602 timonialis,
835 4548 993 4587 more
1025 4527 1210 4585 sancti
1242 4523 1513 4582 Germani
1546 4524 1603 4577 in
1633 4522 2096 4594 Quadragesima
2124 4537 2171 4600 D
2201 4532 2400 4589 azymo
2429 4519 2548 4569 tam
2579 4510 2878 4581 signanter
2906 4503 3208 4559 convenire
3236 4499 3484 4569 ostendi,
3510 4497 3582 4553 ad
3606 4498 3860 4554 fermen-

457 4632 819 4690 frumentum
853 4637 961 4678 sua
993 4634 1169 4673 manu
1193 4612 1661 4680 commolebat,et
1689 4609 2094 4666 exindeuobla-

456 4724 642 4780 tiones
673 4715 800 4772 suis
830 4710 1102 4767 manibus
1133 4701 1517 4771 faciens,locis
1550 4699 1978 4756 venerabilibus
2009 4699 2094 4754 in-

457 4811 754 4868 cessanter
783 4797 1178 4872 dispensabat,
1212 4797 1357 4849 teste
1385 4790 1670 4846 Venantio
1694 4791 2008 4845 Fortunato
2033 4787 2092 4840 in

455 4899 644 4973 ipsius
672 4895 821 4948 Vita.
854 4894 1178 4944 Germanus
1207 4883 1318 4937 iste
1349 4878 1692 4935 Parisiensis
1724 4881 1847 4932 erat
1877 4875 2097 4948 episco-

457 4962 570 5064 pus
587 4985 684 5056 qui
713 4980 954 5055 proinde
965 4976 1139 5032 etiam
1153 4968 1442 5043 ejusmodi
1459 4964 1976 5039 operam,molendi
1992 4962 2100 5017 sei-

455 5052 973 5133 iicetfruinentum
1003 5065 1074 5119 ad
1104 5076 1313 5134 panem
1337 5055 1601 5112 sacriﬁcii
1627 5052 2096 5125 componendum

459 5181 575 5222 non
592 5164 713 5218 refu
722 5156 1021 5232 giebat.Ex
1045 5151 1257 5224 quibus
1277 5148 1515 5218 apparet
1531 5147 1748 5215 quanta
1762 5142 1818 5196 fu
1827 5139 2098 5212 eritapud

458 5257 683 5310 veteres
715 5230 950 5303 Latinos
969 5237 1242 5311 religioin
1261 5233 1518 5308 parando
1540 5230 1926 5287 eucharistico
1952 5243 2100 5300 pane

459 5341 586 5396 Non
621 5337 703 5392 sic
735 5333 889 5404 apud
920 5325 1391 5396 Graecos,quibus
1423 5319 1780 5376 Humbertus
1811 5319 1870 5372 in
1893 5317 2097 5390 praedi-

463 5433 555 5483 cta
585 5422 832 5494 epistola
860 5435 1027 5473 suam
1061 5417 1326 5485 ipsorum
1365 5410 1473 5464 hac
1503 5409 1563 5463 in
1598 5424 1656 5463 re
1687 5407 1974 5462 incuriam
2003 5420 2096 5460 ex-

465 5493 672 5584 probat
699 5510 760 5562 in
798 5509 954 5561 hunc
985 5504 1279 5557 modum.«
1308 5499 1423 5553 Vos
1446 5496 1759 5569 aliquando
1783 5495 1966 5568 pretio
1989 5493 2098 5548 fer-

467 5580 790 5660 mentatum
813 5609 847 5650 a
864 5603 1213 5669 quocunque
1243 5589 1366 5666 viro
1389 5600 1491 5646 seu
1513 5583 1732 5642 femina
1760 5582 2010 5659 habetis,
2041 5580 2100 5639 ni

2203 4585 2391 4660 tatum
2424 4615 2634 4672 panem
2663 4594 2843 4650 trahit
2869 4591 3223 4649 Sirmundus
3255 4589 3348 4643 bis
3378 4585 3571 4642 verbis
3597 4602 3610 4641 :
3648 4608 3676 4636 «
3703 4586 3854 4651 Quid

2203 4694 2311 4748 hoc
2332 4690 2566 4745 tandem
2589 4689 2676 4740 est
2706 4683 2859 4754 quod
2891 4679 3120 4737 concilii
3151 4679 3329 4748 hujus
3357 4676 3652 4732 antistites
3676 4675 3734 4729 in
3757 4674 3854 4731 his

2208 4776 2608 4836 sacerdotibus
2638 4768 3101 4843 reprehendunt?
3130 4771 3216 4821 An
3249 4765 3404 4838 quod
3448 4779 3719 4836 azymum
3751 4779 3856 4835 pa-

2208 4885 2339 4925 nem
2364 4881 2478 4921 non
2508 4857 2957 4918 consecrarent‘?
2977 4856 3212 4910 Minime
3243 4851 3712 4926 gentium.Atqui
3744 4851 3855 4908 hoc

2208 4960 2340 5013 ante
2370 4951 2568 5007 omnia
2597 4947 2865 5020 redargui
2891 4943 3264 5018 opportuit,si
3282 4938 3854 5011 azimarequireban-

2205 5040 2466 5113 tur,quia
2495 5053 2675 5110 panes
2705 5037 2970 5108 ipsorum
2993 5031 3197 5087 usibus
3231 5027 3536 5102 prmparati
3567 5043 3721 5096 quos
3743 5026 3851 5081 im-

2208 5130 2525 5194 molabant,
2559 5125 2746 5198 azymi
2791 5140 2905 5178 non
2957 5125 3138 5185 erant,
3173 5119 3272 5173 sed
3323 5115 3677 5171 fermentati.
3729 5117 3851 5178 Quo

2206 5236 2343 5292 ergo
2366 5216 2602 5272 nomine
2623 5211 2953 5285 reprehund
2965 5214 3142 5265 untur
3163 5205 3333 5277 ‘Iquia
3349 5219 3528 5276 panes
3549 5202 3609 5257 bi
3631 5202 3850 5274 quibus

2209 5291 2542 5375 utebantur,
2574 5301 2740 5358 nitidi
2774 5317 2889 5356 non
2921 5301 3086 5354 erant
3115 5311 3221 5350 nec
3249 5292 3454 5366 {studio
3481 5291 3542 5345 in
3571 5306 3701 5346 eam
3734 5306 3853 5346 rem

2209 5395 2416 5471 parati,
2440 5393 2597 5465 quod
2637 5388 2998 5446 consuetudo
3029 5383 3321 5457 poscebat.
3376 5380 3550 5435 Porro
3576 5395 3713 5435 cum
3743 5395 3855 5434 aera

2206 5467 2330 5554 :731,
2363 5484 2473 5539 hoc
2504 5485 2593 5537 est
2623 5495 2774 5535 anno
2803 5474 3015 5532 Christi
3044 5473 3150 5529 693
3182 5468 3538 5527 celebratum
3570 5467 3681 5524 hoc
3711 5483 3850 5525 con-

2210 5575 2410 5639 cilium
2440 5569 2649 5632 titulus
2679 5568 2917 5637 doceat;
2953 5561 3085 5642 quis
3116 5560 3252 5625 bino
3281 5556 3486 5640 conﬁci
3533 5572 3652 5616 non
3699 5556 3851 5622 videt
