3970 6218
230 333 377 400 1261

1204 339 1656 408 MABILLONII
1700 337 2174 414 DISQUISITIO
2220 339 2320 404 DE
2367 339 2659 404 ΑΖΥΜΟ.

3477 343 3629 407 1262

229 476 492 533 Latinam
518 471 836 530 Ecclesiam
868 473 939 529 ad
972 473 1028 529 id
1052 474 1256 531 saltem
1282 490 1466 547 usque
1486 480 1717 549 tempus
1742 494 1871 549 azy-
1901 475 1957 543 Α
1985 478 2321 548 sepulcrum
2353 478 2600 548 aperuit,
2648 480 2964 548 antequam
3014 490 3271 548 praesens
3320 478 3628 551 episcopus

232 566 346 621 mis
378 563 780 620 abstinuisse?

299 654 418 710 Hoc
448 651 775 708 Achilleum
809 655 898 707 est
920 651 1217 708 Sirmundi
1238 656 1875 725 argumentum,exquo

227 743 278 801 si
309 741 619 799 conﬁcitur
645 740 704 796 id
735 741 892 812 quod
924 739 1193 808 intendit,
1225 740 1430 794 eadem
1479 755 1584 811 ego
1643 756 1875 812 quoque

228 833 452 890 ratione
481 830 789 887 conﬁciam
820 829 986 885 initio
1017 828 1218 885 saeculi
1265 845 1343 883 xu
1391 828 1566 884 etiam
1618 829 1871 897 Latinos,

226 920 435 980 saltem
463 919 523 975 in
553 918 760 987 Gallia,
779 918 1009 995 [azymis
1039 917 1538 973 abstinuisse.Hoc
1562 934 1871 991 argumen-

226 1016 353 1066 tum
385 1009 607 1064 deduco
631 1023 699 1063 ex
720 1006 966 1078 epistola
987 1007 1050 1061 4t
1076 1005 1395 1061 Hildeberti
1421 1006 1873 1062 Cenomanensis

226 1098 484 1173 episcopi
519 1097 590 1152 ad
620 1096 1121 1167 Andegavensem,
1165 1094 1223 1148 in
1274 1110 1390 1165 qua
1437 1095 1639 1149 scribit
1687 1111 1748 1150 se
1800 1095 1872 1149 ad

226 1188 569 1264 praedictum
584 1184 927 1258 episcopum
944 1183 1235 1265 remittere
1250 1183 1610 1237 sacerdotem
1627 1181 1869 1238 latorem

228 1274 613 1352 epistolas,qui
629 1298 656 1324 «
677 1274 820 1329 dum
851 1272 1034 1328 sacris
1052 1271 1334 1327 altaribus
1358 1269 1869 1327 ministraturusin

227 1369 337 1426 hoc
368 1367 757 1438 praeparatum
782 1377 991 1432 panem
1015 1376 1129 1416 non
1154 1359 1550 1426 invenerat,de
1571 1358 1870 1413 communi

227 1472 378 1530 pane
407 1452 697 1509 obtulerat
726 1449 1099 1507 sacriﬁcium.
1133 1449 1256 1513 Qua
1285 1447 1342 1502 in
1378 1463 1501 1514 re,»
1533 1447 1725 1518 inquit
1747 1445 1870 1503 Hil-

227 1546 521 1608 debertus,
557 1563 584 1590 «
616 1539 749 1594 licet
779 1537 971 1610 potius
1003 1536 1363 1592 consuetudo
1395 1551 1571 1606 quam
1605 1536 1747 1590 ﬁdes
1769 1534 1870 1590 im-

227 1635 655 1704 pugnetur,nos
677 1631 871 1683 tamen
895 1623 1237 1681 nonnullam
1261 1623 1320 1678 in
1341 1639 1406 1678 eo
1429 1623 1660 1694 culpam
1689 1627 1871 1679 atten-

230 1721 450 1789 dimus,
502 1717 846 1774 arbitrantes
893 1713 1125 1786 gravius
1169 1711 1529 1784 puniendum
1593 1727 1720 1766 esse
1775 1727 1867 1767 ec-

227 1808 417 1866 clesia
441 1805 781 1863 scandalum
796 1819 972 1876 quam
987 1799 1479 1864 delictum.»Quid
1501 1800 1608 1855 hoc
1629 1800 1867 1855 tandem

226 1901 336 1964 est,
370 1901 435 1952 ut
459 1889 758 1950 Sirmundi
788 1891 979 1948 verbis
1011 1893 1161 1958 utar,
1215 1890 1366 1960 quod
1408 1888 1777 1944 Hildebertus
1809 1888 1867 1943 in

224 1987 337 2043 hoc
357 1984 654 2040 sacerdote
676 1977 1158 2053 reprehendit‘h'tn
1180 1978 1331 2049 quod
1357 1993 1624 2046 azymum
1656 1992 1866 2049 panem

226 2093 343 2133 non
377 2069 821 2130 consecrasset‘?
850 2068 1090 2124 minime
1120 2066 1402 2139 gentium.
1444 2067 1565 2129 Quo
1595 2081 1731 2136 ergo
1764 2081 1866 2119 no-

226 2165 384 2220 mine
409 2180 544 2219 eum
575 2156 1180 2232 reprehendit?nempe
1211 2155 1364 2226 quod
1409 2170 1523 2208 non
1559 2173 1586 2202 ‹‹
1617 2154 1687 2208 de
1718 2166 1867 2224 pane

227 2254 296 2310 ad
329 2253 439 2308 hoc
469 2252 812 2322 praeparato,
839 2268 866 2296 »
881 2247 981 2301 sed
998 2267 1025 2295 ‹‹
1045 2245 1116 2300 de
1143 2242 1442 2299 communi
1469 2241 1867 2296 nsacriﬁcium

226 2341 536 2408 obtulerat,
565 2355 699 2394 eum
731 2336 801 2392 ad
829 2335 1068 2390 modum
1094 2349 1208 2405 quo
1243 2332 1442 2387 Patres
1485 2329 1744 2386 Toletani
1777 2345 1864 2385 re-

225 2430 598 2503 prehendunt
625 2425 953 2482 sacerdotes
980 2421 1344 2493 Hispanicos,
1395 2419 1550 2490 quod
1601 2419 1671 2474 de
1703 2440 1731 2469 ‹‹
1765 2434 1866 2489 pa-

225 2520 401 2577 nibus
437 2541 464 2566 »
494 2533 610 2572 non
631 2513 868 2570 «studio
890 2509 1459 2584 praeparatismitidis
1481 2525 1544 2563 ac
1569 2506 1860 2572 mundis,-

224 2608 327 2666 sed
354 2607 425 2663 de
451 2629 470 2656 α
489 2605 741 2678 panibus
760 2601 884 2658 suis
896 2601 1103 2657 usibus
1119 2597 1456 2670 praeparatis
1478 2595 1864 2652 noblationem

223 2697 499 2753 facerent.
557 2692 846 2748 Concedat
893 2704 1027 2760 ergo
1074 2686 1427 2742 Sirmundus
1474 2700 1710 2738 necesse
1778 2685 1868 2737 est

223 2789 328 2843 aut
358 2799 638 2840 canonem
668 2777 895 2836 concilii
919 2774 1179 2832 Toletani
1201 2775 1271 2829 de
1292 2789 1438 2844 pane
1461 2788 1661 2844 azymo
1684 2771 1866 2826 inter-

223 2872 575 2947 pretandum
609 2884 757 2934 esse,
790 2867 942 2922 sicut
980 2861 1288 2936 epistolam
1317 2860 1654 2927 Hildeberti,
1689 2862 1790 2914 aut
1817 2858 1866 2914 si

223 2961 570 3036 praedictum
602 2972 884 3014 canonem
917 2955 986 3010 de
1018 2953 1362 3008 fermentato
1392 2964 1542 3021 pane
1581 2947 1867 3019 explicare

224 3034 448 3126 pergat,
477 3062 838 3119 consequens
882 3047 970 3100 est
1016 3041 1162 3097 ratio
1213 3044 1278 3094 ut
1325 3039 1500 3094 etiam
1550 3034 1866 3126 llildeberti

225 3125 536 3213 epistolam
568 3137 638 3192 de
661 3136 940 3190 fermento
972 3129 1410 3200 intelligendam
1435 3143 1560 3183 esse
1594 3125 1864 3180 fateatur.

1988 565 2295 620 ministerii
2328 565 2419 620 sui
2456 566 2634 620 fretus
2667 565 3297 636 auctoritate,ejusdem
3317 582 3630 640 congrega-

1985 654 2162 709 tionis
2191 654 2471 708 fratribus
2503 653 2609 708 hoc
2650 653 2978 710 faciendum
3011 654 3287 724 injunxit.
3339 655 3496 709 Idem
3537 659 3630 710 ta-

1987 757 2118 796 men
2167 741 2497 813 episcopus,
2548 742 2954 798 venerabiliter
3003 759 3099 797 cas
3151 759 3482 811 assumens,
3537 761 3630 798 sa-

1985 845 2080 884 cro
2112 831 2336 901 corpori
2369 829 2979 903 apposuit,ipsumque
3006 848 3215 903 corpus
3242 848 3372 887 cum
3393 849 3632 888 summa

1984 917 2221 974 cantula
2249 919 2588 974 obvolutum
2623 919 2680 973 in
2707 919 2908 974 lectica
2957 920 3272 975 honorifice
3322 937 3624 976 commen-

1983 1006 2364 1061 davit.»Hunc
2388 1006 2583 1062 locum
2615 1007 2802 1064 fusius
2824 1007 3017 1076 retuli,
3052 1012 3175 1062 tum
3207 1009 3344 1080 quia
3373 1009 3624 1080 insignis

1983 1098 2071 1150 est
2103 1096 2159 1149 in
2186 1099 2530 1166 praesentem
2561 1097 3022 1163 materiam,tum
3053 1101 3118 1151 ut
3145 1097 3421 1152 haberem
3454 1114 3623 1152 occa-

1984 1183 2205 1238 sionem
2238 1184 2580 1238 observandi
2635 1185 2691 1238 id
2732 1185 2887 1255 quod
2921 1185 3009 1239 Iso
3043 1185 3342 1256 ignorasse
3371 1185 3618 1255 videtur,

1984 1287 2191 1342 nempe
2223 1288 2440 1326 morem
2467 1272 2646 1327 fuisse
2669 1272 2983 1342 aliquando
3006 1277 3071 1327 ut
3101 1289 3231 1328 cum
3258 1275 3513 1328 defuncti
3535 1291 3621 1330 sa-

1983 1359 2233 1415 cerdotis
2263 1376 2500 1432 corpore
2521 1359 2724 1415 oblatae
2749 1378 2865 1415 una
2886 1379 3017 1415 cum
3042 1361 3172 1416 aliis
3194 1378 3619 1433 nonnunquam

1981 1448 2393 1504 instrumentis
2434 1447 2812 1519 vestibusque
2879 1449 3336 1504 sacerdotalibus
3395 1450 3621 1505 tumulo

1978 1537 2557 1610 eomponerentur.ld
2575 1536 2780 1608 colligo
2794 1553 2860 1591 ex
2874 1554 3161 1608 anonymo
3175 1537 3424 1607 quodam
3440 1555 3627 1608 zequa-

1979 1626 2018 1681 li
2052 1627 2108 1680 in
2142 1626 2305 1681 lib.iv
2326 1627 2404 1681 De
2435 1627 2568 1680 Vita
2586 1625 2954 1680 S.Guthberti
2991 1625 3480 1681 Lindisfarnensis
3503 1626 3622 1697 epi-

1981 1715 2175 1786 scopi;
2211 1716 2379 1785 cujus
2412 1713 2685 1786 anonymi
2719 1714 2839 1768 haec
2871 1715 3045 1768 verba
3077 1718 3215 1768 sunt
3245 1713 3305 1768 in
3337 1713 3484 1768 libro
3517 1730 3574 1768 1v
3607 1732 3620 1768 :

1985 1827 2004 1853 α
2041 1804 2086 1856 Α
2119 1803 2528 1874 navigantibus
2563 1803 2622 1857 in
2659 1802 2914 1858 insulam
2940 1807 3199 1858 nostram
3223 1803 3471 1870 delatus,
3504 1807 3624 1858 toto

1979 1907 2218 1963 corpore
2252 1891 2460 1959 lavato,
2495 1891 2681 1963 capite
2707 1892 2942 1946 sudario
2991 1892 3372 1961 circumdato,
3425 1893 3624 1947 oblatis

1976 1997 2143 2052 super
2180 1985 2430 2034 sanctum
2477 1983 2660 2051 pectus
2705 1983 2914 2050 positis,
2967 1981 3317 2035 vestimenti
3345 1981 3621 2035 sacerdo-

1976 2069 2117 2124 talia
2146 2069 2409 2137 indutus,
2445 2067 2502 2123 in
2537 2070 2765 2123 obviam
2806 2069 3018 2123 Christi
3053 2068 3464 2123 calceamentis
3495 2069 3621 2124 suis

1977 2158 2335 2231 praeparatis,
2369 2157 2428 2212 in
2478 2157 2724 2212 sindone
2772 2161 2964 2212 cerata
3028 2161 3300 2224 curatus;
3358 2156 3618 2212 animam

1975 2245 2199 2301 habens
2249 2263 2381 2300 cum
2413 2245 2642 2301 Christo
2682 2246 3052 2316 gaudentem,
3105 2263 3316 2317 corpus
3355 2245 3619 2300 incorru-

1976 2334 2196 2406 ptibile,
2230 2334 2598 2404 requiescens
2627 2337 2683 2387 et
2712 2335 2880 2404 quasi
2912 2334 3206 2389 dormiens
3239 2334 3298 2388 in
3347 2334 3615 2406 sepulcro

1974 2423 2204 2495 lapideo
2233 2421 2652 2477 honorabiliter
2675 2422 2729 2474 in
2765 2421 3006 2476 basilica
3034 2422 3618 2492 deposuerunt.»Hzec

1975 2511 2237 2583 apposite
2268 2527 2616 2582 anonymus,
2651 2511 2820 2580 cujus
2864 2511 3040 2564 verba
3071 2510 3164 2564 hic
3196 2508 3393 2576 relata,
3434 2510 3618 2565 Vene-

1975 2600 2144 2655 rabili
2165 2601 2327 2655 Bedes
2344 2616 2645 2671 perperam
2663 2597 3354 2670 tribuitAmalarius;quce
3370 2598 3622 2654 maxime

1976 2687 2644 2758 illustrantsuperiorem
2668 2686 2853 2740 Isonis
2867 2686 3165 2740 locum.Ad
3182 2687 3301 2741 hazc
3325 2687 3412 2741 Iso
3437 2703 3618 2758 agens

1976 2778 2048 2832 de
2073 2776 2187 2831 alia
2217 2776 2401 2831 sancti
2434 2775 2698 2829 Othmari
2723 2774 3101 2829 translatione
3133 2779 3264 2845 post
3294 2774 3613 2829 triennium

1978 2866 2148 2932 facta,
2179 2865 2298 2919 haec
2330 2865 2399 2919 de
2431 2864 2638 2919 iisdem
2687 2862 2896 2918 oblatis
2939 2863 3141 2918 scribit
3169 2862 3228 2917 in
3253 2863 3352 2918 lib.
3390 2880 3452 2927 ιι,
3489 2879 3616 2934 cap.

1977 2955 2062 3009 1εα
2100 2953 2234 3009 Illas
2262 2969 2494 3025 quoque
2527 2951 2936 3023 oblatas,quas
2968 2951 3302 3007 narratione
3335 2951 3619 3023 superiori

1978 3043 2035 3098 in
2068 3043 2196 3115 ejus
2223 3041 2452 3097 tumulo
2487 3040 2797 3097 retulimus
2832 3041 3011 3096 fuisse
3044 3045 3322 3113 repertas,
3379 3035 3618 3095 eatenus

1975 3132 2341 3203 incorruptae
2392 3134 2568 3202 atque
2615 3130 2970 3185 omnimodis
3028 3129 3238 3184 illmsas
3269 3129 3618 3200 perdurasse

223 3202 387 3296 οὐρά
419 3244 551 3283 cum
583 3239 774 3297 neque
804 3219 1157 3278 Sirmundus
1187 3219 1331 3290 ipse,
1365 3232 1470 3272 nec
1501 3215 1690 3286 quivis
1712 3213 1864 3268 alius
1896 3202 1938 3270 C
1978 3202 2244 3287 miratur,
2281 3223 2337 3274 et
2367 3219 2653 3289 quasdam
2686 3235 2752 3272 ex
2782 3218 2865 3272 eis
2897 3217 3184 3273 involutas
3225 3233 3385 3273 sacro
3417 3216 3618 3272 itidem

223 3317 390 3375 fateri
447 3314 653 3388 possit,
713 3327 900 3383 neque
957 3309 1132 3364 etiam
1208 3323 1276 3362 ex
1351 3304 1576 3362 concilii
1637 3302 1864 3358 Toleta-

221 3408 284 3465 ni
307 3405 501 3463 verbis
549 3402 874 3469 conﬁcitur,
927 3399 1338 3454 fermentatum
1392 3411 1603 3467 panem
1649 3393 1707 3447 in
1753 3408 1864 3446 usu

218 3502 349 3553 tum
380 3491 690 3559 fuisse,sed
717 3489 909 3562 potius
938 3485 1526 3559 azymum.Hactenus
1555 3482 1625 3536 de
1647 3495 1866 3536 canone

217 3584 521 3643 Toletano.

290 3674 595 3728 Postremo
627 3664 794 3738 panis
822 3664 1105 3720 sacriﬁcio
1139 3664 1472 3734 deputatus,
1514 3673 1688 3729 quem
1718 3655 1864 3712 inte-

217 3776 396 3836 grum
428 3773 555 3814 esse
586 3753 974 3827 oportebat,in
996 3753 1232 3808 modum
1256 3766 1476 3806 coronae
1506 3743 1868 3817 compositus

218 3833 375 3918 erat;
407 3863 524 3902 non
559 3845 827 3915 decerpto
860 3841 1046 3896 frusto
1100 3855 1202 3911 per
1249 3838 1491 3894 modum
1523 3833 1771 3904 corollae,
1804 3839 1870 3888 ut

220 3939 382 4012 apud
413 3937 641 3993 Graecos
667 3951 680 4001 ;
706 3931 805 3987 sed
827 3930 979 3985 facta
998 3930 1226 4001 integra
1246 3925 1592 3996 oblata,qum
1617 3923 1870 4012 rotunda

224 4011 368 4085 erat.
401 4026 534 4090 Quae
563 4017 1004 4077 circumstantia
1032 4017 1082 4072 si
1113 4032 1244 4072 cum
1275 4012 1564 4089 praedictis
1595 4011 1870 4067 omnibus

225 4115 406 4173 simul
419 4129 546 4169 com
553 4113 753 4184 paretu
762 4105 1121 4164 roblatarum
1135 4108 1466 4159 nostrarum
1482 4102 1869 4158 recentiorum

225 4207 478 4262 formam
510 4216 657 4274 pene
687 4199 760 4254 ob
790 4196 989 4253 oculos
1019 4195 1415 4266 repraesentat.
1457 4190 1626 4262 Atqui
1656 4193 1871 4262 Grego-

226 4294 354 4350 rius
387 4292 634 4363 Magnus
663 4285 954 4358 loquendo
987 4284 1056 4339 de
1087 4297 1234 4355 pane
1255 4279 1591 4345 sacriﬁcii,«
1625 4277 1871 4335 oblatio-

226 4398 373 4439 num
404 4380 854 4436 coronasnvocat
873 4375 934 4430 in
952 4373 1100 4442 libro
1140 4388 1198 4426 1x
1221 4368 1597 4441 Dialogorum
1620 4384 1746 4440 cap.
1778 4368 1868 4424 55.

224 4472 300 4527 Et
328 4471 418 4525 lso
449 4466 646 4524 Sancti
667 4463 956 4521 Gallensis
979 4460 1302 4517 monachus
1324 4457 1382 4513 in
1404 4457 1506 4513 lib.
1527 4475 1566 4526 ι,
1596 4457 1670 4513 De
1700 4456 1874 4513 mira-

224 4559 378 4617 culis
408 4557 593 4614 sancti
626 4553 890 4612 Othmari
941 4568 1068 4623 cap.
1119 4550 1173 4616 3,
1226 4564 1405 4620 agens
1455 4547 1525 4601 de
1555 4545 1873 4636 elevatione
1903 4571 1950 4636 Β

226 4647 488 4720 corporis
518 4645 784 4717 ejusdem
827 4640 1036 4708 sancti,
1085 4655 1211 4710 quae
1242 4651 1394 4692 anno
1439 4636 1545 4694 8ίι4
1593 4635 1744 4689 facta
1785 4638 1876 4690 est

226 4741 365 4811 post
392 4751 577 4792 annos
599 4737 834 4790 centum
857 4735 913 4786 et
929 4729 1190 4801 quinque
1212 4725 1284 4780 ab
1315 4724 1443 4794 ejus
1474 4722 1634 4779 obitu
1662 4739 1674 4777 :
1711 4745 1737 4773 ‹‹
1755 4723 1875 4779 Sub

226 4827 439 4899 capite,
473 4824 686 4896 inquit,
715 4825 771 4877 et
800 4819 952 4876 circa
983 4821 1184 4889 pectus
1213 4813 1318 4869 viri
1351 4811 1452 4870 Dei
1475 4811 1738 4899 quiedam
1773 4828 1870 4882 pa-

229 4898 324 4970 nis
351 4913 554 4970 rotula;
581 4928 706 4984 quae
757 4907 927 4980 vulgo
976 4904 1180 4960 oblatae
1231 4902 1527 4970 dicuntur,
1575 4902 1655 4956 ita
1684 4898 1876 4956 illaesa

231 5008 408 5076 atque
440 5003 512 5058 ab
542 5001 700 5057 omni
733 4994 1104 5068 corruptione
1135 4997 1420 5048 extraneae
1443 4991 1514 5045 ab
1546 4990 1747 5045 eodem
1764 4989 1877 5060 epi-

228 5109 408 5165 scopo
423 5090 868 5146 inveniebantur
881 5083 1015 5139 utin
1031 5081 1191 5138 nulla
1203 5080 1440 5135 omnino
1455 5083 1616 5151 parte
1628 5078 1876 5134 colorem

226 5182 318 5238 vel
341 5180 596 5253 speciem
623 5177 716 5233 sui
736 5169 1510 5241 amittentes,aspicientium
1533 5167 1879 5223 oculisinfra

228 5271 492 5344 spatium
525 5267 710 5340 ipsius
741 5260 1118 5320 hebdomadas
1145 5259 1482 5313 viderentur
1509 5274 1636 5313 esse
1655 5257 1877 5312 confec-

228 5365 327 5416 tae.
359 5359 483 5423 Quo
512 5373 645 5412 vero
677 5352 900 5420 ordine,
934 5364 1118 5421 quove
1147 5351 1407 5418 tempore
1439 5362 1504 5401 eo
1534 5345 1644 5401 loci
1682 5361 1876 5418 perve-

230 5448 449 5516 nerint,
481 5445 652 5502 nobis
679 5441 918 5515 quidem
947 5436 1453 5509 incognitum,Deo
1475 5439 1671 5491 autem
1697 5435 1882 5490 mani-

231 5539 473 5596 festum.
505 5534 624 5590 Hoc
651 5535 850 5588 tamen
881 5542 1084 5584 omnes
1113 5541 1215 5597 pro
1260 5526 1414 5580 certo
1454 5523 1674 5579 scimus
1723 5523 1878 5594 quod

234 5643 343 5712 per
370 5623 615 5708 triginta
639 5620 898 5704 quinque
928 5631 1112 5678 annos
1151 5611 1353 5675 nullus
1384 5610 1722 5675 mortalium
1751 5611 1880 5689 ejus

1975 3307 2201 3379 corpori
2231 3306 2613 3378 superposuit
2639 3325 2652 3372 ;
2683 3305 2826 3360 alias
2856 3322 2988 3360 vero
3039 3306 3244 3377 pyxide
3277 3305 3617 3373 recondens,

1976 3394 2412 3467 superventuris
2445 3394 2924 3465 temporibuspro
2951 3393 3282 3447 sanctitatis
3314 3394 3439 3461 ejus
3461 3392 3620 3450 testi-

1976 3484 2170 3538 monio
2201 3482 2528 3538 conservari
2560 3482 2852 3553 prmcepit.
2891 3504 2917 3528 ››
2943 3482 3019 3535 Ex
3047 3481 3139 3535 his
3170 3481 3398 3535 duobus
3430 3480 3617 3535 Isonis

1974 3572 2136 3636 locis,
2170 3576 2233 3626 ut
2260 3587 2328 3625 ex
2358 3570 2631 3642 Gregorio
2681 3574 2884 3640 Magno
2932 3573 2987 3623 et
3037 3585 3105 3624 ex
3156 3583 3374 3622 canone
3401 3570 3434 3620 6
3468 3584 3618 3639 saepe

1975 3659 2110 3715 dicti
2141 3658 2368 3714 concilii
2391 3658 2651 3714 Toletani
2687 3657 3296 3727 intelligimus,tenues
3318 3672 3382 3710 ac
3415 3659 3616 3710 rotun-

1977 3750 2080 3804 das
2112 3770 2138 3798 ‹‹
2160 3747 2514 3802 rotularum»
2536 3747 2594 3800 in
2609 3763 2829 3801 morem
2845 3745 3024 3800 fuisse
3037 3744 3262 3800 oblatas
3280 3748 3412 3800 ante
3434 3760 3620 3800 annos

1977 3836 2159 3902 mille,
2193 3838 2334 3892 adeo
2367 3840 2430 3891 ut
2463 3836 2654 3890 forsan
2691 3851 2802 3890 non
2838 3834 2980 3890 satis
3013 3834 3376 3888 considerate
3396 3833 3621 3889 ordinis

1977 3925 2222 3981 Romani
2244 3923 2712 3996 expositorvetus
2727 3924 2880 3994 apud
2897 3922 3290 3977 Cassandrum
3308 3921 3440 3992 plus
3454 3938 3621 3992 aequo

1979 4013 2356 4070 invehaturin
2383 4014 2627 4068 formam
2651 4011 2977 4067 oblatarum
3000 4009 3622 4079 tenuissimarumquaa

1980 4108 2356 4174 suotempore
2371 4104 2439 4158 ad
2456 4101 2771 4173 imaginem
2787 4115 3164 4154 nummorum
3178 4097 3420 4152 redactae
3433 4101 3622 4167 erant,

1980 4210 2126 4265 quas
2158 4209 2259 4264 per
2288 4194 2686 4260 contemptum
2723 4187 3053 4242 «minutias
3087 4185 3622 4241 nummulariorum

1982 4277 2627 4351 oblatarumnappellat,
2644 4300 2670 4326 «
2696 4276 2970 4348 indignas
2992 4275 3160 4347 panis
3184 4273 3464 4330 vocabulo
3481 4297 3506 4323 ››
3523 4291 3626 4346 pro

1982 4387 2091 4426 sua
2114 4369 2416 4438 tenuitate,
2457 4371 2514 4421 et
2570 4383 2603 4420 a
2652 4365 2843 4436 prisca
2888 4364 3152 4420 Ecclesia:
3202 4363 3626 4419 consuetudine

1983 4459 2232 4515 maxime
2282 4457 2560 4512 diversas.
2585 4454 2941 4511 Crediderim
2995 4458 3144 4509 certe
3188 4454 3410 4526 priscas
3459 4451 3625 4506 obla-

1982 4548 2170 4603 tiones
2202 4562 2316 4600 non
2347 4550 2467 4600 tam
2501 4543 2681 4598 fuisse
2712 4547 2918 4598 tenues
2953 4559 3130 4614 quam
3163 4547 3393 4598 nostras
3427 4556 3623 4596 recen-

1985 4636 2182 4703 tiores,
2215 4634 2314 4690 sed
2347 4632 2518 4706 paulo
2550 4633 2864 4688 crassiores
2886 4633 3074 4687 instar
3102 4630 3625 4699 nebularum,quas

1989 4723 2290 4779 Udalricus
2329 4722 2409 4776 ait
2456 4723 2527 4777 ad
2577 4738 2749 4776 usum
2805 4737 3176 4776 communem
3229 4718 3350 4773 ﬁeri
3382 4717 3622 4785 solitas;

1985 4812 2219 4867 tametsi
2243 4827 2405 4882 aeque
2419 4827 2482 4865 ac
2501 4811 2877 4869 nostraeintra
2893 4811 3107 4864 ferrum
3130 4807 3627 4862 characteractum

1987 4899 2408 4971 coquebantur,
2444 4903 2507 4954 ut
2536 4899 2595 4952 in
2629 4899 2970 4971 praemonitu
2995 4898 3063 4952 ad
3089 4894 3436 4966 opusculum
3459 4892 3625 4948 Elde-

1987 4989 2138 5044 fonsi
2172 4988 2361 5042 fusius
2390 4986 3009 5058 explicabo.Quidquid
3041 4985 3117 5040 sit
3143 5001 3241 5050 ;ex
3264 4983 3333 5037 iis
3361 4998 3486 5052 qua
3508 4985 3628 5036 toto

1989 5079 2098 5133 hoc
2129 5077 2317 5148 capite
2349 5075 2660 5146 disputavi,
2712 5093 2826 5129 non
2876 5076 3119 5130 obscure
3169 5072 3239 5142 (si
3290 5088 3404 5125 non
3442 5069 3629 5142 fallor)

1989 5165 2318 5229 conficitur,
2353 5168 2484 5218 ante
2517 5180 2701 5218 annos
2750 5164 2907 5218 mille
2956 5177 3221 5232 azymum
3268 5160 3325 5214 in
3375 5157 3633 5213 Ecclesia

1990 5254 2196 5311 Latina
2226 5253 2532 5319 usitatum,
2565 5268 2810 5322 eamque
2840 5250 3281 5322 persuasionem
3315 5247 3495 5302 fuisse
3527 5247 3630 5302 Pa-

1988 5349 2145 5400 trum
2173 5340 2917 5411 Toletanorum,nunquam
2949 5342 3005 5393 et
3019 5354 3311 5408 nusquam
3343 5336 3497 5408 apud
3522 5340 3631 5391 La-

1989 5434 2144 5489 tinos
2178 5429 2535 5487 contrarium
2566 5445 2740 5484 usum
2771 5427 3080 5483 exstitisse.

2060 5525 2153 5590 At,
2205 5519 2422 5593 inquis,
2483 5517 2604 5573 haec
2649 5517 2995 5589 conjectura
3043 5519 3198 5572 sunt.
3245 5515 3400 5588 Nego
3440 5529 3632 5571 meras

1991 5627 2119 5676 esse
2149 5610 2531 5686 conjecturas.
2563 5606 2710 5669 Nam
2741 5622 2869 5668 meo
2894 5605 3128 5686 quidem
3165 5605 3389 5682 judicio
3427 5604 3634 5688 synodi
