3970 6218
418 278 573 339 1263

1446 278 1841 341 APPENDIX
1887 280 1990 342 AD
2034 281 2290 344 OPERA
2343 285 2780 353 HHMBERTI.

3654 284 3791 353 4264

416 414 699 467 Toletanae
734 409 928 464 Patres
962 427 1075 465 non
1107 412 1423 480 potuerunt
1453 413 1711 484 apertius
1743 415 1814 469 ob
1857 406 2058 470 oculos
2086 416 2142 482 Α
2171 415 2440 473 fermenti
2471 424 2761 491 expertem
2794 420 2975 476 fuisse
3021 422 3160 476 tunc
3207 418 3483 494 temporis
3510 420 3677 477 fateri
3705 439 3790 480 ne-

417 515 629 570 ponere
659 513 928 566 azymum
951 513 1162 568 panem
1186 516 1361 571 quam
1383 500 1764 558 describendo
1798 518 1862 558 eo
1887 504 2058 558 modo

418 603 590 655 quem
623 602 800 656 supra
833 585 1090 657 exposui.
1124 588 1193 642 Et
1215 588 1330 642 sint
1356 605 1495 644 sane
1524 606 1693 644 mere
1723 608 1866 662 quas
1889 589 2059 645 attuli

417 676 800 744 conjecturas;
857 674 997 744 quid
1049 677 1303 748 amplius
1353 695 1528 749 quam
1580 681 1924 750 conjecturas
1957 699 2058 754 pro

422 764 764 818 fermentato
822 764 1190 821 afferuntur?
1230 768 1400 838 Atqui
1469 769 1835 840 conjectum,
1897 776 1955 825 et
2010 771 2060 826 si

420 853 731 924 utrubique
779 855 897 909 sint
946 854 1218 926 aequales,
1269 856 1437 929 longe
1467 860 1664 913 tamen
1696 865 1972 931 praestant
2002 859 2060 916 in

417 959 753 1014 azymorum
785 959 999 1010 causa;
1034 960 1284 1015 quorum
1316 948 1467 1000 certe
1486 963 1630 1001 usus
1652 948 1932 1018 antiquus
1952 951 2060 1014 est,

417 1036 473 1087 et
505 1031 739 1086 initium
760 1036 890 1103 post
904 1031 1195 1086 conditam
1213 1031 1530 1088 Ecclesiam
1544 1035 1933 1090 demonstrari
1947 1053 2061 1091 non

418 1119 702 1191 potest.Et
731 1119 948 1174 sufficit
971 1119 1040 1173 ad
1071 1121 1429 1192 probandam
1445 1122 1669 1177 usitatae
1696 1123 1774 1177 rei
1808 1123 2060 1194 antiqui-

416 1216 594 1268 tatem
617 1209 871 1264 refutare
890 1215 1234 1280 argumenta
1252 1227 1378 1281 quae
1402 1215 1808 1282 proponuntur
1835 1213 1893 1265 in
1925 1227 2061 1266 con-

418 1302 770 1358 trarium.At
789 1315 923 1354 vero
943 1299 1014 1353 ad
1037 1300 1402 1371 probandum
1429 1301 1694 1355 fermenti
1712 1317 1884 1355 usum
1905 1301 2060 1372 apud

423 1390 677 1456 Latinos,
712 1405 824 1442 non
859 1387 1159 1442 sufficiunt
1182 1388 1653 1457 conjecturae,sed
1688 1404 1838 1455 vera,
1873 1388 2060 1442 mani-

420 1482 566 1536 festa
595 1495 659 1533 ac
692 1477 1020 1532 necessaria
1051 1479 1396 1548 argumenta
1417 1476 1760 1547 proferenda
1789 1478 2060 1533 sunt.De-

420 1569 597 1640 nique
628 1565 678 1622 si
708 1583 774 1620 ea
805 1581 932 1636 quae
976 1565 1258 1619 hactenus
1308 1563 1445 1631 dixi,
1498 1565 1568 1619 ad
1602 1565 1971 1636 probandum
2005 1566 2062 1621 id

421 1657 576 1730 quod
607 1655 846 1710 intendo
899 1670 1012 1708 non
1063 1653 1384 1723 sufﬁciunt,
1432 1653 1716 1721 evincent,
1761 1658 1824 1708 ut
1872 1671 2061 1726 spero,

421 1763 546 1819 quae
579 1743 846 1816 sequenti
879 1742 1065 1812 capite
1097 1742 1406 1796 adducam.

1069 1848 1298 1903 CAPUT
1339 1849 1428 1904 IX.

420 1945 617 2000 Morem
649 1942 792 1997 hunc
818 1940 1063 2012 generali
1091 1955 1190 2012 usu
1215 1938 1363 2012 apud
1382 2010 1388 2012 _
1409 1939 1630 1993 Latinos
1675 1940 1907 2008 viguisse
1935 1942 2067 1994 ante

982 2011 1166 2066 ΡΙιοίἰὶ
1194 2008 1504 2064 dz'ssidz'um.

491 2105 574 2160 Ad
607 2101 1129 2158 demonstrandum
1163 2115 1498 2170 azymorum
1528 2096 1854 2168 generalem
1888 2111 2060 2151 usum

422 2194 574 2267 apud
612 2192 1045 2254 Latinos,nemo
1076 2192 1162 2242 est
1188 2186 1288 2257 qui
1320 2185 1543 2257 exigere
1565 2184 1699 2239 velit
1716 2189 1780 2238 ut
1799 2183 2062 2254 singulas

424 2296 832 2344 recenseamus
863 2277 1198 2330 Latinorum
1231 2272 1552 2339 Ecclesiae;
1588 2273 1688 2326 sed
1740 2271 1884 2326 satis
1934 2286 2062 2326 esse

422 2380 582 2449 puto,
619 2372 665 2428 si
696 2369 782 2423 vel
827 2366 880 2420 id
936 2364 1212 2434 probetur
1259 2361 1328 2413 de
1377 2359 1637 2449 qualibet
1686 2359 1939 2449 regiona,
1971 2358 2059 2449 se]

419 2446 559 2522 talia
591 2459 954 2534 proferantur
984 2453 1351 2522 argumenta,
1387 2464 1512 2518 quae
1547 2446 1602 2500 id
1638 2446 2060 2502 univcrsimde-

421 2551 768 2610 monstrent.
804 2543 1058 2612 Utroque
1091 2537 1260 2592 modo
1293 2536 1402 2590 hoc
1433 2535 1491 2589 in
1517 2534 1703 2605 capite
1730 2551 1850 2590 rem
1879 2536 2056 2590 confi-

419 2657 546 2698 cere
579 2634 849 2692 conabor.

492 2722 780 2792 Principio
811 2715 1035 2773 Alcuini
1082 2709 1398 2768 auctoritas
1430 2727 1543 2765 non
1578 2708 1768 2765 solum
1801 2727 1903 2781 pro
1937 2709 2057 2763 Bri-

418 2816 620 2874 tannia
649 2809 843 2865 insula
871 2808 929 2861 in
964 2821 1078 2876 qua
1108 2807 1282 2856 natus
1312 2804 1418 2866 est,
1453 2803 1627 2869 atque
1661 2815 1762 2870 pro
1793 2797 1977 2854 Gallia
1999 2798 2057 2854 in

419 2923 536 2964 oua
566 2905 847 2963 moratus,
881 2895 978 2950 sed
1015 2908 1116 2964 pro
1148 2894 1428 2953 Romana,
1462 2886 1579 2941 imo
1612 2885 1924 2941 universali
1949 2887 2058 2942 Ec-

419 2959 597 3051 clesia
637 2989 787 3045 valet
831 2959 1150 3057 plurimum
1200 2978 1271 3032 ad
1323 2975 1688 3047 probandum
1723 2991 2056 3046 azymorum

418 3099 592 3140 usum
624 3075 939 3135 universim
962 3087 1066 3126 suo
1107 3073 1366 3138 tempore
1389 3063 1568 3118 fuisse
1600 3067 1894 3130 receptum
1925 3068 2060 3119 ante

2097 1779 2143 1842 B

2169 522 2336 562 cesse
2367 512 2475 563 est.

2240 595 2403 652 Dices
2425 598 2780 654 fermentum
2794 598 2961 669 panis
2973 613 3155 671 genus
3169 612 3295 655 esse
3309 599 3568 672 satisque
3580 616 3793 672 expres

2170 702 2302 740 sum
2336 703 2496 758 aqua:
2529 692 2585 742 et
2615 687 2811 743 farina
2838 687 3090 756 nomine,
3113 687 3328 760 quibus
3358 688 3558 760 utique
3582 695 3798 746 constat

2171 773 2430 830 Concedo
2477 776 2825 832 fermentum
2875 781 3139 832 constare
3186 776 3408 845 farina;
3455 781 3514 832 at
3561 782 3796 846 constat,

2173 861 2348 917 etiam
2410 862 2599 920 aliena
2656 865 2869 936 specie,
2928 881 3054 936 quae
3115 865 3381 921 fermenti
3434 867 3671 938 propria
3700 870 3802 932 est,

2173 967 2381 1022 nempe
2411 955 2473 1004 ut
2521 953 2600 1006 ait
2643 953 3019 1020 Humbertus,
3068 959 3170 1008 aut
3217 969 3429 1025 spuma
3476 955 3676 1024 musti,
3712 957 3806 1010 aut

2172 1038 2426 1092 cervisiae
2450 1039 2604 1105 faece,
2639 1044 2739 1094 aut
2767 1039 2914 1096 lacte
2946 1045 3259 1113 corrupto;
3293 1059 3419 1114 quae
3475 1043 3700 1115 species
3739 1042 3806 1098 ab

2173 1124 2418 1179 Alcuino
2449 1127 2965 1182 commemoranda
2994 1129 3194 1194 erat,si
3218 1131 3416 1184 tumin
3442 1147 3552 1186 usu
3585 1131 3808 1186 fuisset.

2172 1212 2257 1265 Ad
2285 1211 2424 1278 haec,
2457 1212 2504 1267 si
2539 1213 2735 1283 aliqua
2765 1231 2833 1269 ex
2865 1214 2954 1270 his
2986 1215 3290 1286 speciebus
3338 1218 3508 1289 panis
3558 1218 3656 1274 ille
3687 1222 3810 1274 tum

2171 1298 2544 1366 constitisset,
2581 1319 2692 1356 non
2719 1302 3006 1372 potuisset
3035 1303 3147 1358 dici
3201 1327 3228 1352 «
3263 1305 3482 1376 absque
3509 1306 3671 1361 omni
3703 1306 3812 1362 fer—

2172 1391 2366 1442 mento
2398 1387 2576 1444 ullius
2621 1388 2863 1444 alterius
2913 1389 3244 1445 infectionis
3290 1392 3752 1460 mundissimus,
3789 1415 3816 1443 ››

2172 1475 2401 1545 qualem
2435 1475 2610 1549 exigit
2633 1476 3199 1549 Alcuinus.Denique
3223 1477 3366 1533 illud
3397 1480 3698 1551 proprium
3726 1484 3822 1536 est

2175 1563 2343 1634 panis
2357 1564 2639 1635 azymi,ut
2651 1579 2853 1634 expers
2867 1563 3006 1619 salis
3020 1564 3112 1630 sit,
3123 1568 3180 1620 at
3196 1565 3361 1636 panis
3374 1567 3709 1622 fermentati
3732 1585 3821 1624 sa-

2175 1651 2763 1722 crificiodeputari,ut
2788 1668 2920 1706 cum
2943 1651 3765 1727 sale.¢Azymae(oblationes),
3790 1679 3812 1708 ι

2177 1738 2366 1810 inquit
2396 1739 2633 1794 Michael
2650 1739 3050 1795 Cerulariusin
3069 1739 3316 1811 epistola
3337 1744 3538 1795 contra
3558 1741 3811 1811 Latinos,

2175 1849 2202 1876 «
2232 1843 2419 1899 neque
2441 1827 2526 1882 sal
2549 1844 2736 1898 neque
2757 1827 3106 1883 fermentum
3127 1827 3364 1883 habent.
3386 1852 3407 1880 ι
3445 1830 3607 1894 Quod
3637 1831 3814 1888 etiam

2175 1915 2530 1970 llumbertus
2569 1920 2625 1970 et
2662 1916 2844 1971 Latini
2867 1932 3070 1971 omnes
3109 1916 3166 1970 in
3203 1915 3449 1987 epistola
3469 1917 3678 1973 Nicetis
3710 1921 3813 1975 Pe-

2174 2003 2375 2058 ctorati
2397 2004 2745 2058 fatentur.At
2758 2020 2890 2058 vero
2905 2004 3284 2059 fermentatus
3296 2021 3408 2075 pan
3419 2005 3466 2060 is
3483 2005 3815 2064 Graecorum

2173 2096 2316 2146 teste
2349 2092 2665 2146 Humberto
2697 2091 2754 2144 in
2789 2091 3166 2163 responsione
3196 2093 3268 2148 ad
3316 2093 3675 2163 Michaelem,
3728 2097 3814 2152 uti

2173 2180 2426 2234 fatentur
2455 2179 2565 2251 ipsi
2599 2179 2804 2247 Graeci,
2840 2201 2869 2229 «
2901 2180 3161 2251 quinque
3193 2181 3660 2239 substantiarum
3686 2201 3816 2256 par-

2171 2267 2354 2338 ticeps
2385 2271 2492 2334 est,
2529 2267 2583 2321 id
2630 2272 2721 2322 est
2768 2267 3058 2336 fermenti,
3111 2269 3333 2337 farinae,
3365 2270 3526 2338 salis,
3559 2289 3728 2345 aqua:
3758 2279 3815 2330 et

2171 2355 2342 2427 ignis.
2380 2356 2572 2410 vCerte
2603 2356 2784 2411 Graeci
2815 2360 2935 2410 tam
2968 2372 3162 2412 severe
3183 2373 3249 2412 ac
3270 2358 3454 2432 ridige
3476 2360 3617 2416 salis
3647 2378 3810 2418 com-

2168 2443 2499 2498 mistionem
2545 2443 2606 2500 in
2653 2460 2801 2515 pane
2847 2444 3232 2501 eucharistico
3261 2446 3497 2518 exigunt
3529 2453 3594 2505 ut
3637 2467 3814 2508 secus

2169 2531 2445 2588 facientes
2478 2532 2622 2588 diris
2645 2533 3067 2604 supponant.ld
3099 2539 3258 2605 patet
3289 2539 3414 2590 tum
3440 2553 3507 2592 ex
3553 2537 3812 2597 formula

2169 2619 2829 2692 renunciationis,quam
2861 2621 3209 2693 profitentur
3221 2625 3478 2679 Armenii
3499 2626 3568 2680 ad
3585 2627 3812 2684 Greco-

2168 2726 2299 2764 rum
2317 2709 2650 2764 societatem
2683 2709 3121 2776 reversuri,tum
3170 2727 3238 2765 ex
3278 2710 3472 2767 Isaaco
3522 2715 3811 2773 catholico

2166 2797 2225 2852 in
2257 2798 2538 2853 invectiva
2568 2802 2767 2853 contra
2795 2798 3120 2855 Armenios.
3144 2799 3341 2870 Neque
3370 2801 3629 2859 dubitem
3663 2806 3812 2877 quin

2166 2886 2410 2958 Hispani
2449 2886 2531 2940 illi
2562 2903 2709 2957 quos
2756 2886 2949 2960 arguit
2994 2887 3278 2943 Alcuinus
3331 2889 3471 2946 salis
3521 2893 3812 2952 miscendi

2168 2980 2564 3030 commentum
2615 2993 2682 3029 ex
2731 2975 2940 3030 Graecis
3003 2977 3347 3048 acceperint.
3407 2981 3568 3045 Quod
3630 2984 3811 3042 etiam

2167 3063 2476 3119 dicendum
2493 3063 2563 3117 de
2577 3063 2986 3119 Sacerdotibus
3008 3063 3123 3120 illis
3135 3066 3236 3136 qui
3251 3081 3431 3136 panes
3450 3070 3575 3125 suis
3600 3073 3811 3129 usibus

417 3139 652 3229 omnem
686 3163 992 3221 hominum
1018 3154 1570 3213 memoriam.Locus
1602 3157 1691 3206 est
1718 3151 1777 3205 in
1809 3151 2054 3223 epistola
2087 3139 2129 3205 C
2169 3154 2522 3223 praeparatos
2552 3151 2899 3218 offerebant;
2926 3168 3073 3222 quos
3092 3152 3292 3209 Patres
3321 3154 3580 3212 Toletani
3613 3177 3811 3233 ωριτε-

413 3255 785 3327 69,editionis
815 3243 1282 3311 Chesnianae,ubi
1312 3241 1613 3308 Alcuinus,
1666 3256 1840 3311 quem
1889 3241 2057 3297 initio

417 3347 613 3406 saeculi
643 3363 700 3401 ιχ
729 3342 944 3399 obiisse
975 3333 1518 3403 constat,Hispauos
1548 3331 1833 3401 quosdam
1866 3331 2058 3404 arguit

409 3441 712 3495 censentes
739 3428 1104 3487 miscendum
1128 3439 1255 3479 esse
1275 3418 1555 3477 salemuin
1579 3417 2053 3484 sacrillcium,»id

408 3531 496 3582 est
525 3526 580 3580 in
611 3520 916 3578 materiam
950 3513 1114 3588 panis
1141 3508 1532 3568 eucharistici.
1565 3507 1775 3570 «Quam
1809 3523 2049 3562 consue-

406 3614 697 3676 tudinem,
729 3606 941 3678 inquit,
975 3618 1080 3659 nec
1111 3596 1456 3656 universalis
1478 3597 1745 3651 observat
1773 3594 2046 3663 Ecclesia,

405 3719 509 3757 nec
541 3705 802 3756 Romana
826 3692 1083 3750 custodit
1106 3688 1440 3744 auctoritas.
1462 3708 1482 3734 ι»
1520 3685 1668 3739 Tum
1704 3682 2046 3754 singillatim

403 3792 708 3847 enumerat
753 3802 821 3843 ea
869 3799 996 3854 quae
1045 3781 1104 3834 in
1173 3775 1526 3832 sacrificium
1572 3772 1846 3828 adhibere
1892 3772 2044 3827 licet.

403 3903 431 3929 ‹‹
461 3879 598 3934 Tria
627 3871 1139 3944 sunt,inquit,quce
1163 3867 1220 3919 in
1252 3863 1536 3918 sacrificio
1564 3861 1857 3915 offerenda
1887 3864 2043 3928 sunt,

404 3967 595 4040 panis,
627 3971 684 4021 et
713 3965 949 4036 aqua,et
972 3951 1437 4018 viuum.»Qualis
1469 3948 1698 4040 panis?»
1722 3947 1916 4040 Panis,
1941 3949 2042 4016 ait,

400 4037 499 4126 qui
533 4056 591 4108 in
619 4067 829 4124 corpus
859 4045 1071 4104 Christi
1097 4044 1490 4103 consecratur,
1511 4037 2042 4126 absqueifermento

402 4125 582 4197 ullius
598 4140 837 4195 alterius
858 4131 1191 4190 infectionis
1213 4130 1386 4184 debet
1407 4142 1535 4182 esse
1555 4125 2040 4180 mundissimus.»

399 4229 579 4301 Atqui
611 4228 995 4282 fermentatus
1025 4220 1194 4293 panis
1226 4233 1341 4272 non
1374 4220 1462 4271 est
1491 4215 1712 4284 absque
1761 4213 2040 4269 fermento

396 4342 423 4368 ‹‹
460 4317 636 4372 ullius
658 4313 899 4370 alterius
923 4307 1269 4374 infectionis,
1288 4321 1402 4361 non
1424 4308 1512 4359 est
1543 4301 2038 4359 mundissimusz»

397 4422 533 4462 nam
549 4405 898 4460 fermentum
914 4394 1302 4468 corruptionis
1323 4393 1591 4449 effectum
1615 4408 1680 4446 ac
1702 4390 2034 4463 symbolum

2168 3240 2448 3296 hendunL

2234 3333 2421 3400 Atque
2455 3331 2516 3381 ut
2545 3325 2796 3398 amplius
2820 3328 3363 3384 constetAlcuinum
3385 3347 3450 3387 eo
3475 3333 3584 3388 loci
3615 3338 3814 3411 exige-

2163 3435 2222 3472 re
2253 3433 2520 3488 azymum
2545 3432 2775 3487 panem,
2800 3415 3322 3472 demonstrandum
3343 3425 3431 3474 est
3462 3421 3640 3478 etiam
3673 3431 3810 3483 tum

2161 3507 2448 3578 Hispanos
2462 3520 2730 3576 azymum
2745 3503 3101 3561 adhibuisse.
3119 3505 3245 3568 Qua
3270 3524 3406 3580 ergo
3420 3510 3491 3565 de
3503 3527 3684 3568 causa
3702 3531 3810 3572 eos

2159 3594 2353 3667 arguit
2379 3593 2658 3648 Alcuinus
2678 3593 2706 3648 ‘?
2734 3593 2954 3666 Nempe
2983 3595 3136 3666 quod
3169 3595 3350 3668 aliqui
3385 3615 3584 3656 eorum
3617 3603 3805 3662 salem

2159 3685 2216 3738 in
2255 3683 2451 3755 ipsum
2509 3699 2720 3754 panem
2775 3699 3043 3754 azymum
3102 3683 3514 3744 immittebant.
3550 3695 3625 3744 At
3654 3708 3797 3763 quo,

2159 3773 2375 3844 inquis,
2409 3775 2754 3844 argumento
2807 3776 3038 3827 constat
3088 3791 3422 3846 azymorum
3455 3794 3598 3834 usus
3637 3783 3803 3852 apud

2157 3862 2444 3933 Hispanos
2460 3878 2530 3915 an
2541 3865 2594 3916 te
2618 3860 3239 3918 schismaPhotianum
3259 3863 3287 3917 ?
3309 3865 3471 3920 Certe
3500 3866 3802 3925 Eldefonsi

2155 3950 2450 4021 Hispanici
2511 3949 2770 4022 episcopi
2826 3950 3160 4006 testimonio
3217 3951 3317 4022 qui
3375 3969 3526 4009 anno
3581 3955 3690 4011 845
3727 3958 3808 4014 de

2154 4039 2408 4111 pondere
2431 4043 2487 4093 et
2508 4037 2882 4109 inscriptione
2904 4039 3073 4110 panis
3093 4037 3462 4092 eucharistici
3501 4056 3568 4094 ex
3599 4041 3809 4101 divina

2153 4131 2239 4199 (ut
2268 4127 2519 4199 praefert)
2549 4126 2895 4182 revelatione
2927 4141 3123 4196 agens,
3154 4123 3410 4179 admittit
3448 4141 3578 4180 eum
3612 4129 3805 4187 infer-

2153 4221 2478 4272 mentatum
2509 4220 2566 4270 et
2593 4215 2745 4268 intra
2775 4213 2990 4267 ferrum
3025 4215 3251 4266 coctum
3295 4211 3496 4269 fuisse.
3536 4213 3802 4277 Libellus

2151 4304 2258 4360 iste
2290 4320 2484 4376 quem,
2520 4303 2864 4373 suggerente
2893 4298 3302 4355 V.cl.Emerico
3332 4300 3576 4374 Bigotio,
3631 4303 3800 4362 indi-

2150 4409 2414 4451 caveram
2463 4391 2521 4445 in
2565 4387 3080 4444 Observationibus
3138 4388 3306 4456 meis,
3363 4405 3393 4445 e
3445 4407 3556 4446 ms.
3592 4395 3798 4453 codice

395 4500 504 4565 est,
539 4498 602 4548 ut
622 4494 748 4563 jam
781 4488 918 4544 dixi.
939 4490 1010 4542 At
1051 4485 1266 4558 quibus
1310 4482 1543 4538 tandem
1568 4480 1740 4535 rebus
1772 4485 2037 4537 constare
2066 4494 2113 4557 D
2147 4475 3797 4565 bibliothecmVaticanaaexscribicuravit,mihiquetrans-

391 4584 565 4638 debet
596 4580 764 4654 panis
792 4580 898 4634 iste
918 4577 945 4632 ?
977 4599 1004 4626 «
1036 4575 1117 4631 Ex
1145 4590 1300 4644 aqua
1330 4575 1386 4626 et
1416 4567 1621 4640 farina,
1647 4568 2035 4640 inquit,panis

389 4674 466 4728 sit
497 4672 595 4743 qui
630 4672 1002 4726 consecratur
1034 4665 1092 4720 in
1124 4677 1335 4734 corpus
1357 4658 1590 4715 Christi.
1616 4657 1780 4712 nJam
1813 4657 2035 4729 aliquot

391 4765 629 4816 Patrum
660 4759 787 4813 loca
818 4753 986 4810 retuli
1018 4769 1145 4825 quae
1178 4751 1330 4804 idem
1364 4749 1576 4802 ferunt.
1608 4747 1680 4800 At
1708 4745 1851 4800 illud
1881 4745 2034 4800 inter

388 4866 490 4904 eos
519 4846 904 4903 etAlcuinum
918 4839 1277 4898 discriminis
1301 4837 1541 4891 interest
1558 4834 1712 4906 quod
1735 4831 2031 4889 Patresilli

393 4938 464 4992 de
513 4951 662 5008 pane
709 4931 1094 4989 eucharistico
1145 4929 1467 4997 loquuntur
1495 4923 1566 4979 ad
1600 4921 2030 4993 componendas

389 5023 650 5079 ﬁdelium
669 5018 1172 5088 mores;Alcuinus
1191 5031 1323 5069 vero
1336 5013 1456 5085 agit
1477 5011 1585 5066 hoc
1607 5010 1730 5066 loco
1752 5010 2030 5064 adversus

387 5116 752 5182 corruptores
785 5109 953 5182 panis
982 5106 1130 5162 sacri
1164 5103 1263 5176 qui
1297 5118 1387 5158 res
1408 5099 1698 5156 alienasin
1721 5097 2027 5154 materiam

385 5198 653 5252 sacrificii
688 5196 1107 5251 admiscebant.
1145 5193 1278 5247 Erat
1310 5189 1549 5261 proinde
1589 5188 1716 5258 ejus
1767 5185 2026 5242 muneris

387 5289 654 5338 accurate
684 5285 915 5338 trahere
939 5284 1178 5337 modum
1191 5283 1451 5351 etpartes
1468 5275 1635 5348 panis
1657 5275 2020 5330 conficiendi.

388 5371 529 5424 Cum
565 5387 700 5442 ergo
732 5387 942 5441 panem
974 5371 1202 5425 duabus
1221 5372 1448 5422 tantum
1475 5365 1736 5436 partibus
1761 5368 2023 5420 constare

388 5455 540 5510 dicat
573 5479 594 5505 α
631 5457 1039 5528 aquanscilicet
1057 5461 1115 5512 et
1139 5455 1417 5522 «farina,»
1436 5454 1506 5508 ab
1529 5469 1712 5524 eoque
1735 5457 2024 5511 removeat

395 5557 418 5595 ς
452 5555 622 5596 omne
651 5543 1003 5598 fermentum
1026 5541 1202 5598 ullius
1233 5541 1472 5600 alterius
1492 5539 2019 5613 infectionis,»eum

2145 4571 2308 4626 misit
2350 4564 2849 4624 eminentissimus
2901 4565 3220 4621 cardinalis
3269 4567 3446 4635 Bona,
3499 4569 3600 4640 qui
3639 4571 3795 4629 nihil

2145 4655 2514 4732 praetermisit
2562 4670 2676 4724 quo
2725 4654 2894 4724 panis
2941 4654 3128 4725 azymi
3178 4653 3239 4710 in
3286 4655 3544 4712 Ecclesia
3585 4661 3795 4717 Latina

2144 4745 2461 4818 antiquitas
2485 4741 2896 4797 illustraretur.
2932 4742 3184 4799 Libellus
3219 4743 3329 4799 iste
3359 4744 3419 4799 in
3447 4748 3792 4821 apographo

2143 4835 2297 4907 quod
2328 4833 2785 4904 quingentorum
2834 4848 3119 4886 annorum
3154 4848 3282 4888 esse
3329 4833 3576 4902 videtur,
3626 4835 3791 4894 hunc

2141 4925 2315 4978 habet
2337 4919 2931 4976 titulummltevelatio
2954 4937 3078 4991 quae
3102 4924 3336 4976 ostensa
3357 4925 3446 4978 est
3466 4924 3790 4981 venerabili

2137 5013 2257 5066 viro
2306 5008 2681 5080 Hispaniensi
2731 5007 3042 5063 Eldefonso
3107 5007 3377 5081 episcopo
3431 5009 3490 5065 in
3556 5011 3788 5084 Spiritu

2137 5103 2359 5164 sancto,
2391 5097 2450 5152 in
2482 5112 2682 5151 mense
2713 5097 2984 5168 septimo.
3012 5117 3038 5146 »
3075 5097 3225 5152 Tum
3273 5096 3495 5169 incipit.
3527 5121 3555 5148 »
3609 5102 3784 5158 Anno

2135 5185 2616 5258 octingentesimo
2648 5184 3096 5257 quadragesimo
3120 5184 3324 5257 quinto
3355 5185 3785 5247 incarnationis

2133 5274 2367 5332 Domini
2424 5272 2608 5329 nostri
2665 5273 2804 5328 Jesu
2855 5273 3089 5342 Christi,
3141 5274 3369 5332 calceus
3426 5277 3556 5346 iste,
3602 5278 3660 5334 id
3695 5282 3786 5337 est

2134 5381 2412 5421 mensura
2433 5363 2612 5418 trium
2636 5361 2946 5433 digitorum
2967 5362 3250 5434 anguli,in
3267 5365 3583 5420 rotundum
3607 5368 3782 5439 panis

2133 5451 2317 5526 azymi
2349 5451 2433 5507 sic
2463 5450 2789 5522 composita
2821 5457 2930 5507 est.
2965 5473 2992 5502 ››
3013 5453 3082 5508 Et
3107 5453 3216 5509 sub
3249 5453 3424 5509 finem
3452 5469 3464 5508 :
3500 5477 3527 5504 «
3563 5455 3628 5511 In
3662 5472 3780 5514 uno

2131 5555 2340 5622 nempe
2365 5541 2537 5610 ferro,
2564 5544 2761 5598 tamen
2795 5545 3285 5615 magno,possunt
3315 5540 3575 5621 quinque
3596 5543 3776 5610 simul
