3970 6218
159 329 322 398 1265

1135 333 1594 404 MABILLONII
1637 334 2109 410 DISOUISITIO
2153 340 2256 403 DE
2299 336 2594 406 AZYMO.

3407 318 3566 402 4266

158 466 371 528 hostia
403 465 646 524 formari
693 463 797 524 tali
845 465 1017 526 modo
1073 474 1139 525 ut
1158 435 1376 542 ’major
1417 471 1494 527 sit
1533 471 1744 528 media.
1781 491 1809 519 ››
1841 472 1894 536 Α
1923 473 2023 527 sed
2055 472 2316 546 plerique
2337 477 2648 532 altomana
2663 470 2920 530 Ecclesia
2941 469 3179 547 profecti
3204 473 3388 540 erant,
3413 487 3561 543 quos

158 561 383 614 Auctor
411 556 521 613 iste
547 555 657 612 etsi
689 556 747 611 in
797 572 860 612 re
909 573 1025 613 non
1059 559 1387 614 necessaria
1435 559 1812 615 revelationes

161 645 462 715 adhibeat,
498 650 697 702 tamen
735 645 866 717 ejus
913 647 1195 718 temporis
1243 651 1332 702 est
1379 649 1533 718 quod
1585 648 1816 718 praefert

159 733 572 807 inscriptio,ut
601 737 798 806 postea
826 733 1016 790 dicam
1038 734 1097 790 in
1119 734 1558 806 praemonitione
1588 736 1659 791 ad
1689 735 1810 790 edi-

158 823 383 880 tionem
433 822 562 894 ejus
609 821 898 894 opusculi,
930 823 1082 896 quod
1115 823 1248 878 huic
1296 822 1494 880 libello
1526 823 1813 894 subjicere

157 912 356 969 visum
389 914 496 967 est.
531 911 676 966 Tota
704 927 838 966 vero
869 912 996 982 ejus
1029 910 1298 966 revelatio
1321 928 1387 967 eo
1419 916 1660 984 spectat,
1695 927 1809 966 non

161 1003 231 1057 ut
260 1016 530 1073 azymum
562 1014 773 1070 panem
803 1014 932 1054 esse
977 1004 1264 1072 oportere,
1296 1005 1395 1055 aut
1433 1001 1802 1072 coquendum

159 1105 292 1146 esse
322 1088 477 1144 intra
505 1088 726 1144 ferrum
757 1087 1018 1153 deﬁniat,
1053 1089 1153 1143 sed
1215 1092 1278 1143 ut
1316 1089 1566 1160 pondus,
1601 1088 1809 1144 inscri-

161 1177 393 1250 ptiones
424 1181 480 1232 et
523 1191 837 1232 numerum
892 1175 1240 1243 hostiarum,
1275 1193 1399 1248 quis
1443 1176 1503 1232 in
1552 1176 1812 1248 qualibet

161 1264 477 1322 festivitate
515 1264 820 1320 offerenda:
839 1268 1024 1333 erant,
1059 1265 1266 1336 majori
1303 1281 1435 1320 cum
1469 1265 1812 1320 auctoritate

160 1353 480 1426 praecipiat.
505 1353 642 1408 Erat
687 1352 888 1425 igitur,
925 1356 986 1408 ut
1025 1370 1093 1408 ex
1139 1353 1248 1408 hoc
1294 1358 1527 1408 auctore
1575 1353 1814 1408 manife-

161 1447 324 1498 stum
336 1441 602 1514 est,apud
618 1441 907 1513 Hispanos
921 1441 1172 1498 usitatus
1185 1442 1352 1513 panis
1370 1441 1813 1498 infermentatus

159 1529 374 1587 saeculo
395 1547 569 1596 nono,
593 1529 762 1602 isque
805 1530 957 1584 intra
993 1529 1211 1584 ferrum
1249 1530 1624 1602 coquebatur.
1671 1530 1810 1584 [line

161 1619 512 1691 etiampatet
551 1617 1250 1689 Alcuinuminpraacitata
1283 1617 1527 1690 epistola
1548 1617 1705 1690 loqui
1739 1618 1810 1674 de

159 1723 316 1778 pane
344 1723 564 1778 azymo,
589 1723 623 1762 a
652 1722 764 1779 quo
795 1705 976 1762 salem
1009 1722 1302 1762 removere
1339 1706 1528 1776 jubet,
1557 1722 1808 1778 eumque

159 1797 293 1850 tum
329 1795 509 1850 fuisse
533 1810 750 1850 morem
774 1795 1047 1850 Romanae
1069 1798 1127 1849 et
1151 1793 1496 1850 universalis
1514 1793 1804 1850 Ecclesiae.

233 1882 300 1936 Et
320 1885 472 1936 certe
497 1881 851 1952 Mozarabes,
865 1881 921 1936 id
941 1886 1030 1936 est
1047 1881 1287 1953 Hispani
1313 1886 1368 1936 et
1389 1881 1643 1937 Africani
1666 1887 1805 1936 Ara-

159 1969 337 2025 bibus
367 1968 633 2040 permisti
666 1968 844 2040 (quod
889 1968 1064 2024 etiam
1118 1969 1427 2024 dicendum
1487 1970 1556 2024 de
1603 1969 1806 2025 Gothis

159 2056 592 2128 antiquioribus
611 2057 668 2112 in
692 2057 972 2130 Hispania
988 2057 1378 2129 degentibus),
1403 2059 1632 2114 tametsi
1657 2059 1806 2114 ritus

157 2145 483 2219 peculiares
509 2146 822 2213 habebant,
857 2145 1246 2202 nihilominus
1297 2170 1323 2195 «
1373 2146 1807 2202 constituebant

159 2240 594 2291 sacramentum
609 2233 811 2290 altaris
822 2235 892 2290 de
906 2251 1055 2306 pane
1079 2236 1552 2307 azymo,quemad
1565 2236 1737 2290 modu
1749 2251 1804 2288 m

159 2322 258 2378 alii
296 2321 508 2390 Latini,
536 2345 562 2370 ››
587 2327 652 2377 ut
671 2321 922 2378 Jacobus
947 2339 980 2378 a
1016 2322 1272 2378 Vitriaco
1295 2323 1472 2377 tradit
1521 2324 1579 2377 in
1621 2323 1805 2378 Histo-

158 2410 660 2467 ﬁaaOccidentalis
691 2427 818 2480 cap.
841 2412 929 2480 81,
959 2411 1055 2466 ubi
1087 2411 1244 2466 hunc
1275 2410 1450 2466 ritum
1480 2411 1805 2484 apudipsos

159 2504 403 2555 eatenus
417 2515 819 2571 perseverasse
837 2498 993 2555 dicit.
1015 2499 1120 2566 Qui
1134 2505 1334 2555 auctor
1350 2500 1581 2556 tametsi
1596 2499 1805 2556 saeculo

159 2586 798 2656 duntaxatxmvixerit,
821 2588 948 2658 ejus
961 2592 1156 2642 tamen
1186 2588 1503 2644 auctoritas
1524 2588 1633 2643 hac
1657 2588 1712 2642 in
1748 2605 1806 2643 re

164 2677 494 2748 spernenda
526 2692 640 2730 non
674 2675 1042 2741 est,maxime
1071 2692 1204 2731 cum
1229 2675 1520 2731 Eldefonsi
1551 2677 1807 2731 testimo-

157 2764 256 2820 nio
274 2763 522 2836 aliisque
540 2763 833 2818 fulciatur.
857 2763 1002 2818 Cum
1027 2764 1182 2818 enim
1204 2764 1536 2818 Mozarabes
1563 2764 1802 2835 Hispani

157 2853 370 2908 ritibus
393 2852 517 2908 suis
539 2853 620 2907 ita
637 2868 868 2924 semper
888 2851 1067 2906 additi
1093 2852 1305 2907 fuerint
1343 2858 1406 2906 ut
1437 2869 1568 2906 cum
1593 2852 1803 2906 saeculo

155 2946 450 3014 x1,agente
482 2958 585 3013 per
631 2940 853 3013 legatos
901 2939 1174 3013 Gregorio
1227 2957 1375 3012 papa
1424 2941 1546 3008 VII,
1583 2941 1805 2996 favente

155 3029 473 3086 Aldefonso
496 3029 914 3102 rege,ofﬁcium
939 3045 1112 3084 suum
1139 3027 1599 3083 ecclesiasticum
1625 3027 1802 3083 Ga'li-

156 3135 302 3174 cano
323 3122 651 3175 Romanove
690 3122 919 3173 mutare
960 3116 1471 3189 compellerentur,
1511 3134 1625 3171 non
1658 3133 1804 3171 con-

1923 559 2144 616 scilicet
2190 562 2535 618 Profuturus
2584 561 2954 618 Bracarensis
3019 561 3264 618 antistes
3297 559 3560 616 Ecclesiae

1921 664 2040 704 sua:
2073 651 2521 722 prmscripserat,
2552 655 2798 707 testante
2837 649 3080 707 concilio
3127 651 3316 722 primo
3350 649 3564 703 Braca-

1922 737 2096 803 rensi,
2119 739 2271 808 quod
2295 756 2448 794 anno
2481 739 2588 794 563
2626 739 2980 794 celebratum
3025 741 3134 806 est,
3166 738 3223 792 in
3246 752 3466 792 canone
3493 737 3558 791 4:

1922 846 1949 872 «
1983 826 2124 879 Item
2149 825 2366 897 placuit
2406 831 2468 881 ut
2495 828 2696 882 eodem
2739 827 2940 882 ordine
2972 826 3162 882 missae
3195 823 3562 880 celebrentur

1921 913 1992 968 ab
2051 914 2346 981 omnibus,
2399 933 2571 987 quem
2632 916 2998 983 Profuturus,
3034 915 3328 986 quondam
3380 913 3558 984 hujus

1921 1001 2378 1074 metropolitanze
2400 1002 2668 1059 Ecclesiae
2691 1004 3100 1077 episcopus,ab
3128 1003 3257 1075 ipsa
3279 1001 3558 1073 apostoli-
3599 993 3601 996 ⁴

1920 1105 1997 1144 cm
2020 1089 2176 1145 sedis
2199 1092 2541 1146 auctoritate
2571 1092 2828 1163 suscepit
2875 1092 3179 1164 scriptum.
3215 1113 3244 1141 ››
3275 1094 3406 1145 Haec
3436 1089 3560 1146 obi-

1919 1181 2010 1232 ter
2039 1179 2108 1233 de
2129 1179 2242 1232 ritu
2266 1179 2816 1252 Mozarabum,quos
2843 1196 3042 1252 azymo
3060 1195 3208 1252 pane
3229 1183 3360 1235 ante
3382 1195 3558 1234 saecu-

1920 1264 2042 1320 lum
2079 1283 2299 1321 nonum
2333 1284 2470 1322 usos
2502 1268 2681 1323 fuisse
2712 1268 2998 1324 hactenus
3023 1268 3271 1324 ostendi.

1997 1354 2152 1409 Idem
2187 1355 2362 1409 etiam
2395 1355 2466 1410 de
2511 1356 2809 1410 Britannia
2859 1355 3052 1411 insula
3097 1359 3272 1427 patet,
3318 1359 3442 1410 tum
3487 1369 3554 1408 ex

1920 1442 2151 1497 Alcuini
2175 1442 2557 1514 epistolajam
2582 1443 2890 1515 relata,qui
2911 1443 3067 1498 hunc
3087 1459 3307 1498 morem
3330 1442 3556 1496 univer-

1919 1531 2059 1588 salis
2090 1531 2356 1587 Ecclesize
2406 1549 2512 1587 suo
2559 1537 2818 1604 tempore
2851 1532 3029 1587 fuisse
3060 1531 3220 1598 dicit,
3243 1534 3367 1584 tum
3398 1546 3466 1584 ex
3493 1527 3558 1582 li-

1917 1619 2067 1676 bello
2098 1621 2168 1676 de
2189 1620 2485 1676 Miraculis
2508 1620 2694 1676 sancti
2713 1619 3300 1691 Wandregesili,cap.
3330 1615 3558 1681 ultimo,

1919 1725 2190 1779 superius
2208 1709 2335 1778 jam
2359 1708 2740 1778 delibato,ubi
2765 1709 2960 1780 agitur
2981 1709 3051 1763 de
3073 1706 3328 1778 quadam
3345 1702 3561 1758 femina

1916 1797 2332 1862 transmarina,
2357 1796 2413 1850 id
2437 1801 2524 1851 est
2544 1795 2890 1868 Anglicana,
2916 1813 3040 1867 qua;
3064 1813 3097 1849 a
3135 1799 3334 1850 sancto
3369 1794 3555 1844 Wan-

1917 1885 2201 1957 dregesilo
2220 1889 2442 1952 sanata,
2469 1901 2600 1938 cum
2630 1885 2687 1938 in
2724 1882 2922 1956 vigilia
2961 1881 3288 1938 Nativitatis
3328 1876 3556 1935 Domini

1917 1973 2143 2028 sodales
2165 1990 2302 2027 suas
2325 1972 2802 2027 sanctimoniales
2835 1971 3081 2026 feminas
3106 1969 3401 2041 rogitaret,
3433 1989 3459 2014 «
3495 1969 3559 2020 ut

1917 2060 2140 2116 oblatas
2173 2078 2320 2132 quas
2352 2059 2620 2115 oblatura
2668 2060 2916 2115 Domino
2966 2059 3023 2113 in
3074 2057 3396 2112 crastinum
3433 2057 3559 2108 erat

1917 2148 2516 2220 formarent,ignique,
2538 2148 2628 2202 cui
2653 2147 3120 2219 appropinquare
3145 2162 3256 2200 non
3282 2142 3552 2207 audebat,

1915 2236 2325 2307 decoquerent,
2359 2240 2416 2290 et
2467 2235 2709 2290 minime
2767 2234 3132 2305 impetraret;
3179 2229 3426 2286 accessit
3481 2227 3552 2282 ad

1914 2323 2133 2396 ignem,
2165 2325 2432 2394 ferroque
2463 2339 2576 2394 quo
2611 2322 3009 2394 imprimendze
3059 2338 3123 2374 ac
3165 2318 3554 2389 decoquendm

1915 2416 2079 2467 erant
2101 2412 2310 2467 oblatae
2327 2415 2578 2483 arrepto,
2605 2427 2738 2465 mox
2768 2410 2924 2464 nervi
2948 2410 3074 2480 ejus
3101 2424 3312 2462 manus
3345 2407 3554 2460 dextrae

1915 2500 2193 2556 contracti
2208 2505 2435 2567 sunt;ac
2449 2498 2797 2554 oblatorium
2813 2497 2965 2568 quod
2981 2500 3184 2568 sponte
3197 2496 3553 2565 susceperat,

1915 2587 2092 2643 invita
2120 2588 2171 2640 vi
2207 2593 2410 2658 agente
2439 2586 2652 2650 divina,
2689 2585 2944 2641 retinuit.
2983 2608 3009 2633 υ
3042 2586 3102 2640 Id
3135 2583 3377 2654 contigit
3403 2599 3555 2637 anno

1915 2678 2039 2731 891.
2066 2676 2146 2730 Ex
2177 2675 2270 2730 his
2302 2679 2460 2746 patet
2507 2673 2732 2729 oblatas
2773 2677 2894 2728 tum
2931 2677 3122 2728 coctas
3172 2672 3351 2727 fuisse
3403 2671 3556 2724 intra

1915 2763 2262 2819 oblatorium
2314 2779 2416 2817 seu
2469 2763 2884 2816 ferramentum
2934 2761 3395 2816 characteratum
3448 2757 3554 2828 (sic

1913 2853 2053 2907 illud
2088 2855 2250 2906 vocat
2279 2850 2585 2906 Udalricus
2608 2850 2665 2904 in
2686 2849 2882 2916 1ib.m,
2914 2867 3039 2921 cap.
3078 2851 3186 2921 13),
3218 2865 3283 2903 ac
3314 2846 3555 2920 proinde

1915 2939 2182 2997 fermenti
2214 2943 2475 3012 expertes
2508 2939 2708 2994 fuisse.
2741 2939 2938 3010 Neque
2967 2939 3123 2995 enim
3159 2953 3418 3009 unquam
3451 2936 3558 2990 fer-

1915 3034 2176 3084 mentum
2210 3027 2522 3084 adhibetur
2547 3028 2605 3081 in
2653 3027 2905 3100 panibus
2945 3027 3061 3082 illis
3109 3027 3210 3099 qui
3240 3026 3349 3080 hoc
3381 3023 3554 3078 modo

1915 3119 2260 3173 formantur.
2295 3117 2365 3171 Et
2395 3115 2628 3187 quidem
2661 3116 2754 3171 hic
2804 3132 2929 3172 mos
2975 3116 3227 3170 usitatus
3276 3118 3400 3168 tum
3433 3116 3556 3167 erat

155 3207 468 3274 senserint,
529 3206 642 3262 nisi
701 3223 794 3264 res
850 3205 1042 3262 duello
1099 3206 1495 3272 dirimeretur,
1552 3210 1801 3261 testante
1833 3190 1874 3256 C
1914 3223 2029 3260 non
2058 3204 2248 3259 solum
2281 3204 2339 3258 in
2371 3203 2576 3269 Gallia,
2613 3204 2712 3258 ubi
2767 3203 2820 3257 id
2853 3204 3071 3258 factum
3103 3207 3212 3267 est,
3245 3201 3344 3256 sed
3376 3199 3553 3254 etiam

153 3294 440 3351 Buderico
472 3294 1015 3365 Toletano,credere
1045 3311 1150 3366 par
1164 3299 1253 3350 est
1275 3311 1608 3366 azymorum
1644 3294 1801 3349 hunc

153 3399 331 3439 usum
355 3383 426 3437 ab
450 3383 786 3440 auctoribus
803 3382 1024 3439 rituum
1050 3383 1548 3438 Mozarabicorum
1569 3384 1802 3437 descen-

151 3471 729 3544 disse,eumdemque
743 3471 896 3543 apud
920 3471 1135 3527 Gothos
1158 3471 1413 3543 viguisse
1432 3475 1564 3525 ante
1587 3472 1798 3524 adven-

149 3563 277 3616 tum
310 3561 571 3614 Arabum
603 3575 705 3613 seu
754 3559 1088 3615 Maurorum
1137 3560 1194 3614 in
1229 3559 1570 3631 Hispaniam
1599 3577 1612 3626 ;
1647 3559 1801 3612 unde

151 3651 209 3705 et
239 3647 553 3703 Gothicum
584 3644 840 3700 ofﬁcium
873 3647 1091 3702 dictum
1116 3651 1223 3703 est.

229 3736 452 3791 Horum
483 3737 779 3788 auctorem
813 3733 1032 3790 rituum
1081 3734 1368 3790 Isidorum
1402 3733 1800 3806 Hispalensem

155 3825 502 3897 episcopum
527 3822 843 3895 praeferunt
889 3822 1030 3877 editi
1077 3823 1234 3890 libri,
1269 3828 1655 3894 asseruntque
1688 3823 1804 3877 fere

154 3910 460 3984 Hispanici
482 3909 795 3982 scriptores
819 3911 1188 3979 recentiores,
1205 3912 1420 3983 quibus
1452 3911 1807 3983 suffragatur

157 3999 560 4057 Guitmundus
583 3998 639 4052 in
674 3997 774 4052 lib.
809 4015 872 4052 III
896 3999 1176 4054 adversus
1208 3999 1644 4071 Berengarium.
1682 4022 1708 4048 ››
1744 4001 1803 4053 In

156 4087 413 4160 quodam
436 4085 658 4142 Missali
682 4086 958 4158 Hispano,
989 4086 1201 4158 inquit,
1236 4088 1391 4158 quod
1435 4087 1642 4142 dicunt
1673 4105 1804 4142 san-

159 4180 322 4233 ctum
344 4175 595 4231 dictasse
627 4176 937 4243 Isidorum,
970 4179 1104 4242 etc.,
1125 4196 1150 4223 ι)
1183 4179 1239 4230 et
1286 4174 1456 4247 longe
1487 4182 1620 4231 ante
1649 4177 1807 4232 Guit-

161 4265 454 4322 mundum
473 4263 798 4336 Elipandus
816 4263 1131 4319 Toletanus
1152 4265 1458 4336 episcopus
1483 4265 1538 4318 in
1562 4265 1810 4336 epistola

161 4355 236 4410 ad
267 4352 547 4408 Albinum
581 4369 682 4409 seu
725 4353 1060 4418 Alcuinum,
1113 4353 1430 4424 quamdam
1463 4354 1808 4424 orationem,

161 4442 223 4497 in
255 4440 454 4513 vigilia
474 4440 704 4496 Paschze
718 4441 846 4496 cani
866 4440 1118 4511 solitam,
1145 4441 1312 4496 beato
1333 4441 1558 4498 Isidoro
1581 4442 1808 4498 tribuit.

1909 3294 1968 3349 in
2027 3293 2293 3366 partibus
2347 3292 2763 3348 transmarinis
2821 3309 2922 3346 seu
2983 3290 3345 3363 Anglicanis,
3401 3287 3554 3342 unde

1910 3382 2122 3436 mulier
2140 3382 2257 3436 hzec
2277 3398 2475 3436 recens
2499 3381 2828 3435 advenerat.
2864 3385 2940 3434 De
2976 3396 3123 3451 pane
3159 3395 3359 3450 azymo
3389 3376 3556 3432 intel-

1908 3471 2181 3543 ligendus
2199 3469 2424 3524 videtur
2471 3469 2756 3540 Egbertus
2794 3467 3004 3522 saeculo
3040 3484 3093 3521 va
3124 3484 3141 3519 ι
3173 3464 3554 3520 Eboracensis

1911 3556 2832 3630 episcopus,Alcuinipraeceptor,
2865 3555 2966 3626 qui
3019 3554 3076 3608 in
3137 3553 3555 3624 Exceptionum

1912 3663 2152 3703 suarum
2183 3662 2308 3716 cap.
2352 3645 2421 3697 98
2455 3645 2653 3700 laudat
2698 3644 3020 3716 probatque
3063 3657 3346 3696 canonem
3379 3657 3556 3712 quem

1912 3740 2076 3791 vocat
2106 3739 2443 3789 sanctorum
2477 3733 2532 3786 in
2585 3733 2706 3788 haec
2755 3732 2966 3786 verba:
3001 3755 3028 3780 «
3083 3729 3426 3785 Sacerdotes
3459 3729 3557 3784 Dei

1914 3823 2222 3895 diligenter
2256 3825 2567 3893 procurent
2620 3825 2683 3875 ut
2730 3819 2900 3891 panis
2959 3823 3015 3875 et
3060 3818 3262 3874 vinum
3297 3822 3354 3874 et
3385 3835 3557 3889 aqua,

1915 3913 2038 3970 sine
2062 3911 2275 3984 quibus
2294 3925 2663 3981 nequaquam
2691 3908 2881 3963 missae
2905 3907 3294 3975 celebrantur,
3329 3923 3477 3978 pura
3506 3912 3564 3961 et

1917 4001 2137 4057 munda
2171 4001 2330 4054 ﬁant.
2369 4022 2388 4046 η
2429 3997 2534 4054 Ubi
2589 3997 2756 4069 panis
2813 3996 2942 4068 puri
2999 3995 3233 4051 nomine
3291 4012 3560 4066 azymum

1917 4089 2160 4161 intelligi
2216 4093 2373 4160 puto.
2419 4088 2581 4142 Certe
2640 4091 2905 4141 auctores
2955 4099 3247 4139 canonum
3306 4084 3405 4155 qui
3450 4085 3562 4138 sub

1917 4179 2178 4250 Eadgaro
2194 4193 2326 4249 rege
2343 4193 2496 4231 anno
2512 4176 2760 4246 967(quo
2775 4178 3035 4245 tempore
3057 4189 3395 4246 azymorum
3418 4189 3570 4228 usus

1916 4267 2168 4340 vigebat)
2200 4264 2418 4319 conditi
2469 4268 2625 4332 sunt,
2683 4280 2796 4318 non
2845 4261 2957 4318 alio
3013 4261 3291 4317 vocabulo
3350 4279 3560 4334 panem

1920 4372 2188 4429 azymum
2211 4353 2506 4426 explicant
2545 4367 2767 4407 canone
2812 4353 2976 4407 30:«
3028 4351 3316 4406 Docemus
3364 4351 3561 4417 etiam,

1921 4451 1984 4501 ut
2015 4462 2084 4500 ne
2114 4443 2203 4499 vel
2235 4458 2496 4514 unquam
2529 4442 2803 4498 sacerdos
2836 4441 2977 4496 adeo
3017 4441 3364 4496 temerarius
3395 4441 3472 4495 sit
3502 4444 3566 4494 ut

161 4529 378 4586 Verum
411 4528 567 4618 idem
595 4528 915 4618 Elipandus
955 4530 1031 4618 in,
1061 4529 1460 4602 superioribus
1497 4531 1808 4587 Toletanos
1844 4556 1888 4618 ι)
1921 4535 2164 4589 missam
2195 4532 2463 4599 celebret,
2499 4531 2610 4586 nisi
2661 4530 2859 4584 omnia
2910 4529 3122 4585 habeat
3169 4530 3240 4584 ad
3288 4527 3563 4584 Euchari-

163 4620 401 4674 sanctos
431 4617 631 4672 Patres
663 4617 928 4689 agnoscit
959 4616 1272 4674 missarum
1314 4618 1806 4674 Mozarabicarum

163 4710 455 4764 auctores.
490 4705 596 4771 Qui
646 4705 768 4761 sint
813 4705 894 4760 illi
945 4705 1142 4761 Patres
1201 4705 1486 4771 Toletani,
1518 4706 1808 4778 explicant

160 4792 580 4864 Hispaniarum
611 4791 890 4865 episcopi,
925 4798 1025 4847 aut
1064 4793 1209 4848 forte
1243 4793 1560 4864 Elipandus
1593 4793 1716 4864 ipse
1747 4793 1804 4848 in

160 4879 364 4938 libello
387 4897 559 4952 quem
594 4882 899 4937 confutant
946 4882 1144 4937 Patres
1192 4881 1420 4936 concilii
1475 4881 1812 4938 Francofur-

162 4969 371 5039 tensis,
405 4969 463 5024 in
497 4969 620 5025 hzec
648 4971 856 5026 verba:
892 4993 919 5020 ‹‹
953 4970 1094 5026 Item
1145 4971 1598 5042 praedecessores
1630 4971 1810 5026 nostri

163 5058 486 5132 Eugenius,
544 5057 935 5124 Hildefonsus,
986 5057 1277 5126 Julianus,
1329 5057 1617 5113 Toletanze
1660 5060 1814 5114 sedis

164 5145 484 5214 antistites,
517 5146 576 5201 in
608 5146 732 5202 suis
758 5147 1132 5218 dogmatibus
1156 5147 1236 5201 ita
1265 5146 1607 5202 dixeruntin
1633 5147 1816 5203 missa

163 5236 240 5291 de
269 5233 731 5301 ComaDomini,
770 5257 789 5284 ι
829 5239 938 5290 etc.
973 5235 1050 5289 Ex
1081 5233 1298 5306 quibus
1329 5233 1678 5307 intelligitur
1700 5253 1812 5291 non

166 5323 489 5392 unum,sed
513 5321 731 5394 plures,
766 5323 976 5379 horum
1013 5321 1234 5378 rituum
1258 5327 1315 5376 et
1337 5323 1662 5379 officiorum
1687 5343 1818 5381 con-

168 5411 392 5467 ditores
417 5415 494 5466 :et
513 5411 748 5482 quidem
775 5412 1064 5467 Isidorum
1099 5409 1581 5482 ampliﬁcatorem
1614 5412 1814 5470 fuisse.

167 5501 349 5557 Porro
370 5499 420 5554 si
445 5499 816 5556 Bracarensis
848 5499 1185 5572 metropolis
1206 5501 1440 5555 eosdem
1464 5501 1610 5556 ritus
1632 5519 1821 5560 serva-

168 5592 274 5648 bat
303 5593 483 5661 atque
501 5589 797 5660 Toletana,
845 5590 992 5648 ritus
1036 5590 1134 5646 isti
1167 5607 1281 5646 non
1320 5589 1556 5661 quidem
1590 5608 1816 5665 omnes,

1919 4622 2088 4677 etiam
2144 4620 2511 4693 pertinentia,
2561 4618 2778 4673 scilicet
2829 4617 3180 4674 oblationem
3230 4635 3460 4690 puram,
3492 4616 3567 4670 vi-

1917 4726 2060 4765 num
2095 4725 2305 4780 purum
2339 4713 2395 4762 et
2425 4724 2638 4778 aquam
2674 4723 2902 4779 puram.
2947 4730 2974 4755 »
3003 4711 3134 4762 Haec
3165 4707 3234 4760 de
3262 4704 3490 4776 Anglia.

1992 4797 2270 4853 Eamdem
2296 4797 2668 4852 traditionem
2693 4796 2901 4851 saltem
2943 4813 3046 4868 pro
3077 4794 3390 4851 Germania
3409 4809 3565 4849 com-

1921 4887 2129 4959 probat
2153 4886 2430 4940 Rabanus
2449 4885 2830 4958 Moguntinus
2857 4884 3350 4956 archiepiscopus,
3378 4881 3569 4937 Alcui-

1923 4975 1979 5030 ni
2007 4973 2355 5046 discipulus,
2391 4974 2487 5045 qui
2531 4974 2765 5029 biennio
2789 4977 2922 5029 ante
2944 4972 3216 5028 Photium
3251 4971 3564 5038 intrusum,

1923 5063 2034 5118 hoc
2065 5068 2152 5118 est
2186 5079 2338 5117 anno
2379 5063 2484 5116 846
2519 5079 2550 5117 e
2575 5062 2718 5116 vivis
2755 5060 3021 5117 excessit.
3056 5061 3109 5115 Is
3139 5059 3294 5114 enim
3325 5058 3383 5112 in
3413 5058 3517 5113 lib.
3552 5075 3568 5112 ι

1925 5152 2005 5208 De
2037 5149 2445 5206 ecclesiasticis
2495 5150 2725 5217 ofﬁciis,
2757 5166 2883 5220 cap.
2918 5150 3006 5215 31,
3058 5147 3313 5202 declarat
3361 5162 3569 5219 panem

1925 5240 2193 5296 sacriﬁcii
2228 5255 2496 5311 azymum
2543 5254 2671 5293 esse
2730 5242 3013 5310 oportere.
3066 5237 3330 5308 Namque
3390 5236 3570 5291 relato

1925 5327 2164 5385 Levitici
2211 5327 2335 5382 loco
2377 5327 2475 5398 qui
2515 5343 2724 5399 panem
2764 5326 2974 5381 veteris
2997 5325 3268 5381 sacriﬁcii
3303 5324 3427 5380 sine
3461 5324 3572 5378 fer-

1929 5423 2122 5472 mento
2153 5433 2281 5472 esse
2313 5415 2594 5488 prmcipit,
2625 5420 2682 5470 et
2711 5414 2923 5470 Christi
2964 5414 3249 5487 exemplo,
3283 5415 3380 5486 qui
3415 5415 3569 5486 ejus-

1930 5507 2083 5563 modi
2118 5523 2328 5579 panem
2363 5506 2420 5560 in
2466 5521 2627 5560 caena
2674 5503 2964 5573 adhibuit,
2991 5504 3074 5560 sic
3120 5504 3333 5560 infert:
3365 5526 3391 5553 ‹‹
3424 5503 3574 5575 Ergo

1931 5611 2140 5670 panem
2169 5594 2645 5651 infermentatum
2694 5597 2751 5649 et
2806 5593 3005 5649 vinum
3055 5610 3207 5666 aqua
3237 5593 3481 5650 mistum
3514 5591 3575 5647 in
