3970 6218
314 347 471 451 1267

1349 355 1742 422 APPENDIX
1787 351 1888 421 AD
1933 353 2194 423 OPEttA
2240 354 2675 425 HUMBERTI.

3556 351 3718 423 1268

321 495 754 550 sacramentum
789 491 1046 565 corporis
1066 497 1119 548 et
1137 494 1439 566 sanguinis
1461 495 1675 551 Christi
1697 496 1953 551 sanctiﬁ-
1984 495 2038 561 Α
2070 495 2130 550 in
2162 500 2336 567 caput
2363 513 2398 553 ν
2420 495 2689 568 Epistola
2711 495 2910 568 prima
2934 493 3006 551 ad
3026 491 3376 566 Corinthios,
3409 509 3541 551 cum
3567 492 3714 552 scri-

320 583 436 637 cari
469 586 709 652 oportet.
744 604 770 630 »
810 584 893 636 Ita
915 582 1231 638 Rhabanus
1279 585 1337 637 in
1390 584 1556 639 libris
1601 601 1732 638 cum
1765 585 1956 651 editis,

318 673 445 723 tum
473 669 909 740 manuscriptis,
933 675 996 724 ut
1033 670 1206 726 ﬁdem
1224 671 1444 726 faciunt
1463 671 1816 742 exemplaria
1841 673 1957 727 duo

319 755 684 811 Bibliotheca
720 759 871 828 regis
912 759 1422 825 Cbristianissimi,
1472 777 1720 832 quorum
1775 778 1957 816 unum

318 851 407 899 est
429 863 714 900 annorum
753 847 866 900 fere
903 853 1326 912 sexcentorum,
1367 848 1616 904 alterum
1656 850 1956 921 octingen-

317 938 530 989 torum.
563 935 732 989 I’orro
767 936 869 989 hoc
903 936 1231 990 testimonio
1264 937 1618 992 luculentius
1641 937 1865 992 nullum
1900 937 1957 992 in

317 1030 663 1095 prasentem
704 1028 1153 1080 controversiam
1205 1026 1392 1080 atferri
1426 1030 1634 1097 potest.
1667 1027 1789 1081 Duo
1823 1030 1959 1080 sunt

317 1113 375 1167 in
409 1114 710 1184 pramisso
744 1114 1095 1181 testimonio,
1123 1116 1266 1168 ratio
1299 1114 1517 1168 scilicet
1539 1119 1594 1170 et
1616 1115 1950 1168 auctoritas.

316 1201 558 1256 Ratione
581 1219 914 1272 azymorum
941 1203 1279 1255 necessitate
1301 1203 1545 1271 probare
1559 1202 1782 1256 videtur
1808 1201 1956 1255 Rha-

317 1289 508 1343 banus
540 1308 550 1354 ;
588 1291 713 1359 ejus
745 1307 876 1344 vero
908 1289 1217 1343 auctoritas
1249 1291 1318 1342 de
1368 1290 1480 1342 ritu
1527 1289 1618 1343 sui
1672 1289 1954 1358 temporis

319 1378 723 1432 testimonium
757 1377 1232 1431 redditlthabani
1257 1375 1538 1430 rationem
1571 1375 1713 1430 nihil
1739 1392 1951 1442 moror;

318 1482 436 1519 una
468 1465 609 1518 mihi
632 1463 847 1518 sufﬁcit
867 1465 1181 1518 auctoritas
1215 1481 1281 1518 ex
1311 1480 1427 1534 qua
1447 1457 1745 1518 evidenter
1774 1464 1955 1518 conﬁ-

317 1552 682 1621 citurqualis
713 1569 779 1605 eo
833 1556 1090 1623 tempore
1137 1553 1309 1607 fuerit
1357 1553 1524 1624 panis
1573 1553 1862 1620 sacriﬁcii,
1899 1553 1953 1607 id

319 1644 408 1695 est
441 1639 906 1694 infermentatus.

389 1727 583 1797 Neque
607 1728 715 1781 dici
736 1732 924 1798 potest
949 1729 1209 1784 lthabani
1234 1730 1633 1786 testimonium
1658 1729 1846 1786 valere
1874 1747 1961 1786 so-

319 1814 440 1869 lum
469 1833 569 1886 pro
583 1816 911 1882 Germania,
946 1818 1003 1872 in
1033 1836 1148 1888 qua
1172 1823 1437 1890 receptus
1462 1824 1584 1874 erat
1606 1835 1671 1873 eo
1701 1823 1960 1890 tempore

319 1921 655 1975 azymorum
682 1922 842 1959 usus.
880 1907 1194 1961 Rhabanus
1217 1907 1506 1978 siquidem
1540 1907 1596 1961 in
1631 1908 1963 1978 prafatione

320 1992 490 2048 istius
509 1994 697 2063 operis
722 1994 1026 2064 pollicetur
1047 2000 1314 2050 acturum
1334 2013 1427 2050 seu
1455 1995 1534 2050 De
1555 1996 1745 2049 ofﬁcio
1770 1995 1962 2051 missa

320 2083 646 2137 secundum
680 2100 900 2138 morem
936 2085 1203 2139 Romana
1229 2083 1513 2139 Ecclesia.
1551 2107 1577 2133 »
1611 2086 1675 2138 Et
1705 2084 1761 2138 in
1785 2083 1884 2138 lib.
1922 2102 1958 2151 ι,

322 2187 447 2244 cap.
482 2174 570 2238 33,
605 2173 801 2227 relatis
861 2174 1134 2228 omnibus
1187 2173 1266 2228 rei
1315 2190 1488 2228 sacra
1538 2173 1769 2240 ritibus,
1803 2177 1961 2244 post-

322 2277 499 2331 quam
519 2263 589 2316 de
607 2278 942 2332 azymorum
969 2279 1079 2317 usu
1103 2265 1299 2332 egerat
1320 2261 1437 2316 hac
1459 2260 1694 2316 subdit:
1724 2282 1751 2310 «
1777 2262 1961 2316 Istum

323 2365 458 2420 ergo
481 2350 744 2404 ordinem
771 2349 841 2402 ab
865 2350 1218 2420 apostoliset
1241 2349 1572 2419 apostolicis
1611 2349 1750 2404 viris
1781 2349 1961 2403 tradi-

321 2439 448 2490 tum
474 2437 735 2491 Romana
753 2441 907 2490 tenet
929 2437 1203 2502 Ecclesia,
1230 2442 1285 2490 et
1327 2453 1427 2507 per
1470 2440 1656 2492 totum
1689 2452 1834 2506 pene
1863 2437 1963 2493 Oc-

323 2525 612 2579 cidentem
638 2541 840 2579 omnes
857 2525 1124 2580 Ecclesiae
1143 2526 1409 2580 eamdem
1433 2526 1807 2582 traditionem
1839 2543 1958 2581 ser-

320 2617 476 2668 vant.
506 2637 532 2660 ››
548 2614 627 2667 Ex
645 2613 859 2684 quibus
878 2613 1253 2668 manifestum
1278 2630 1405 2669 esse
1427 2618 1568 2685 puto
1591 2631 1823 2685 azymos
1846 2632 1960 2670 non

322 2705 550 2756 tantum
583 2702 641 2756 in
672 2700 998 2767 Germania,
1031 2703 1130 2756 sed
1181 2701 1354 2756 etiam
1387 2725 1414 2750 ‹‹
1467 2702 1528 2757 in
1565 2701 1820 2758 Ecclesia
1850 2703 1963 2758 Ro-

324 2805 500 2844 mana
520 2795 574 2844 et
596 2807 697 2860 per
725 2793 912 2844 totum
936 2807 1079 2860 pene
1109 2789 1477 2845 Occidentem
1496 2811 1523 2840 ››
1557 2790 1616 2845 in
1640 2807 1751 2846 usu
1783 2791 1963 2848 fuisse

324 2894 476 2932 anno
506 2878 632 2942 819,
665 2878 818 2947 quod
843 2878 999 2932 istud
1025 2895 1172 2948 opus
1194 2877 1493 2934 conditum
1517 2883 1623 2945 est,
1659 2895 1847 2951 neque
1879 2897 1962 2936 re-

324 2981 459 3020 cens
492 2965 672 3020 fuisse
703 2965 1026 3030 inventum,
1071 2967 1169 3022 sed
1204 2967 1260 3021 id
1301 2986 1322 3016 ι
1374 2968 1446 3023 ab
1495 2968 1773 3040 apostolis
1803 2974 1860 3025 et
1889 2969 1962 3025 ab

324 3054 659 3125 apostolicis
688 3054 825 3109 viris
857 3077 884 3104 »
919 3055 1203 3110 creditum
1249 3072 1642 3126 permanasse.

391 3143 523 3197 Jam
558 3144 628 3198 de
659 3159 992 3214 azymorum
1029 3161 1137 3198 usu
1157 3149 1288 3199 ante
1312 3145 1591 3200 saculum
1623 3163 1841 3201 nonum
1875 3164 1960 3202 re-

2070 584 2154 640 bit
2185 584 2336 640 ﬁlios
2365 585 2540 641 Israel
2587 602 2853 658 egressos
2893 586 2964 641 de
3008 585 3249 658 Egypto
3293 599 3407 638 non
3436 583 3717 640 detulisse

2069 673 2203 728 inde
2232 696 2260 721 ‹‹
2287 673 2694 729 fermentatam
2719 675 2986 741 farinam,
3022 675 3122 729 sed
3148 673 3560 728 tantummodo
3582 689 3716 730 con-

2070 778 2352 832 spersam.
2406 784 2432 809 ››
2482 763 2550 816 Et
2593 763 2853 819 Joannes
2904 763 3230 818 Genuensis
3279 762 3336 816 in
3381 760 3711 817 catholico:

2070 873 2098 900 «
2131 851 2476 921 Conspersio
2497 854 2784 908 esttarina
2796 869 2898 923 per
2919 868 3129 924 aquam
3158 851 3560 924 conglutinata
3586 851 3716 907 sine

2069 937 2370 992 fermento.
2397 959 2424 988 »
2459 938 2721 1010 Denique
2745 943 2877 994 ante
2899 939 3006 994 hos
3029 939 3176 994 duos
3198 938 3511 1010 Gregorius
3529 937 3714 992 Turo-

2068 1026 2265 1080 nensis
2309 1025 2617 1096 episcopus
2675 1027 2733 1080 in
2788 1027 2889 1081 lib.
2925 1045 2943 1082 ι
2991 1027 3070 1082 De
3123 1026 3311 1098 gloria
3362 1029 3709 1099 martyrum,

2067 1129 2191 1182 cap.
2228 1115 2326 1167 16:
2361 1135 2387 1161 «
2423 1113 2630 1168 Mulier
2667 1130 2983 1184 conspersa
3029 1115 3335 1170 Dominica
3384 1114 3477 1170 die
3527 1113 3716 1168 farina

2066 1217 2275 1272 panem
2308 1200 2598 1270 formavit,
2619 1218 2792 1272 quem
2813 1205 3136 1275 segregatis
3159 1203 3365 1276 prunis
3387 1205 3579 1260 cinere
3601 1204 3712 1258 fer-

2065 1288 2222 1343 venti
2251 1289 2502 1342 contexit
2541 1289 3005 1360 decoquendum.
3039 1309 3064 1341 n
3118 1291 3179 1345 Id
3229 1290 3507 1362 placenta
3539 1292 3715 1347 infer-

2067 1379 2334 1430 mentata
2355 1391 2562 1447 genus,
2596 1376 2763 1448 quale
2793 1394 2825 1431 a
2856 1377 3078 1433 Latinis
3111 1378 3169 1432 in
3223 1380 3581 1435 sacriﬁcium
3608 1380 3712 1435 ad-

2066 1463 2250 1517 hiberi
2286 1463 2430 1518 falso
2461 1463 2854 1519 calumniatus
2884 1469 2974 1520 est
3003 1464 3248 1521 Michael
3282 1465 3638 1522 Cerularius.

2138 1557 2363 1622 Agmen
2395 1552 2624 1607 claudet
2646 1552 2999 1617 Amalarius,
3033 1553 3133 1624 qui
3185 1553 3245 1608 in
3277 1553 3376 1608 lib.
3413 1571 3477 1608 ιιι
3513 1555 3590 1609 De
3622 1569 3713 1608 ec-

2069 1638 2414 1696 clesiasticis
2443 1640 2670 1708 ofﬁciis,
2706 1657 2831 1712 cap.
2872 1642 2963 1708 24,
3015 1641 3195 1696 relato
3243 1642 3513 1713 CVpriani
3565 1641 3716 1706 loco,

2070 1751 2097 1778 ‹‹
2135 1732 2199 1783 ut
2226 1727 2284 1783 in
2316 1727 2597 1783 sacriﬁcio
2630 1729 2821 1784 missa
2853 1729 3056 1784 eadem
3088 1745 3218 1801 qua
3238 1729 3525 1784 Dominus
3556 1728 3713 1796 fecit,

2071 1821 2127 1872 et
2158 1817 2269 1888 ipsi
2288 1817 2592 1885 faciamus,
2630 1839 2656 1865 »
2688 1817 2809 1872 hac
2850 1817 3084 1873 subdit:
3121 1840 3150 1867 «
3183 1818 3458 1883 Quamvis
3490 1817 3598 1872 hoc
3622 1816 3717 1872 ille

2072 1906 2142 1960 de
2175 1905 2580 1961 commistione
2624 1904 2741 1959 vini
2788 1909 2844 1960 et
2883 1923 3045 1977 aqua
3076 1905 3484 1973 conclusisset,
3515 1909 3713 1961 tamen

2073 1994 2143 2048 de
2174 1997 2298 2049 tota
2327 1993 2695 2049 institutione
2726 1993 3030 2050 Dominica
3050 1993 3374 2067 intelligere
3397 2009 3716 2066 possumus

2073 2081 2513 2152 adimplendum
2545 2098 2556 2134 :
2591 2082 2648 2134 in
2681 2099 2794 2153 quo
2819 2099 2992 2137 suum
3019 2083 3363 2138 mandatum
3397 2087 3486 2139 est
3505 2086 3561 2138 et
3581 2099 3713 2152 apo-

2072 2169 2355 2240 stolorum
2413 2170 2819 2224 observatio.»
2873 2170 3001 2226 Hac
3046 2170 3172 2226 sine
3202 2171 3379 2227 dubio
3430 2170 3717 2227 intellexit

2071 2257 2404 2314 Amalarius
2454 2275 2566 2313 non
2617 2259 2688 2313 de
2737 2262 2996 2330 tempore
3054 2259 3216 2316 facta
3265 2277 3462 2328 cana,
3495 2277 3611 2316 non
3643 2260 3716 2315 de

2071 2361 2233 2401 cana
2255 2346 2557 2417 pramissa
2578 2351 2710 2402 ante
2740 2347 3118 2403 Eucharistia
3135 2347 3714 2416 institutionem,non

2072 2435 2324 2506 denique
2353 2435 2422 2489 de
2472 2451 2575 2490 esu
2605 2436 2760 2506 agni,
2798 2437 2898 2491 sed
2930 2436 3001 2492 de
3031 2453 3181 2508 pane
3213 2437 3506 2506 sacriﬁcii,
3541 2453 3718 2510 quem

2071 2523 2336 2592 ejusdem
2359 2523 2588 2595 generis
2613 2527 2788 2595 atque
2821 2541 2956 2580 cum
3005 2541 3120 2597 quo
3168 2525 3436 2582 Christus
3481 2541 3626 2581 usus
3658 2526 3719 2581 in

2072 2628 2235 2666 cana
2263 2615 2352 2667 est
2382 2611 2779 2668 adhibendum
2812 2629 2941 2670 esse
2972 2614 3252 2683 censet,id
3281 2617 3372 2670 est
3406 2613 3721 2670 infermen-

2073 2702 2286 2754 tatum.

2142 2791 2275 2843 Hac
2305 2793 2651 2861 argumenta
2681 2805 2808 2860 qua
2840 2793 2961 2845 toto
2993 2789 3259 2861 pmsenti
3284 2789 3470 2862 capite
3501 2791 3719 2847 adduxi

2073 2876 2143 2930 ad
2178 2877 2545 2948 probandum
2586 2877 2917 2950 generalem
2968 2895 3305 2950 azymorum
3350 2895 3521 2934 usum
3560 2881 3717 2952 apud

2074 2964 2334 3031 Latinos,
2365 2983 2568 3022 omnes
2599 2967 2858 3023 veritatis
2905 2983 3182 3023 numeros
3211 2966 3424 3023 habere
3456 2967 3602 3023 mihi
3629 2968 3716 3023 vi-

2074 3052 2286 3108 dentur
2310 3073 2322 3122 ;
2344 3058 2468 3110 tum
2488 3055 2626 3126 quia
2647 3056 2958 3127 desumpta
2985 3060 3124 3111 sunt
3145 3056 3217 3112 ab
3241 3056 3581 3112 auctoribus
3603 3057 3718 3112 ﬁde

2075 3140 2287 3214 dignis,
2320 3147 2384 3197 ut
2413 3147 2545 3214 pote
2576 3143 2763 3198 doctis
2788 3147 2845 3198 et
2874 3143 3139 3214 ejusdem
3174 3144 3360 3200 atatis
3385 3163 3396 3213 ;
3419 3149 3545 3201 tum
3579 3145 3720 3218 quia

323 3237 608 3303 cepto,res
632 3234 941 3287 constatde
973 3233 1268 3304 Hispania,
1302 3233 1535 3306 Anglia,
1567 3235 1877 3291 Germania
1907 3240 1962 3292 et
1993 3219 2036 3287 C
2075 3228 2566 3302 Claraypel‘spicua
2587 3235 2761 3302 atque
2791 3232 3122 3287 necessaria
3150 3233 3423 3288 Videntur
3452 3233 3522 3288 ad
3555 3234 3718 3289 eVin-

323 3322 585 3376 Romana
631 3321 888 3376 Ecclesia
941 3322 1243 3394 speciatim
1293 3328 1349 3378 et
1394 3324 1712 3380 universim
1743 3325 1814 3380 de
1843 3328 1961 3380 toto

323 3427 469 3482 pene
503 3410 842 3476 Occidente;
878 3415 1144 3481 superest
1177 3415 1239 3466 ut
1268 3412 1324 3466 id
1359 3411 1533 3467 etiam
1566 3411 1964 3485 singularibus

325 3499 687 3571 argumentis
710 3499 949 3570 probem
971 3499 1040 3554 de
1062 3499 1266 3569 Gallia,
1287 3501 1516 3556 tametsi
1541 3518 1666 3572 qua
1694 3501 1964 3572 superius

323 3592 449 3642 tum
469 3603 537 3642 ex
559 3587 957 3653 Alcuino,tum
982 3605 1049 3642 ex
1071 3589 1221 3644 facto
1266 3589 1529 3644 mulieris
1547 3589 1879 3661 Anglicana
1903 3591 1961 3645 in

321 3675 506 3732 Gallia
527 3675 851 3731 constituta
878 3676 1045 3732 retuli
1065 3678 1135 3731 ad
1154 3678 1211 3731 id
1234 3677 1617 3733 evincendum
1640 3678 1958 3734 sufﬁciunt.

322 3764 514 3819 Unum
532 3771 940 3836 argumentum
962 3765 1099 3820 mihi
1122 3767 1457 3838 suppeditat
1470 3767 1817 3823 Paschasius
1832 3768 1962 3823 Rat-

320 3853 522 3908 bertus
546 3853 724 3908 abbas
746 3853 1130 3920 Corbeiensis,
1148 3854 1412 3910 Rbabani
1435 3856 1697 3927 aqualis.
1716 3858 1767 3912 Is
1791 3857 1849 3911 in
1884 3856 1958 3911 li-

317 3943 421 3997 bro
443 3942 522 3998 De
538 3959 776 4014 corpore
796 3948 851 3998 et
881 3945 1170 4016 sanguine
1218 3943 1466 4011 Domini,
1499 3961 1624 4016 cap.
1657 3946 1744 4013 20,
1777 3946 1957 4000 sacri-

315 4031 432 4086 ﬁcii
491 4036 682 4103 partes
732 4031 978 4104 explicat
1031 4033 1321 4103 refertque
1384 4033 1455 4088 ad
1524 4034 1956 4104 componendos

315 4136 508 4176 mores
539 4120 597 4175 in
629 4121 784 4176 hunc
817 4121 1076 4176 modum.
1106 4143 1134 4170 ‹‹
1169 4125 1300 4176 Hac
1332 4119 1510 4192 igitur
1529 4123 1863 4192 conspersis
1886 4123 1956 4178 de

313 4207 518 4262 multis
547 4209 746 4281 granis
777 4209 911 4264 fecit
942 4226 1123 4263 unum
1157 4225 1389 4279 corpus,
1421 4225 1652 4280 corpus,
1687 4210 1950 4282 inquam,

312 4295 664 4351 sinceritatis
697 4301 752 4351 et
783 4297 1059 4363 veritatis,
1093 4295 1141 4351 si
1175 4299 1370 4350 tamen
1411 4313 1620 4351 sumus
1654 4297 1859 4368 azymi,
1893 4298 1950 4354 id

312 4389 403 4440 est
433 4385 654 4456 absque
686 4385 968 4439 fermento
1001 4383 1242 4439 malitia
1271 4389 1328 4440 et
1358 4383 1648 4456 nequitia,
1683 4389 1748 4439 ut
1777 4385 1949 4457 digne

309 4490 520 4547 panem
552 4475 622 4529 de
657 4473 765 4529 hac
809 4489 961 4544 aqua
1012 4489 1393 4544 conspersum
1453 4473 1711 4544 accipere
1757 4475 1947 4546 possi-

308 4552 562 4619 mus.....
588 4562 826 4631 Idcirco,
852 4562 1093 4629 ohomo,
1118 4578 1283 4636 serva
1311 4563 1783 4634 conspersionem
1810 4579 1948 4635 gra-

305 4651 419 4720 tia,
455 4651 594 4724 quia
624 4651 759 4707 licet
802 4651 1058 4706 triticum
1078 4650 1180 4718 sis,
1213 4649 1326 4706 nisi
1358 4651 1621 4706 doctrina
1651 4655 1708 4706 et
1737 4651 1948 4708 virtute

307 4741 560 4814 Spiritus
593 4741 777 4799 sancti
809 4741 879 4795 ad
921 4740 1072 4795 hanc
1094 4739 1377 4796 unitatem
1396 4743 1452 4794 et
1473 4740 1945 4812 conspersionem

305 4831 485 4888 fueris
503 4833 648 4888 bene
671 4832 729 4886 in
753 4829 1000 4885 farinam
1025 4833 1360 4886 attenuatus
1389 4846 1402 4895 ;
1430 4829 1640 4884 deinde
1671 4845 1943 4900 consper-

302 4939 406 4977 sus
431 4921 717 4993 gratia,et
738 4921 870 4993 igne
912 4919 1214 4975 charitatis
1253 4922 1545 4986 excoctus,
1579 4935 1695 4973 non
1726 4917 1943 4990 poteris

301 5011 374 5067 ad
390 5011 743 5070 soliditatem
767 5010 899 5065 ﬁdei
927 5009 1274 5065 ﬁrmari.»ln
1298 5007 1389 5063 his
1409 5009 1732 5064 notandum
1755 5007 1941 5079 primo

299 5104 387 5157 est
409 5117 619 5171 panem
642 5099 1098 5155 eucharisticum
1125 5097 1314 5154 vocari
1338 5120 1366 5148 «
1392 5097 1884 5168 conspersionem,
1911 5119 1939 5146 »

297 5195 355 5246 et
384 5213 410 5238 «
437 5207 647 5260 panem
666 5207 819 5261 aqua
840 5204 1280 5260 conspersum.»
1304 5187 1520 5242 Deinde
1543 5185 1939 5242 enumerando

294 5281 491 5352 partes
524 5279 740 5349 quibus
772 5280 940 5350 panis
973 5279 1079 5334 iste
1121 5281 1370 5345 constat,
1405 5276 1763 5332 mentionem
1814 5274 1938 5330 ﬁeri

294 5371 526 5424 tantum
556 5366 776 5433 farina,
809 5385 972 5438 aqua
1021 5372 1079 5422 et
1126 5364 1428 5435 coctionis,
1479 5363 1712 5421 excluso
1761 5363 1936 5420 etiam

294 5455 684 5510 fermento.Et
716 5458 867 5510 certe
920 5455 1222 5520 vocabula,
1284 5477 1310 5502 ‹‹
1347 5453 1681 5526 conspersio
1710 5457 1766 5508 et
1795 5469 1938 5509 con-

298 5557 621 5610 spersum,»
661 5559 915 5596 massam
942 5543 1135 5598 farina
1158 5547 1446 5614 expertem
1475 5542 1739 5598 fermenti
1761 5542 1938 5616 signi-

297 5629 492 5680 ﬁcant.
527 5629 717 5682 Testis
749 5634 836 5683 est
861 5631 1062 5686 Ilaimo
1081 5630 1587 5687 Halsbertadensis
1625 5631 1934 5704 episcopus

2074 3319 2324 3373 cendum
2359 3319 2412 3373 id
2447 3320 2600 3391 quod
2625 3320 2881 3374 intendo.
2907 3319 2964 3374 Si
2995 3337 3125 3376 vero
3156 3337 3224 3376 ex
3258 3321 3351 3376 his
3385 3322 3720 3392 generalem

2074 3407 2226 3478 apud
2263 3407 2494 3462 Latinos
2525 3424 2862 3478 azymorum
2897 3425 3070 3464 usum
3115 3413 3249 3464 ante
3280 3408 3538 3464 schisma
3567 3409 3719 3465 Pho-

2072 3494 2297 3550 tianum
2329 3496 2559 3568 probari
2591 3497 2960 3565 concedatur,
2995 3497 3230 3553 concedi
3273 3497 3447 3552 etiam
3481 3513 3723 3555 necesse

2073 3585 2444 3639 esteumdem
2470 3601 2642 3640 usum
2666 3587 2792 3640 tum
2813 3585 3100 3640 creditum
3119 3584 3302 3640 fuisse
3320 3583 3720 3641 necessarium

2073 3673 2144 3728 ab
2177 3673 2455 3745 apostolis
2485 3673 2892 3746 apostolicisve
2920 3673 3060 3730 viris
3091 3674 3456 3746 profectum;
3491 3691 3556 3729 ac
3588 3691 3719 3746 pro-

2070 3763 2205 3819 inde
2237 3768 2532 3835 receptum
2565 3765 2698 3818 ante
2729 3779 2962 3818 omnem
2995 3761 3303 3819 hominum
3322 3760 3482 3818 illius
3497 3766 3716 3836 tempo-

2069 3852 2150 3908 ris
2180 3852 2548 3907 memoriam.
2593 3852 2801 3907 Prater
2850 3868 2918 3908 ea
2969 3851 3017 3907 si
3065 3851 3270 3907 eadem
3328 3851 3438 3906 fuit
3476 3851 3713 3907 Patrum

2067 3941 2475 3996 Toletanorum
2503 3941 2806 4013 persuasio
2848 3940 3059 3997 saculo
3109 3939 3360 4012 septimo
3389 3939 3713 4008 desinente,

2068 4032 2370 4087 fatendum
2401 4035 2490 4086 est
2520 4047 2742 4086 morem
2782 4031 2940 4088 hunc
2974 4034 3075 4086 aut
3101 4030 3174 4084 ab
3205 4029 3368 4101 ipsis,
3401 4032 3503 4084 aut
3528 4046 3709 4102 prope

2066 4120 2136 4176 ab
2153 4119 2575 4192 ipsisapostolo
2586 4137 2714 4174 rum
2731 4119 3090 4191 temporibus
3121 4119 3192 4172 ad
3207 4133 3274 4171 ea
3286 4122 3550 4187 tempora
3571 4134 3708 4188 pro-

2065 4209 2476 4280 manasse,nisi
2500 4208 2639 4263 talia
2665 4208 3033 4280 proferantur
3057 4206 3114 4260 in
3137 4204 3495 4259 contrarium
3528 4221 3704 4276 argu-

2064 4301 2260 4352 menta
2290 4315 2416 4369 qua
2466 4297 2733 4352 fermenti
2780 4311 2953 4350 usum
3001 4292 3314 4363 aliquando
3358 4291 3417 4347 in
3447 4291 3708 4350 Ecclesia

2063 4385 2268 4441 Latina
2296 4385 2551 4458 viguisse
2581 4383 2886 4440 manifeste
2916 4399 2981 4437 ac
3004 4379 3328 4437 necessarie
3369 4381 3703 4438 conﬁciant.

2709 4523 2939 4578 CAPUT
2979 4523 3046 4578 X.

2144 4615 2536 4706 Expendit-mur
2564 4634 2888 4756 argumzziq
2913 4645 3012 4702 pro
3040 4645 3143 4686 usu
3171 4631 3436 4702 [armenti
3463 4632 3611 4704 apud

2859 4717 2995 4756 mos.

2859 4717 2976 4757 ιηοδ
2983 4744 2995 4756 .

2125 4829 2386 4884 Primum
2419 4844 2486 4882 ex
2515 4842 2579 4882 eo
2613 4825 2870 4882 sumitur
2901 4827 3056 4900 quod
3091 4826 3461 4884 Eucharistia
3489 4827 3700 4899 primis

2052 4921 2226 4990 atque
2256 4917 2428 4972 etiam
2447 4916 2942 4987 subsequentibus
2963 4915 3230 4972 Ecclesia
3253 4915 3481 4972 saeculis
3504 4933 3573 4972 ex
3593 4934 3702 4990 po-

2051 5007 2173 5080 puli
2206 5005 2600 5062 oblationibus
2623 5005 3078 5062 consecrabatur
3098 5006 3252 5078 apud
3284 5005 3699 5064 Latinos.Nam

2049 5097 2269 5150 certum
2298 5091 2479 5148 videri
2504 5091 2788 5165 populum
2817 5110 2931 5149 non
2956 5109 3186 5166 azymos
3209 5093 3519 5165 panes,sed
3543 5110 3700 5151 com-

2050 5199 2258 5239 munes
2290 5185 2346 5238 et
2375 5181 2709 5250 usitatos,id
2742 5186 2832 5238 est
2863 5183 3147 5239 fermento
3180 5182 3252 5238 de
3281 5197 3442 5239 more
3471 5185 3694 5256 tempe-

2047 5277 2226 5342 ratos,
2255 5271 2561 5328 obtulisse.

2116 5362 2203 5417 Ad
2237 5361 2377 5434 quid
2407 5363 2563 5417 vetat
2591 5359 2816 5429 ﬁdeles,
2847 5377 2916 5416 ex
2963 5359 3298 5432 prascripto
3341 5357 3607 5416 Ecclesia
3637 5364 3694 5416 et

2047 5449 2467 5508 consuetudine
2481 5449 3073 5517 docente,confecisse
3094 5455 3267 5522 atque
3285 5448 3570 5506 obtulisse
3591 5465 3690 5521 pa-

2047 5559 2150 5600 nes
2181 5538 2666 5598 infermentatos?
2705 5543 2852 5595 Sane
2900 5539 2958 5594 id
3003 5539 3222 5596 factum
3270 5536 3690 5612 posterioribus

2047 5631 2296 5701 saeculis,
2312 5630 2528 5704 quibus
2546 5645 2882 5703 azymorum
2911 5645 3058 5689 usus
3087 5632 3241 5688 certo
3270 5628 3518 5699 vigebat,
3551 5645 3689 5701 pro-
