3970 6218
123 329 298 399 1269

1113 327 1572 398 MABILLONII
1615 325 2093 406 DISQUISITIO
2139 329 2239 396 DE
2283 329 2580 399 AZYMO.

3389 327 3550 397 1270

119 463 243 524 bat
271 462 608 538 exemplum
635 457 794 520 illius
840 461 1067 520 femina
1123 463 1450 536 Anglicana
1511 463 1782 536 superius
1809 463 1858 531 Α
1894 464 2050 521 tibus
2082 483 2147 522 ac
2170 467 2363 524 studio
2384 469 2742 540 praeparatus
2761 481 2889 525 esse
2910 465 3176 535 debebat,
3211 463 3350 524 hinc
3378 465 3550 526 facile

121 559 500 620 memorata,
534 570 660 627 qua
689 552 749 610 in
781 551 1058 609 oblatorio
1090 567 1190 608 seu
1216 553 1560 608 ferramento
1592 553 1790 608 chara-

124 648 362 702 cterato
386 658 634 715 coquere
655 641 840 697 voluit
859 640 1083 697 oblatas
1100 641 1560 705 infermentatas,
1592 664 1618 688 ‹‹
1645 657 1791 711 quas

125 733 411 789 ablatura
441 730 686 787 Domino
717 730 777 785 in
817 730 1139 785 crastinum
1180 734 1321 784 erat.
1358 752 1385 778 ››
1419 729 1483 784 Et
1534 729 1788 784 Armori-

127 839 298 878 cana
316 820 595 876 mulieres
617 818 1132 875 communicatura
1145 817 1428 873 hactenus
1450 834 1614 872 suam
1641 835 1792 889 qua-

130 926 255 982 que
273 908 528 964 oblatam
547 923 809 978 azymam
833 907 1083 960 offerunt
1104 908 1247 960 teste
1269 904 1600 958 Sirmundo.
1626 904 1785 966 Quod

131 997 392 1070 singulis
415 995 621 1051 diebus
646 994 963 1048 actitabant
985 992 1391 1048 Cluniacenses
1410 1008 1478 1046 ex
1498 991 1785 1060 Udalrico,

130 1085 246 1142 lib.
282 1103 343 1152 II,
377 1101 503 1156 cap.
529 1083 616 1138 30.
652 1081 916 1136 Priscum
960 1080 1124 1135 illum
1158 1079 1433 1134 offerendi
1475 1096 1694 1134 morem
1727 1079 1787 1133 in

133 1173 506 1230 solemnibus
537 1171 718 1226 sacris
749 1170 921 1224 hodie
951 1184 1182 1240 quoque
1202 1171 1577 1238 repraesentat
1604 1169 1790 1236 major

133 1261 397 1318 Ecclesia
425 1257 898 1323 Mediolanensis,
924 1274 1049 1328 qua
1073 1257 1216 1311 ritus
1240 1255 1562 1328 peculiares
1593 1255 1786 1310 hacte-

136 1367 257 1405 nus
288 1349 498 1405 retinet
529 1365 644 1402 non
676 1347 872 1402 minus
903 1345 1248 1416 antiquitate
1283 1361 1458 1415 quam
1519 1343 1791 1415 religiosa

136 1453 360 1510 pompa
383 1437 664 1508 insignes.
687 1437 748 1491 In
771 1451 837 1489 ea
854 1434 1145 1506 siquidem
1166 1433 1272 1488 viri
1297 1433 1654 1504 totidemque
1673 1449 1790 1487 ma-

136 1529 324 1582 trona
356 1529 633 1599 provecta
665 1523 848 1579 atatis
871 1522 1179 1594 (Veglones
1197 1527 1253 1577 et
1283 1521 1655 1594 Veglonissas
1689 1538 1787 1593 ap-

140 1613 389 1686 pellant)
406 1615 477 1668 ab
507 1612 941 1684 archiepiscopo
975 1611 1250 1678 instituti,
1285 1610 1554 1666 sacrificii
1606 1614 1786 1665 mate-

141 1703 298 1758 riam
329 1703 530 1758 oli‘erre
560 1701 742 1757 solent
773 1699 882 1755 hoc
914 1699 1103 1754 modo.
1155 1698 1477 1754 Oblationis
1527 1703 1789 1771 tempore

140 1790 402 1846 instante
416 1786 1029 1862 proceduntVeglones
1043 1788 1076 1842 d
1087 1805 1157 1843 uo
1171 1787 1300 1843 aliis
1315 1787 1784 1856 succedentibus,
1817 1829 1864 1894 B

141 1879 386 1950 antiquo
418 1893 577 1934 more
608 1875 817 1941 induti,
851 1876 1176 1931 deferentes
1205 1875 1430 1931 hostias
1460 1879 1576 1930 tres
1606 1881 1662 1931 et
1691 1891 1787 1930 va-

143 1967 372 2022 sculum
394 1965 542 2033 vini;
567 1982 694 2037 qua
712 1963 956 2020 chorum
979 1964 1224 2036 ingressi
1247 1965 1551 2032 sacerdoti,
1573 1967 1787 2036 myste-

142 2054 231 2110 ria
259 2053 595 2121 celebranti,
628 2053 897 2108 offerunt.
924 2053 1082 2108 Idem
1107 2057 1384 2125 prastant
1434 2051 1788 2124 Veglonissa

143 2142 283 2198 item
314 2143 438 2197 dua
472 2159 606 2197 cum
635 2141 811 2196 veteri
845 2145 1248 2196 matronarum
1298 2145 1600 2212 apparatu,
1659 2140 1789 2195 aliis

142 2230 578 2295 comitantibus,
611 2233 771 2284 extra
803 2228 962 2284 chori
1017 2227 1303 2284 cancellos
1363 2227 1786 2296 consistentes;

144 2319 243 2373 ubi
275 2319 542 2374 eamdem
584 2317 938 2374 oblationem
998 2318 1071 2372 ab
1131 2317 1214 2372 eis
1258 2317 1465 2388 accipit
1521 2317 1792 2372 sacerdos

140 2407 388 2463 missam
417 2406 737 2474 celebrans,
763 2410 864 2461 aut
893 2410 1046 2461 certe
1067 2405 1551 2478 archipresbyter,
1577 2405 1624 2460 si
1649 2419 1791 2476 pon-

139 2496 282 2552 tifex
313 2497 494 2552 sacris
535 2499 828 2567 operetur.
885 2495 954 2550 Hi
1011 2494 1208 2549 decem
1265 2493 1371 2548 viri
1431 2494 1793 2564 totidemque

140 2589 422 2640 matrona
435 2588 616 2639 totam
633 2584 924 2638 civitatem
940 2585 1379 2655 reprasentant,
1394 2586 1450 2638 et
1467 2583 1794 2653 funguntur

139 2673 334 2729 officio
365 2674 519 2746 quod
551 2672 689 2728 olim
719 2673 824 2727 toti
848 2671 1060 2744 populo
1083 2671 1476 2737 incumbebat,
1498 2674 1562 2724 ut
1580 2670 1795 2742 legitur

137 2761 200 2818 in
227 2759 1044 2826 CaremonialiAmbrosiano,
1065 2760 1220 2831 quod
1252 2759 1590 2814 Fredericus
1612 2758 1794 2814 cardi-

137 2848 294 2906 nalis
317 2850 677 2904 Borromaus
699 2847 1125 2903 etMediolanen
1136 2849 1217 2902 sis
1234 2847 1704 2919 archiepiscopus
1727 2863 1794 2901 ex

139 2937 403 3009 antiquis
432 2937 559 3007 ejus
583 2936 850 2992 Ecclesia
879 2936 1092 2991 ritibus
1124 2935 1394 2992 adornari
1428 2936 1669 2990 curavit.
1702 2936 1795 2989 At-

139 3025 242 3098 qui
267 3025 558 3097 ejusmodi
589 3024 814 3091 hostia,
851 3041 998 3096 quas
1025 3039 1091 3079 ex
1121 3027 1348 3079 vetusto
1380 3023 1492 3078 ritu
1543 3025 1794 3078 offerunt

141 3114 628 3181 Mediolanenses,
654 3113 920 3168 fermenti
945 3116 1206 3184 expertes
1229 3116 1385 3166 sunt.
1419 3111 1629 3177 Quidni
1656 3127 1790 3184 ergo

1900 555 2230 626 contingere
2259 556 2447 628 potuit
2479 560 2542 611 ut
2571 555 2781 612 divites
2815 556 3043 612 incuria
3073 555 3320 628 parandi
3383 555 3548 626 ejus-

1900 643 2055 697 modi
2087 645 2254 714 panis
2274 661 2387 700 non
2409 644 2690 700 haberent
2711 643 3027 716 aliquando
3051 661 3224 714 quem
3250 643 3542 712 offerrent,

1898 733 2510 803 communicarentque
2534 747 2600 786 ex
2623 747 2769 803 pane
2792 748 2966 802 quem
2991 747 3276 803 pauperes
3297 731 3547 787 obtulis-

1901 824 2047 874 sent.
2084 821 2296 875 Eadem
2332 820 2451 874 hac
2475 819 2774 891 responsio
2801 819 2950 874 valet
2973 820 3042 873 ad
3069 819 3258 874 locum
3292 819 3546 874 auctoris
3581 851 3584 854 ~

1901 906 2123 974 incerti,
2160 905 2226 963 ex
2258 925 2524 963 sermone
2555 907 2652 978 qui
2683 908 2790 962 215
2823 911 3163 962 numeratur
3186 907 3331 963 inter
3350 910 3547 980 Augu-

1898 994 2184 1063 stitianos,
2210 996 2308 1050 ubi
2342 997 2459 1051 ait:
2496 1018 2522 1044 «
2558 995 2896 1051 Oblationes
2930 1013 3056 1067 qua
3090 995 3148 1050 in
3183 995 3387 1052 altario
3409 1013 3546 1051 con-

1898 1089 2262 1138 secrarentur
2295 1084 2512 1139 offerte.
2549 1084 2904 1138 Erubescere
2961 1084 3132 1140 debet
3187 1085 3361 1140 homo
3417 1085 3548 1140 ido—

1898 1187 2062 1238 neus,
2097 1171 2144 1224 si
2177 1173 2248 1226 de
2278 1171 2464 1226 aliena
2494 1171 2784 1226 oblatione
2814 1173 3348 1229 communicaverit.
3374 1194 3402 1223 »

1970 1261 2329 1330 Quapropter
2354 1259 2781 1314 observandum
2817 1264 2906 1314 est
2933 1260 3190 1332 integras
3217 1262 3545 1317 hostiarum

1901 1345 2203 1411 formulas,
2237 1335 2440 1416 quales
2469 1345 2688 1401 scilicet
2714 1346 2774 1400 in
2807 1347 2954 1401 ferro
2985 1347 3382 1403 characterato
3442 1366 3544 1421 pro

1900 1433 2160 1504 quinque
2190 1447 2358 1488 sexve
2391 1433 2597 1488 hostiis
2629 1433 3138 1505 imprimebantur,
3173 1452 3286 1490 non
3327 1453 3455 1491 raro
3512 1455 3546 1493 a

1899 1521 2150 1593 singulis
2185 1521 2444 1577 fidelium
2467 1521 2690 1577 oblatas
2721 1521 2940 1591 fuisse;
2971 1539 3098 1594 qua
3131 1539 3245 1577 non
3305 1523 3546 1594 singula

1899 1627 2001 1682 pro
2034 1610 2282 1682 singulis
2313 1610 2960 1677 communicandorum,
2995 1611 3095 1666 sed
3143 1627 3246 1681 pro
3305 1627 3548 1668 numero

1897 1715 2098 1754 eorum
2133 1699 2368 1772 integra
2390 1699 2564 1755 etiam
2588 1715 3011 1770 nonnunquam
3038 1700 3548 1755 consecrabantur.

1900 1787 1958 1842 Id
1991 1786 2259 1859 colligere
2288 1786 2435 1842 mihi
2467 1786 2665 1843 videor
2695 1791 2822 1842 tum
2866 1805 2934 1842 ex
2993 1787 3209 1843 Ordine
3267 1789 3548 1856 Romano,

1898 1879 2023 1931 tum
2055 1891 2122 1929 ex
2149 1875 2469 1930 Humberto
2489 1875 2792 1944 cardiaali,
2822 1880 2947 1931 tum
2972 1891 3040 1931 ex
3066 1892 3227 1932 more
3252 1877 3464 1933 usitato
3490 1877 3549 1932 in

1899 1964 2329 2020 consecratione
2362 1964 2796 2035 episcoporum,
2831 1966 3200 2020 sacerdotum
3249 1983 3316 2020 ac
3374 1965 3547 2037 virgi-

1901 2067 2062 2108 num.
2099 2053 2160 2107 In
2191 2052 2404 2108 Ordine
2435 2053 2651 2124 quippe
2682 2057 2941 2108 Romano
2973 2052 3308 2124 pracipitur
3346 2057 3409 2108 ut
3455 2071 3547 2108 ar-

1900 2140 2279 2195 chidiaconus
2311 2140 2600 2211 accipiens
2632 2139 2876 2206 oblatas,
2907 2157 3053 2212 quas
3084 2140 3304 2196 scilicet
3343 2141 3544 2196 fideles

1901 2228 2253 2296 obtulerant,
2278 2251 2305 2277 ‹‹
2330 2234 2522 2284 tantas
2546 2246 2720 2300 super
2742 2228 2921 2284 altare
2953 2235 3130 2300 ponat
3161 2233 3390 2300 quanta
3413 2247 3545 2303 pos-

1903 2322 2041 2374 sunt
2074 2317 2287 2390 populo
2319 2317 2605 2372 sufficere.
2644 2340 2670 2365 »
2701 2319 2852 2372 Tum
2889 2318 3037 2373 facta
3094 2318 3545 2385 consecratione,

1902 2406 2001 2462 ubi
2034 2410 2268 2477 tempus
2299 2404 2731 2460 communionis
2763 2404 2964 2470 instat,
2998 2427 3025 2453 ‹‹
3061 2404 3310 2476 acolythi
3341 2410 3550 2478 parant

1903 2494 2068 2550 sinus
2083 2493 2449 2549 sacculorum
2477 2491 2884 2548 archidiacono
2903 2493 2976 2548 ad
2998 2493 3296 2563 ponendas
3314 2493 3552 2549 oblatio-

1903 2599 2007 2639 nes
2035 2605 2062 2632 »
2087 2599 2233 2655 quas
2255 2582 2462 2638 deinde
2495 2581 2834 2654 «frangant,
2865 2602 2891 2628 η
2912 2584 2976 2636 ut
2997 2598 3105 2636 sua
3132 2581 3340 2653 cuique
3359 2582 3550 2654 portio

1902 2689 1969 2728 ex
1985 2671 2227 2744 integris
2252 2671 2577 2726 hostiarum
2595 2670 2862 2726 formulis
2877 2670 3182 2725 habeatur.
3209 2671 3341 2726 Ideo
3355 2674 3549 2727 autem

1903 2762 1962 2816 in
1995 2760 2245 2816 sacculis
2267 2761 2635 2832 franguntur,
2652 2775 2724 2814 ne
2755 2759 2917 2814 mica
2951 2775 3053 2814 seu
3085 2758 3379 2830 particula
3400 2759 3552 2815 inter

1904 2849 2291 2921 frangendum
2312 2848 2369 2904 in
2386 2853 2599 2904 terram
2617 2848 2786 2903 autin
2802 2847 2995 2903 locum
3030 2847 3229 2902 minus
3253 2848 3553 2903 decentem

1903 2939 2251 2994 deciderent.
2278 2938 2538 3010 Idipsum
2566 2940 2762 3009 aperte
2795 2936 3049 2992 declarat
3075 2936 3434 2991 Humbertus
3493 2937 3552 2992 in

1904 3027 2301 3099 Responsione
2323 3027 2392 3082 ad
2419 3024 2760 3082 Michaelem
2788 3043 2799 3080 :
2840 3048 2860 3073 α
2896 3026 3146 3092 Tenues,
3171 3023 3554 3096 inquit,ob1a—

1903 3119 1997 3173 tas
2027 3133 2095 3172 ex
2121 3115 2334 3182 simila,
2355 3116 2618 3188 integras
2639 3119 2695 3169 et
2722 3131 2918 3186 sanas,
2937 3114 3118 3171 sacris
3144 3113 3426 3170 altaribus
3447 3131 3554 3170 nos

135 3207 260 3260 tam
314 3202 482 3259 facile
507 3205 959 3275 promptumque
997 3201 1109 3256 fuit
1166 3201 1423 3272 antiquis
1452 3199 1800 3257 Christianis
1832 3192 1873 3257 C
1913 3221 2144 3276 quoque
2170 3204 2641 3276 superponimus,
2665 3207 2722 3258 et
2744 3202 2886 3274 ipsis
2908 3208 3040 3275 post
3058 3203 3555 3264 consecrationem

139 3294 346 3349 offerre
367 3309 546 3365 panes
573 3308 825 3365 azymos,
841 3307 988 3364 quos
1009 3290 1095 3346 vel
1125 3291 1231 3362 ipsi
1261 3298 1581 3362 parassent,
1604 3289 1690 3345 vel
1714 3292 1785 3344 ab

140 3381 270 3438 aliis
304 3383 536 3453 paratos
568 3380 972 3453 accepissent?
1004 3380 1169 3435 Certe
1201 3379 1368 3450 longe
1412 3382 1545 3434 ante
1593 3378 1785 3433 conci-

141 3470 289 3526 lium
322 3486 417 3524 xv1
450 3469 797 3525 Toletanum
822 3468 992 3540 panis
1013 3467 1284 3522 sacriﬁcii
1307 3489 1333 3516 «
1357 3466 1548 3522 studio
1573 3482 1789 3538 prapa—

141 3562 305 3615 ratus
339 3580 368 3608 »
397 3573 528 3613 esse
557 3557 823 3626 debebat,
856 3557 914 3611 id
947 3561 1035 3612 est
1055 3556 1167 3628 piis
1201 3555 1555 3627 quibusdam
1577 3553 1787 3608 ritibus

139 3653 194 3704 et
221 3643 610 3704 caremoniis.
642 3643 853 3707 Quidni
883 3660 1017 3716 ergo
1040 3660 1278 3717 azymus
1304 3642 1509 3698 conﬁci
1541 3645 1782 3713 poterat,

139 3739 187 3794 si
214 3738 276 3794 id
311 3734 486 3791 modo
517 3732 793 3805 poscebat
821 3747 948 3787 mos
977 3737 1033 3788 et
1081 3733 1438 3789 consuetudo
1494 3729 1783 3797 Ecclesia,

139 3843 276 3884 cum
303 3824 609 3879 videamus
643 3821 699 3876 id
731 3823 932 3876 nostra
960 3825 1124 3877 atate
1155 3825 1306 3877 recte
1336 3819 1461 3876 fieri
1492 3819 1564 3874 ab
1595 3819 1787 3890 operis

139 3913 328 3988 pretio
362 3909 668 3967 conductis
688 3909 717 3963 ‘I
920 3970 924 3974 ,

209 4004 327 4058 Nec
358 4001 551 4056 obstat
581 3998 734 4070 quod
765 3997 1084 4070 Cyprianus
1113 3997 1172 4052 in
1203 3997 1350 4052 libro
1381 3997 1460 4052 De
1505 4011 1675 4068 opere
1733 3999 1790 4050 et

138 4089 529 4161 eleemosynis
568 4086 806 4142 divitem
865 4085 1164 4156 feminam,
1223 4102 1350 4156 qua
1411 4085 1783 4151 sacrificium,

137 4180 196 4236 id
228 4181 319 4234 est
347 4176 603 4233 hostiam
636 4192 752 4232 non
785 4174 1094 4239 obtulerat,
1128 4173 1379 4245 graviter
1406 4173 1667 4245 increpat
1696 4173 1788 4230 his

139 4267 368 4322 verbis:
402 4287 430 4314 «
465 4263 744 4336 Locuples
767 4267 823 4319 et
851 4262 1011 4317 dives
1033 4278 1114 4330 es,
1149 4265 1205 4316 et
1235 4261 1604 4316 Dominicum
1647 4263 1792 4318 cele-

140 4355 312 4410 brare
340 4357 396 4409 te
427 4352 635 4421 credis,
671 4369 796 4425 qua
829 4351 889 4407 in
920 4350 1288 4407 Dominicum
1321 4350 1445 4405 sine
1503 4351 1788 4407 sacriﬁcio

139 4441 301 4499 venis
317 4460 330 4509 ;
346 4457 472 4512 qua
486 4444 711 4513 partem
743 4441 815 4496 de
851 4439 1135 4495 sacrificio
1159 4439 1312 4509 quod
1334 4455 1555 4510 pauper
1579 4440 1790 4495 obtulit

141 4530 380 4587 sumis?
416 4552 436 4579 ι
470 4529 611 4595 Hoc,
644 4529 910 4601 inquam,
941 4527 1087 4583 nihil
1119 4528 1348 4595 obstat;
1381 4533 1483 4583 aut
1507 4529 1660 4584 enim
1719 4529 1788 4584 de

113 4618 438 4675 ‘oblatione
468 4633 598 4689 quae
629 4617 803 4672 ﬁebat
833 4617 903 4670 ad
937 4614 1264 4671 convivium
1296 4615 1633 4671 institutum
1658 4620 1789 4688 post

143 4706 521 4763 Eucharistia
535 4704 962 4778 perceptionem
983 4703 1428 4775 intelligendum
1450 4707 1539 4758 est
1549 4708 1788 4776 (agapas

145 4794 487 4869 appellant),
520 4798 620 4849 aut
650 4793 698 4850 si
731 4794 800 4849 de
830 4809 978 4865 pane
1020 4792 1426 4860 eucharistico,
1485 4793 1542 4847 id
1603 4793 1789 4865 magis

145 4900 252 4956 pro
285 4898 432 4956 pane
462 4883 723 4938 studiose
752 4882 1010 4936 confecto
1041 4897 1142 4938 seu
1174 4897 1373 4952 azymo
1395 4881 1564 4951 juvat
1611 4898 1787 4952 quam

147 4989 254 5045 pro
282 4971 577 5027 communi
610 4988 676 5026 ac
707 4970 1071 5026 fermentata.
1104 4969 1250 5024 Nam
1272 4971 1319 5024 si
1342 4969 1510 5041 panis
1528 4987 1790 5026 commu-

147 5061 243 5117 nis
273 5065 330 5116 et
357 5061 610 5116 usitatus
631 5059 692 5115 in
715 5076 836 5115 rem
861 5075 1086 5114 sacram
1121 5058 1422 5114 adhibitus
1453 5059 1677 5125 fuisset,
1700 5060 1793 5114 vix

148 5149 376 5222 concipi
407 5153 600 5221 potest
629 5148 1083 5204 commissurum
1119 5146 1298 5202 fuisse
1341 5164 1696 5219 quemquam
1729 5153 1794 5203 ut

149 5241 222 5295 ad
252 5253 518 5294 mensam
547 5238 780 5294 Domini
810 5237 858 5293 si
913 5253 984 5292 ne
1015 5235 1306 5291 oblatione
1338 5253 1445 5290 sua
1475 5237 1789 5293 accederet.

151 5327 344 5385 Facile
375 5326 588 5399 quippe
617 5330 674 5381 et
702 5325 936 5381 obvium
975 5328 1118 5390 erat,
1152 5327 1252 5379 aut
1291 5339 1498 5395 panem
1531 5342 1794 5381 commu-

153 5432 286 5473 nem
314 5417 632 5487 integrum,
652 5415 752 5486 qui
774 5429 1075 5484 nunquam
1097 5413 1156 5467 in
1179 5413 1402 5468 adibus
1429 5413 1674 5471 divitum
1697 5417 1793 5471 de-

152 5508 262 5574 est,
296 5521 371 5560 au
403 5507 554 5558 certe
585 5504 866 5558 frustrum
889 5518 958 5558 ex
978 5517 1043 5557 eo
1066 5501 1324 5573 accipere
1340 5501 1399 5555 in
1419 5502 1791 5573 oblationem,

152 5598 228 5651 At
248 5593 389 5666 quia
409 5593 578 5664 panis
593 5591 1018 5648 eucharisticus
1040 5588 1329 5662 religiosis
1351 5592 1702 5662 quibusdam
1727 5595 1794 5649 ri-

1897 3293 2093 3348 fractis
2126 3309 2258 3347 cum
2291 3292 2504 3364 populo
2537 3292 3063 3349 communicamur.
3103 3317 3124 3344 υ
3175 3293 3435 3365 Denique
3491 3294 3551 3349 in

1894 3381 2326 3437 consecratione
2358 3381 2788 3452 episcoporum,
2822 3382 3218 3450 sacerdotum,
3265 3398 3331 3436 ac
3370 3381 3551 3454 virgi-

1895 3485 2060 3534 num,
2094 3486 2212 3524 una
2235 3468 2435 3524 oblata
2468 3467 2722 3524 formula
2753 3474 3088 3523 consecrato
3113 3467 3170 3522 in
3205 3468 3401 3539 plures
3423 3469 3548 3524 dies

1896 3558 2278 3628 prabebatur,
2313 3572 2520 3628 nempe
2551 3556 2820 3627 episcopo
2853 3560 2910 3610 et
2957 3556 3242 3612 sacerdoti
3302 3557 3360 3609 in
3422 3555 3547 3612 dies

1897 3645 2304 3717 quadraginta,
2338 3648 2402 3698 ut
2432 3645 2502 3700 de
2533 3643 2825 3715 episcopis
2855 3647 3082 3698 constat
3107 3657 3175 3697 ex
3198 3643 3410 3698 Ordine
3435 3643 3547 3699 Ro-

1899 3750 2091 3800 mano,
2126 3737 2182 3788 et
2204 3733 2273 3787 de
2295 3731 2648 3804 presbyteris
2666 3748 2734 3786 ex
2755 3731 3004 3804 epistola
3019 3732 3278 3788 secunda
3297 3731 3549 3788 Fulberti

1895 3821 2273 3880 Carnutensis
2304 3820 2560 3892 episcopi
2592 3820 2662 3875 ad
2680 3819 3024 3888 Einardum,
3051 3823 3152 3876 aut
3174 3824 3324 3877 certe
3354 3837 3550 3877 sacer-

1897 3911 2016 3967 doti
2048 3911 2104 3964 in
2130 3909 2254 3964 dies
2276 3913 2430 3979 octo,
2450 3925 2518 3965 ex
2539 3907 2754 3964 Ordine
2786 3913 3071 3979 Romano,
3102 3909 3424 3980 itidemque
3441 3909 3553 3964 vir-

1897 3999 2017 4073 gini
2048 4015 2250 4055 recens
2281 4002 2648 4063 consecrata,
2679 4002 2745 4053 ut
2773 3998 2833 4053 in
2865 4015 2975 4053 ms.
3010 3995 3554 4054 Pontiﬁcalibiblio-

1897 4090 2077 4144 theca
2101 4091 2310 4144 nostra
2330 4086 2683 4159 Remigiana
2708 4087 2860 4158 apud
2879 4086 3090 4142 Remos
3114 4085 3325 4158 legitur
3346 4085 3406 4141 in
3429 4085 3552 4141 hac
3589 4155 3592 4164 ί

1894 4179 2105 4234 verba:
2134 4200 2158 4225 ‹‹
2182 4176 2475 4248 Virginem
2499 4175 2770 4247 episcopo
2795 4179 3064 4248 parentes
3095 4191 3226 4229 cum
3259 4173 3554 4235 oblatione
3584 4179 3594 4185 ’

1896 4267 2161 4333 offerant,
2197 4268 2252 4320 et
2281 4263 2377 4319 ille
2408 4262 2729 4318 involutam
2761 4279 3002 4318 manum
3036 4263 3164 4336 ejus
3195 4263 3253 4317 in
3282 4262 3440 4336 palla
3468 4261 3552 4318 a1-

1893 4355 2039 4410 taris
2059 4352 2411 4425 recipiat.....
2432 4353 2744 4423 Postquam
2763 4351 3342 4416 communicaverint,
3365 4368 3552 4408 reser-

1894 4451 2023 4499 vent
2051 4444 2121 4497 de
2151 4443 2281 4513 ipsa
2311 4440 2728 4496 communione
2761 4439 2821 4496 in
2848 4441 3003 4499 diem
3026 4444 3315 4512 octavum,
3335 4443 3391 4496 et
3410 4445 3552 4496 tunc

1816 4554 1862 4618 Β
1896 4531 2352 4587 communicent.
2391 4552 2418 4579 ››
2452 4531 2790 4602 Legendum
2823 4530 3018 4586 forsan
3049 4553 3076 4581 ‹‹
3108 4530 3168 4585 in
3199 4529 3323 4586 dies
3354 4533 3549 4584 octo.»

1895 4621 2040 4676 Nam
2074 4617 2398 4691 presbyteri
2434 4618 2697 4690 quotidie
2737 4617 3087 4675 decidebant
3136 4634 3204 4673 ex
3262 4621 3554 4673 reservata

1898 4708 2187 4764 oblatione
2221 4705 2568 4778 particulam
2601 4723 2672 4763 ex
2703 4724 2819 4779 qua
2850 4706 3384 4773 communicabant,
3405 4707 3552 4760 teste

1899 4795 2164 4852 Fulberto
2185 4795 2245 4849 in
2269 4793 2653 4866 epistolajam
2678 4799 3160 4867 memorata,qua
3180 4794 3238 4849 in
3262 4809 3372 4849 ms.
3397 4792 3554 4848 codi-

1899 4885 2066 4940 cibus
2095 4883 2368 4949 Einardo,
2397 4883 2673 4939 mendose
2704 4884 2762 4939 in
2807 4883 2979 4939 editis
3032 4883 3280 4939 Finardo
3338 4880 3549 4936 inscri-

1901 4971 2073 5027 bitur.

1971 5060 2118 5127 Quid
2151 5075 2306 5131 ergo,
2342 5059 2562 5130 inquis,
2597 5059 2768 5115 fiebat
2801 5076 2868 5115 ex
2901 5059 3031 5114 aliis
3054 5056 3266 5113 oblatis
3289 5071 3416 5128 qua
3435 5073 3550 5113 non

1901 5149 2412 5215 consecrabantur,
2446 5147 3021 5220 siquidemisingulas
3053 5145 3332 5201 formulas
3357 5146 3553 5201 offere-

1901 5239 2062 5306 bant,
2096 5254 2345 5309 quarum
2381 5253 2496 5291 una
2526 5236 2792 5308 pluribus
2815 5234 3190 5292 sufﬁciebat?
3223 5233 3556 5306 Respondet

1904 5335 2103 5383 auctor
2134 5326 2268 5381 libri
2299 5326 2370 5381 de
2399 5325 2612 5380 Ordine
2637 5325 2898 5380 Romano
2932 5348 2958 5374 «
2995 5325 3340 5396 apportante
3362 5323 3550 5380 archi-

1905 5417 2148 5472 diacono
2174 5413 2399 5470 oblatas
2429 5414 2487 5468 in
2511 5419 2722 5486 patena
2751 5432 2784 5469 a
2815 5413 2976 5469 nullo
3016 5411 3372 5481 immolatae,
3403 5411 3550 5468 acci-

1906 5507 2027 5580 piat
2057 5521 2123 5560 ex
2146 5503 2262 5558 illis
2295 5502 2718 5575 quantumsibi
2751 5504 3020 5560 sufficere
3049 5501 3300 5570 videtur,
3329 5503 3386 5556 et
3406 5500 3551 5558 alias

1908 5594 2319 5652 archidiacono
2344 5594 2628 5660 restituat,
2649 5609 2796 5664 quas
2815 5593 2913 5650 ille
2942 5589 3171 5650 custodi
3199 5589 3454 5648 ecclesia
3477 5592 3549 5648 ad
