3970 6218
379 263 533 336 1271

1411 274 1810 344 ΑΡΡΕΝΒΙΧ
1853 277 1956 342 ΑΒ
2002 275 2268 344 ΟΡΕΒΑ
2308 281 2748 350 HUMBEBTI.

3624 282 3788 352 1273

371 408 804 479 'observandum
836 401 1169 466 committit.
1199 412 1400 467 Postea
1430 429 1563 467 vero
1595 413 1728 467 usui
1760 419 1943 478 erant,
1976 413 2028 502 si
2060 413 2118 481 Α
2146 414 2234 485 3ο,
2267 417 2366 471 ubi
2397 422 2560 474 notat
2591 419 2908 490 Ebionaos,
2940 421 3098 494 quod
3123 430 3181 482 δι’
3207 430 3426 498 ἀζύμων,
3456 425 3517 483 id
3555 432 3648 485 est
3673 444 3786 502 pa-

376 498 613 568 quando
630 497 858 551 nemine
875 499 1147 553 oﬁ‘crente
1160 500 1343 555 missa
1355 499 1700 555 celebranda
1711 504 1856 566 erat,
1872 501 2026 571 quod

374 586 626 639 maxime
658 585 834 639 ﬁebat
859 586 1062 640 diebus
1085 587 1345 658 privatis,
1372 593 1472 642 aut
1497 588 1556 642 in
1578 588 1836 660 eulogias
1862 589 2031 643 bene-

377 673 750 737 dicebantur;
775 674 928 743 quod
949 675 1209 744 quotidie
1227 677 1381 746 apud
1409 676 1726 732 monachos
1751 676 2030 731 actitaba-

374 777 489 832 tur.
517 763 678 815 Certe
693 777 806 816 non
830 762 1082 833 singulis
1098 765 1326 830 diebus,
1344 765 1445 819 sed
1470 765 1784 820 Dominicis
1803 769 2033 820 tantum

379 849 705 906 oblationes
727 869 760 906 a
782 852 919 907 viris
943 857 998 906 et
1019 852 1368 908 mulieribus
1390 852 1688 908 faciendas
1710 854 1885 925 exigit
1905 871 2036 910 con-

379 937 578 994 cilium
612 938 1037 995 Matisconense
1060 957 1188 1012 cap.
1215 941 1266 1005 4,
1293 941 1446 1011 quod
1469 957 1620 996 anno
1651 942 1758 997 585
1778 940 2030 998 celebra-

380 1031 507 1082 tum
533 1033 644 1082 est.
677 1028 938 1099 Denique
996 1045 1111 1083 non
1169 1029 1486 1084 oﬁ‘erebant
1541 1045 1766 1097 omnes,
1823 1029 2030 1086 saltem

379 1112 677 1168 Hincmari
711 1119 990 1185 tempore,
1027 1114 1126 1168 sed
1188 1117 1418 1170 tantum
1457 1114 1689 1170 familia
1741 1117 2029 1189 cujusque

383 1202 593 1274 capita,
628 1218 694 1258 ex
724 1202 1032 1258 Hincmaro
1065 1202 1235 1257 infra.

451 1320 718 1388 Oppones
753 1317 1051 1372 ministros
1083 1317 1370 1383 Ecclesia,
1401 1318 1628 1385 viduas,
1659 1335 1946 1390 pauperes
1973 1324 2028 1375 et

381 1422 614 1478 egenos,
647 1422 794 1476 quos
836 1405 1265 1461 matricularios
1299 1407 1603 1473 vocabant,
1665 1424 1734 1463 ex
1785 1408 2025 1480 reliquis

379 1494 743 1549 oblationum
767 1493 957 1561 alitos,
991 1511 1056 1549 ac
1080 1495 1319 1566 proinde
1342 1495 1630 1551 usitatum
1653 1512 1719 1551 ac
1742 1496 2024 1553 fermento

373 1585 766 1653 temperatum
799 1599 1007 1653 panem
1034 1583 1293 1638 oblatum
1329 1583 1525 1641 fuisse.

444 1707 529 1761 Ad
559 1705 667 1761 hoc
700 1722 916 1777 repono
948 1705 1239 1778 duplicem
1279 1707 1608 1780 antiquitus
1657 1708 1717 1765 in
1770 1707 2029 1765 Ecclesia

375 1795 585 1850 factam
619 1793 993 1860 oblationem,
1030 1812 1204 1849 unam
1238 1801 1370 1851 ante
1413 1797 1678 1862 missam,
1739 1800 1841 1854 aut
1896 1801 2028 1852 ante
2058 1771 2105 1837 B

371 1884 768 1955 Evangelium,
803 1884 1041 1938 alteram
1075 1889 1204 1956 post
1249 1883 1463 1940 lectum
1497 1886 1892 1960 Evangelium,
1957 1886 2027 1940 ad

374 1973 756 2038 oﬁ‘ertorium,
791 1976 854 2027 ut
874 1989 1170 2028 vocamus.
1199 1973 1259 2027 In
1288 1974 1478 2044 prima
1498 1974 2028 2033 oﬁerebantﬁdelcs

371 2077 606 2134 panem,
639 2061 860 2128 vinum,
895 2079 1109 2128 ceram,
1133 2066 1189 2115 et
1210 2060 1364 2117 aliud
1393 2065 1787 2136 quodcunque
1811 2065 1869 2120 in
1892 2083 2029 2138 sup-

371 2150 735 2222 plementum
769 2151 1162 2216 sacerdotum,
1195 2151 1525 2220 viduarum,
1587 2170 1910 2226 pauperum
1967 2159 2025 2211 et

372 2255 709 2312 egenorum,
744 2239 800 2292 in
837 2239 1018 2293 altera
1050 2256 1258 2311 panem
1293 2243 1348 2294 et
1376 2240 1575 2295 vinum
1609 2244 1678 2295 ad
1721 2259 2019 2298 consecra-

370 2329 612 2382 tionem.
648 2327 812 2381 Hunc
846 2326 1037 2380 locum
1079 2328 1306 2399 egregie
1364 2327 1619 2384 illustrat
1673 2330 2021 2387 Hincmarus

369 2415 676 2472 Remensis
710 2415 766 2468 in
800 2415 1137 2485 capitularis
1170 2415 1342 2486 primi
1384 2416 1626 2472 articulo
1657 2435 1785 2473 xvx:
1852 2443 1878 2468 ‹‹
1912 2422 2018 2486 Qui

375 2503 677 2559 candelam
711 2503 914 2556 offerre
946 2501 1211 2569 voluerit,
1245 2503 1363 2558 sive
1394 2505 1744 2576 specialiter,
1774 2507 1892 2562 sive
1921 2525 2018 2581 ge-

358 2590 669 2658 ‘neraliter,
705 2595 806 2644 aut
829 2593 960 2645 ante
978 2588 1246 2661 missam,
1270 2595 1369 2645 aut
1400 2592 1548 2647 inter
1570 2593 1831 2663 missam,
1857 2602 2016 2653 ante-

369 2697 543 2753 quam
576 2679 952 2750 Evangelium
988 2677 1238 2750 legatur,
1275 2681 1342 2734 ad
1396 2679 1576 2736 altare
1633 2683 1872 2738 deferat.
1930 2687 2014 2742 Ad

368 2768 718 2823 oblationem
755 2771 948 2822 autem
981 2785 1156 2822 unam
1192 2770 1600 2824 tantummodo
1657 2771 1911 2828 oblatam
1957 2779 2016 2830 et

365 2855 722 2912 ofl‘ertorium
756 2873 857 2928 pro
891 2871 951 2910 se
979 2856 1221 2928 suisque
1261 2857 1535 2914 omnibus
1579 2861 1909 2931 conjunctis
1958 2867 2016 2918 et

365 2943 755 3000 familiaribus
787 2945 1007 2999 oii‘crat.
1043 2945 1101 2999 Si
1134 2945 1264 3018 plus
1304 2946 1375 3002 de
1431 2948 1564 3004 vino
1623 2950 1891 3017 voluerit,
1952 2951 2011 3006 in

365 3032 628 3089 buticula
656 3033 744 3088 vel
775 3050 983 3105 canna,
1017 3038 1114 3090 aut
1146 3034 1341 3106 plures
1398 3036 1658 3107 oblatas;
1721 3043 1822 3094 aut
1881 3043 2013 3095 ante

366 3122 631 3187 missam,
665 3127 765 3178 aut
813 3127 946 3198 post
1003 3124 1244 3179 missam
1303 3126 1642 3198 presbytero
1697 3125 1785 3181 vel
1835 3128 2008 3183 mini-
2043 3138 2086 3206 α
2123 3111 2390 3214 “suum

366 3216 487 3272 stre
516 3211 674 3271 illius
705 3215 944 3282 tribuat,
1004 3214 1158 3268 unde
1205 3214 1458 3286 populus
1525 3215 1583 3269 in
1643 3215 2013 3290 eleemosyna

365 3309 424 3364 et
449 3305 854 3362 benedictione
886 3302 1046 3358 illius
1090 3302 1352 3374 eulogias
1410 3303 1675 3376 accipiat,
1735 3304 1821 3359 vel
1879 3322 2017 3377 pre-

366 3394 1051 3468 sbytersupplementum
1071 3390 1305 3463 aliquod
1325 3391 1553 3447 habeat.
1571 3414 1598 3440 »
1615 3395 1896 3448 Praeterea
1916 3411 2015 3466 pa-

366 3503 501 3542 nem
533 3499 900 3540 communem
936 3499 967 3536 a
999 3479 1270 3534 ﬁdelibus
1304 3480 1494 3535 offerri
1524 3479 1761 3535 solitum
1801 3482 2015 3538 diserte

366 3575 541 3631 etiam
573 3573 643 3628 ab
667 3571 878 3628 oblatis
908 3568 1322 3624 consecrandis
1351 3568 1660 3641 distinguit
1702 3569 2012 3626 concilium

363 3664 774 3728 Namnetense,
791 3677 922 3714 cum
947 3658 1150 3714 statuit
1171 3673 1296 3728 cap.
1327 3657 1380 3727 9,
1403 3679 1430 3706 «
1454 3661 1516 3712 ut
1534 3660 1602 3712 de
1621 3656 2013 3715 oblationibus

363 3768 487 3822 qua
506 3751 822 3804 oii‘erentur
844 3766 876 3802 a
896 3747 1134 3820 populo,
1150 3751 1205 3801 et
1226 3744 1646 3800 consecrationi
1668 3751 2008 3818 supersunt;

355 3839 444 3895 vel
478 3841 546 3894 de
577 3839 827 3912 panibus
857 3853 1006 3908 quos
1039 3837 1290 3890 offerunt
1313 3833 1514 3889 fideles
1543 3835 1613 3889 ad
1672 3833 2008 3904 Ecclesiam,

355 3927 442 3984 vel
469 3932 619 3983 certe
641 3929 711 3983 de
743 3927 867 3982 suis
899 3925 1202 3997 presbyter
1223 3922 1632 3978 convenienter
1654 3927 1846 3994 partes
1872 3923 2010 3979 inci-

275 3997 280 4003 .
355 4034 452 4073 sas
480 4017 693 4072 habeat
723 4016 780 4069 in
811 4031 944 4068 vase
976 4013 1182 4079 nitido,
1218 4013 1429 4081 utpost
1452 4009 1767 4064 missarum
1792 4009 2005 4066 solem-

353 4106 472 4172 nia,
510 4106 609 4176 qui
643 4102 1075 4159 communicare
1107 4116 1223 4153 non
1255 4099 1492 4151 fuerunt
1512 4097 1718 4168 parati,
1740 4096 2002 4171 eulogias

355 4193 516 4249 omni
548 4191 639 4246 die
667 4190 966 4246 Dominico
999 4192 1053 4243 et
1083 4187 1142 4241 in
1168 4186 1374 4240 diebus
1411 4183 1574 4240 festis
1605 4184 1810 4240 exinde
1847 4186 2002 4241 acci-

353 4282 537 4354 piant.
576 4302 601 4328 »
627 4279 759 4333 Erat
781 4294 915 4349 ergo
941 4275 1090 4331 alius
1113 4272 1281 4346 panis
1313 4271 1542 4327 oblatus
1574 4273 1644 4326 ad
1703 4289 2002 4330 consecra-

350 4370 592 4434 tionem,
629 4366 778 4422 alius
809 4389 835 4414 «
871 4366 938 4420 ad
977 4361 1315 4425 Ecclesiam,
1349 4382 1377 4408 »
1411 4361 1464 4414 id
1497 4364 1586 4415 est
1632 4361 1703 4415 ad
1759 4361 2000 4420 alendos

351 4455 619 4514 Ecclesia
642 4453 962 4508 ministros.
983 4452 1062 4505 Ex
1081 4450 1356 4505 alterutro
1382 4449 1595 4504 fiebant
1612 4448 1872 4522 eulogia,
1896 4453 1995 4524 qui

350 4544 520 4620 panis
545 4543 888 4599 benedictus
919 4540 1090 4596 modo
1114 4537 1456 4612 appellatur.
1485 4541 1629 4610 Lege
1652 4537 1735 4593 sic
1764 4540 1994 4612 Capitu-

348 4635 470 4691 lare
500 4633 756 4706 primum
778 4628 1072 4686 Hincmari
1105 4627 1345 4682 articulo
1375 4628 1429 4694 7,
1450 4630 1505 4681 et
1529 4627 1994 4686 Consuetudines

349 4722 762 4780 Cluniacenses
789 4721 843 4775 in
877 4719 977 4775 lib.
1013 4735 1074 4787 u,
1107 4734 1233 4788 cap.
1266 4717 1357 4784 30,
1417 4714 1517 4770 ubi
1574 4715 1989 4787 prascribitur,

347 4834 375 4863 «
405 4815 470 4867 ut
494 4810 553 4864 in
580 4809 817 4883 privatis
848 4809 1053 4864 diebus
1083 4804 1284 4860 hostia
1314 4819 1424 4859 non
1461 4807 1804 4858 consecrata
1859 4821 1990 4878 por-

341 4903 541 4956 tentur
568 4899 628 4954 in
661 4898 978 4964 refectorio,
1011 4899 1074 4951 ut
1101 4895 1193 4949 his
1224 4893 1322 4965 qui
1349 4909 1414 4947 eo
1441 4891 1533 4947 die
1573 4907 1686 4948 non
1728 4908 1988 4948 commu-

341 4991 681 5045 nicaverunt
712 4987 1159 5050 distribuantur,
1194 5005 1216 5034 ι
1253 4997 1460 5052 nempe
1491 4978 1600 5035 illa
1640 4981 1800 5052 ipsa,
1859 4997 1987 5051 qua

341 5078 518 5133 etiam
545 5094 578 5132 a
595 5093 708 5131 non
727 5070 1243 5130 communicaturis
1258 5069 1460 5124 oblata
1475 5069 1702 5124 fuerant
1723 5069 1782 5124 in
1807 5069 1989 5126 missa

341 5164 612 5236 solemni,
644 5163 703 5218 in
727 5181 842 5236 qua
871 5161 1103 5218 tametsi
1123 5174 1324 5215 omnes
1347 5156 1598 5229 singulis
1618 5157 1825 5212 diebus
1848 5158 1983 5212 ol'fe-

340 5253 568 5316 rebant,
600 5256 716 5306 tres
746 5255 975 5307 tantum
1007 5247 1251 5314 hostias,
1285 5245 1490 5301 diebus
1522 5244 1842 5312 ferialibus,
1879 5263 1982 5318 pro

339 5339 859 5394 communicaturis
887 5356 954 5393 ex
986 5337 1262 5393 alterutro
1293 5333 1550 5388 vicissim
1583 5333 1756 5389 choro
1779 5350 1979 5390 conse-

341 5425 490 5480 crari
519 5442 648 5481 mos
680 5429 823 5490 erat,
856 5424 1172 5480 Dominicis
1205 5422 1482 5494 quinque.

407 5539 581 5594 Aliud
613 5539 903 5609 objectum
935 5538 1148 5611 petitur
1179 5555 1246 5593 ex
1275 5535 1596 5609 Epiphanio
1654 5539 1714 5594 in
1771 5539 1976 5598 baresi

2139 503 2312 560 nibus
2344 507 2560 576 azymis
2591 510 2868 581 mysteria
2898 509 3273 570 celebrarent.

2211 593 2341 648 Hac
2371 595 2618 664 objectio
2651 598 2841 669 prima
2881 600 3068 656 fronte
3100 601 3242 656 mihi
3271 602 3587 675 aliquando
3637 605 3788 662 vali-

2141 681 2520 738 dissimavisa
2541 689 2657 752 est;
2680 691 2770 742 ast
2785 687 3283 760 integrumlocum
3313 691 3526 765 legenti
3543 711 3659 750 non
3681 695 3784 752 ita.

2141 769 2449 841 Epiphanii
2479 771 2599 827 hac
2630 776 2803 830 verba
2831 784 2989 832 sunt.
3047 789 3301 853 Μυστήρια
3327 789 3378 838 δὲ
3409 790 3554 851 δῆθεν
3581 791 3791 856 τέλομσι

2140 859 2264 904 κατὰ
2318 858 2522 920 μίμησιν
2563 863 2661 908 τῶν
2707 862 2855 925 ἁγίων
2904 863 2954 912 ἐν
3003 868 3066 926 τῆ
3111 866 3375 933 Ἐκκλησίᾳ
3419 869 3515 920 ἀπὸ
3563 871 3788 922 ἐνιαυτοῦ

2140 944 2203 1003 εἰς
2249 945 2467 996 ἐνιαυτὸν
2515 948 2573 996 δι’
2620 949 2835 1013 ἀζύμων,
2881 955 2963 1001 καὶ
3005 956 3062 1003 τὸ
3102 954 3229 1004 ἀλλὸ
3277 957 3420 1022 μέρος
3460 962 3548 1008 τοῦ
3600 977 3788 1024 μυστη-

2142 1041 2243 1104 ρίου
2274 1041 2330 1089 δι’
2359 1043 2527 1100 ὕδατος
2558 1046 2726 1108 μόνου,
2760 1039 2815 1094 id
2847 1045 2954 1109 est,
2990 1064 3018 1092 ί(
3047 1047 3324 1117 mysteria
3378 1064 3510 1104 vero
3564 1047 3791 1107 scilicet

2137 1121 2448 1192 perﬁciunt
2478 1139 2546 1178 ex
2587 1125 2914 1184 imitatione
2973 1136 3308 1189 sanctorum
3369 1135 3468 1206 qui
3527 1141 3666 1193 sunt
3722 1139 3788 1193 in

2138 1208 2392 1265 Ecclesia
2413 1213 2745 1282 quotannis
2772 1214 2831 1269 in
2857 1217 3108 1289 azymis;
3143 1220 3384 1278 alteram
3415 1229 3612 1281 autem
3656 1243 3790 1299 my-

2139 1297 2298 1352 sterii
2328 1303 2553 1370 partem
2587 1301 2644 1356 in
2677 1319 2831 1373 aqua
2861 1305 3001 1360 sola.
3029 1329 3050 1355 ι
3087 1307 3304 1366 Exillis
3333 1313 3525 1369 verbis
3555 1331 3668 1370 non
3693 1297 3791 1370 in-

2129 1384 2290 1455 juria
2319 1386 2452 1457 quis
2483 1387 2591 1443 hoc
2621 1391 2792 1446 modo
2825 1397 3217 1464 argumentari
3246 1398 3491 1469 poterit:
3528 1402 3790 1475 Epipha-

2137 1472 2271 1528 nius
2285 1475 2528 1545 probare
2541 1477 3072 1538 videturEbionaos
3094 1483 3152 1539 in
3167 1501 3232 1541 eo
3253 1488 3408 1558 quod
3426 1472 3790 1548 sacriﬁcium

2138 1562 2456 1619 oﬂ‘erebant
2501 1567 2817 1636 quotannis
2847 1569 2905 1624 in
2944 1572 3162 1640 azymis
3219 1590 3288 1630 ex
3319 1575 3646 1633 imitatione
3668 1580 3788 1634 Eo-

2137 1649 2323 1705 clesia
2351 1650 2558 1707 saltem
2581 1654 2796 1710 Latina
2821 1675 2834 1723 ;
2861 1673 2958 1712 eos
2985 1674 3120 1714 vero
3141 1660 3251 1716 hoc
3281 1665 3510 1719 tantum
3543 1665 3790 1722 nomine

2137 1739 2331 1810 arguit
2359 1739 2472 1796 isto
2522 1741 2646 1798 loco
2707 1745 2859 1814 quod
2912 1762 3015 1818 pro
3065 1745 3246 1805 altera
3296 1751 3562 1807 sacriﬁcii
3619 1759 3790 1825 parte

2140 1842 2354 1897 aquam
2386 1828 2573 1885 solam
2605 1831 2966 1889 adhiberent.
3001 1835 3148 1909 Ergo
3170 1853 3234 1894 eo
3250 1841 3511 1910 tempore
3530 1841 3791 1899 Ecclesia

2139 1931 2208 1970 ex
2237 1933 2386 1988 pane
2415 1935 2615 1990 azymo
2638 1921 2992 1978 sacriﬁcium
3049 1925 3411 1984 conﬁciebat.
3471 1927 3633 1985 Certe
3689 1931 3788 1988 in-

2138 2006 2472 2075 terpretatio
2507 2007 2628 2062 hac
2657 2008 2965 2081 Epiphanii
2994 2012 3185 2068 verbis
3208 2013 3430 2070 nullam
3453 2017 3621 2074 aﬁ‘ert
3640 2019 3784 2087 vim,

2137 2091 2401 2162 quinimo
2449 2094 2637 2166 ipsius
2693 2096 2875 2152 menti
2921 2103 3310 2158 consentanea
3355 2120 3484 2161 esse
3529 2106 3784 2181 videtur,

2135 2195 2272 2236 cum
2305 2197 2504 2237 eorum
2537 2200 2758 2239 morem
2782 2184 2978 2243 laudet
2994 2187 3065 2243 ob
3081 2189 3349 2246 Ecclesia
3367 2192 3785 2268 imitationem,

2131 2283 2310 2341 quam
2343 2270 2400 2326 in
2430 2271 2737 2330 oﬂ‘erendis
2768 2276 2986 2349 azymis
3026 2277 3201 2335 sitam
3233 2295 3362 2337 esse
3399 2299 3515 2339 non
3572 2285 3787 2344 imme-

2128 2358 2239 2417 rito
2271 2358 2407 2449 quis
2439 2363 2769 2420 contendat.
2801 2366 3042 2423 Accedit
3072 2369 3226 2439 quod
3259 2371 3621 2445 Epiphanius
3677 2379 3788 2449 qui

2127 2464 2354 2504 errores
2385 2447 2501 2505 fere
2532 2467 2738 2509 omnes
2772 2471 2921 2527 quos
2952 2462 3214 2515 recenset
3233 2458 3579 2534 impugnare
3599 2447 3784 2537 solet;

2125 2537 2450 2594 Encratitas
2483 2539 2722 2611 quidem
2754 2544 2856 2614 qui
2886 2561 3039 2617 aqua
3062 2546 3186 2603 sola
3214 2548 3276 2604 in
3314 2566 3375 2606 re
3423 2568 3588 2611 sacra
3646 2560 3783 2612 ute-

2125 2625 2360 2698 bantur,
2393 2628 2644 2697 refutat;
2678 2648 2975 2705 nusquam
3014 2651 3145 2691 vero
3203 2653 3540 2710 azymorum
3597 2659 3781 2702 usum

2124 2715 2513 2786 reprehendit.
2547 2721 2614 2773 Et
2643 2736 2785 2776 sane
2818 2722 2950 2793 quis
2980 2726 3144 2794 putet
3178 2725 3567 2798 Epiphaniam
3615 2748 3781 2789 erro-

2123 2803 2204 2859 ris
2233 2804 2544 2862 damnasse
2573 2807 2876 2866 Ebionaos
2899 2811 2970 2867 ob
2994 2828 3166 2869 usum
3187 2831 3524 2886 azymorum
3554 2819 3613 2874 in
3645 2837 3778 2894 my-

2122 2892 2298 2947 sterio
2329 2900 2893 2969 sacrosancto,quod
2912 2899 2970 2956 in
2999 2905 3217 2975 azymis
3238 2904 3513 2963 aChristo
3527 2892 3780 2968 Domino

2120 2979 2460 3038 institutum
2493 2985 2677 3042 fuisse
2703 2989 3030 3058 conﬁtetur,
3072 2991 3344 3063 superius
3401 2997 3782 3066 pramissum

2421 3159 2514 3216 hic
2546 3178 2833 3219 remoram
2865 3165 3071 3235 injicit,
3097 3169 3249 3238 quod
3281 3170 3504 3228 scilicet
3525 3175 3780 3247 Epipha-

2126 3245 2260 3303 nius
2290 3247 2434 3320 ipse,
2458 3249 2518 3304 in
2549 3249 2757 3306 haresi
2789 3253 2879 3320 46,
2909 3253 3138 3311 Tatiani
3164 3273 3389 3315 errores
3417 3245 3779 3322 enumerans

2125 3334 2204 3391 ait
2232 3352 2366 3392 eum
2408 3337 2737 3394 instituisse
2768 3341 3051 3411 mysteria
3107 3345 3374 3416 quadam
3407 3359 3533 3405 κατὰ
3562 3359 3777 3421 μίμησιν

2120 3433 2206 3492 τῆς
2253 3432 2388 3495 ἁγίας
2438 3433 2742 3495 Ἐκκλησίας,
2797 3449 2826 3479 ι(
2860 3430 2930 3484 ad
2978 3430 3242 3487 Ecclesia
3297 3439 3510 3491 sancta
3568 3437 3777 3494 imita-

2121 3513 2340 3568 tionem
2375 3536 2403 3562 »
2435 3514 2535 3569 sed
2567 3515 2638 3570 ad
2660 3531 2728 3572 ea
2751 3520 2947 3573 tamen
2978 3517 3123 3574 nihil
3148 3524 3352 3592 prater
3372 3538 3588 3594 aquam
3609 3526 3778 3582 adhi-

2121 3599 2339 3658 buisse.
2373 3601 2479 3658 Ubi
2511 3608 2672 3675 patet
2700 3604 2968 3662 Ecclesia
3025 3607 3414 3666 imitationem
3467 3629 3585 3670 non
3644 3631 3769 3672 rem

2121 3687 2398 3757 oblatam,
2432 3692 2533 3746 sed
2565 3691 2920 3750 oblationem
2953 3695 3261 3767 respicere.
3293 3697 3457 3762 Quod
3488 3703 3664 3759 etiam
3679 3703 3767 3760 di-

2119 3779 2370 3833 cendum
2401 3779 2471 3834 de
2494 3780 2674 3851 priori
2706 3781 3061 3840 testimonio.

2189 3869 2261 3921 Et
2291 3865 2527 3938 quidem
2567 3868 2677 3925 hoc
2726 3875 3071 3943 argumento
3130 3877 3284 3931 recte
3341 3874 3651 3950 colligitur,
3697 3895 3767 3936 ex
3805 3913 3807 3915 ι

2117 3954 2294 4025 priori
2318 3954 2415 4010 illo
2438 3957 2746 4029 Epiphanii
2776 3959 2903 4017 loco
2927 3961 3049 4017 nihi
3074 3963 3214 4018 certi
3243 3964 3446 4020 conﬁci
3467 3983 3639 4037 posse
3660 3985 3765 4039 pro

2115 4060 2228 4099 usu
2260 4061 2530 4116 azymoru
2542 4063 2596 4100 m
2623 4063 2636 4113 ;
2670 4052 2726 4102 et
2753 4064 2858 4120 ego
2882 4050 2952 4104 de
2977 4049 3266 4106 industria
3285 4051 3436 4107 istuc
3458 4053 3625 4108 illum
3644 4072 3765 4112 non

2113 4132 2286 4188 retuli
2319 4133 2378 4189 in
2411 4135 2834 4206 superioribus,
2867 4136 2966 4192 ubi
2997 4141 3191 4194 actum
3221 4142 3310 4194 est
3357 4139 3427 4194 de
3472 4136 3764 4199 fermento

2111 4221 2464 4278 Gracorum.
2496 4223 2603 4278 Sed
2636 4228 2831 4279 tamen
2862 4224 2998 4280 hinc
3028 4241 3144 4280 non
3175 4225 3459 4282 evincitur
3503 4228 3760 4301 Epipha-

2110 4306 2275 4362 nium
2307 4313 2558 4364 statuere
2593 4308 2899 4380 utrobique
2927 4309 3191 4368 Ecclesia
3248 4311 3636 4372 imitationem
3693 4317 3759 4375 in

2107 4394 2236 4467 ipsa
2257 4395 2565 4460 oblatione,
2599 4413 2713 4452 non
2745 4397 2802 4451 in
2836 4413 2896 4452 re
2921 4397 3134 4454 oblata.
3176 4399 3324 4457 Nam
3362 4401 3756 4464 imitationem

2029 4504 2074 4567 Β
2106 4483 2295 4555 magis
2312 4499 2642 4556 expressam
2664 4484 2969 4556 agnovisse
2990 4487 3181 4558 potuit
3196 4487 3255 4543 in
3268 4489 3553 4548 Ebionais
3574 4509 3756 4564 quam

2106 4573 2165 4626 in
2195 4573 2458 4628 Tatiano.
2491 4573 2700 4628 Prater
2747 4589 2834 4643 ea,
2893 4574 3126 4631 etiamsi
3179 4593 3516 4648 azymorum
3577 4597 3754 4640 usum

2104 4677 2220 4716 non
2246 4661 2454 4716 referat
2474 4661 2546 4716 ad
2569 4660 2954 4718 imitationem
2968 4663 3261 4733 Ecclesia,
3276 4682 3393 4722 non
3409 4672 3602 4725 tamen
3617 4669 3755 4733 inde

2101 4754 2256 4806 certo
2287 4749 2511 4804 eruitur
2539 4765 2673 4804 eum
2693 4767 2864 4806 usum
2889 4753 2960 4808 ab
2991 4752 3117 4824 ipso
3140 4753 3294 4811 inter
3322 4771 3546 4813 errores
3565 4757 3753 4831 depu-

2102 4835 2214 4893 tari
2243 4836 2493 4892 maxime
2525 4853 2679 4906 cum,
2714 4842 2776 4893 ut
2797 4839 2924 4909 jam
2971 4841 3111 4910 dixi,
3173 4849 3453 4914 agnoscat
3496 4846 3750 4918 Epipha-

2099 4923 2231 4979 nius
2260 4923 2685 4981 Eucharistiam
2722 4926 2996 4998 primitus
3039 4929 3099 4984 in
3157 4931 3375 5002 azymis
3427 4949 3462 4988 a
3517 4931 3751 4992 Christo

2101 5011 2450 5067 institutam.
2487 5013 2597 5068 Fac
2627 5014 2784 5069 enim
2815 5015 3042 5072 Graecos
3065 5017 3474 5075 fermentatum
3532 5037 3749 5092 panem

2097 5099 2156 5156 in
2184 5117 2304 5155 rem
2338 5116 2565 5157 sacram
2593 5106 2719 5157 tum
2750 5103 3112 5173 adhibuisse,
3136 5106 3371 5163 Latinos
3400 5124 3534 5165 vero
3565 5109 3748 5168 infer-

2094 5192 2441 5245 mentatum.
2468 5189 2630 5247 Certe
2652 5192 3014 5265 Epiphanius
3040 5211 3157 5250 non
3184 5195 3482 5252 retulisset
3511 5214 3744 5271 azymo-

2093 5294 2226 5333 rum
2249 5293 2421 5333 usum
2444 5278 2515 5334 ad
2533 5278 2920 5337 imitationem
2934 5281 3200 5340 Ecclesia
3222 5286 3500 5340 universa
3525 5304 3539 5354 ;
3562 5287 3748 5360 siqui-

2092 5366 2223 5422 dem
2255 5367 2451 5422 Graca
2479 5367 2895 5426 fermentatum
2927 5387 3138 5443 panem
3177 5371 3566 5430 adhibuisset.
3626 5375 3743 5435 Neo

2089 5459 2284 5512 tamen
2316 5455 2528 5511 erroris
2558 5455 2945 5515 damnaturus
2974 5464 3129 5517 esset
3169 5477 3344 5517 usum
3374 5477 3738 5533 azymorum,

2091 5558 2264 5614 quem
2284 5540 2345 5600 in
2361 5540 2580 5601 Latinis
2598 5559 2714 5602 non
2735 5544 2815 5602 im
2822 5546 3149 5618 probasset.
3172 5548 3257 5606 Ad
3280 5547 3420 5620 hac,
3445 5548 3496 5608 si
3521 5551 3737 5612 erroris
