3970 6218
175 308 339 381 1273

1152 308 1608 377 MABILLONII
1652 307 2120 388 DISOUISITIO
2163 312 2266 376 DE
2308 313 2608 380 AZYMO.

3425 322 3582 387 1274

179 447 380 522 arguit
407 445 710 504 Ebionaos
739 443 894 517 quod
926 444 1144 516 azymis
1172 448 1492 515 uterentur,
1516 446 1644 504 ideo
1667 447 1822 504 istud
1853 450 1908 514 Α
1937 446 2195 503 minatur
2223 447 2596 505 fermentum.
2627 468 2656 497 »
2680 449 3053 507 Innocentius
3087 450 3337 526 denique
3366 455 3425 512 in
3457 457 3578 530 epi-

182 538 322 597 fecit
347 536 504 609 quod
537 550 806 606 azymum
830 532 1175 590 adhiberent
1189 547 1256 590 eo
1281 535 1475 590 animo
1525 541 1589 590 ut
1619 536 1829 608 legalia

182 643 321 685 cum
377 623 688 696 Evangelia
745 621 960 678 servari
1010 625 1273 694 oportere
1328 623 1640 679 traderent.
1701 623 1824 681 Uno

182 717 383 786 verbo,
415 713 465 772 si
494 711 644 769 nihil
676 710 814 767 facit
843 728 946 783 pro
979 727 1314 783 azymorum
1365 727 1478 766 usu
1527 710 1685 784 prior
1714 712 1825 767 iste

182 805 374 872 locus,
404 805 560 858 certe
591 816 706 855 non
739 798 927 871 magis
960 799 1110 853 favet
1157 798 1539 867 fermentata;
1570 799 1672 854 sed
1702 815 1825 855 rem

181 893 246 950 in
278 890 470 948 medio
501 886 798 960 relinquit,
832 903 958 958 qua
999 885 1238 959 proinde
1285 885 1418 944 aliis
1467 887 1826 959 argumentis

183 979 517 1038 dirimenda
546 981 653 1033 est.
1249 979 1256 986 ’

254 1070 342 1127 Ad
364 1053 709 1134 extremum,
743 1068 807 1120 ut
838 1079 959 1120 rem
991 1063 1194 1136 paucis
1226 1063 1463 1119 tandem
1496 1063 1819 1132 conficiam,

184 1159 429 1233 probato
469 1156 696 1212 Gracos
736 1153 936 1224 eisque
965 1151 1323 1208 adharentes
1369 1151 1658 1207 Ecclesiae
1716 1152 1826 1208 fer-

185 1250 404 1314 mento,
436 1244 672 1302 Latinos
701 1259 833 1298 vero
863 1241 1082 1313 azymis
1115 1241 1187 1296 ab
1218 1239 1383 1296 initio
1433 1256 1571 1296 usos
1624 1239 1825 1310 fuisse,

187 1336 449 1394 admisso
495 1332 671 1389 etiam
725 1330 1027 1386 Ebionaos
1085 1329 1157 1385 ab
1213 1327 1538 1401 Epiphanio
1599 1333 1829 1386 notatas

187 1425 346 1497 quod
402 1423 462 1478 in
516 1419 699 1478 sacris
755 1435 1024 1491 azymum
1085 1417 1448 1486 adhiberent,
1508 1419 1830 1490 respondeo

186 1513 493 1570 Ebionaos
523 1511 594 1566 ab
617 1508 936 1580 Epiphanio
967 1507 1493 1578 reprehensos,non
1517 1508 1670 1580 quod
1703 1525 1831 1564 cen-

189 1604 345 1659 seret
371 1597 729 1672 Epiphanius
759 1595 940 1652 cuivis
967 1594 1232 1652 Ecclesia
1264 1611 1464 1668 azyma
1496 1595 1580 1651 uti
1612 1612 1726 1651 non
1755 1594 1829 1650 li-

192 1689 451 1756 cere,sed
477 1687 629 1759 quod
654 1684 906 1741 Ebionai
930 1699 1064 1739 cum
1085 1687 1282 1738 essent
1310 1683 1648 1740 Gracanica
1671 1699 1828 1741 com-

189 1777 583 1846 munionis,eo
612 1776 913 1830 uterentur
944 1777 1153 1844 prater
1181 1788 1402 1828 morem
1436 1789 1556 1829 sua
1585 1772 1831 1828 societa-

185 1865 424 1924 tis.Pari
452 1865 606 1922 enim
629 1864 763 1934 jure
795 1861 844 1918 si
876 1860 1176 1932 qui,modo
1209 1860 1828 1928 Latinorum,fermen-

187 1963 317 2014 tum
344 1970 544 2027 azyma
573 1953 633 2008 in
663 1969 723 2008 re
753 1967 916 2007 sacra
947 1949 1342 2023 praferrent,a
1374 1951 1594 2008 Latinis
1625 1967 1829 2024 argue-

189 2049 410 2113 rentur,
443 2060 558 2099 non
591 2040 759 2113 quasi
791 2040 1121 2096 Gracorum
1179 2040 1530 2096 fermentum
1562 2041 1830 2113 reprobet

187 2135 390 2192 Latina
418 2131 693 2198 Ecclesia,
726 2129 825 2186 sed
850 2129 1003 2202 quod
1040 2127 1255 2185 Latinis
1297 2127 1637 2186 hominibus
1668 2130 1830 2186 nefas

189 2224 265 2282 sit
292 2237 514 2280 morem
542 2219 816 2276 Latinum
856 2217 916 2272 in
948 2233 1008 2274 re
1039 2233 1205 2272 sacra
1232 2216 1468 2274 violare.
1510 2218 1829 2290 Responsio

188 2314 313 2371 hac
343 2310 530 2384 aptari
561 2307 738 2365 etiam
765 2309 956 2378 potest
983 2305 1294 2373 Armeniis,
1327 2306 1542 2378 quibus
1563 2307 1830 2362 eamdem

189 2404 264 2461 ob
295 2416 534 2458 causam
566 2399 805 2454 sanctus
835 2394 1012 2451 Nicon
1046 2411 1380 2467 azymorum
1411 2411 1586 2452 usum
1618 2396 1828 2452 saculo

190 2492 415 2550 decimo
447 2484 831 2560 exprobravit.

263 2579 524 2638 Tertium
553 2575 916 2632 momentum
931 2588 1034 2644 pro
1052 2571 1396 2628 fermentata
1419 2572 1749 2628 desumitur
1763 2589 1831 2629 ex

190 2673 296 2729 lib.
329 2687 383 2725 ιν
411 2664 703 2724 Ambrosii
731 2663 811 2719 De
843 2660 1381 2733 sacramentis,cap.
1413 2661 1444 2716 4
1469 2679 1481 2717 :
1508 2684 1534 2710 «
1567 2662 1651 2718 Tu
1686 2662 1831 2718 forte

189 2761 376 2818 dicis:
410 2758 574 2813 Meus
597 2753 765 2827 panis
788 2754 877 2806 est
906 2749 1299 2805 usitatus.Sed
1326 2749 1832 2822 panisiste,panis

189 2853 280 2909 est
307 2852 442 2906 ante
469 2844 646 2902 verba
675 2841 1172 2898 sacramentorum
1199 2857 1212 2906 ;
1247 2838 1346 2894 ubi
1368 2839 1675 2894 accesserit
1695 2855 1829 2896 con-

190 2935 536 3001 secratio,de
567 2947 716 3004 pane
746 2930 813 2984 fit
842 2945 973 2983 caro
1005 2925 1237 2983 Christi.
1270 2948 1298 2977 ››
1333 2927 1413 2982 Ex
1436 2943 1546 2998 quo
1569 2927 1832 2983 Sirmun-

191 3029 304 3084 dus
335 3022 527 3096 arguit
553 3038 564 3076 :
591 3019 858 3090 «Nempe
879 3015 978 3088 qui
1004 3014 1287 3071 usitatum
1320 3015 1656 3087 mensisque
1696 3033 1834 3086 quo-

192 3110 432 3171 tidianis
458 3109 807 3179 usurpatum
839 3119 1051 3175 panem
1082 3101 1242 3170 dicit,
1259 3118 1527 3175 azymum
1549 3102 1709 3160 haud
1731 3104 1834 3159 du-

190 3202 288 3260 bie
315 3215 432 3257 non
453 3195 762 3268 signiﬁcat.
789 3214 818 3241 ››

263 3293 340 3345 At
369 3302 558 3358 neque
588 3284 1022 3339 fermentatum.
1057 3279 1284 3336 Etenim
1310 3281 1573 3336 usitatum
1621 3299 1833 3354 panem

1935 535 2084 591 stola
2113 537 2184 590 ad
2215 537 2554 592 Decentium
2585 537 2666 593 ita
2695 537 2914 609 scribit,
2966 557 3090 614 cap.
3137 543 3204 599 5:
3257 567 3284 594 ‹‹
3334 546 3414 603 De
3462 547 3576 605 fer-

1936 629 2130 680 mento
2161 627 2314 696 quod
2346 627 2439 682 die
2467 625 2765 683 Dominico
2797 644 2898 700 per
2927 629 3131 687 titulos
3163 633 3578 703 mittimus,su-

1934 713 2153 785 perflue
2180 731 2285 770 nos
2315 714 2617 771 consulere
2639 715 2899 785 voluisti,
2930 735 3062 775 cum
3095 736 3299 777 omnes
3321 723 3577 781 ecclesia

1934 805 2144 856 nostra
2193 801 2346 857 intra
2392 803 2686 858 civitatem
2734 804 2854 860 sint
2903 807 3271 876 constituta;
3324 827 3576 882 quarum

1934 889 2424 962 presbyteri,quia
2455 891 2547 947 die
2578 892 2704 964 ipsa
2735 897 2970 965 propter
2998 895 3225 968 plebem
3260 899 3370 954 sibi
3391 903 3576 957 credi-

1933 981 2053 1032 tam
2085 979 2390 1034 nobiscum
2418 981 2723 1036 convenire
2752 998 2868 1037 non
2899 990 3167 1054 possunt,
3214 986 3429 1045 idcirco
3459 991 3575 1047 fer-

1937 1069 2201 1121 mentum
2233 1083 2268 1122 a
2297 1067 2465 1123 nobis
2496 1069 2819 1124 confertum
2844 1087 2944 1142 per
2963 1072 3260 1145 acolythos
3282 1078 3580 1151 accipiunt

1936 1158 2001 1208 ut
2032 1169 2093 1209 se
2123 1171 2154 1208 a
2187 1159 2386 1210 nostra
2417 1157 2828 1213 communione
2874 1161 3125 1217 maxime
3172 1161 3274 1218 illa
3321 1166 3414 1222 die
3461 1185 3578 1224 non

1928 1240 2196 1312 judicent
2227 1246 2717 1314 separatos.Quod
2751 1262 2854 1317 per
2883 1249 3189 1318 parochias
3219 1252 3343 1308 fieri
3371 1255 3579 1314 debere

1939 1346 2055 1384 non
2086 1332 2399 1402 puta,quia
2421 1349 2536 1387 non
2558 1331 2729 1406 longe
2746 1337 3031 1406 portanda
3053 1344 3194 1394 sunt
3214 1350 3582 1400 sacramenta

1939 1434 2043 1474 nec
2068 1434 2176 1473 nos
2207 1434 2309 1489 per
2337 1421 2668 1476 cameteria
2697 1422 2925 1478 diversa
2955 1426 3291 1482 constitutis
3341 1433 3577 1504 presby-

1938 1507 2078 1562 teris
2107 1507 2497 1574 destinamus,
2530 1513 2587 1563 et
2618 1510 2936 1582 presbyteri
2967 1529 3168 1569 eorum
3199 1517 3581 1574 conficiendo-

1939 1612 2068 1651 rum
2094 1596 2197 1666 jus
2230 1595 2446 1652 habent
2473 1600 2646 1668 atque
2677 1597 2992 1655 licentiam.
3029 1622 3056 1649 »

2009 1683 2088 1738 De
2118 1683 2228 1738 hoc
2261 1684 2545 1740 fermento
2576 1686 2747 1741 varia
2778 1692 2918 1742 sunt
2955 1691 3274 1759 sententia,
3307 1692 3438 1751 aliis
3465 1697 3584 1751 Eu-

1940 1771 2280 1828 charistiam
2311 1789 2437 1828 esse
2470 1775 3232 1848 negantibus,probantibus
3253 1781 3583 1840 aliis.Baro-

1940 1862 2035 1917 nio
2065 1861 2321 1918 assentio
2361 1861 2456 1933 qui
2493 1863 2918 1920 Eucharistiam
2951 1883 3078 1922 esse
3105 1875 3296 1941 negat,
3331 1873 3430 1928 sed
3454 1877 3582 1928 tan-

1939 1955 2064 2005 tum
2079 1950 2408 2022 eulogiasin
2433 1950 2668 2022 signum
2695 1957 2908 2008 mutua
2932 1959 3363 2015 communionis
3385 1979 3418 2016 a
3437 1979 3582 2034 pon-

1938 2040 2090 2094 tifice
2124 2039 2508 2095 missas.Nam
2542 2040 2892 2097 fermentum
2923 2043 3077 2099 istud
3112 2050 3168 2100 et
3198 2071 3224 2096 ‹‹
3253 2049 3422 2119 panis
3445 2067 3580 2106 con-

1939 2132 2221 2194 secratus,
2253 2133 2310 2183 et
2339 2133 2770 2184 sacramentum
2804 2153 2832 2179 »
2865 2131 3078 2187 dicitur
3108 2138 3164 2190 et
3194 2136 3583 2212 solispresby-

1937 2217 2079 2273 teris
2110 2217 2237 2287 ejus
2268 2217 2606 2272 conficiendi
2629 2219 2731 2288 jus
2779 2223 2952 2291 atque
2995 2221 3232 2279 licentia
3279 2227 3578 2282 tribuitur.

1937 2305 2196 2378 Denique
2228 2328 2255 2355 ‹‹
2290 2306 2458 2377 panis
2490 2312 2863 2363 consecratus
2896 2331 2923 2357 ››
2947 2309 3162 2366 dicitur
3186 2329 3321 2384 ;quo
3345 2315 3582 2372 nomine

1939 2394 2308 2451 Eucharistia
2333 2397 2570 2450 vocatur
2600 2412 2632 2449 a
2661 2395 2892 2451 Justino
2943 2398 3000 2452 in
3047 2399 3326 2472 Apologia
3371 2404 3580 2474 prima,

1941 2485 2014 2540 ab
2043 2485 2258 2539 Irenaeo
2289 2483 2463 2538 citato
2494 2484 2646 2554 apud
2679 2484 2995 2541 Eusebium
3027 2485 3085 2541 in
3139 2487 3239 2543 lib.
3273 2506 3460 2562 v,cap.
3492 2492 3582 2559 24,

1940 2577 2067 2628 tum
2102 2573 2159 2628 in
2190 2572 2340 2627 libro
2373 2588 2425 2639 v,
2460 2575 2663 2627 contra
2693 2572 2964 2641 hareses,
2995 2581 3251 2647 cap.n,et
3279 2579 3433 2650 apud
3460 2579 3582 2636 Cle-

1944 2665 2196 2716 mentem
2218 2659 2676 2715 Alexandrinum
2701 2659 2758 2716 in
2784 2662 3075 2718 Stromate
3104 2665 3584 2739 primo,pag.il7,

1941 2751 2026 2806 uti
2054 2749 2337 2805 Henricus
2365 2747 2635 2804 Valesius
2658 2749 2742 2804 vir
2770 2750 3135 2808 clarissimus
3165 2753 3221 2807 in
3274 2755 3586 2814 Eusebium

1944 2837 2259 2894 adnotavit.
2299 2838 2366 2892 Et
2396 2837 2635 2908 quidem
2661 2839 3092 2896 Eucharistiam
3126 2842 3184 2897 in
3216 2843 3452 2915 signum
3493 2861 3588 2900 ec-

1943 2925 2276 2983 clesiastica
2309 2925 2740 2981 communionis
2771 2927 3098 2999 antiquitus
3130 2931 3283 2985 mitti
3329 2932 3584 3000 solitam,

1942 3020 2121 3072 testes
2153 3019 2291 3071 sunt
2320 3014 2594 3070 Justinus
2615 3015 2673 3069 in
2694 3015 2975 3089 Apologia
2997 3018 3186 3090 prima
3210 3020 3587 3087 ;Eusebiusin

1944 3105 2047 3159 lib.
2077 3121 2135 3172 v,
2168 3120 2294 3175 cap.
2327 3103 2418 3170 24,
2452 3104 2684 3159 tametsi
2719 3104 2774 3160 id
2812 3105 2932 3160 fieri
2966 3123 3068 3179 per
3099 3107 3395 3179 paschalia
3445 3110 3592 3166 festa

1863 3174 1905 3240 (ἶ
1947 3193 2128 3249 vetuit
2176 3174 2483 3248 Laodiceni
2542 3174 2984 3250 conciliicanon
3015 3174 3215 3252 M.-Nec
3235 3215 3591 3270 quamquam

1949 3297 2179 3338 movere
2210 3281 2378 3336 debet
2407 3281 2562 3352 quod
2581 3298 2684 3352 per
2696 3281 2988 3355 acolytum
3007 3284 3372 3342 Eucharistia
3399 3292 3589 3342 trans-

191 3381 360 3438 vocat
388 3371 754 3439 Ambrosius,
788 3386 902 3425 non
931 3371 1218 3440 quatenus
1249 3385 1470 3442 azyma,
1494 3371 1594 3426 sed
1626 3376 1835 3443 quate-
1946 3371 2097 3426 mitti
2130 3369 2380 3440 dicatur,
2405 3386 2538 3424 cum
2572 3386 2674 3441 per
2702 3387 2950 3442 puerum
2978 3373 3046 3427 ad
3089 3373 3462 3446 Serapionem
3493 3392 3582 3432 se-

189 3485 304 3526 nus
334 3461 756 3531 consecrato,id
784 3463 872 3515 est
901 3457 1126 3530 corpori
1156 3457 1371 3513 Christi
1402 3459 1735 3531 apponitur,
1770 3465 1834 3518 ut

186 3555 359 3613 lectio
390 3553 703 3608 verborum
724 3548 854 3620 ipsa
881 3546 1216 3618 persuadet.

255 3646 435 3701 Porro
461 3651 700 3708 azymus
727 3635 896 3708 panis
915 3635 1090 3690 etiam
1113 3635 1443 3692 communis
1464 3652 1566 3692 seu
1579 3636 1830 3695 usitatus

183 3733 300 3791 dici
332 3729 547 3803 potest,
579 3740 714 3779 cum
748 3722 1013 3793 ejusdem
1064 3724 1319 3781 materia
1368 3724 1444 3780 sit
1497 3741 1630 3782 cum
1681 3743 1828 3798 pane

181 3818 554 3879 fermentata.
587 3815 750 3869 Certe
780 3811 1074 3883 Rupertus
1104 3813 1285 3871 abbas
1307 3815 1623 3873 Tuitiensis
1645 3816 1824 3875 inlib,

181 3927 270 3978 ιιι,
299 3908 372 3962 de
397 3903 655 3977 Spiritus
686 3900 874 3958 sancti
897 3900 1341 3976 Operibus,cap.
1374 3905 1466 3972 21,
1485 3906 1687 3962 eadem
1711 3907 1828 3963 fere

180 3997 356 4056 modo
387 4010 502 4066 quo
527 4008 704 4064 supra
727 3989 1071 4046 Ambrosius
1089 3989 1348 4062 loquitur
1365 3993 1433 4048 de
1455 4009 1606 4064 pane
1625 4012 1826 4069 azyma

181 4100 359 4158 quem
388 4081 654 4139 Christus
674 4079 734 4135 in
755 4077 964 4135 ultima
985 4095 1147 4134 cana
1167 4081 1823 4152 consecravit-Panem,

177 4171 772 4245 inquit,communem
793 4167 1141 4238 accepit;sed
1165 4168 1742 4245 benedicendolongc
1764 4173 1825 4231 in

179 4261 342 4318 aliud
373 4275 549 4331 quam
581 4259 770 4314 fuerat
797 4257 1263 4313 transmutavit.»
1298 4258 1380 4312 En
1399 4259 1568 4330 panis
1589 4276 1826 4318 commu-

175 4352 268 4406 m’s
299 4348 514 4405 dicitur
535 4345 896 4418 aRupertois
918 4361 1032 4417 quo
1055 4343 1318 4402 Christus
1344 4345 1403 4401 in
1430 4346 1640 4405 ultima
1661 4366 1827 4407 coena

177 4455 328 4496 usus
357 4441 484 4505 est;
519 4436 621 4508 qui
652 4435 778 4492 sine
807 4434 986 4492 dubio
1015 4435 1075 4490 in
1105 4435 1347 4507 Ruperti
1395 4439 1682 4495 sententia
1713 4440 1826 4498 fuit

175 4527 648 4584 infermentatus.

246 4615 531 4680 Quartum
563 4615 979 4684 argumentum
1010 4626 1079 4668 ex
1122 4629 1340 4670 canone
1388 4617 1545 4671 sexto
1595 4616 1822 4673 concilii

171 4720 272 4760 ενι
301 4701 566 4760 Toletani
597 4701 868 4773 petitum,
900 4718 1017 4757 non
1047 4703 1220 4758 modo
1243 4701 1388 4758 nihil
1420 4719 1525 4776 pro
1558 4721 1671 4762 usu
1705 4705 1817 4762 fer-

171 4791 379 4858 menti,
410 4790 514 4848 sed
547 4790 800 4847 maxime
827 4806 930 4862 pro
957 4807 1157 4862 azyma
1187 4790 1376 4848 valere
1417 4792 1691 4864 superius
1723 4811 1815 4852 os-

170 4879 356 4937 tendi.

241 4968 524 5035 Quintum
553 4967 936 5042 suppeditant
966 4966 1523 5037 Melchiadis,Siricii
1553 4973 1610 5028 et
1638 4971 1810 5029 Inno-

168 5057 346 5115 centii
373 5060 771 5114 Romanorum
787 5056 1128 5130 pontiﬁcum
1145 5057 1477 5116 decreta.De
1498 5059 1820 5120 Melchiade

166 5146 291 5203 hac
320 5145 383 5202 in
414 5147 544 5218 ejus
566 5146 700 5203 Vita
727 5145 1041 5218 leguntur:
1074 5166 1095 5197 ι
1123 5145 1228 5202 Hic
1248 5146 1390 5202 fecit
1411 5151 1476 5204 ut
1497 5149 1817 5210 oblationes

168 5239 522 5292 consecrata
581 5252 684 5308 per
730 5234 1016 5292 Ecclesiae
1059 5251 1128 5291 ex
1174 5241 1514 5294 consecrata
1559 5240 1816 5314 episcopi

165 5323 586 5398 dirigerentur,
613 5325 769 5396 quod
801 5321 1130 5380 declaratur
1176 5323 1552 5384 fermentum.
1589 5351 1618 5378 »
1650 5330 1715 5386 Et
1745 5330 1816 5387 de

163 5411 375 5470 Siricio
399 5430 454 5468 :»
485 5413 590 5469 Hic
619 5412 924 5470 constituit
953 5417 1017 5468 ut
1045 5411 1246 5469 nullus
1275 5415 1580 5488 presbyter
1599 5419 1814 5478 missas

159 5500 487 5559 celebraret
505 5518 609 5575 per
631 5519 865 5560 omnem
890 5503 1343 5570 hebdomadam,
1359 5503 1474 5561 nisi
1506 5523 1812 5568 consecra-

159 5594 291 5649 tum
324 5591 585 5665 episcopi
613 5592 725 5652 loci
754 5592 1077 5665 susciperet
1106 5592 1488 5667 declaratum,
1522 5600 1679 5670 quod
1706 5617 1808 5660 no-

1944 3476 2077 3515 nem
2109 3459 2327 3514 directa
2354 3457 2731 3530 perhibeatur
2757 3460 2911 3531 apud
2963 3462 3302 3532 Eusebium,
3357 3463 3457 3518 lib.
3502 3481 3588 3533 v1,

1945 3565 2070 3620 cap.
2103 3548 2190 3602 44.
2225 3545 2524 3617 Duplicem
2554 3563 2687 3601 vero
2719 3548 2792 3602 ob
2832 3564 3072 3604 causam
3105 3550 3366 3621 pontifex
3394 3567 3497 3620 per
3522 3551 3595 3605 ti-

1941 3636 2096 3692 tulos
2115 3634 2722 3690 UrbisEucharistiam
2747 3634 3323 3709 mittebat,nempein
3346 3637 3587 3711 signum

1941 3729 2064 3781 tum
2092 3723 2478 3789 auctoritatis,
2512 3726 2637 3778 tum
2668 3723 3074 3780 ecclesiastica
3123 3727 3580 3786 communionis.

1950 3813 2212 3888 Ignatius
2268 3810 2667 3869 Antiochenus
2721 3812 3030 3886 episcopus
3089 3815 3148 3870 in
3224 3816 3472 3889 epistola
3520 3818 3593 3874 ad

1938 3904 2266 3975 Smyrnwos
2297 3905 2484 3958 ratam
2508 3901 2680 3972 jubet
2721 3901 3155 3960 Eucharistiam
3206 3904 3410 3962 haberi
3464 3923 3592 3977 qua

1937 3994 2045 4050 sub
2072 3992 2342 4064 episc0po
2366 3990 2537 4046 fuerit
2560 3990 2646 4046 vel
2679 3991 2772 4047 cui
2803 3991 2928 4065 ipse
2964 3994 3340 4049 concesserit.
3376 3995 3444 4049 Et
3476 3995 3590 4049 Leo

1938 4083 2207 4155 Magnus,
2240 4080 2297 4134 in
2331 4077 2578 4151 epistola
2604 4081 2674 4135 ad
2707 4080 2904 4138 Gallia
2935 4085 2991 4138 et
3013 4081 3334 4138 Germania
3361 4082 3587 4156 episco-

1937 4188 2063 4244 pos,
2096 4170 2174 4226 ait
2206 4186 2320 4226 non
2354 4168 2527 4226 licere
2558 4170 2832 4243 episcopo
2877 4174 3181 4245 praesente,
3234 4171 3346 4228 nisi
3392 4171 3581 4244 ipsius

1927 4261 2125 4331 jussu,
2157 4262 2590 4315 sacramentum
2623 4262 2882 4332 corporis
2913 4267 2969 4318 et
3016 4261 3325 4335 sanguinis
3367 4261 3584 4318 Christi

1936 4348 2238 4404 conﬁcere.
2264 4348 2464 4418 Itaque
2482 4349 2742 4420 pontifex
2760 4355 3143 4408 uttestaretur
3155 4369 3214 4408 se
3233 4351 3590 4424 presbyteris

1935 4437 2239 4493 titulorum
2273 4435 2434 4492 urbis
2468 4436 2662 4492 Roma
2695 4444 3042 4510 potestatem
3073 4441 3265 4497 facere
3311 4441 3588 4496 Euchari-

1856 4544 1902 4610 Ι)
1934 4527 2056 4583 stia
2088 4525 2483 4594 conficienda,
2511 4526 2942 4586 Eucharistiam
2967 4531 3091 4603 ipse
3123 4531 3410 4600 mittebat,
3461 4547 3588 4602 qua

1931 4615 2106 4672 etiam
2128 4614 2461 4688 symbolum
2485 4619 2701 4671 mutua
2717 4617 2952 4674 unionis
2966 4620 3180 4674 erat.ld
3200 4637 3233 4675 a
3258 4619 3582 4675 Melchiade

1929 4708 1984 4760 et
2012 4703 2213 4760 Siricio
2246 4703 2540 4760 sancitum
2593 4703 2829 4773 dicitur,
2880 4706 3236 4779 explicatum
3285 4708 3357 4762 ab
3413 4709 3582 4762 Inno-

1931 4793 2357 4850 centio.Postea
2385 4792 2511 4849 loco
2543 4793 2920 4851 Eucharistia
2953 4795 3144 4852 missa
3177 4798 3316 4852 sunt
3336 4795 3581 4868 eulogia

1930 4898 2032 4938 seu
2064 4881 2269 4938 oblata
2302 4882 2889 4939 inconsecrata.Hinc
2920 4884 2980 4939 in
3005 4883 3137 4940 Vita
3155 4884 3399 4942 Joannis
3421 4901 3582 4957 papa

1929 4970 2086 5027 tertii
2117 4971 2499 5027 constitutum
2529 4971 2744 5044 legitur
2777 4996 2798 5023 α
2834 4979 2899 5030 ut
2930 4973 3251 5031 oblationes
3283 4977 3339 5029 et
3369 4973 3579 5029 amula

1926 5059 2013 5116 vel
2045 5059 2359 5117 luminaria
2388 5060 2446 5116 in
2479 5062 2828 5120 cameteriis
2858 5080 2962 5136 per
2998 5080 3202 5120 omnes
3243 5063 3580 5120 Dominicas

1927 5150 1997 5206 de
2028 5150 2329 5207 Lateranis
2363 5151 2861 5220 ministrarentur,
2895 5176 2923 5205 ››
2954 5157 3013 5209 et
3036 5153 3095 5208 in
3127 5152 3264 5209 Vita
3313 5151 3580 5225 Gregorii

1924 5239 2101 5309 tertii,
2135 5263 2162 5290 «
2197 5243 2260 5295 ut
2290 5239 2618 5298 oblationes
2649 5243 2719 5299 de
2746 5242 3100 5315 patriarchio
3131 5259 3234 5315 per
3258 5240 3576 5298 oblatione-

1923 5330 2077 5386 rium
2109 5330 2559 5402 deportarentur
2588 5332 2660 5388 ad
2693 5331 3070 5390 celebrandas
3101 5333 3375 5400 missas,»
3407 5331 3579 5388 obla-

1920 5420 2132 5488 tiones,
2164 5419 2426 5492 inquam,
2461 5421 2630 5494 panis
2660 5427 2716 5478 et
2745 5422 2886 5492 vini,
2916 5422 3119 5495 quales
3143 5422 3461 5496 Gregorius
3487 5438 3576 5480 se-

1921 5510 2150 5567 cundus
2180 5509 2434 5568 ecclesia
2465 5511 2661 5568 Sancti
2687 5511 2852 5569 Pauli
2883 5511 3142 5585 quotidie
3174 5511 3328 5569 mitti
3351 5512 3569 5568 consti-

1917 5601 2049 5660 tuit.
2077 5599 2293 5659 Verum
2317 5601 2546 5661 etiamsi
2558 5601 2817 5677 pontifex
2845 5603 3272 5664 Eucharistiam
3305 5603 3578 5662 mittebat
