  <div class='ocr_page' id='page_1' title='image "/cluster/home/n/w/nwhite01/storage/ocr_20150623/143/uva.x000829790/663.png"; bbox 0 0 3970 6218; ppageno 0'>
   <div class='ocr_carea' id='block_1_1' title="bbox 336 287 1927 363">
    <p class='ocr_par' dir='ltr' id='par_1_1' title="bbox 336 287 1906 357">
     <span class='ocr_line' id='line_1_1' title="bbox 336 287 1906 357; baseline 0.003 -5"><span class='ocrx_word' id='word_1_1' title='bbox 336 287 491 354; x_wconf 72' lang='grc'>1278</span> <span class='ocrx_word' id='word_1_2' title='bbox 1369 288 1762 356; x_wconf 85' lang='lat' dir='ltr'>APPENDIX</span> <span class='ocrx_word' id='word_1_3' title='bbox 1803 293 1906 357; x_wconf 77' lang='lat' dir='ltr'><strong>AD</strong></span> 
     </span>
    </p>
   </div>
   <div class='ocr_carea' id='block_1_2' title="bbox 2048 287 3732 363">
    <p class='ocr_par' dir='ltr' id='par_1_2' title="bbox 2048 289 3732 363">
     <span class='ocr_line' id='line_1_2' title="bbox 2048 289 3732 363; baseline -0.001 -2"><span class='ocrx_word' id='word_1_4' title='bbox 2048 289 2214 363; x_wconf 74' lang='grc' dir='ltr'>ἘΒΑ</span> <span class='ocrx_word' id='word_1_5' title='bbox 2254 293 2691 362; x_wconf 80' lang='lat' dir='ltr'>HUMBERTI.</span> <span class='ocrx_word' id='word_1_6' title='bbox 3567 293 3732 362; x_wconf 78' lang='grc'>12⁷76</span> 
     </span>
    </p>
   </div>
   <div class='ocr_carea' id='block_1_3' title="bbox 333 420 3727 505">
    <p class='ocr_par' dir='ltr' id='par_1_3' title="bbox 333 420 3727 505">
     <span class='ocr_line' id='line_1_3' title="bbox 333 420 3727 505; baseline 0.003 -23"><span class='ocrx_word' id='word_1_7' title='bbox 333 426 406 482; x_wconf 88' lang='lat' dir='ltr'>ad</span> <span class='ocrx_word' id='word_1_8' title='bbox 439 424 638 483; x_wconf 82' lang='lat' dir='ltr'>titulos</span> <span class='ocrx_word' id='word_1_9' title='bbox 665 422 854 488; x_wconf 82' lang='lat' dir='ltr'>Urbis,</span> <span class='ocrx_word' id='word_1_10' title='bbox 887 420 1062 479; x_wconf 88' lang='lat' dir='ltr'>aliam</span> <span class='ocrx_word' id='word_1_11' title='bbox 1085 425 1277 480; x_wconf 90' lang='lat' dir='ltr'>tamen</span> <span class='ocrx_word' id='word_1_12' title='bbox 1301 425 1618 498; x_wconf 76' lang='lat' dir='ltr'>presbyteri</span> <span class='ocrx_word' id='word_1_13' title='bbox 1649 427 1775 484; x_wconf 83' lang='lat' dir='ltr'>sine</span> <span class='ocrx_word' id='word_1_14' title='bbox 1796 429 1973 487; x_wconf 90' lang='lat' dir='ltr'>dubio</span> <span class='ocrx_word' id='word_1_15' title='bbox 2004 433 2058 499; x_wconf 83' lang='grc' dir='ltr'><strong>Α</strong></span> <span class='ocrx_word' id='word_1_16' title='bbox 2087 448 2221 488; x_wconf 91' lang='lat' dir='ltr'>nem</span> <span class='ocrx_word' id='word_1_17' title='bbox 2253 448 2519 505; x_wconf 90' lang='lat' dir='ltr'>azymum</span> <span class='ocrx_word' id='word_1_18' title='bbox 2551 431 2889 488; x_wconf 81' lang='lat' dir='ltr'>Latinorum</span> <span class='ocrx_word' id='word_1_19' title='bbox 2920 447 2954 489; x_wconf 94' lang='lat' dir='ltr'>a</span> <span class='ocrx_word' id='word_1_20' title='bbox 2983 431 3182 491; x_wconf 87' lang='lat' dir='ltr'>Niceta</span> <span class='ocrx_word' id='word_1_21' title='bbox 3211 429 3512 492; x_wconf 89' lang='lat' dir='ltr'>Pectorato</span> <span class='ocrx_word' id='word_1_22' title='bbox 3530 431 3727 492; x_wconf 87' lang='lat' dir='ltr'>vocari</span> 
     </span>
    </p>
   </div>
   <div class='ocr_carea' id='block_1_4' title="bbox 333 512 3727 593">
    <p class='ocr_par' dir='ltr' id='par_1_4' title="bbox 333 512 3727 593">
     <span class='ocr_line' id='line_1_4' title="bbox 333 512 3727 593; baseline 0.003 -23"><span class='ocrx_word' id='word_1_23' title='bbox 333 515 769 571; x_wconf 82' lang='lat' dir='ltr'>consecrabant.</span> <span class='ocrx_word' id='word_1_24' title='bbox 809 512 950 568; x_wconf 86' lang='lat' dir='ltr'>Nam</span> <span class='ocrx_word' id='word_1_25' title='bbox 1000 517 1057 567; x_wconf 92' lang='lat' dir='ltr'>et</span> <span class='ocrx_word' id='word_1_26' title='bbox 1105 512 1318 569; x_wconf 87' lang='lat' dir='ltr'>missas</span> <span class='ocrx_word' id='word_1_27' title='bbox 1365 513 1736 571; x_wconf 84' lang='lat' dir='ltr'>celebrabant</span> <span class='ocrx_word' id='word_1_28' title='bbox 1782 521 1856 585; x_wconf 90' lang='lat' dir='ltr'>et,</span> <span class='ocrx_word' id='word_1_29' title='bbox 1909 525 1973 574; x_wconf 92' lang='lat' dir='ltr'>ut</span> <span class='ocrx_word' id='word_1_30' title='bbox 2080 527 2274 591; x_wconf 81' lang='grc' dir='ltr'>ἇζύμην</span> <span class='ocrx_word' id='word_1_31' title='bbox 2304 531 2462 592; x_wconf 82' lang='grc' dir='ltr'>ζύμην</span> <span class='ocrx_word' id='word_1_32' title='bbox 2494 544 2522 572; x_wconf 86' lang='grc'>‹‹</span> <span class='ocrx_word' id='word_1_33' title='bbox 2556 537 2825 593; x_wconf 89' lang='lat' dir='ltr'>azymum</span> <span class='ocrx_word' id='word_1_34' title='bbox 2871 522 3240 590; x_wconf 85' lang='lat' dir='ltr'>fermentum,</span> <span class='ocrx_word' id='word_1_35' title='bbox 3302 547 3323 575; x_wconf 79' lang='grc' dir='ltr'><strong><em>ι</em></strong></span> <span class='ocrx_word' id='word_1_36' title='bbox 3381 521 3502 593; x_wconf 83' lang='lat' dir='ltr'>nisi</span> <span class='ocrx_word' id='word_1_37' title='bbox 3532 520 3590 578; x_wconf 89' lang='lat' dir='ltr'>id</span> <span class='ocrx_word' id='word_1_38' title='bbox 3621 539 3727 579; x_wconf 89' lang='lat' dir='ltr'>ex-</span> 
     </span>
    </p>
   </div>
   <div class='ocr_carea' id='block_1_5' title="bbox 331 601 3490 680">
    <p class='ocr_par' dir='ltr' id='par_1_5' title="bbox 331 601 3490 680">
     <span class='ocr_line' id='line_1_5' title="bbox 331 601 3490 680; baseline 0.003 -23"><span class='ocrx_word' id='word_1_39' title='bbox 331 604 443 658; x_wconf 90' lang='lat' dir='ltr'>sibi</span> <span class='ocrx_word' id='word_1_40' title='bbox 474 604 529 657; x_wconf 91' lang='lat' dir='ltr'>id</span> <span class='ocrx_word' id='word_1_41' title='bbox 563 602 758 656; x_wconf 90' lang='lat' dir='ltr'>liceret</span> <span class='ocrx_word' id='word_1_42' title='bbox 789 616 891 671; x_wconf 90' lang='lat' dir='ltr'>per</span> <span class='ocrx_word' id='word_1_43' title='bbox 919 601 1273 672; x_wconf 90' lang='lat' dir='ltr'>pontiﬁcem,</span> <span class='ocrx_word' id='word_1_44' title='bbox 1315 603 1670 659; x_wconf 87' lang='lat' dir='ltr'>eucharistia</span> <span class='ocrx_word' id='word_1_45' title='bbox 1701 605 1967 662; x_wconf 90' lang='lat' dir='ltr'>mitteba-</span> <span class='ocrx_word' id='word_1_46' title='bbox 2078 610 2378 680; x_wconf 91' lang='lat' dir='ltr'>probando</span> <span class='ocrx_word' id='word_1_47' title='bbox 2410 617 2465 666; x_wconf 89' lang='lat' dir='ltr'>et</span> <span class='ocrx_word' id='word_1_48' title='bbox 2490 610 2908 666; x_wconf 88' lang='lat' dir='ltr'>subsannando</span> <span class='ocrx_word' id='word_1_49' title='bbox 2936 609 3152 666; x_wconf 82' lang='lat' dir='ltr'>dixisse</span> <span class='ocrx_word' id='word_1_50' title='bbox 3181 610 3490 666; x_wconf 79' lang='lat' dir='ltr'>videretur.</span> 
     </span>
    </p>
   </div>
   <div class='ocr_carea' id='block_1_6' title="bbox 327 690 3724 798">
    <p class='ocr_par' dir='ltr' id='par_1_6' title="bbox 327 690 3724 798">
     <span class='ocr_line' id='line_1_6' title="bbox 327 690 3724 798; baseline 0.001 -20"><span class='ocrx_word' id='word_1_51' title='bbox 327 696 461 798; x_wconf 32' lang='lat' dir='ltr'>fuit}</span> <span class='ocrx_word' id='word_1_52' title='bbox 489 690 1546 798; x_wconf 56' lang='lat' dir='ltr'>f“_‘?_‘f?§‘_’_exj‘t}‘a‘!‘f°_°blat‘?“?»eF</span> <span class='ocrx_word' id='word_1_53' title='bbox 1573 709 1640 748; x_wconf 66' lang='lat' dir='ltr'>ex</span> <span class='ocrx_word' id='word_1_54' title='bbox 1665 710 1731 748; x_wconf 65' lang='lat' dir='ltr'>ea</span> <span class='ocrx_word' id='word_1_55' title='bbox 1752 695 1970 798; x_wconf 37' lang='lat' dir='ltr'>sane.“</span> <span class='ocrx_word' id='word_1_56' title='bbox 2145 730 2382 782; x_wconf 84' lang='lat' dir='ltr'>Sextum</span> <span class='ocrx_word' id='word_1_57' title='bbox 2415 742 2518 798; x_wconf 91' lang='lat' dir='ltr'>pro</span> <span class='ocrx_word' id='word_1_58' title='bbox 2535 726 2816 781; x_wconf 88' lang='lat' dir='ltr'>fermento</span> <span class='ocrx_word' id='word_1_59' title='bbox 2832 729 3194 782; x_wconf 87' lang='lat' dir='ltr'>momentum</span> <span class='ocrx_word' id='word_1_60' title='bbox 3208 725 3536 782; x_wconf 89' lang='lat' dir='ltr'>desumitur</span> <span class='ocrx_word' id='word_1_61' title='bbox 3553 744 3621 783; x_wconf 89' lang='lat' dir='ltr'>ex</span> <span class='ocrx_word' id='word_1_62' title='bbox 3646 727 3724 784; x_wconf 86' lang='lat' dir='ltr'>si-</span> 
     </span>
    </p>
   </div>
   <div class='ocr_carea' id='block_1_7' title="bbox 324 779 1927 885">
    <p class='ocr_par' dir='ltr' id='par_1_7' title="bbox 324 779 1927 851">
     <span class='ocr_line' id='line_1_7' title="bbox 324 779 1927 851; baseline 0.003 -18"><span class='ocrx_word' id='word_1_63' title='bbox 324 795 451 849; x_wconf 68' lang='lat' dir='ltr'>quae</span> <span class='ocrx_word' id='word_1_64' title='bbox 484 796 516 833; x_wconf 90' lang='lat' dir='ltr'>a</span> <span class='ocrx_word' id='word_1_65' title='bbox 545 779 837 848; x_wconf 87' lang='lat' dir='ltr'>pontiﬁce,</span> <span class='ocrx_word' id='word_1_66' title='bbox 871 781 926 832; x_wconf 90' lang='lat' dir='ltr'>et</span> <span class='ocrx_word' id='word_1_67' title='bbox 957 794 1021 833; x_wconf 81' lang='lat' dir='ltr'>ex</span> <span class='ocrx_word' id='word_1_68' title='bbox 1048 795 1114 833; x_wconf 87' lang='lat' dir='ltr'>ea</span> <span class='ocrx_word' id='word_1_69' title='bbox 1145 796 1272 850; x_wconf 63' lang='lat' dir='ltr'>quae</span> <span class='ocrx_word' id='word_1_70' title='bbox 1315 780 1386 835; x_wconf 90' lang='lat' dir='ltr'>ab</span> <span class='ocrx_word' id='word_1_71' title='bbox 1436 780 1580 851; x_wconf 87' lang='lat' dir='ltr'>ipsis</span> <span class='ocrx_word' id='word_1_72' title='bbox 1631 788 1927 838; x_wconf 85' lang='lat' dir='ltr'>consecrat</span> 
     </span>
    </p>
   </div>
   <div class='ocr_carea' id='block_1_8' title="bbox 2048 779 3716 885">
    <p class='ocr_par' dir='ltr' id='par_1_8' title="bbox 2074 779 3716 885">
     <span class='ocr_line' id='line_1_8' title="bbox 2194 779 3697 798; baseline 0.001 -18"><span class='ocrx_word' id='word_1_73' title='bbox 2194 779 2381 782; x_wconf 59' lang='lat'><strong><em>,</em></strong></span> <span class='ocrx_word' id='word_1_74' title='bbox 2417 779 2511 798; x_wconf 50' lang='grc' dir='ltr'>Γ,</span> <span class='ocrx_word' id='word_1_75' title='bbox 2540 779 2575 780; x_wconf 43' lang='grc' dir='ltr'><em>η</em></span> <span class='ocrx_word' id='word_1_76' title='bbox 2836 779 3525 782; x_wconf 27' lang='lat' dir='ltr'>,,,-,,--,,,_v____-_V__-__</span> <span class='ocrx_word' id='word_1_77' title='bbox 3558 779 3621 783; x_wconf 72' lang='lat'>__</span> <span class='ocrx_word' id='word_1_78' title='bbox 3646 779 3697 784; x_wconf 53' lang='grc' dir='ltr'>η-</span> 
     </span>
     <span class='ocr_line' id='line_1_9' title="bbox 2074 812 3716 885; baseline 0.002 -19"><span class='ocrx_word' id='word_1_79' title='bbox 2074 812 2252 868; x_wconf 88' lang='lat' dir='ltr'>lentio</span> <span class='ocrx_word' id='word_1_80' title='bbox 2279 813 2593 885; x_wconf 90' lang='lat' dir='ltr'>Photii,qui</span> <span class='ocrx_word' id='word_1_81' title='bbox 2626 830 2760 868; x_wconf 91' lang='lat' dir='ltr'>cum</span> <span class='ocrx_word' id='word_1_82' title='bbox 2794 813 3141 870; x_wconf 88' lang='lat' dir='ltr'>criminandi</span> <span class='ocrx_word' id='word_1_83' title='bbox 3174 813 3406 871; x_wconf 87' lang='lat' dir='ltr'>Latinos</span> <span class='ocrx_word' id='word_1_84' title='bbox 3438 815 3496 870; x_wconf 90' lang='lat' dir='ltr'>in</span> <span class='ocrx_word' id='word_1_85' title='bbox 3528 815 3716 870; x_wconf 88' lang='lat' dir='ltr'>omni-</span> 
     </span>
    </p>
   </div>
   <div class='ocr_carea' id='block_1_9' title="bbox 323 867 3714 973">
    <p class='ocr_par' dir='ltr' id='par_1_9' title="bbox 323 867 3714 973">
     <span class='ocr_line' id='line_1_10' title="bbox 323 867 3714 973; baseline 0.001 -17"><span class='ocrx_word' id='word_1_86' title='bbox 323 875 464 973; x_wconf 51' lang='lat' dir='ltr'>erat;</span> <span class='ocrx_word' id='word_1_87' title='bbox 498 867 802 973; x_wconf 56' lang='grc' dir='ltr'>ςνεῖεξδγιεγ</span> <span class='ocrx_word' id='word_1_88' title='bbox 831 871 887 921; x_wconf 71' lang='grc' dir='ltr'>ει</span> <span class='ocrx_word' id='word_1_89' title='bbox 919 867 1168 973; x_wconf 48' lang='lat' dir='ltr'>aequitas</span> <span class='ocrx_word' id='word_1_90' title='bbox 1202 869 1736 973; x_wconf 44' lang='lat' dir='ltr'>communiebant</span> <span class='ocrx_word' id='word_1_91' title='bbox 1761 871 1963 973; x_wconf 60' lang='lat' dir='ltr'>Singile</span> <span class='ocrx_word' id='word_1_92' title='bbox 2070 900 2181 956; x_wconf 62' lang='lat'>1....</span> <span class='ocrx_word' id='word_1_93' title='bbox 2216 867 2587 973; x_wconf 62' lang='grc' dir='ltr'>ίηριέίδιέέα</span> <span class='ocrx_word' id='word_1_94' title='bbox 2616 867 3714 960; x_wconf 43' lang='lat' dir='ltr'>sacrassana;‘a&#39;;..;g.;.‘a;-</span> 
     </span>
    </p>
   </div>
   <div class='ocr_carea' id='block_1_10' title="bbox 322 956 1927 1063">
    <p class='ocr_par' dir='ltr' id='par_1_10' title="bbox 322 956 1927 1030">
     <span class='ocr_line' id='line_1_11' title="bbox 322 956 1927 1030; baseline 0.004 -21"><span class='ocrx_word' id='word_1_95' title='bbox 322 957 462 1028; x_wconf 91' lang='lat' dir='ltr'>quid</span> <span class='ocrx_word' id='word_1_96' title='bbox 496 956 782 1010; x_wconf 79' lang='lat' dir='ltr'>faciebant</span> <span class='ocrx_word' id='word_1_97' title='bbox 812 956 1130 1028; x_wconf 80' lang='lat' dir='ltr'>presbyteri</span> <span class='ocrx_word' id='word_1_98' title='bbox 1166 972 1364 1012; x_wconf 85' lang='lat' dir='ltr'>recens</span> <span class='ocrx_word' id='word_1_99' title='bbox 1395 957 1645 1012; x_wconf 87' lang='lat' dir='ltr'>ordinati</span> <span class='ocrx_word' id='word_1_100' title='bbox 1700 960 1799 1030; x_wconf 88' lang='lat' dir='ltr'>qui</span> <span class='ocrx_word' id='word_1_101' title='bbox 1849 961 1927 1015; x_wconf 90' lang='lat' dir='ltr'>Eu</span> 
     </span>
    </p>
   </div>
   <div class='ocr_carea' id='block_1_11' title="bbox 2048 956 3714 1063">
    <p class='ocr_par' dir='ltr' id='par_1_11' title="bbox 2069 989 3714 1063">
     <span class='ocr_line' id='line_1_12' title="bbox 2069 989 3714 1063; baseline 0.002 -21"><span class='ocrx_word' id='word_1_102' title='bbox 2069 989 2404 1060; x_wconf 89' lang='lat' dir='ltr'>crepabant,</span> <span class='ocrx_word' id='word_1_103' title='bbox 2438 989 2773 1045; x_wconf 83' lang='lat' dir='ltr'>occasiones</span> <span class='ocrx_word' id='word_1_104' title='bbox 2804 995 3135 1062; x_wconf 84' lang='lat' dir='ltr'>corrogaret</span> <span class='ocrx_word' id='word_1_105' title='bbox 3165 1007 3390 1057; x_wconf 91' lang='lat' dir='ltr'>omnes,</span> <span class='ocrx_word' id='word_1_106' title='bbox 3410 1008 3714 1063; x_wconf 85' lang='lat' dir='ltr'>nunquam</span> 
     </span>
    </p>
   </div>
   <div class='ocr_carea' id='block_1_12' title="bbox 320 1045 3711 1150">
    <p class='ocr_par' dir='ltr' id='par_1_12' title="bbox 320 1045 3711 1150">
     <span class='ocr_line' id='line_1_13' title="bbox 320 1045 3711 1150; baseline 0.001 -51"><span class='ocrx_word' id='word_1_107' title='bbox 320 1045 596 1099; x_wconf 89' lang='lat' dir='ltr'>charistia</span> <span class='ocrx_word' id='word_1_108' title='bbox 628 1046 698 1098; x_wconf 91' lang='lat' dir='ltr'>de</span> <span class='ocrx_word' id='word_1_109' title='bbox 732 1061 906 1099; x_wconf 86' lang='lat' dir='ltr'>manu</span> <span class='ocrx_word' id='word_1_110' title='bbox 926 1045 1180 1116; x_wconf 88' lang='lat' dir='ltr'>episcopi</span> <span class='ocrx_word' id='word_1_111' title='bbox 1202 1045 1294 1099; x_wconf 91' lang='lat' dir='ltr'>die</span> <span class='ocrx_word' id='word_1_112' title='bbox 1317 1045 1701 1100; x_wconf 86' lang='lat' dir='ltr'>ordinationis</span> <span class='ocrx_word' id='word_1_113' title='bbox 1724 1064 1841 1102; x_wconf 66' lang='lat' dir='ltr'>sure</span> <span class='ocrx_word' id='word_1_114' title='bbox 1865 1065 1957 1103; x_wconf 88' lang='lat' dir='ltr'>ac-</span> <span class='ocrx_word' id='word_1_115' title='bbox 2066 1045 2262 1132; x_wconf 49' lang='lat' dir='ltr'>tanien</span> <span class='ocrx_word' id='word_1_116' title='bbox 2286 1045 2619 1149; x_wconf 68' lang='lat' dir='ltr'>azy&#39;momm</span> <span class='ocrx_word' id='word_1_117' title='bbox 2645 1093 2818 1131; x_wconf 73' lang='lat' dir='ltr'>usum</span> <span class='ocrx_word' id='word_1_118' title='bbox 2851 1045 3061 1148; x_wconf 57' lang='lat' dir='ltr'>Obje‘git</span> <span class='ocrx_word' id='word_1_119' title='bbox 3079 1103 3092 1146; x_wconf 51' lang='grc' dir='ltr'>ς</span> <span class='ocrx_word' id='word_1_120' title='bbox 3124 1045 3711 1150; x_wconf 46' lang='grc' dir='ltr'>ᾳυᾶωξιςᾱθεῇξηθᾶ</span> 
     </span>
    </p>
   </div>
   <div class='ocr_carea' id='block_1_13' title="bbox 318 1133 3711 1237">
    <p class='ocr_par' dir='ltr' id='par_1_13' title="bbox 318 1133 3711 1237">
     <span class='ocr_line' id='line_1_14' title="bbox 318 1133 3711 1237; baseline 0.005 -31"><span class='ocrx_word' id='word_1_121' title='bbox 318 1138 484 1232; x_wconf 59' lang='grc' dir='ltr'>σερίδ’</span> <span class='ocrx_word' id='word_1_122' title='bbox 513 1133 570 1187; x_wconf 72' lang='lat' dir='ltr'>in</span> <span class='ocrx_word' id='word_1_123' title='bbox 616 1133 739 1237; x_wconf 58' lang='grc' dir='ltr'>ἀίθξ</span> <span class='ocrx_word' id='word_1_124' title='bbox 765 1133 1158 1237; x_wconf 58' lang='grc' dir='ltr'>ξξυθάξδβίοίδ</span> <span class='ocrx_word' id='word_1_125' title='bbox 1190 1134 1713 1237; x_wconf 40' lang='grc' dir='ltr'>τθιίῖθίθδδοίξτῖεθῖ</span> <span class='ocrx_word' id='word_1_126' title='bbox 1759 1139 1954 1233; x_wconf 31' lang='lat' dir='ltr'>Fatue“</span> <span class='ocrx_word' id='word_1_127' title='bbox 2064 1165 2113 1218; x_wconf 90' lang='lat' dir='ltr'>si</span> <span class='ocrx_word' id='word_1_128' title='bbox 2149 1182 2288 1220; x_wconf 91' lang='lat' dir='ltr'>usus</span> <span class='ocrx_word' id='word_1_129' title='bbox 2332 1133 2430 1220; x_wconf 75' lang='lat' dir='ltr'>ille</span> <span class='ocrx_word' id='word_1_130' title='bbox 2477 1169 2604 1220; x_wconf 93' lang='lat' dir='ltr'>tum</span> <span class='ocrx_word' id='word_1_131' title='bbox 2651 1133 2958 1237; x_wconf 63' lang='lat' dir='ltr'>viguisset,</span> <span class='ocrx_word' id='word_1_132' title='bbox 3011 1133 3711 1226; x_wconf 44' lang='lat' dir='ltr'>no&#39;nlvideturu</span> 
     </span>
    </p>
   </div>
   <div class='ocr_carea' id='block_1_14' title="bbox 317 1220 1951 1292">
    <p class='ocr_par' dir='ltr' id='par_1_14' title="bbox 317 1220 1951 1292">
     <span class='ocr_line' id='line_1_15' title="bbox 317 1220 1951 1292; baseline 0.002 -16"><span class='ocrx_word' id='word_1_133' title='bbox 317 1221 558 1276; x_wconf 89' lang='lat' dir='ltr'>missam</span> <span class='ocrx_word' id='word_1_134' title='bbox 583 1220 839 1292; x_wconf 84' lang='lat' dir='ltr'>quotidie</span> <span class='ocrx_word' id='word_1_135' title='bbox 862 1220 1150 1275; x_wconf 89' lang='lat' dir='ltr'>celebrare</span> <span class='ocrx_word' id='word_1_136' title='bbox 1167 1222 1951 1292; x_wconf 88' lang='lat' dir='ltr'>poterant,etEucharistiam</span> 
     </span>
    </p>
   </div>
   <div class='ocr_carea' id='block_1_15' title="bbox 318 1308 1950 1380">
    <p class='ocr_par' dir='ltr' id='par_1_15' title="bbox 318 1308 1950 1380">
     <span class='ocr_line' id='line_1_16' title="bbox 318 1308 1950 1380; baseline 0.001 -15"><span class='ocrx_word' id='word_1_137' title='bbox 318 1327 435 1365; x_wconf 86' lang='lat' dir='ltr'>ase</span> <span class='ocrx_word' id='word_1_138' title='bbox 461 1314 859 1364; x_wconf 85' lang='lat' dir='ltr'>consecratam</span> <span class='ocrx_word' id='word_1_139' title='bbox 894 1308 1070 1364; x_wconf 88' lang='lat' dir='ltr'>simul</span> <span class='ocrx_word' id='word_1_140' title='bbox 1119 1309 1433 1380; x_wconf 87' lang='lat' dir='ltr'>percipere,</span> <span class='ocrx_word' id='word_1_141' title='bbox 1485 1313 1631 1364; x_wconf 86' lang='lat' dir='ltr'>teste</span> <span class='ocrx_word' id='word_1_142' title='bbox 1682 1310 1950 1367; x_wconf 87' lang='lat' dir='ltr'>Fulberto</span> 
     </span>
    </p>
   </div>
   <div class='ocr_carea' id='block_1_16' title="bbox 314 1397 1852 1469">
    <p class='ocr_par' dir='ltr' id='par_1_16' title="bbox 314 1397 1852 1469">
     <span class='ocr_line' id='line_1_17' title="bbox 314 1397 1852 1469; baseline 0 -16"><span class='ocrx_word' id='word_1_143' title='bbox 314 1399 659 1454; x_wconf 81' lang='lat' dir='ltr'>Carnutensi</span> <span class='ocrx_word' id='word_1_144' title='bbox 692 1398 962 1469; x_wconf 88' lang='lat' dir='ltr'>episcopo</span> <span class='ocrx_word' id='word_1_145' title='bbox 993 1397 1050 1451; x_wconf 92' lang='lat' dir='ltr'>in</span> <span class='ocrx_word' id='word_1_146' title='bbox 1077 1397 1322 1468; x_wconf 89' lang='lat' dir='ltr'>epistola</span> <span class='ocrx_word' id='word_1_147' title='bbox 1348 1401 1382 1451; x_wconf 90' lang='lat'><strong><em>2</em></strong></span> <span class='ocrx_word' id='word_1_148' title='bbox 1413 1398 1483 1451; x_wconf 90' lang='lat' dir='ltr'>ad</span> <span class='ocrx_word' id='word_1_149' title='bbox 1514 1398 1852 1453; x_wconf 89' lang='lat' dir='ltr'>Einardum.</span> 
     </span>
    </p>
   </div>
   <div class='ocr_carea' id='block_1_17' title="bbox 382 1485 1951 1558">
    <p class='ocr_par' dir='ltr' id='par_1_17' title="bbox 382 1485 1951 1558">
     <span class='ocr_line' id='line_1_18' title="bbox 382 1485 1951 1558; baseline -0.001 -15"><span class='ocrx_word' id='word_1_150' title='bbox 382 1488 492 1543; x_wconf 91' lang='lat' dir='ltr'>Sed</span> <span class='ocrx_word' id='word_1_151' title='bbox 519 1495 579 1542; x_wconf 87' lang='lat' dir='ltr'>ut</span> <span class='ocrx_word' id='word_1_152' title='bbox 601 1487 671 1541; x_wconf 88' lang='lat' dir='ltr'>ad</span> <span class='ocrx_word' id='word_1_153' title='bbox 697 1487 1044 1541; x_wconf 81' lang='lat' dir='ltr'>fermentum</span> <span class='ocrx_word' id='word_1_154' title='bbox 1067 1485 1404 1541; x_wconf 88' lang='lat' dir='ltr'>Melchiadis</span> <span class='ocrx_word' id='word_1_155' title='bbox 1423 1485 1789 1557; x_wconf 89' lang='lat' dir='ltr'>aliorumque</span> <span class='ocrx_word' id='word_1_156' title='bbox 1811 1503 1951 1558; x_wconf 89' lang='lat' dir='ltr'>pon-</span> 
     </span>
    </p>
   </div>
   <div class='ocr_carea' id='block_1_18' title="bbox 317 1574 1949 1641">
    <p class='ocr_par' dir='ltr' id='par_1_18' title="bbox 317 1574 1949 1641">
     <span class='ocr_line' id='line_1_19' title="bbox 317 1574 1949 1641; baseline -0.001 -10"><span class='ocrx_word' id='word_1_157' title='bbox 317 1577 541 1631; x_wconf 89' lang='lat' dir='ltr'>tiﬁcum</span> <span class='ocrx_word' id='word_1_158' title='bbox 575 1579 845 1641; x_wconf 88' lang='lat' dir='ltr'>revertar,</span> <span class='ocrx_word' id='word_1_159' title='bbox 878 1592 981 1629; x_wconf 93' lang='lat' dir='ltr'>cur</span> <span class='ocrx_word' id='word_1_160' title='bbox 1001 1575 1106 1629; x_wconf 92' lang='lat' dir='ltr'>hoc</span> <span class='ocrx_word' id='word_1_161' title='bbox 1139 1574 1373 1629; x_wconf 85' lang='lat' dir='ltr'>nomine</span> <span class='ocrx_word' id='word_1_162' title='bbox 1404 1574 1768 1630; x_wconf 87' lang='lat' dir='ltr'>Eucharistia</span> <span class='ocrx_word' id='word_1_163' title='bbox 1796 1575 1949 1630; x_wconf 90' lang='lat' dir='ltr'>dicta</span> 
     </span>
    </p>
   </div>
   <div class='ocr_carea' id='block_1_19' title="bbox 310 1662 1944 1735">
    <p class='ocr_par' dir='ltr' id='par_1_19' title="bbox 310 1662 1944 1735">
     <span class='ocr_line' id='line_1_20' title="bbox 310 1662 1944 1735; baseline -0.002 -16"><span class='ocrx_word' id='word_1_164' title='bbox 310 1665 389 1719; x_wconf 89' lang='lat' dir='ltr'>sit</span> <span class='ocrx_word' id='word_1_165' title='bbox 418 1663 791 1735; x_wconf 89' lang='lat' dir='ltr'>inquirimus.</span> <span class='ocrx_word' id='word_1_166' title='bbox 823 1663 1194 1728; x_wconf 91' lang='lat' dir='ltr'>Sirmundus,</span> <span class='ocrx_word' id='word_1_167' title='bbox 1229 1662 1462 1717; x_wconf 88' lang='lat' dir='ltr'>tametsi</span> <span class='ocrx_word' id='word_1_168' title='bbox 1511 1662 1673 1717; x_wconf 90' lang='lat' dir='ltr'>locus</span> <span class='ocrx_word' id='word_1_169' title='bbox 1705 1679 1806 1734; x_wconf 90' lang='lat' dir='ltr'>pro</span> <span class='ocrx_word' id='word_1_170' title='bbox 1837 1663 1944 1718; x_wconf 87' lang='lat' dir='ltr'>fer-</span> 
     </span>
    </p>
   </div>
   <div class='ocr_carea' id='block_1_20' title="bbox 311 1749 1948 1824">
    <p class='ocr_par' dir='ltr' id='par_1_20' title="bbox 311 1749 1948 1824">
     <span class='ocr_line' id='line_1_21' title="bbox 311 1749 1948 1824; baseline 0 -18"><span class='ocrx_word' id='word_1_171' title='bbox 311 1754 486 1808; x_wconf 91' lang='lat' dir='ltr'>menti</span> <span class='ocrx_word' id='word_1_172' title='bbox 520 1770 663 1808; x_wconf 88' lang='lat' dir='ltr'>usus</span> <span class='ocrx_word' id='word_1_173' title='bbox 695 1769 868 1824; x_wconf 90' lang='lat' dir='ltr'>quem</span> <span class='ocrx_word' id='word_1_174' title='bbox 900 1766 1158 1806; x_wconf 88' lang='lat' dir='ltr'>asserere</span> <span class='ocrx_word' id='word_1_175' title='bbox 1176 1749 1618 1817; x_wconf 85' lang='lat' dir='ltr'>volebat,facere</span> <span class='ocrx_word' id='word_1_176' title='bbox 1642 1751 1948 1806; x_wconf 89' lang='lat' dir='ltr'>videbatur</span> 
     </span>
    </p>
   </div>
   <div class='ocr_carea' id='block_1_21' title="bbox 309 1840 1947 1916">
    <p class='ocr_par' dir='ltr' id='par_1_21' title="bbox 309 1840 1947 1916">
     <span class='ocr_line' id='line_1_22' title="bbox 309 1840 1947 1916; baseline 0 -20"><span class='ocrx_word' id='word_1_177' title='bbox 309 1843 390 1916; x_wconf 83' lang='lat' dir='ltr'>ita</span> <span class='ocrx_word' id='word_1_178' title='bbox 419 1841 631 1896; x_wconf 87' lang='lat' dir='ltr'>dictam</span> <span class='ocrx_word' id='word_1_179' title='bbox 665 1842 895 1912; x_wconf 90' lang='lat' dir='ltr'>probat,</span> <span class='ocrx_word' id='word_1_180' title='bbox 927 1857 1042 1895; x_wconf 92' lang='lat' dir='ltr'>non</span> <span class='ocrx_word' id='word_1_181' title='bbox 1086 1840 1240 1910; x_wconf 91' lang='lat' dir='ltr'>quod</span> <span class='ocrx_word' id='word_1_182' title='bbox 1290 1856 1358 1894; x_wconf 86' lang='lat' dir='ltr'>ex</span> <span class='ocrx_word' id='word_1_183' title='bbox 1408 1840 1749 1895; x_wconf 87' lang='lat' dir='ltr'>fermentato</span> <span class='ocrx_word' id='word_1_184' title='bbox 1799 1857 1947 1912; x_wconf 88' lang='lat' dir='ltr'>pane</span> 
     </span>
    </p>
   </div>
   <div class='ocr_carea' id='block_1_22' title="bbox 305 1928 1942 2000">
    <p class='ocr_par' dir='ltr' id='par_1_22' title="bbox 305 1928 1942 2000">
     <span class='ocr_line' id='line_1_23' title="bbox 305 1928 1942 2000; baseline 0.001 -16"><span class='ocrx_word' id='word_1_185' title='bbox 305 1934 618 1996; x_wconf 82' lang='lat' dir='ltr'>constaret,</span> <span class='ocrx_word' id='word_1_186' title='bbox 645 1931 743 1985; x_wconf 89' lang='lat' dir='ltr'>sed</span> <span class='ocrx_word' id='word_1_187' title='bbox 775 1929 928 2000; x_wconf 90' lang='lat' dir='ltr'>quod</span> <span class='ocrx_word' id='word_1_188' title='bbox 963 1928 1089 2000; x_wconf 91' lang='lat' dir='ltr'>ipsa</span> <span class='ocrx_word' id='word_1_189' title='bbox 1119 1944 1468 2000; x_wconf 90' lang='lat' dir='ltr'>quocunque</span> <span class='ocrx_word' id='word_1_190' title='bbox 1497 1944 1564 1983; x_wconf 87' lang='lat' dir='ltr'>ex</span> <span class='ocrx_word' id='word_1_191' title='bbox 1595 1945 1742 2000; x_wconf 89' lang='lat' dir='ltr'>pane</span> <span class='ocrx_word' id='word_1_192' title='bbox 1763 1929 1942 1997; x_wconf 86' lang='lat' dir='ltr'>ﬁeret,</span> 
     </span>
    </p>
   </div>
   <div class='ocr_carea' id='block_1_23' title="bbox 307 2017 1943 2090">
    <p class='ocr_par' dir='ltr' id='par_1_23' title="bbox 307 2017 1943 2090">
     <span class='ocr_line' id='line_1_24' title="bbox 307 2017 1943 2090; baseline 0.001 -18"><span class='ocrx_word' id='word_1_193' title='bbox 307 2019 575 2074; x_wconf 90' lang='lat' dir='ltr'>Ecclesiis</span> <span class='ocrx_word' id='word_1_194' title='bbox 597 2020 664 2073; x_wconf 91' lang='lat' dir='ltr'>ad</span> <span class='ocrx_word' id='word_1_195' title='bbox 685 2035 830 2090; x_wconf 80' lang='lat' dir='ltr'>quas</span> <span class='ocrx_word' id='word_1_196' title='bbox 854 2017 1192 2073; x_wconf 89' lang='lat' dir='ltr'>mittebatur</span> <span class='ocrx_word' id='word_1_197' title='bbox 1213 2017 1479 2072; x_wconf 88' lang='lat' dir='ltr'>fermenti</span> <span class='ocrx_word' id='word_1_198' title='bbox 1501 2017 1681 2072; x_wconf 86' lang='lat' dir='ltr'>vicem</span> <span class='ocrx_word' id='word_1_199' title='bbox 1706 2024 1943 2089; x_wconf 71' lang='lat' dir='ltr'>praesta-</span> 
     </span>
    </p>
   </div>
   <div class='ocr_carea' id='block_1_24' title="bbox 305 2103 1940 2178">
    <p class='ocr_par' dir='ltr' id='par_1_24' title="bbox 305 2103 1940 2178">
     <span class='ocr_line' id='line_1_25' title="bbox 305 2103 1940 2178; baseline -0.001 -15"><span class='ocrx_word' id='word_1_200' title='bbox 305 2112 409 2171; x_wconf 90' lang='lat' dir='ltr'>ret,</span> <span class='ocrx_word' id='word_1_201' title='bbox 443 2107 644 2178; x_wconf 91' lang='lat' dir='ltr'>eisque</span> <span class='ocrx_word' id='word_1_202' title='bbox 676 2106 909 2162; x_wconf 90' lang='lat' dir='ltr'>unionis</span> <span class='ocrx_word' id='word_1_203' title='bbox 941 2106 1091 2160; x_wconf 89' lang='lat' dir='ltr'>inter</span> <span class='ocrx_word' id='word_1_204' title='bbox 1120 2122 1181 2160; x_wconf 90' lang='lat' dir='ltr'>se</span> <span class='ocrx_word' id='word_1_205' title='bbox 1213 2103 1510 2160; x_wconf 87' lang='lat' dir='ltr'>vinculum</span> <span class='ocrx_word' id='word_1_206' title='bbox 1543 2109 1716 2171; x_wconf 88' lang='lat' dir='ltr'>esset,</span> <span class='ocrx_word' id='word_1_207' title='bbox 1769 2105 1940 2161; x_wconf 89' lang='lat' dir='ltr'>sicuti</span> 
     </span>
    </p>
   </div>
   <div class='ocr_carea' id='block_1_25' title="bbox 303 2193 1943 2263">
    <p class='ocr_par' dir='ltr' id='par_1_25' title="bbox 303 2193 1943 2263">
     <span class='ocr_line' id='line_1_26' title="bbox 303 2193 1943 2263; baseline -0.001 -13"><span class='ocrx_word' id='word_1_208' title='bbox 303 2195 652 2251; x_wconf 88' lang='lat' dir='ltr'>fermentum</span> <span class='ocrx_word' id='word_1_209' title='bbox 686 2211 891 2248; x_wconf 69' lang='lat' dir='ltr'>massa:</span> <span class='ocrx_word' id='word_1_210' title='bbox 923 2193 1013 2247; x_wconf 88' lang='lat' dir='ltr'>cui</span> <span class='ocrx_word' id='word_1_211' title='bbox 1049 2193 1479 2248; x_wconf 86' lang='lat' dir='ltr'>commiscetur.</span> <span class='ocrx_word' id='word_1_212' title='bbox 1528 2193 1594 2246; x_wconf 87' lang='lat' dir='ltr'>Et</span> <span class='ocrx_word' id='word_1_213' title='bbox 1625 2193 1861 2263; x_wconf 89' lang='lat' dir='ltr'>quidem</span> <span class='ocrx_word' id='word_1_214' title='bbox 1894 2193 1943 2249; x_wconf 89' lang='lat' dir='ltr'>si</span> 
     </span>
    </p>
   </div>
   <div class='ocr_carea' id='block_1_26' title="bbox 300 2280 1938 2356">
    <p class='ocr_par' dir='ltr' id='par_1_26' title="bbox 300 2280 1938 2356">
     <span class='ocr_line' id='line_1_27' title="bbox 300 2280 1938 2356; baseline -0.001 -18"><span class='ocrx_word' id='word_1_215' title='bbox 300 2285 445 2340; x_wconf 89' lang='lat' dir='ltr'>bene</span> <span class='ocrx_word' id='word_1_216' title='bbox 477 2284 911 2356; x_wconf 88' lang='lat' dir='ltr'>perpendantur</span> <span class='ocrx_word' id='word_1_217' title='bbox 939 2282 1110 2335; x_wconf 88' lang='lat' dir='ltr'>verba</span> <span class='ocrx_word' id='word_1_218' title='bbox 1137 2280 1317 2335; x_wconf 89' lang='lat' dir='ltr'>relata</span> <span class='ocrx_word' id='word_1_219' title='bbox 1347 2297 1414 2336; x_wconf 81' lang='lat' dir='ltr'>ex</span> <span class='ocrx_word' id='word_1_220' title='bbox 1444 2281 1574 2335; x_wconf 90' lang='lat' dir='ltr'>Vita</span> <span class='ocrx_word' id='word_1_221' title='bbox 1598 2280 1938 2337; x_wconf 89' lang='lat' dir='ltr'>Melchiadis</span> 
     </span>
    </p>
   </div>
   <div class='ocr_carea' id='block_1_27' title="bbox 299 2369 1941 2439">
    <p class='ocr_par' dir='ltr' id='par_1_27' title="bbox 299 2369 1941 2439">
     <span class='ocr_line' id='line_1_28' title="bbox 299 2369 1941 2439; baseline -0.002 -11"><span class='ocrx_word' id='word_1_222' title='bbox 299 2378 356 2428; x_wconf 93' lang='lat' dir='ltr'>et</span> <span class='ocrx_word' id='word_1_223' title='bbox 388 2373 598 2439; x_wconf 89' lang='lat' dir='ltr'>Siricii,</span> <span class='ocrx_word' id='word_1_224' title='bbox 625 2374 851 2426; x_wconf 87' lang='lat' dir='ltr'>tantum</span> <span class='ocrx_word' id='word_1_225' title='bbox 883 2370 1047 2424; x_wconf 90' lang='lat' dir='ltr'>abest</span> <span class='ocrx_word' id='word_1_226' title='bbox 1081 2373 1143 2422; x_wconf 91' lang='lat' dir='ltr'>ut</span> <span class='ocrx_word' id='word_1_227' title='bbox 1173 2369 1541 2423; x_wconf 88' lang='lat' dir='ltr'>Eucharistia</span> <span class='ocrx_word' id='word_1_228' title='bbox 1587 2369 1726 2424; x_wconf 90' lang='lat' dir='ltr'>dicti</span> <span class='ocrx_word' id='word_1_229' title='bbox 1753 2371 1941 2424; x_wconf 91' lang='lat' dir='ltr'>videa-</span> 
     </span>
    </p>
   </div>
   <div class='ocr_carea' id='block_1_28' title="bbox 299 2456 1940 2526">
    <p class='ocr_par' dir='ltr' id='par_1_28' title="bbox 299 2456 1940 2526">
     <span class='ocr_line' id='line_1_29' title="bbox 299 2456 1940 2526; baseline -0.003 -10"><span class='ocrx_word' id='word_1_230' title='bbox 299 2467 398 2516; x_wconf 88' lang='lat' dir='ltr'>tur</span> <span class='ocrx_word' id='word_1_231' title='bbox 426 2461 775 2516; x_wconf 87' lang='lat' dir='ltr'>fermentum</span> <span class='ocrx_word' id='word_1_232' title='bbox 809 2475 876 2513; x_wconf 83' lang='lat' dir='ltr'>ex</span> <span class='ocrx_word' id='word_1_233' title='bbox 907 2473 972 2512; x_wconf 91' lang='lat' dir='ltr'>eo</span> <span class='ocrx_word' id='word_1_234' title='bbox 1005 2456 1158 2526; x_wconf 91' lang='lat' dir='ltr'>quod</span> <span class='ocrx_word' id='word_1_235' title='bbox 1193 2456 1474 2511; x_wconf 90' lang='lat' dir='ltr'>fermento</span> <span class='ocrx_word' id='word_1_236' title='bbox 1533 2459 1841 2523; x_wconf 89' lang='lat' dir='ltr'>constaret,</span> <span class='ocrx_word' id='word_1_237' title='bbox 1875 2461 1940 2511; x_wconf 90' lang='lat' dir='ltr'>ut</span> 
     </span>
    </p>
   </div>
   <div class='ocr_carea' id='block_1_29' title="bbox 296 2541 1936 2616">
    <p class='ocr_par' dir='ltr' id='par_1_29' title="bbox 296 2541 1936 2616">
     <span class='ocr_line' id='line_1_30' title="bbox 296 2541 1936 2616; baseline -0.003 -12"><span class='ocrx_word' id='word_1_238' title='bbox 296 2553 498 2604; x_wconf 89' lang='lat' dir='ltr'>contra</span> <span class='ocrx_word' id='word_1_239' title='bbox 528 2549 638 2602; x_wconf 90' lang='lat' dir='ltr'>hoc</span> <span class='ocrx_word' id='word_1_240' title='bbox 665 2561 872 2601; x_wconf 90' lang='lat' dir='ltr'>nomen</span> <span class='ocrx_word' id='word_1_241' title='bbox 907 2543 1016 2615; x_wconf 81' lang='lat' dir='ltr'>ipsi</span> <span class='ocrx_word' id='word_1_242' title='bbox 1041 2542 1396 2598; x_wconf 90' lang='lat' dir='ltr'>adscititium</span> <span class='ocrx_word' id='word_1_243' title='bbox 1423 2541 1731 2598; x_wconf 90' lang='lat' dir='ltr'>etaliunde</span> <span class='ocrx_word' id='word_1_244' title='bbox 1759 2561 1936 2616; x_wconf 90' lang='lat' dir='ltr'>quam</span> 
     </span>
    </p>
   </div>
   <div class='ocr_carea' id='block_1_30' title="bbox 296 2630 1936 2708">
    <p class='ocr_par' dir='ltr' id='par_1_30' title="bbox 296 2630 1936 2708">
     <span class='ocr_line' id='line_1_31' title="bbox 296 2630 1936 2708; baseline -0.002 -16"><span class='ocrx_word' id='word_1_245' title='bbox 296 2638 368 2692; x_wconf 92' lang='lat' dir='ltr'>ab</span> <span class='ocrx_word' id='word_1_246' title='bbox 394 2637 521 2708; x_wconf 91' lang='lat' dir='ltr'>ipsa</span> <span class='ocrx_word' id='word_1_247' title='bbox 552 2653 611 2691; x_wconf 93' lang='lat' dir='ltr'>re</span> <span class='ocrx_word' id='word_1_248' title='bbox 642 2634 892 2708; x_wconf 85' lang='lat' dir='ltr'>petitum</span> <span class='ocrx_word' id='word_1_249' title='bbox 924 2648 1052 2687; x_wconf 88' lang='lat' dir='ltr'>esse</span> <span class='ocrx_word' id='word_1_250' title='bbox 1076 2635 1370 2702; x_wconf 89' lang='lat' dir='ltr'>appareat.</span> <span class='ocrx_word' id='word_1_251' title='bbox 1400 2631 1480 2686; x_wconf 87' lang='lat' dir='ltr'>De</span> <span class='ocrx_word' id='word_1_252' title='bbox 1508 2630 1825 2688; x_wconf 84' lang='lat' dir='ltr'>Melchiade</span> <span class='ocrx_word' id='word_1_253' title='bbox 1857 2632 1936 2688; x_wconf 90' lang='lat' dir='ltr'>1e-</span> 
     </span>
    </p>
   </div>
   <div class='ocr_carea' id='block_1_31' title="bbox 293 2719 1934 2797">
    <p class='ocr_par' dir='ltr' id='par_1_31' title="bbox 293 2719 1934 2797">
     <span class='ocr_line' id='line_1_32' title="bbox 293 2719 1934 2797; baseline -0.002 -18"><span class='ocrx_word' id='word_1_254' title='bbox 293 2725 486 2797; x_wconf 91' lang='lat' dir='ltr'>gitur:</span> <span class='ocrx_word' id='word_1_255' title='bbox 521 2748 545 2774; x_wconf 84' lang='lat'>«</span> <span class='ocrx_word' id='word_1_256' title='bbox 576 2723 677 2778; x_wconf 90' lang='lat' dir='ltr'>Hic</span> <span class='ocrx_word' id='word_1_257' title='bbox 711 2719 1725 2792; x_wconf 72' lang='lat' dir='ltr'>fecitutoblationesconsecratznper</span> <span class='ocrx_word' id='word_1_258' title='bbox 1743 2721 1934 2776; x_wconf 91' lang='lat' dir='ltr'>Eccle-</span> 
     </span>
    </p>
   </div>
   <div class='ocr_carea' id='block_1_32' title="bbox 293 2808 1938 2882">
    <p class='ocr_par' dir='ltr' id='par_1_32' title="bbox 293 2808 1938 2882">
     <span class='ocr_line' id='line_1_33' title="bbox 293 2808 1938 2882; baseline -0.002 -14"><span class='ocrx_word' id='word_1_259' title='bbox 293 2814 412 2868; x_wconf 88' lang='lat' dir='ltr'>sias</span> <span class='ocrx_word' id='word_1_260' title='bbox 445 2827 510 2866; x_wconf 85' lang='lat' dir='ltr'>ex</span> <span class='ocrx_word' id='word_1_261' title='bbox 541 2814 881 2864; x_wconf 90' lang='lat' dir='ltr'>consecratu</span> <span class='ocrx_word' id='word_1_262' title='bbox 913 2808 1172 2880; x_wconf 89' lang='lat' dir='ltr'>episcopi</span> <span class='ocrx_word' id='word_1_263' title='bbox 1216 2808 1625 2881; x_wconf 86' lang='lat' dir='ltr'>dirigerentur,</span> <span class='ocrx_word' id='word_1_264' title='bbox 1660 2811 1812 2882; x_wconf 90' lang='lat' dir='ltr'>quod</span> <span class='ocrx_word' id='word_1_265' title='bbox 1845 2811 1938 2866; x_wconf 93' lang='lat' dir='ltr'>de-</span> 
     </span>
    </p>
   </div>
   <div class='ocr_carea' id='block_1_33' title="bbox 291 2896 1937 2968">
    <p class='ocr_par' dir='ltr' id='par_1_33' title="bbox 291 2896 1937 2968">
     <span class='ocr_line' id='line_1_34' title="bbox 291 2896 1937 2968; baseline -0.001 -13"><span class='ocrx_word' id='word_1_266' title='bbox 291 2900 547 2956; x_wconf 88' lang='lat' dir='ltr'>claratur</span> <span class='ocrx_word' id='word_1_267' title='bbox 578 2899 947 2952; x_wconf 89' lang='lat' dir='ltr'>fermentum.</span> <span class='ocrx_word' id='word_1_268' title='bbox 970 2918 997 2946; x_wconf 90' lang='grc'><strong>››</strong></span> <span class='ocrx_word' id='word_1_269' title='bbox 1032 2896 1092 2950; x_wconf 87' lang='lat' dir='ltr'>In</span> <span class='ocrx_word' id='word_1_270' title='bbox 1119 2896 1378 2964; x_wconf 87' lang='lat' dir='ltr'>Siricio,«</span> <span class='ocrx_word' id='word_1_271' title='bbox 1414 2899 1567 2968; x_wconf 89' lang='lat' dir='ltr'>quod</span> <span class='ocrx_word' id='word_1_272' title='bbox 1600 2899 1937 2954; x_wconf 88' lang='lat' dir='ltr'>nominatur</span> 
     </span>
    </p>
   </div>
   <div class='ocr_carea' id='block_1_34' title="bbox 289 2983 1930 3057">
    <p class='ocr_par' dir='ltr' id='par_1_34' title="bbox 289 2983 1930 3057">
     <span class='ocr_line' id='line_1_35' title="bbox 289 2983 1930 3057; baseline -0.002 -13"><span class='ocrx_word' id='word_1_273' title='bbox 289 2990 643 3044; x_wconf 85' lang='lat' dir='ltr'>fermentum</span> <span class='ocrx_word' id='word_1_274' title='bbox 676 3008 702 3034; x_wconf 83' lang='lat'><strong>»</strong></span> <span class='ocrx_word' id='word_1_275' title='bbox 734 2984 872 3040; x_wconf 90' lang='lat' dir='ltr'>Mihi</span> <span class='ocrx_word' id='word_1_276' title='bbox 901 3000 1034 3039; x_wconf 89' lang='lat' dir='ltr'>vero</span> <span class='ocrx_word' id='word_1_277' title='bbox 1064 2983 1279 3055; x_wconf 86' lang='lat' dir='ltr'>legenti</span> <span class='ocrx_word' id='word_1_278' title='bbox 1319 2984 1439 3040; x_wconf 69' lang='lat' dir='ltr'>haec</span> <span class='ocrx_word' id='word_1_279' title='bbox 1470 2986 1662 3052; x_wconf 89' lang='lat' dir='ltr'>verba,</span> <span class='ocrx_word' id='word_1_280' title='bbox 1698 3008 1725 3035; x_wconf 89' lang='grc'>‹‹</span> <span class='ocrx_word' id='word_1_281' title='bbox 1777 2988 1930 3057; x_wconf 90' lang='lat' dir='ltr'>quod</span> 
     </span>
    </p>
   </div>
   <div class='ocr_carea' id='block_1_35' title="bbox 289 3073 1929 3145">
    <p class='ocr_par' dir='ltr' id='par_1_35' title="bbox 289 3073 1929 3145">
     <span class='ocr_line' id='line_1_36' title="bbox 289 3073 1929 3145; baseline -0.003 -12"><span class='ocrx_word' id='word_1_282' title='bbox 289 3077 636 3142; x_wconf 88' lang='lat' dir='ltr'>declaratur,</span> <span class='ocrx_word' id='word_1_283' title='bbox 671 3074 824 3145; x_wconf 90' lang='lat' dir='ltr'>quod</span> <span class='ocrx_word' id='word_1_284' title='bbox 858 3073 1195 3128; x_wconf 90' lang='lat' dir='ltr'>nominatur</span> <span class='ocrx_word' id='word_1_285' title='bbox 1241 3073 1614 3140; x_wconf 83' lang='lat' dir='ltr'>fermentum,</span> <span class='ocrx_word' id='word_1_286' title='bbox 1654 3096 1680 3122; x_wconf 85' lang='grc'><strong>››</strong></span> <span class='ocrx_word' id='word_1_287' title='bbox 1731 3075 1929 3129; x_wconf 87' lang='lat' dir='ltr'>statim</span> 
     </span>
    </p>
   </div>
   <div class='ocr_carea' id='block_1_36' title="bbox 289 3136 2121 3235">
    <p class='ocr_par' dir='ltr' id='par_1_36' title="bbox 289 3136 2121 3235">
     <span class='ocr_line' id='line_1_37' title="bbox 289 3136 2121 3235; baseline -0.004 -15"><span class='ocrx_word' id='word_1_288' title='bbox 289 3166 470 3221; x_wconf 87' lang='lat' dir='ltr'>subiit</span> <span class='ocrx_word' id='word_1_289' title='bbox 491 3163 764 3235; x_wconf 88' lang='lat' dir='ltr'>cogitatio</span> <span class='ocrx_word' id='word_1_290' title='bbox 791 3165 1128 3216; x_wconf 83' lang='lat' dir='ltr'>extraneum</span> <span class='ocrx_word' id='word_1_291' title='bbox 1156 3160 1265 3216; x_wconf 88' lang='lat' dir='ltr'>hoc</span> <span class='ocrx_word' id='word_1_292' title='bbox 1287 3177 1415 3216; x_wconf 89' lang='lat' dir='ltr'>esse</span> <span class='ocrx_word' id='word_1_293' title='bbox 1437 3161 1928 3228; x_wconf 90' lang='lat' dir='ltr'>vocabulum,non</span> <span class='ocrx_word' id='word_1_294' title='bbox 1961 3158 2002 3224; x_wconf 86' lang='lat' dir='ltr'><strong>C</strong></span> <span class='ocrx_word' id='word_1_295' title='bbox 2038 3136 2121 3235; x_wconf 54' lang='grc' dir='ltr'>Ῠίξ</span> 
     </span>
    </p>
   </div>
   <div class='ocr_carea' id='block_1_37' title="bbox 287 3249 1928 3325">
    <p class='ocr_par' dir='ltr' id='par_1_37' title="bbox 287 3249 1928 3325">
     <span class='ocr_line' id='line_1_38' title="bbox 287 3249 1928 3325; baseline -0.002 -15"><span class='ocrx_word' id='word_1_296' title='bbox 287 3256 358 3310; x_wconf 90' lang='lat' dir='ltr'>ab</span> <span class='ocrx_word' id='word_1_297' title='bbox 389 3254 517 3325; x_wconf 89' lang='lat' dir='ltr'>ipsa</span> <span class='ocrx_word' id='word_1_298' title='bbox 556 3252 636 3306; x_wconf 91' lang='lat' dir='ltr'>rei</span> <span class='ocrx_word' id='word_1_299' title='bbox 671 3250 1001 3307; x_wconf 88' lang='lat' dir='ltr'>substantia</span> <span class='ocrx_word' id='word_1_300' title='bbox 1031 3249 1298 3322; x_wconf 91' lang='lat' dir='ltr'>petitum.</span> <span class='ocrx_word' id='word_1_301' title='bbox 1331 3250 1495 3305; x_wconf 86' lang='lat' dir='ltr'>Certe</span> <span class='ocrx_word' id='word_1_302' title='bbox 1526 3250 1667 3305; x_wconf 91' lang='lat' dir='ltr'>mihi</span> <span class='ocrx_word' id='word_1_303' title='bbox 1693 3267 1928 3322; x_wconf 88' lang='lat' dir='ltr'>persua-</span> 
     </span>
    </p>
   </div>
   <div class='ocr_carea' id='block_1_38' title="bbox 288 3338 1925 3412">
    <p class='ocr_par' dir='ltr' id='par_1_38' title="bbox 288 3338 1925 3412">
     <span class='ocr_line' id='line_1_39' title="bbox 288 3338 1925 3412; baseline -0.003 -13"><span class='ocrx_word' id='word_1_304' title='bbox 288 3359 419 3399; x_wconf 89' lang='lat' dir='ltr'>sum</span> <span class='ocrx_word' id='word_1_305' title='bbox 460 3344 548 3398; x_wconf 91' lang='lat' dir='ltr'>est</span> <span class='ocrx_word' id='word_1_306' title='bbox 595 3338 741 3395; x_wconf 88' lang='lat' dir='ltr'>nihil</span> <span class='ocrx_word' id='word_1_307' title='bbox 791 3344 945 3395; x_wconf 87' lang='lat' dir='ltr'>certe</span> <span class='ocrx_word' id='word_1_308' title='bbox 995 3339 1128 3394; x_wconf 90' lang='lat' dir='ltr'>inde</span> <span class='ocrx_word' id='word_1_309' title='bbox 1176 3339 1380 3394; x_wconf 89' lang='lat' dir='ltr'>conﬁci</span> <span class='ocrx_word' id='word_1_310' title='bbox 1437 3355 1610 3410; x_wconf 90' lang='lat' dir='ltr'>posse</span> <span class='ocrx_word' id='word_1_311' title='bbox 1663 3357 1764 3412; x_wconf 92' lang='lat' dir='ltr'>pro</span> <span class='ocrx_word' id='word_1_312' title='bbox 1814 3340 1925 3395; x_wconf 88' lang='lat' dir='ltr'>fer-</span> 
     </span>
    </p>
   </div>
   <div class='ocr_carea' id='block_1_39' title="bbox 287 3436 504 3488">
    <p class='ocr_par' dir='ltr' id='par_1_39' title="bbox 287 3436 504 3488">
     <span class='ocr_line' id='line_1_40' title="bbox 287 3436 504 3488; baseline 0 -2"><span class='ocrx_word' id='word_1_313' title='bbox 287 3436 504 3488; x_wconf 86' lang='lat' dir='ltr'>mento.</span> 
     </span>
    </p>
   </div>
   <div class='ocr_carea' id='block_1_40' title="bbox 352 3516 1926 3593">
    <p class='ocr_par' dir='ltr' id='par_1_40' title="bbox 352 3516 1926 3593">
     <span class='ocr_line' id='line_1_41' title="bbox 352 3516 1926 3593; baseline -0.001 -17"><span class='ocrx_word' id='word_1_314' title='bbox 352 3524 442 3586; x_wconf 89' lang='lat' dir='ltr'>At,</span> <span class='ocrx_word' id='word_1_315' title='bbox 476 3519 694 3593; x_wconf 86' lang='lat' dir='ltr'>inquis,</span> <span class='ocrx_word' id='word_1_316' title='bbox 727 3517 775 3574; x_wconf 83' lang='lat' dir='ltr'>si</span> <span class='ocrx_word' id='word_1_317' title='bbox 808 3517 976 3590; x_wconf 90' lang='lat' dir='ltr'>panis</span> <span class='ocrx_word' id='word_1_318' title='bbox 1007 3533 1245 3589; x_wconf 88' lang='lat' dir='ltr'>azymus</span> <span class='ocrx_word' id='word_1_319' title='bbox 1266 3516 1604 3583; x_wconf 89' lang='lat' dir='ltr'>fuisset,cur</span> <span class='ocrx_word' id='word_1_320' title='bbox 1634 3517 1926 3574; x_wconf 88' lang='lat' dir='ltr'>contraria</span> 
     </span>
    </p>
   </div>
   <div class='ocr_carea' id='block_1_41' title="bbox 283 3606 1926 3683">
    <p class='ocr_par' dir='ltr' id='par_1_41' title="bbox 283 3606 1926 3683">
     <span class='ocr_line' id='line_1_42' title="bbox 283 3606 1926 3683; baseline -0.002 -17"><span class='ocrx_word' id='word_1_321' title='bbox 283 3609 668 3683; x_wconf 89' lang='lat' dir='ltr'>appellatione</span> <span class='ocrx_word' id='word_1_322' title='bbox 699 3607 890 3663; x_wconf 90' lang='lat' dir='ltr'>dictus</span> <span class='ocrx_word' id='word_1_323' title='bbox 919 3610 1074 3662; x_wconf 89' lang='lat' dir='ltr'>esset</span> <span class='ocrx_word' id='word_1_324' title='bbox 1095 3606 1444 3661; x_wconf 90' lang='lat' dir='ltr'>fermentum</span> <span class='ocrx_word' id='word_1_325' title='bbox 1458 3606 1612 3661; x_wconf 87' lang='lat' dir='ltr'>?Non</span> <span class='ocrx_word' id='word_1_326' title='bbox 1637 3606 1821 3662; x_wconf 88' lang='lat' dir='ltr'>facilis</span> <span class='ocrx_word' id='word_1_327' title='bbox 1842 3623 1926 3662; x_wconf 91' lang='lat' dir='ltr'>re-</span> 
     </span>
    </p>
   </div>
   <div class='ocr_carea' id='block_1_42' title="bbox 282 3694 1924 3770">
    <p class='ocr_par' dir='ltr' id='par_1_42' title="bbox 282 3694 1924 3770">
     <span class='ocr_line' id='line_1_43' title="bbox 282 3694 1924 3770; baseline -0.002 -16"><span class='ocrx_word' id='word_1_328' title='bbox 282 3698 542 3770; x_wconf 87' lang='lat' dir='ltr'>sponsio,</span> <span class='ocrx_word' id='word_1_329' title='bbox 573 3697 672 3752; x_wconf 92' lang='lat' dir='ltr'>ubi</span> <span class='ocrx_word' id='word_1_330' title='bbox 703 3694 1153 3762; x_wconf 86' lang='lat' dir='ltr'>vocabulorum;</span> <span class='ocrx_word' id='word_1_331' title='bbox 1187 3711 1290 3749; x_wconf 90' lang='lat' dir='ltr'>cur</span> <span class='ocrx_word' id='word_1_332' title='bbox 1319 3711 1436 3750; x_wconf 89' lang='lat' dir='ltr'>una</span> <span class='ocrx_word' id='word_1_333' title='bbox 1456 3711 1698 3768; x_wconf 62' lang='lat' dir='ltr'>quaeque</span> <span class='ocrx_word' id='word_1_334' title='bbox 1721 3712 1811 3752; x_wconf 90' lang='lat' dir='ltr'>res</span> <span class='ocrx_word' id='word_1_335' title='bbox 1842 3696 1924 3751; x_wconf 89' lang='lat' dir='ltr'>ita</span> 
     </span>
    </p>
   </div>
   <div class='ocr_carea' id='block_1_43' title="bbox 281 3782 1924 3858">
    <p class='ocr_par' dir='ltr' id='par_1_43' title="bbox 281 3782 1924 3858">
     <span class='ocr_line' id='line_1_44' title="bbox 281 3782 1924 3858; baseline -0.001 -17"><span class='ocrx_word' id='word_1_336' title='bbox 281 3785 571 3858; x_wconf 89' lang='lat' dir='ltr'>appellata</span> <span class='ocrx_word' id='word_1_337' title='bbox 601 3785 694 3852; x_wconf 90' lang='lat' dir='ltr'>sit,</span> <span class='ocrx_word' id='word_1_338' title='bbox 729 3801 937 3839; x_wconf 90' lang='lat' dir='ltr'>causas</span> <span class='ocrx_word' id='word_1_339' title='bbox 966 3782 1254 3854; x_wconf 83' lang='lat' dir='ltr'>explicare</span> <span class='ocrx_word' id='word_1_340' title='bbox 1285 3783 1594 3840; x_wconf 89' lang='lat' dir='ltr'>incumbit.</span> <span class='ocrx_word' id='word_1_341' title='bbox 1632 3784 1812 3840; x_wconf 87' lang='lat' dir='ltr'>Unam</span> <span class='ocrx_word' id='word_1_342' title='bbox 1837 3802 1924 3839; x_wconf 88' lang='lat' dir='ltr'>ra-</span> 
     </span>
    </p>
   </div>
   <div class='ocr_carea' id='block_1_44' title="bbox 279 3871 1919 3944">
    <p class='ocr_par' dir='ltr' id='par_1_44' title="bbox 279 3871 1919 3944">
     <span class='ocr_line' id='line_1_45' title="bbox 279 3871 1919 3944; baseline 0 -15"><span class='ocrx_word' id='word_1_343' title='bbox 279 3875 496 3930; x_wconf 89' lang='lat' dir='ltr'>tionem</span> <span class='ocrx_word' id='word_1_344' title='bbox 528 3890 666 3929; x_wconf 87' lang='lat' dir='ltr'>sane</span> <span class='ocrx_word' id='word_1_345' title='bbox 697 3887 980 3944; x_wconf 88' lang='lat' dir='ltr'>perquam</span> <span class='ocrx_word' id='word_1_346' title='bbox 1029 3871 1394 3942; x_wconf 89' lang='lat' dir='ltr'>probabilem</span> <span class='ocrx_word' id='word_1_347' title='bbox 1430 3871 1625 3927; x_wconf 86' lang='lat' dir='ltr'>attulit</span> <span class='ocrx_word' id='word_1_348' title='bbox 1654 3873 1919 3929; x_wconf 89' lang='lat' dir='ltr'>Sirmun-</span> 
     </span>
    </p>
   </div>
   <div class='ocr_carea' id='block_1_45' title="bbox 279 3959 1922 4034">
    <p class='ocr_par' dir='ltr' id='par_1_45' title="bbox 279 3959 1922 4034">
     <span class='ocr_line' id='line_1_46' title="bbox 279 3959 1922 4034; baseline -0.001 -17"><span class='ocrx_word' id='word_1_349' title='bbox 279 3963 534 4034; x_wconf 87' lang='lat' dir='ltr'>dus.Ego</span> <span class='ocrx_word' id='word_1_350' title='bbox 565 3979 697 4016; x_wconf 92' lang='lat' dir='ltr'>vero</span> <span class='ocrx_word' id='word_1_351' title='bbox 725 3959 1154 4016; x_wconf 90' lang='lat' dir='ltr'>Eucharistiam</span> <span class='ocrx_word' id='word_1_352' title='bbox 1187 3959 1362 4014; x_wconf 88' lang='lat' dir='ltr'>etiam</span> <span class='ocrx_word' id='word_1_353' title='bbox 1394 3959 1503 4015; x_wconf 92' lang='lat' dir='ltr'>hoc</span> <span class='ocrx_word' id='word_1_354' title='bbox 1531 3961 1810 4017; x_wconf 91' lang='lat' dir='ltr'>vocabulo</span> <span class='ocrx_word' id='word_1_355' title='bbox 1828 3979 1922 4034; x_wconf 91' lang='lat' dir='ltr'>ap-</span> 
     </span>
    </p>
   </div>
   <div class='ocr_carea' id='block_1_46' title="bbox 277 4048 1921 4123">
    <p class='ocr_par' dir='ltr' id='par_1_46' title="bbox 277 4048 1921 4123">
     <span class='ocr_line' id='line_1_47' title="bbox 277 4048 1921 4123; baseline -0.001 -16"><span class='ocrx_word' id='word_1_356' title='bbox 277 4051 552 4123; x_wconf 88' lang='lat' dir='ltr'>pellatam</span> <span class='ocrx_word' id='word_1_357' title='bbox 585 4054 746 4122; x_wconf 88' lang='lat' dir='ltr'>puto,</span> <span class='ocrx_word' id='word_1_358' title='bbox 780 4053 845 4104; x_wconf 92' lang='lat' dir='ltr'>ut</span> <span class='ocrx_word' id='word_1_359' title='bbox 875 4048 1109 4104; x_wconf 89' lang='lat' dir='ltr'>nomine</span> <span class='ocrx_word' id='word_1_360' title='bbox 1137 4049 1384 4102; x_wconf 92' lang='lat' dir='ltr'>obscuro</span> <span class='ocrx_word' id='word_1_361' title='bbox 1415 4049 1674 4119; x_wconf 80' lang='lat' dir='ltr'>profanis</span> <span class='ocrx_word' id='word_1_362' title='bbox 1707 4049 1921 4106; x_wconf 90' lang='lat' dir='ltr'>celare-</span> 
     </span>
    </p>
   </div>
   <div class='ocr_carea' id='block_1_47' title="bbox 275 4136 1920 4208">
    <p class='ocr_par' dir='ltr' id='par_1_47' title="bbox 275 4136 1920 4208">
     <span class='ocr_line' id='line_1_48' title="bbox 275 4136 1920 4208; baseline 0 -14"><span class='ocrx_word' id='word_1_363' title='bbox 275 4144 373 4194; x_wconf 87' lang='lat' dir='ltr'>tur</span> <span class='ocrx_word' id='word_1_364' title='bbox 402 4143 631 4195; x_wconf 86' lang='lat' dir='ltr'>tantum</span> <span class='ocrx_word' id='word_1_365' title='bbox 672 4137 1035 4208; x_wconf 85' lang='lat' dir='ltr'>mysterium.</span> <span class='ocrx_word' id='word_1_366' title='bbox 1066 4136 1211 4190; x_wconf 89' lang='lat' dir='ltr'>Nam</span> <span class='ocrx_word' id='word_1_367' title='bbox 1243 4151 1344 4206; x_wconf 89' lang='lat' dir='ltr'>per</span> <span class='ocrx_word' id='word_1_368' title='bbox 1373 4151 1442 4190; x_wconf 85' lang='lat' dir='ltr'>ea</span> <span class='ocrx_word' id='word_1_369' title='bbox 1484 4140 1747 4208; x_wconf 89' lang='lat' dir='ltr'>tempora</span> <span class='ocrx_word' id='word_1_370' title='bbox 1792 4154 1920 4194; x_wconf 89' lang='lat' dir='ltr'>mos</span> 
     </span>
    </p>
   </div>
   <div class='ocr_carea' id='block_1_48' title="bbox 277 4221 1919 4282">
    <p class='ocr_par' dir='ltr' id='par_1_48' title="bbox 277 4221 1919 4282">
     <span class='ocr_line' id='line_1_49' title="bbox 277 4221 1919 4282; baseline -0.001 -1"><span class='ocrx_word' id='word_1_371' title='bbox 277 4231 400 4282; x_wconf 89' lang='lat' dir='ltr'>erat</span> <span class='ocrx_word' id='word_1_372' title='bbox 431 4227 701 4280; x_wconf 86' lang='lat' dir='ltr'>Patribus</span> <span class='ocrx_word' id='word_1_373' title='bbox 737 4229 797 4278; x_wconf 91' lang='lat' dir='ltr'>ut</span> <span class='ocrx_word' id='word_1_374' title='bbox 815 4241 928 4278; x_wconf 91' lang='lat' dir='ltr'>non</span> <span class='ocrx_word' id='word_1_375' title='bbox 959 4221 1073 4278; x_wconf 76' lang='lat' dir='ltr'>nisi</span> <span class='ocrx_word' id='word_1_376' title='bbox 1103 4222 1369 4276; x_wconf 89' lang='lat' dir='ltr'>obscuris</span> <span class='ocrx_word' id='word_1_377' title='bbox 1401 4223 1591 4278; x_wconf 85' lang='lat' dir='ltr'>verbis</span> <span class='ocrx_word' id='word_1_378' title='bbox 1642 4223 1919 4279; x_wconf 84' lang='lat' dir='ltr'>Euchari-</span> 
     </span>
    </p>
   </div>
   <div class='ocr_carea' id='block_1_49' title="bbox 276 4309 1917 4385">
    <p class='ocr_par' dir='ltr' id='par_1_49' title="bbox 276 4309 1917 4385">
     <span class='ocr_line' id='line_1_50' title="bbox 276 4309 1917 4385; baseline -0.002 -14"><span class='ocrx_word' id='word_1_379' title='bbox 276 4314 450 4371; x_wconf 90' lang='lat' dir='ltr'>stiam</span> <span class='ocrx_word' id='word_1_380' title='bbox 479 4312 888 4385; x_wconf 83' lang='lat' dir='ltr'>exprimerent.</span> <span class='ocrx_word' id='word_1_381' title='bbox 922 4314 1135 4364; x_wconf 85' lang='lat' dir='ltr'>Notum</span> <span class='ocrx_word' id='word_1_382' title='bbox 1169 4309 1226 4364; x_wconf 92' lang='lat' dir='ltr'>id</span> <span class='ocrx_word' id='word_1_383' title='bbox 1258 4325 1325 4364; x_wconf 89' lang='lat' dir='ltr'>ex</span> <span class='ocrx_word' id='word_1_384' title='bbox 1349 4311 1674 4381; x_wconf 87' lang='lat' dir='ltr'>Augustino</span> <span class='ocrx_word' id='word_1_385' title='bbox 1697 4313 1917 4384; x_wconf 87' lang='lat' dir='ltr'>passim</span> 
     </span>
    </p>
   </div>
   <div class='ocr_carea' id='block_1_50' title="bbox 276 4397 1917 4473">
    <p class='ocr_par' dir='ltr' id='par_1_50' title="bbox 276 4397 1917 4473">
     <span class='ocr_line' id='line_1_51' title="bbox 276 4397 1917 4473; baseline -0.001 -14"><span class='ocrx_word' id='word_1_386' title='bbox 276 4401 625 4459; x_wconf 91' lang='lat' dir='ltr'>Theodorito</span> <span class='ocrx_word' id='word_1_387' title='bbox 658 4401 716 4455; x_wconf 92' lang='lat' dir='ltr'>in</span> <span class='ocrx_word' id='word_1_388' title='bbox 743 4399 981 4470; x_wconf 82' lang='lat' dir='ltr'>Dialogo</span> <span class='ocrx_word' id='word_1_389' title='bbox 1011 4397 1310 4467; x_wconf 71' lang='lat' dir='ltr'>Eranistaa,</span> <span class='ocrx_word' id='word_1_390' title='bbox 1345 4402 1403 4453; x_wconf 89' lang='lat' dir='ltr'>et</span> <span class='ocrx_word' id='word_1_391' title='bbox 1431 4397 1579 4454; x_wconf 90' lang='lat' dir='ltr'>aliis.</span> <span class='ocrx_word' id='word_1_392' title='bbox 1614 4399 1759 4456; x_wconf 86' lang='lat' dir='ltr'>Hinc</span> <span class='ocrx_word' id='word_1_393' title='bbox 1781 4417 1917 4473; x_wconf 91' lang='lat' dir='ltr'>ergo</span> 
     </span>
    </p>
   </div>
   <div class='ocr_carea' id='block_1_51' title="bbox 260 4485 1994 4588">
    <p class='ocr_par' dir='ltr' id='par_1_51' title="bbox 260 4485 1994 4588">
     <span class='ocr_line' id='line_1_52' title="bbox 260 4485 1994 4588; baseline -0.002 -40"><span class='ocrx_word' id='word_1_394' title='bbox 260 4494 496 4548; x_wconf 81' lang='lat' dir='ltr'>factum</span> <span class='ocrx_word' id='word_1_395' title='bbox 556 4493 694 4562; x_wconf 86' lang='lat' dir='ltr'>puto</span> <span class='ocrx_word' id='word_1_396' title='bbox 751 4493 816 4542; x_wconf 91' lang='lat' dir='ltr'>ut</span> <span class='ocrx_word' id='word_1_397' title='bbox 874 4485 1245 4584; x_wconf 76' lang='lat' dir='ltr'>Melchiades,</span> <span class='ocrx_word' id='word_1_398' title='bbox 1319 4485 1561 4588; x_wconf 39' lang='lat' dir='ltr'>S&#39;irici&#39;us</span> <span class='ocrx_word' id='word_1_399' title='bbox 1609 4493 1676 4588; x_wconf 41' lang='lat' dir='ltr'>‘et</span> <span class='ocrx_word' id='word_1_400' title='bbox 1745 4491 1916 4546; x_wconf 91' lang='lat' dir='ltr'>Inno-</span> <span class='ocrx_word' id='word_1_401' title='bbox 1947 4523 1994 4588; x_wconf 83' lang='lat' dir='ltr'><strong>D</strong></span> 
     </span>
    </p>
   </div>
   <div class='ocr_carea' id='block_1_52' title="bbox 274 4574 1914 4636">
    <p class='ocr_par' dir='ltr' id='par_1_52' title="bbox 274 4574 1914 4636">
     <span class='ocr_line' id='line_1_53' title="bbox 274 4574 1914 4636; baseline -0.001 0"><span class='ocrx_word' id='word_1_402' title='bbox 274 4580 502 4636; x_wconf 89' lang='lat' dir='ltr'>centius</span> <span class='ocrx_word' id='word_1_403' title='bbox 555 4577 846 4634; x_wconf 89' lang='lat' dir='ltr'>adscititio</span> <span class='ocrx_word' id='word_1_404' title='bbox 895 4574 1162 4631; x_wconf 88' lang='lat' dir='ltr'>fermenti</span> <span class='ocrx_word' id='word_1_405' title='bbox 1209 4574 1444 4630; x_wconf 90' lang='lat' dir='ltr'>nomine</span> <span class='ocrx_word' id='word_1_406' title='bbox 1488 4575 1914 4635; x_wconf 89' lang='lat' dir='ltr'>Eucharistiam</span> 
     </span>
    </p>
   </div>
   <div class='ocr_carea' id='block_1_53' title="bbox 273 4663 1917 4741">
    <p class='ocr_par' dir='ltr' id='par_1_53' title="bbox 273 4663 1917 4741">
     <span class='ocr_line' id='line_1_54' title="bbox 273 4663 1917 4741; baseline -0.001 -16"><span class='ocrx_word' id='word_1_407' title='bbox 273 4668 730 4741; x_wconf 89' lang='lat' dir='ltr'>designaverint,</span> <span class='ocrx_word' id='word_1_408' title='bbox 777 4683 848 4721; x_wconf 93' lang='lat' dir='ltr'>ne</span> <span class='ocrx_word' id='word_1_409' title='bbox 877 4681 999 4721; x_wconf 90' lang='lat' dir='ltr'>rem</span> <span class='ocrx_word' id='word_1_410' title='bbox 1046 4679 1214 4719; x_wconf 89' lang='lat' dir='ltr'>sacra</span> <span class='ocrx_word' id='word_1_411' title='bbox 1249 4663 1567 4736; x_wconf 88' lang='lat' dir='ltr'>gentilibus</span> <span class='ocrx_word' id='word_1_412' title='bbox 1614 4665 1917 4738; x_wconf 88' lang='lat' dir='ltr'>propalare</span> 
     </span>
    </p>
   </div>
   <div class='ocr_carea' id='block_1_54' title="bbox 269 4752 1918 4828">
    <p class='ocr_par' dir='ltr' id='par_1_54' title="bbox 269 4752 1918 4828">
     <span class='ocr_line' id='line_1_55' title="bbox 269 4752 1918 4828; baseline -0.001 -14"><span class='ocrx_word' id='word_1_413' title='bbox 269 4759 625 4814; x_wconf 89' lang='lat' dir='ltr'>viderentur.</span> <span class='ocrx_word' id='word_1_414' title='bbox 660 4755 900 4812; x_wconf 80' lang='lat' dir='ltr'>Accedit</span> <span class='ocrx_word' id='word_1_415' title='bbox 931 4753 1088 4826; x_wconf 91' lang='lat' dir='ltr'>quod</span> <span class='ocrx_word' id='word_1_416' title='bbox 1119 4752 1401 4808; x_wconf 71' lang='lat' dir='ltr'>Caesarius</span> <span class='ocrx_word' id='word_1_417' title='bbox 1424 4754 1656 4810; x_wconf 83' lang='lat' dir='ltr'>Graecus</span> <span class='ocrx_word' id='word_1_418' title='bbox 1679 4757 1918 4828; x_wconf 89' lang='lat' dir='ltr'>parabo-</span> 
     </span>
    </p>
   </div>
   <div class='ocr_carea' id='block_1_55' title="bbox 270 4841 1917 4914">
    <p class='ocr_par' dir='ltr' id='par_1_55' title="bbox 270 4841 1917 4914">
     <span class='ocr_line' id='line_1_56' title="bbox 270 4841 1917 4914; baseline 0 -13"><span class='ocrx_word' id='word_1_419' title='bbox 270 4847 388 4901; x_wconf 89' lang='lat' dir='ltr'>lam</span> <span class='ocrx_word' id='word_1_420' title='bbox 423 4845 693 4902; x_wconf 82' lang='lat' dir='ltr'>fermenti</span> <span class='ocrx_word' id='word_1_421' title='bbox 725 4846 796 4902; x_wconf 91' lang='lat' dir='ltr'>de</span> <span class='ocrx_word' id='word_1_422' title='bbox 817 4842 1184 4900; x_wconf 88' lang='lat' dir='ltr'>Eucharistia</span> <span class='ocrx_word' id='word_1_423' title='bbox 1209 4841 1764 4914; x_wconf 88' lang='lat' dir='ltr'>interpretatur,non</span> <span class='ocrx_word' id='word_1_424' title='bbox 1789 4861 1917 4901; x_wconf 92' lang='lat' dir='ltr'>sen-</span> 
     </span>
    </p>
   </div>
   <div class='ocr_carea' id='block_1_56' title="bbox 270 4930 1912 5003">
    <p class='ocr_par' dir='ltr' id='par_1_56' title="bbox 270 4930 1912 5003">
     <span class='ocr_line' id='line_1_57' title="bbox 270 4930 1912 5003; baseline -0.001 -12"><span class='ocrx_word' id='word_1_425' title='bbox 270 4953 340 4991; x_wconf 90' lang='lat' dir='ltr'>su</span> <span class='ocrx_word' id='word_1_426' title='bbox 371 4934 607 4990; x_wconf 91' lang='lat' dir='ltr'>litterali</span> <span class='ocrx_word' id='word_1_427' title='bbox 639 4937 740 4991; x_wconf 88' lang='lat' dir='ltr'>sed</span> <span class='ocrx_word' id='word_1_428' title='bbox 775 4933 980 4990; x_wconf 91' lang='lat' dir='ltr'>morali</span> <span class='ocrx_word' id='word_1_429' title='bbox 1013 4933 1071 4986; x_wconf 90' lang='lat' dir='ltr'>in</span> <span class='ocrx_word' id='word_1_430' title='bbox 1104 4930 1342 5003; x_wconf 89' lang='lat' dir='ltr'>Dialogo</span> <span class='ocrx_word' id='word_1_431' title='bbox 1366 4930 1458 4986; x_wconf 88' lang='lat' dir='ltr'>his</span> <span class='ocrx_word' id='word_1_432' title='bbox 1478 4933 1670 4989; x_wconf 90' lang='lat' dir='ltr'>verbis</span> <span class='ocrx_word' id='word_1_433' title='bbox 1695 4935 1912 5002; x_wconf 79' lang='lat' dir='ltr'>:nQuod</span> 
     </span>
    </p>
   </div>
   <div class='ocr_carea' id='block_1_57' title="bbox 270 5020 1916 5095">
    <p class='ocr_par' dir='ltr' id='par_1_57' title="bbox 270 5020 1916 5095">
     <span class='ocr_line' id='line_1_58' title="bbox 270 5020 1916 5095; baseline -0.001 -16"><span class='ocrx_word' id='word_1_434' title='bbox 270 5023 322 5079; x_wconf 89' lang='lat' dir='ltr'>si</span> <span class='ocrx_word' id='word_1_435' title='bbox 352 5023 519 5080; x_wconf 89' lang='lat' dir='ltr'>aliter</span> <span class='ocrx_word' id='word_1_436' title='bbox 548 5025 700 5081; x_wconf 90' lang='lat' dir='ltr'>dicta</span> <span class='ocrx_word' id='word_1_437' title='bbox 729 5023 930 5080; x_wconf 90' lang='lat' dir='ltr'>audire</span> <span class='ocrx_word' id='word_1_438' title='bbox 959 5020 1528 5094; x_wconf 85' lang='lat' dir='ltr'>placet,fermentum</span> <span class='ocrx_word' id='word_1_439' title='bbox 1559 5021 1916 5095; x_wconf 88' lang='lat' dir='ltr'>intelligatur</span> 
     </span>
    </p>
   </div>
   <div class='ocr_carea' id='block_1_58' title="bbox 267 5108 1912 5181">
    <p class='ocr_par' dir='ltr' id='par_1_58' title="bbox 267 5108 1912 5181">
     <span class='ocr_line' id='line_1_59' title="bbox 267 5108 1912 5181; baseline 0.001 -15"><span class='ocrx_word' id='word_1_440' title='bbox 267 5113 664 5168; x_wconf 90' lang='lat' dir='ltr'>venerandum</span> <span class='ocrx_word' id='word_1_441' title='bbox 697 5116 753 5169; x_wconf 89' lang='lat' dir='ltr'>et</span> <span class='ocrx_word' id='word_1_442' title='bbox 783 5111 1046 5168; x_wconf 91' lang='lat' dir='ltr'>divinum</span> <span class='ocrx_word' id='word_1_443' title='bbox 1079 5125 1289 5181; x_wconf 89' lang='lat' dir='ltr'>corpus</span> <span class='ocrx_word' id='word_1_444' title='bbox 1321 5108 1443 5180; x_wconf 91' lang='lat' dir='ltr'>Dei,</span> <span class='ocrx_word' id='word_1_445' title='bbox 1477 5111 1631 5181; x_wconf 90' lang='lat' dir='ltr'>quod</span> <span class='ocrx_word' id='word_1_446' title='bbox 1656 5112 1716 5166; x_wconf 92' lang='lat' dir='ltr'>in</span> <span class='ocrx_word' id='word_1_447' title='bbox 1747 5115 1912 5168; x_wconf 91' lang='lat' dir='ltr'>utero</span> 
     </span>
    </p>
   </div>
   <div class='ocr_carea' id='block_1_59' title="bbox 269 5197 1911 5273">
    <p class='ocr_par' dir='ltr' id='par_1_59' title="bbox 269 5197 1911 5273">
     <span class='ocr_line' id='line_1_60' title="bbox 269 5197 1911 5273; baseline 0.003 -21"><span class='ocrx_word' id='word_1_448' title='bbox 269 5202 482 5253; x_wconf 83' lang='lat' dir='ltr'>sanctae</span> <span class='ocrx_word' id='word_1_449' title='bbox 510 5200 755 5273; x_wconf 89' lang='lat' dir='ltr'>virginis</span> <span class='ocrx_word' id='word_1_450' title='bbox 789 5201 982 5257; x_wconf 72' lang='lat' dir='ltr'>Mariae</span> <span class='ocrx_word' id='word_1_451' title='bbox 1014 5198 1126 5255; x_wconf 90' lang='lat' dir='ltr'>sibi</span> <span class='ocrx_word' id='word_1_452' title='bbox 1158 5197 1647 5255; x_wconf 89' lang='lat' dir='ltr'>circumdandum</span> <span class='ocrx_word' id='word_1_453' title='bbox 1699 5200 1911 5258; x_wconf 86' lang='lat' dir='ltr'>forma-</span> 
     </span>
    </p>
   </div>
   <div class='ocr_carea' id='block_1_60' title="bbox 264 5286 1912 5357">
    <p class='ocr_par' dir='ltr' id='par_1_60' title="bbox 264 5286 1912 5357">
     <span class='ocr_line' id='line_1_61' title="bbox 264 5286 1912 5357; baseline 0.002 -13"><span class='ocrx_word' id='word_1_454' title='bbox 264 5287 367 5353; x_wconf 86' lang='lat' dir='ltr'>vit,</span> <span class='ocrx_word' id='word_1_455' title='bbox 401 5286 622 5357; x_wconf 89' lang='lat' dir='ltr'>absque</span> <span class='ocrx_word' id='word_1_456' title='bbox 655 5291 878 5346; x_wconf 89' lang='lat' dir='ltr'>semine</span> <span class='ocrx_word' id='word_1_457' title='bbox 908 5292 1210 5345; x_wconf 86' lang='lat' dir='ltr'>contextus</span> <span class='ocrx_word' id='word_1_458' title='bbox 1233 5292 1289 5343; x_wconf 91' lang='lat' dir='ltr'>et</span> <span class='ocrx_word' id='word_1_459' title='bbox 1320 5288 1523 5344; x_wconf 90' lang='lat' dir='ltr'>unitus</span> <span class='ocrx_word' id='word_1_460' title='bbox 1553 5293 1671 5344; x_wconf 87' lang='lat' dir='ltr'>tam</span> <span class='ocrx_word' id='word_1_461' title='bbox 1705 5291 1912 5347; x_wconf 74' lang='lat' dir='ltr'>animae</span> 
     </span>
    </p>
   </div>
   <div class='ocr_carea' id='block_1_61' title="bbox 268 5375 1912 5445">
    <p class='ocr_par' dir='ltr' id='par_1_61' title="bbox 268 5375 1912 5445">
     <span class='ocr_line' id='line_1_62' title="bbox 268 5375 1912 5445; baseline 0.008 -21"><span class='ocrx_word' id='word_1_462' title='bbox 268 5388 446 5442; x_wconf 87' lang='lat' dir='ltr'>quam</span> <span class='ocrx_word' id='word_1_463' title='bbox 477 5377 721 5445; x_wconf 88' lang='lat' dir='ltr'>corpori.</span> <span class='ocrx_word' id='word_1_464' title='bbox 756 5400 783 5426; x_wconf 86' lang='grc'><strong>››</strong></span> <span class='ocrx_word' id='word_1_465' title='bbox 814 5378 963 5443; x_wconf 88' lang='lat' dir='ltr'>Quid</span> <span class='ocrx_word' id='word_1_466' title='bbox 995 5377 1044 5433; x_wconf 91' lang='lat' dir='ltr'>si</span> <span class='ocrx_word' id='word_1_467' title='bbox 1075 5375 1148 5433; x_wconf 92' lang='lat' dir='ltr'>ob</span> <span class='ocrx_word' id='word_1_468' title='bbox 1178 5376 1329 5432; x_wconf 89' lang='lat' dir='ltr'>hanc</span> <span class='ocrx_word' id='word_1_469' title='bbox 1378 5376 1702 5435; x_wconf 89' lang='lat' dir='ltr'>similemve</span> <span class='ocrx_word' id='word_1_470' title='bbox 1734 5381 1912 5437; x_wconf 90' lang='lat' dir='ltr'>ratio-</span> 
     </span>
    </p>
   </div>
   <div class='ocr_carea' id='block_1_62' title="bbox 270 5462 1914 5536">
    <p class='ocr_par' dir='ltr' id='par_1_62' title="bbox 270 5462 1914 5536">
     <span class='ocr_line' id='line_1_63' title="bbox 270 5462 1914 5536; baseline 0.01 -26"><span class='ocrx_word' id='word_1_471' title='bbox 270 5474 404 5512; x_wconf 90' lang='lat' dir='ltr'>nem</span> <span class='ocrx_word' id='word_1_472' title='bbox 436 5462 695 5527; x_wconf 63' lang='lat' dir='ltr'>praedicti</span> <span class='ocrx_word' id='word_1_473' title='bbox 726 5467 1033 5536; x_wconf 90' lang='lat' dir='ltr'>pontiﬁces</span> <span class='ocrx_word' id='word_1_474' title='bbox 1065 5464 1490 5521; x_wconf 89' lang='lat' dir='ltr'>Eucharistiam</span> <span class='ocrx_word' id='word_1_475' title='bbox 1525 5467 1792 5525; x_wconf 90' lang='lat' dir='ltr'>fermenti</span> <span class='ocrx_word' id='word_1_476' title='bbox 1815 5487 1914 5527; x_wconf 88' lang='lat' dir='ltr'>no-</span> 
     </span>
    </p>
   </div>
   <div class='ocr_carea' id='block_1_63' title="bbox 271 5540 1910 5630">
    <p class='ocr_par' dir='ltr' id='par_1_63' title="bbox 271 5540 1910 5630">
     <span class='ocr_line' id='line_1_64' title="bbox 271 5540 1910 5630; baseline 0.015 -38"><span class='ocrx_word' id='word_1_477' title='bbox 271 5540 428 5593; x_wconf 90' lang='lat' dir='ltr'>mine</span> <span class='ocrx_word' id='word_1_478' title='bbox 457 5544 819 5630; x_wconf 80' lang='lat' dir='ltr'>donaverint,</span> <span class='ocrx_word' id='word_1_479' title='bbox 853 5569 969 5608; x_wconf 91' lang='lat' dir='ltr'>non</span> <span class='ocrx_word' id='word_1_480' title='bbox 995 5553 1199 5607; x_wconf 86' lang='lat' dir='ltr'>habita</span> <span class='ocrx_word' id='word_1_481' title='bbox 1239 5553 1463 5608; x_wconf 91' lang='lat' dir='ltr'>ratione</span> <span class='ocrx_word' id='word_1_482' title='bbox 1493 5558 1769 5630; x_wconf 54' lang='lat' dir='ltr'>materia,</span> <span class='ocrx_word' id='word_1_483' title='bbox 1810 5560 1910 5616; x_wconf 91' lang='lat' dir='ltr'>sed</span> 
     </span>
    </p>
   </div>
   <div class='ocr_carea' id='block_1_64' title="bbox 273 5625 1911 5720">
    <p class='ocr_par' dir='ltr' id='par_1_64' title="bbox 273 5625 1911 5720">
     <span class='ocr_line' id='line_1_65' title="bbox 273 5625 1911 5720; baseline 0.02 -46"><span class='ocrx_word' id='word_1_484' title='bbox 273 5625 529 5692; x_wconf 81' lang='lat' dir='ltr'>corporis</span> <span class='ocrx_word' id='word_1_485' title='bbox 560 5631 1031 5700; x_wconf 69' lang='lat' dir='ltr'>Christiinseusu</span> <span class='ocrx_word' id='word_1_486' title='bbox 1047 5638 1254 5695; x_wconf 85' lang='lat' dir='ltr'>morali</span> <span class='ocrx_word' id='word_1_487' title='bbox 1277 5640 1592 5701; x_wconf 85' lang='lat' dir='ltr'>?Addercm</span> <span class='ocrx_word' id='word_1_488' title='bbox 1616 5625 1792 5707; x_wconf 66' lang='lat' dir='ltr'>etiam</span> <span class='ocrx_word' id='word_1_489' title='bbox 1813 5664 1911 5720; x_wconf 86' lang='lat' dir='ltr'>pa-</span> 
     </span>
    </p>
   </div>
   <div class='ocr_carea' id='block_1_65' title="bbox 2061 1252 3713 1313">
    <p class='ocr_par' dir='ltr' id='par_1_65' title="bbox 2061 1252 3713 1313">
     <span class='ocr_line' id='line_1_66' title="bbox 2061 1252 3713 1313; baseline 0.005 -8"><span class='ocrx_word' id='word_1_490' title='bbox 2061 1269 2161 1306; x_wconf 90' lang='lat' dir='ltr'>rus</span> <span class='ocrx_word' id='word_1_491' title='bbox 2188 1252 2386 1308; x_wconf 89' lang='lat' dir='ltr'>fuisse.</span> <span class='ocrx_word' id='word_1_492' title='bbox 2420 1254 2488 1307; x_wconf 91' lang='lat' dir='ltr'>Et</span> <span class='ocrx_word' id='word_1_493' title='bbox 2517 1256 2670 1306; x_wconf 87' lang='lat' dir='ltr'>certe</span> <span class='ocrx_word' id='word_1_494' title='bbox 2701 1269 2829 1307; x_wconf 90' lang='lat' dir='ltr'>eam</span> <span class='ocrx_word' id='word_1_495' title='bbox 2864 1270 2977 1308; x_wconf 90' lang='lat' dir='ltr'>non</span> <span class='ocrx_word' id='word_1_496' title='bbox 3011 1253 3284 1309; x_wconf 90' lang='lat' dir='ltr'>omisisse</span> <span class='ocrx_word' id='word_1_497' title='bbox 3333 1255 3561 1312; x_wconf 66' lang='lat' dir='ltr'>Graecos</span> <span class='ocrx_word' id='word_1_498' title='bbox 3611 1274 3713 1313; x_wconf 84' lang='lat' dir='ltr'>re-</span> 
     </span>
    </p>
   </div>
   <div class='ocr_carea' id='block_1_66' title="bbox 2058 1339 3703 1412">
    <p class='ocr_par' dir='ltr' id='par_1_66' title="bbox 2058 1339 3703 1412">
     <span class='ocr_line' id='line_1_67' title="bbox 2058 1339 3703 1412; baseline 0.004 -18"><span class='ocrx_word' id='word_1_499' title='bbox 2058 1341 2340 1396; x_wconf 87' lang='lat' dir='ltr'>centiores</span> <span class='ocrx_word' id='word_1_500' title='bbox 2372 1341 2470 1412; x_wconf 90' lang='lat' dir='ltr'>qui</span> <span class='ocrx_word' id='word_1_501' title='bbox 2501 1339 2840 1412; x_wconf 89' lang='lat' dir='ltr'>pontiﬁcatu</span> <span class='ocrx_word' id='word_1_502' title='bbox 2875 1341 3080 1396; x_wconf 88' lang='lat' dir='ltr'>Leonis</span> <span class='ocrx_word' id='word_1_503' title='bbox 3127 1358 3289 1412; x_wconf 70' lang='lat' dir='ltr'>papas</span> <span class='ocrx_word' id='word_1_504' title='bbox 3337 1344 3475 1398; x_wconf 92' lang='lat' dir='ltr'>noni</span> <span class='ocrx_word' id='word_1_505' title='bbox 3527 1345 3703 1400; x_wconf 81' lang='lat' dir='ltr'>dissi-</span> 
     </span>
    </p>
   </div>
   <div class='ocr_carea' id='block_1_67' title="bbox 2066 1428 3704 1504">
    <p class='ocr_par' dir='ltr' id='par_1_67' title="bbox 2066 1428 3704 1504">
     <span class='ocr_line' id='line_1_68' title="bbox 2066 1428 3704 1504; baseline 0.003 -22"><span class='ocrx_word' id='word_1_506' title='bbox 2066 1428 2227 1484; x_wconf 90' lang='lat' dir='ltr'>dium</span> <span class='ocrx_word' id='word_1_507' title='bbox 2259 1429 2587 1484; x_wconf 82' lang='lat' dir='ltr'>conflarunt</span> <span class='ocrx_word' id='word_1_508' title='bbox 2610 1445 2742 1483; x_wconf 92' lang='lat' dir='ltr'>cum</span> <span class='ocrx_word' id='word_1_509' title='bbox 2784 1428 3037 1484; x_wconf 87' lang='lat' dir='ltr'>Ecclesia</span> <span class='ocrx_word' id='word_1_510' title='bbox 3084 1429 3363 1484; x_wconf 79' lang='lat' dir='ltr'>Romana.</span> <span class='ocrx_word' id='word_1_511' title='bbox 3416 1431 3477 1485; x_wconf 94' lang='lat' dir='ltr'>Id</span> <span class='ocrx_word' id='word_1_512' title='bbox 3528 1448 3704 1504; x_wconf 89' lang='lat' dir='ltr'>argu-</span> 
     </span>
    </p>
   </div>
   <div class='ocr_carea' id='block_1_68' title="bbox 2057 1517 3703 1588">
    <p class='ocr_par' dir='ltr' id='par_1_68' title="bbox 2057 1517 3703 1588">
     <span class='ocr_line' id='line_1_69' title="bbox 2057 1517 3703 1588; baseline 0.001 -16"><span class='ocrx_word' id='word_1_513' title='bbox 2057 1521 2253 1572; x_wconf 89' lang='lat' dir='ltr'>mento</span> <span class='ocrx_word' id='word_1_514' title='bbox 2283 1534 2412 1573; x_wconf 89' lang='lat' dir='ltr'>esse</span> <span class='ocrx_word' id='word_1_515' title='bbox 2444 1533 2777 1588; x_wconf 84' lang='lat' dir='ltr'>azymorum</span> <span class='ocrx_word' id='word_1_516' title='bbox 2809 1533 2983 1572; x_wconf 89' lang='lat' dir='ltr'>usum</span> <span class='ocrx_word' id='word_1_517' title='bbox 3016 1517 3204 1572; x_wconf 91' lang='lat' dir='ltr'>medio</span> <span class='ocrx_word' id='word_1_518' title='bbox 3236 1517 3527 1588; x_wconf 88' lang='lat' dir='ltr'>illo,quod</span> <span class='ocrx_word' id='word_1_519' title='bbox 3548 1518 3703 1576; x_wconf 87' lang='lat' dir='ltr'>inter</span> 
     </span>
    </p>
   </div>
   <div class='ocr_carea' id='block_1_69' title="bbox 2055 1603 3702 1677">
    <p class='ocr_par' dir='ltr' id='par_1_69' title="bbox 2055 1603 3702 1677">
     <span class='ocr_line' id='line_1_70' title="bbox 2055 1603 3702 1677; baseline 0.001 -17"><span class='ocrx_word' id='word_1_520' title='bbox 2055 1610 2374 1677; x_wconf 89' lang='lat' dir='ltr'>utrumque</span> <span class='ocrx_word' id='word_1_521' title='bbox 2405 1605 2663 1660; x_wconf 86' lang='lat' dir='ltr'>schisma</span> <span class='ocrx_word' id='word_1_522' title='bbox 2693 1604 2914 1669; x_wconf 84' lang='lat' dir='ltr'>eiluxit,</span> <span class='ocrx_word' id='word_1_523' title='bbox 2947 1603 3250 1660; x_wconf 88' lang='lat' dir='ltr'>intervallo</span> <span class='ocrx_word' id='word_1_524' title='bbox 3277 1606 3435 1677; x_wconf 89' lang='lat' dir='ltr'>apud</span> <span class='ocrx_word' id='word_1_525' title='bbox 3467 1607 3702 1662; x_wconf 88' lang='lat' dir='ltr'>Latinos</span> 
     </span>
    </p>
   </div>
   <div class='ocr_carea' id='block_1_70' title="bbox 2056 1692 2385 1765">
    <p class='ocr_par' dir='ltr' id='par_1_70' title="bbox 2056 1692 2385 1765">
     <span class='ocr_line' id='line_1_71' title="bbox 2056 1692 2385 1765; baseline 0 -17"><span class='ocrx_word' id='word_1_526' title='bbox 2056 1692 2385 1765; x_wconf 73' lang='lat' dir='ltr'>incmpisse.</span> 
     </span>
    </p>
   </div>
   <div class='ocr_carea' id='block_1_71' title="bbox 1977 1799 3700 1880">
    <p class='ocr_par' dir='ltr' id='par_1_71' title="bbox 1977 1799 3700 1880">
     <span class='ocr_line' id='line_1_72' title="bbox 1977 1799 3700 1880; baseline 0 -16"><span class='ocrx_word' id='word_1_527' title='bbox 1977 1799 2024 1864; x_wconf 88' lang='lat' dir='ltr'><strong>B</strong></span> <span class='ocrx_word' id='word_1_528' title='bbox 2123 1809 2210 1864; x_wconf 80' lang='lat' dir='ltr'>Ad</span> <span class='ocrx_word' id='word_1_529' title='bbox 2243 1808 2365 1864; x_wconf 73' lang='lat' dir='ltr'>haec</span> <span class='ocrx_word' id='word_1_530' title='bbox 2396 1809 2718 1880; x_wconf 90' lang='lat' dir='ltr'>respondeo</span> <span class='ocrx_word' id='word_1_531' title='bbox 2770 1807 3045 1863; x_wconf 89' lang='lat' dir='ltr'>Photium</span> <span class='ocrx_word' id='word_1_532' title='bbox 3100 1806 3320 1862; x_wconf 86' lang='lat' dir='ltr'>Latinis</span> <span class='ocrx_word' id='word_1_533' title='bbox 3369 1823 3484 1863; x_wconf 90' lang='lat' dir='ltr'>non</span> <span class='ocrx_word' id='word_1_534' title='bbox 3540 1809 3700 1880; x_wconf 90' lang='lat' dir='ltr'>obje-</span> 
     </span>
    </p>
   </div>
   <div class='ocr_carea' id='block_1_72' title="bbox 2054 1895 3700 1968">
    <p class='ocr_par' dir='ltr' id='par_1_72' title="bbox 2054 1895 3700 1968">
     <span class='ocr_line' id='line_1_73' title="bbox 2054 1895 3700 1968; baseline 0 -16"><span class='ocrx_word' id='word_1_535' title='bbox 2054 1896 2205 1952; x_wconf 91' lang='lat' dir='ltr'>cisse</span> <span class='ocrx_word' id='word_1_536' title='bbox 2235 1913 2569 1968; x_wconf 82' lang='lat' dir='ltr'>azymorum</span> <span class='ocrx_word' id='word_1_537' title='bbox 2603 1899 3112 1967; x_wconf 82' lang='lat' dir='ltr'>usum,pr0pterea</span> <span class='ocrx_word' id='word_1_538' title='bbox 3141 1895 3296 1966; x_wconf 89' lang='lat' dir='ltr'>quod</span> <span class='ocrx_word' id='word_1_539' title='bbox 3318 1909 3452 1950; x_wconf 91' lang='lat' dir='ltr'>eum</span> <span class='ocrx_word' id='word_1_540' title='bbox 3477 1911 3700 1952; x_wconf 91' lang='lat' dir='ltr'>morem</span> 
     </span>
    </p>
   </div>
   <div class='ocr_carea' id='block_1_73' title="bbox 2052 1983 3699 2056">
    <p class='ocr_par' dir='ltr' id='par_1_73' title="bbox 2052 1983 3699 2056">
     <span class='ocr_line' id='line_1_74' title="bbox 2052 1983 3699 2056; baseline 0 -15"><span class='ocrx_word' id='word_1_541' title='bbox 2052 2001 2119 2041; x_wconf 83' lang='lat' dir='ltr'>ex</span> <span class='ocrx_word' id='word_1_542' title='bbox 2140 1985 2356 2042; x_wconf 87' lang='lat' dir='ltr'>Christi</span> <span class='ocrx_word' id='word_1_543' title='bbox 2377 1984 2638 2056; x_wconf 80' lang='lat' dir='ltr'>exemplo</span> <span class='ocrx_word' id='word_1_544' title='bbox 2657 1983 2980 2056; x_wconf 85' lang='lat' dir='ltr'>proiectum</span> <span class='ocrx_word' id='word_1_545' title='bbox 3003 2000 3130 2039; x_wconf 90' lang='lat' dir='ltr'>esse</span> <span class='ocrx_word' id='word_1_546' title='bbox 3148 1983 3425 2039; x_wconf 88' lang='lat' dir='ltr'>docuerat</span> <span class='ocrx_word' id='word_1_547' title='bbox 3444 1983 3699 2041; x_wconf 88' lang='lat' dir='ltr'>Joannes</span> 
     </span>
    </p>
   </div>
   <div class='ocr_carea' id='block_1_74' title="bbox 2051 2071 3701 2146">
    <p class='ocr_par' dir='ltr' id='par_1_74' title="bbox 2051 2071 3701 2146">
     <span class='ocr_line' id='line_1_75' title="bbox 2051 2071 3701 2146; baseline 0.001 -18"><span class='ocrx_word' id='word_1_548' title='bbox 2051 2073 2989 2146; x_wconf 86' lang='lat' dir='ltr'>Chrysostomus,persuasumque</span> <span class='ocrx_word' id='word_1_549' title='bbox 3021 2071 3276 2127; x_wconf 87' lang='lat' dir='ltr'>habebat</span> <span class='ocrx_word' id='word_1_550' title='bbox 3307 2089 3412 2127; x_wconf 90' lang='lat' dir='ltr'>suo</span> <span class='ocrx_word' id='word_1_551' title='bbox 3434 2077 3701 2144; x_wconf 89' lang='lat' dir='ltr'>tempore</span> 
     </span>
    </p>
   </div>
   <div class='ocr_carea' id='block_1_75' title="bbox 2051 2159 3696 2232">
    <p class='ocr_par' dir='ltr' id='par_1_75' title="bbox 2051 2159 3696 2232">
     <span class='ocr_line' id='line_1_76' title="bbox 2051 2159 3696 2232; baseline 0 -16"><span class='ocrx_word' id='word_1_552' title='bbox 2051 2161 2492 2218; x_wconf 84' lang='lat' dir='ltr'>Ecclesiaetiam</span> <span class='ocrx_word' id='word_1_553' title='bbox 2515 2159 2824 2226; x_wconf 74' lang='lat' dir='ltr'>Graeca,uti</span> <span class='ocrx_word' id='word_1_554' title='bbox 2847 2160 2970 2232; x_wconf 89' lang='lat' dir='ltr'>ipse</span> <span class='ocrx_word' id='word_1_555' title='bbox 3002 2160 3217 2215; x_wconf 89' lang='lat' dir='ltr'>fatetur</span> <span class='ocrx_word' id='word_1_556' title='bbox 3245 2160 3305 2215; x_wconf 91' lang='lat' dir='ltr'>in</span> <span class='ocrx_word' id='word_1_557' title='bbox 3328 2159 3696 2216; x_wconf 61' lang='lat' dir='ltr'>Bibliotheca</span> 
     </span>
    </p>
   </div>
   <div class='ocr_carea' id='block_1_76' title="bbox 2049 2247 3694 2321">
    <p class='ocr_par' dir='ltr' id='par_1_76' title="bbox 2049 2247 3694 2321">
     <span class='ocr_line' id='line_1_77' title="bbox 2049 2247 3694 2321; baseline 0.001 -17"><span class='ocrx_word' id='word_1_558' title='bbox 2049 2265 2174 2320; x_wconf 89' lang='lat' dir='ltr'>cap.</span> <span class='ocrx_word' id='word_1_559' title='bbox 2211 2250 2332 2317; x_wconf 85' lang='lat' dir='ltr'>H6,</span> <span class='ocrx_word' id='word_1_560' title='bbox 2367 2254 2432 2304; x_wconf 89' lang='lat' dir='ltr'>ut</span> <span class='ocrx_word' id='word_1_561' title='bbox 2461 2249 2732 2320; x_wconf 89' lang='lat' dir='ltr'>superius</span> <span class='ocrx_word' id='word_1_562' title='bbox 2759 2247 2951 2304; x_wconf 90' lang='lat' dir='ltr'>retuli.</span> <span class='ocrx_word' id='word_1_563' title='bbox 2985 2247 3201 2304; x_wconf 90' lang='lat' dir='ltr'>Deinde</span> <span class='ocrx_word' id='word_1_564' title='bbox 3231 2247 3425 2321; x_wconf 88' lang='lat' dir='ltr'>ipsum</span> <span class='ocrx_word' id='word_1_565' title='bbox 3456 2266 3569 2305; x_wconf 92' lang='lat' dir='ltr'>non</span> <span class='ocrx_word' id='word_1_566' title='bbox 3593 2267 3694 2306; x_wconf 86' lang='lat' dir='ltr'>ex-</span> 
     </span>
    </p>
   </div>
   <div class='ocr_carea' id='block_1_77' title="bbox 2051 2335 3697 2408">
    <p class='ocr_par' dir='ltr' id='par_1_77' title="bbox 2051 2335 3697 2408">
     <span class='ocr_line' id='line_1_78' title="bbox 2051 2335 3697 2408; baseline 0.002 -17"><span class='ocrx_word' id='word_1_567' title='bbox 2051 2338 2364 2408; x_wconf 87' lang='lat' dir='ltr'>probrasse</span> <span class='ocrx_word' id='word_1_568' title='bbox 2417 2337 2640 2392; x_wconf 88' lang='lat' dir='ltr'>Latinis</span> <span class='ocrx_word' id='word_1_569' title='bbox 2671 2338 2828 2408; x_wconf 92' lang='lat' dir='ltr'>quod</span> <span class='ocrx_word' id='word_1_570' title='bbox 2869 2335 3103 2392; x_wconf 87' lang='lat' dir='ltr'>alleluia</span> <span class='ocrx_word' id='word_1_571' title='bbox 3149 2353 3264 2393; x_wconf 92' lang='lat' dir='ltr'>non</span> <span class='ocrx_word' id='word_1_572' title='bbox 3315 2343 3587 2394; x_wconf 87' lang='lat' dir='ltr'>canerent</span> <span class='ocrx_word' id='word_1_573' title='bbox 3635 2339 3697 2394; x_wconf 91' lang='lat' dir='ltr'>in</span> 
     </span>
    </p>
   </div>
   <div class='ocr_carea' id='block_1_78' title="bbox 2048 2424 3693 2496">
    <p class='ocr_par' dir='ltr' id='par_1_78' title="bbox 2048 2424 3693 2496">
     <span class='ocr_line' id='line_1_79' title="bbox 2048 2424 3693 2496; baseline 0.002 -17"><span class='ocrx_word' id='word_1_574' title='bbox 2048 2425 2525 2496; x_wconf 86' lang='lat' dir='ltr'>Quadragesima,</span> <span class='ocrx_word' id='word_1_575' title='bbox 2560 2441 2664 2481; x_wconf 93' lang='lat' dir='ltr'>nec</span> <span class='ocrx_word' id='word_1_576' title='bbox 2697 2424 3001 2482; x_wconf 87' lang='lat' dir='ltr'>monachis</span> <span class='ocrx_word' id='word_1_577' title='bbox 3031 2424 3503 2482; x_wconf 89' lang='lat' dir='ltr'>Occidentalibus</span> <span class='ocrx_word' id='word_1_578' title='bbox 3553 2426 3693 2484; x_wconf 89' lang='lat' dir='ltr'>vitio</span> 
     </span>
    </p>
   </div>
   <div class='ocr_carea' id='block_1_79' title="bbox 2046 2513 3693 2583">
    <p class='ocr_par' dir='ltr' id='par_1_79' title="bbox 2046 2513 3693 2583">
     <span class='ocr_line' id='line_1_80' title="bbox 2046 2513 3693 2583; baseline 0.002 -15"><span class='ocrx_word' id='word_1_579' title='bbox 2046 2513 2290 2568; x_wconf 90' lang='lat' dir='ltr'>vertisse</span> <span class='ocrx_word' id='word_1_580' title='bbox 2321 2513 2474 2583; x_wconf 92' lang='lat' dir='ltr'>quod</span> <span class='ocrx_word' id='word_1_581' title='bbox 2505 2513 2726 2568; x_wconf 88' lang='lat' dir='ltr'>inﬁrmi</span> <span class='ocrx_word' id='word_1_582' title='bbox 2757 2513 3033 2569; x_wconf 88' lang='lat' dir='ltr'>carnibus</span> <span class='ocrx_word' id='word_1_583' title='bbox 3065 2518 3436 2569; x_wconf 90' lang='lat' dir='ltr'>vescerentur</span> <span class='ocrx_word' id='word_1_584' title='bbox 3464 2531 3533 2571; x_wconf 83' lang='lat' dir='ltr'>ex</span> <span class='ocrx_word' id='word_1_585' title='bbox 3561 2531 3693 2572; x_wconf 88' lang='lat' dir='ltr'>con-</span> 
     </span>
    </p>
   </div>
   <div class='ocr_carea' id='block_1_80' title="bbox 2047 2600 3690 2672">
    <p class='ocr_par' dir='ltr' id='par_1_80' title="bbox 2047 2600 3690 2672">
     <span class='ocr_line' id='line_1_81' title="bbox 2047 2600 3690 2672; baseline 0.001 -16"><span class='ocrx_word' id='word_1_586' title='bbox 2047 2617 2212 2658; x_wconf 88' lang='lat' dir='ltr'>cessu</span> <span class='ocrx_word' id='word_1_587' title='bbox 2245 2600 2455 2672; x_wconf 63' lang='lat' dir='ltr'>regulae</span> <span class='ocrx_word' id='word_1_588' title='bbox 2489 2600 2676 2656; x_wconf 90' lang='lat' dir='ltr'>sancti</span> <span class='ocrx_word' id='word_1_589' title='bbox 2708 2601 3229 2672; x_wconf 42' lang='lat' dir='ltr'>Benedicti,,quod</span> <span class='ocrx_word' id='word_1_590' title='bbox 3279 2601 3581 2659; x_wconf 88' lang='lat' dir='ltr'>femoralia</span> <span class='ocrx_word' id='word_1_591' title='bbox 3628 2603 3690 2658; x_wconf 91' lang='lat' dir='ltr'>in</span> 
     </span>
    </p>
   </div>
   <div class='ocr_carea' id='block_1_81' title="bbox 2044 2689 3685 2762">
    <p class='ocr_par' dir='ltr' id='par_1_81' title="bbox 2044 2689 3685 2762">
     <span class='ocr_line' id='line_1_82' title="bbox 2044 2689 3685 2762; baseline 0.002 -18"><span class='ocrx_word' id='word_1_592' title='bbox 2044 2689 2251 2745; x_wconf 88' lang='lat' dir='ltr'>itinere</span> <span class='ocrx_word' id='word_1_593' title='bbox 2308 2689 2609 2745; x_wconf 88' lang='lat' dir='ltr'>constituti</span> <span class='ocrx_word' id='word_1_594' title='bbox 2655 2692 2970 2762; x_wconf 87' lang='lat' dir='ltr'>gestarent.</span> <span class='ocrx_word' id='word_1_595' title='bbox 3017 2689 3150 2753; x_wconf 75' lang='lat' dir='ltr'>Quae</span> <span class='ocrx_word' id='word_1_596' title='bbox 3203 2690 3401 2745; x_wconf 88' lang='lat' dir='ltr'>omnia</span> <span class='ocrx_word' id='word_1_597' title='bbox 3461 2691 3685 2748; x_wconf 89' lang='lat' dir='ltr'>Latinis</span> 
     </span>
    </p>
   </div>
   <div class='ocr_carea' id='block_1_82' title="bbox 2044 2778 3686 2852">
    <p class='ocr_par' dir='ltr' id='par_1_82' title="bbox 2044 2778 3686 2852">
     <span class='ocr_line' id='line_1_83' title="bbox 2044 2778 3686 2852; baseline 0.002 -19"><span class='ocrx_word' id='word_1_598' title='bbox 2044 2781 2306 2849; x_wconf 91' lang='lat' dir='ltr'>tempore</span> <span class='ocrx_word' id='word_1_599' title='bbox 2336 2778 2545 2835; x_wconf 90' lang='lat' dir='ltr'>Leonis</span> <span class='ocrx_word' id='word_1_600' title='bbox 2568 2778 2706 2834; x_wconf 93' lang='lat' dir='ltr'>noni</span> <span class='ocrx_word' id='word_1_601' title='bbox 2731 2779 2958 2849; x_wconf 89' lang='lat' dir='ltr'>objecta</span> <span class='ocrx_word' id='word_1_602' title='bbox 2978 2782 3119 2834; x_wconf 90' lang='lat' dir='ltr'>sunt</span> <span class='ocrx_word' id='word_1_603' title='bbox 3138 2778 3686 2852; x_wconf 71' lang='lat' dir='ltr'>aGraecis.Denique</span> 
     </span>
    </p>
   </div>
   <div class='ocr_carea' id='block_1_83' title="bbox 2046 2865 3687 2940">
    <p class='ocr_par' dir='ltr' id='par_1_83' title="bbox 2046 2865 3687 2940">
     <span class='ocr_line' id='line_1_84' title="bbox 2046 2865 3687 2940; baseline 0.002 -19"><span class='ocrx_word' id='word_1_604' title='bbox 2046 2865 2315 2921; x_wconf 91' lang='lat' dir='ltr'>Photium</span> <span class='ocrx_word' id='word_1_605' title='bbox 2347 2866 2534 2922; x_wconf 89' lang='lat' dir='ltr'>multa</span> <span class='ocrx_word' id='word_1_606' title='bbox 2563 2866 2622 2921; x_wconf 91' lang='lat' dir='ltr'>id</span> <span class='ocrx_word' id='word_1_607' title='bbox 2663 2883 2849 2939; x_wconf 91' lang='lat' dir='ltr'>genus</span> <span class='ocrx_word' id='word_1_608' title='bbox 2881 2865 2993 2922; x_wconf 90' lang='lat' dir='ltr'>alia</span> <span class='ocrx_word' id='word_1_609' title='bbox 3025 2866 3314 2935; x_wconf 89' lang='lat' dir='ltr'>omisisse,</span> <span class='ocrx_word' id='word_1_610' title='bbox 3362 2867 3420 2921; x_wconf 92' lang='lat' dir='ltr'>in</span> <span class='ocrx_word' id='word_1_611' title='bbox 3471 2869 3687 2940; x_wconf 84' lang='lat' dir='ltr'>quibus</span> 
     </span>
    </p>
   </div>
   <div class='ocr_carea' id='block_1_84' title="bbox 2043 2954 3690 3026">
    <p class='ocr_par' dir='ltr' id='par_1_84' title="bbox 2043 2954 3690 3026">
     <span class='ocr_line' id='line_1_85' title="bbox 2043 2954 3690 3026; baseline 0.002 -16"><span class='ocrx_word' id='word_1_612' title='bbox 2043 2958 2169 3010; x_wconf 90' lang='lat' dir='ltr'>tum</span> <span class='ocrx_word' id='word_1_613' title='bbox 2203 2955 2388 3010; x_wconf 88' lang='lat' dir='ltr'>Latini</span> <span class='ocrx_word' id='word_1_614' title='bbox 2412 2972 2446 3010; x_wconf 89' lang='lat' dir='ltr'>a</span> <span class='ocrx_word' id='word_1_615' title='bbox 2470 2955 2682 3012; x_wconf 66' lang='lat' dir='ltr'>Graecis</span> <span class='ocrx_word' id='word_1_616' title='bbox 2714 2955 3124 3026; x_wconf 88' lang='lat' dir='ltr'>discrepabant</span> <span class='ocrx_word' id='word_1_617' title='bbox 3149 2973 3161 3022; x_wconf 93' lang='lat'><strong>;</strong></span> <span class='ocrx_word' id='word_1_618' title='bbox 3195 2954 3386 3026; x_wconf 90' lang='lat' dir='ltr'>qualis</span> <span class='ocrx_word' id='word_1_619' title='bbox 3409 2960 3534 3012; x_wconf 89' lang='lat' dir='ltr'>erat</span> <span class='ocrx_word' id='word_1_620' title='bbox 3562 2960 3690 3014; x_wconf 91' lang='lat' dir='ltr'>ton-</span> 
     </span>
    </p>
   </div>
   <div class='ocr_carea' id='block_1_85' title="bbox 2043 3043 3686 3119">
    <p class='ocr_par' dir='ltr' id='par_1_85' title="bbox 2043 3043 3686 3119">
     <span class='ocr_line' id='line_1_86' title="bbox 2043 3043 3686 3119; baseline 0.003 -21"><span class='ocrx_word' id='word_1_621' title='bbox 2043 3059 2182 3099; x_wconf 89' lang='lat' dir='ltr'>sura</span> <span class='ocrx_word' id='word_1_622' title='bbox 2213 3043 2421 3114; x_wconf 89' lang='lat' dir='ltr'>capitis</span> <span class='ocrx_word' id='word_1_623' title='bbox 2453 3044 2705 3114; x_wconf 88' lang='lat' dir='ltr'>(tametsi</span> <span class='ocrx_word' id='word_1_624' title='bbox 2737 3045 2807 3098; x_wconf 89' lang='lat' dir='ltr'>de</span> <span class='ocrx_word' id='word_1_625' title='bbox 2831 3043 3011 3098; x_wconf 91' lang='lat' dir='ltr'>menti</span> <span class='ocrx_word' id='word_1_626' title='bbox 3042 3044 3382 3099; x_wconf 89' lang='lat' dir='ltr'>detonsione</span> <span class='ocrx_word' id='word_1_627' title='bbox 3427 3045 3686 3119; x_wconf 89' lang='lat' dir='ltr'>vitiliga-</span> 
     </span>
    </p>
   </div>
   <div class='ocr_carea' id='block_1_86' title="bbox 2125 3130 3684 3203">
    <p class='ocr_par' dir='ltr' id='par_1_86' title="bbox 2125 3130 3684 3203">
     <span class='ocr_line' id='line_1_87' title="bbox 2125 3130 3684 3203; baseline 0.003 -17"><span class='ocrx_word' id='word_1_628' title='bbox 2125 3130 2363 3203; x_wconf 91' lang='lat' dir='ltr'>),qua1is</span> <span class='ocrx_word' id='word_1_629' title='bbox 2393 3136 2516 3186; x_wconf 89' lang='lat' dir='ltr'>erat</span> <span class='ocrx_word' id='word_1_630' title='bbox 2546 3148 2787 3186; x_wconf 90' lang='lat' dir='ltr'>manum</span> <span class='ocrx_word' id='word_1_631' title='bbox 2819 3131 3114 3203; x_wconf 90' lang='lat' dir='ltr'>impositio</span> <span class='ocrx_word' id='word_1_632' title='bbox 3147 3131 3205 3186; x_wconf 90' lang='lat' dir='ltr'>in</span> <span class='ocrx_word' id='word_1_633' title='bbox 3239 3133 3684 3191; x_wconf 86' lang='lat' dir='ltr'>conﬁrmatione</span> 
     </span>
    </p>
   </div>
   <div class='ocr_carea' id='block_1_87' title="bbox 2040 3218 3682 3294">
    <p class='ocr_par' dir='ltr' id='par_1_87' title="bbox 2040 3218 3682 3294">
     <span class='ocr_line' id='line_1_88' title="bbox 2040 3218 3682 3294; baseline 0.004 -20"><span class='ocrx_word' id='word_1_634' title='bbox 2040 3218 2415 3274; x_wconf 88' lang='lat' dir='ltr'>interdictum</span> <span class='ocrx_word' id='word_1_635' title='bbox 2443 3218 2773 3290; x_wconf 89' lang='lat' dir='ltr'>baptizandi</span> <span class='ocrx_word' id='word_1_636' title='bbox 2806 3219 2864 3274; x_wconf 93' lang='lat' dir='ltr'>in</span> <span class='ocrx_word' id='word_1_637' title='bbox 2913 3219 3258 3291; x_wconf 88' lang='lat' dir='ltr'>Epiphania,</span> <span class='ocrx_word' id='word_1_638' title='bbox 3295 3225 3351 3276; x_wconf 92' lang='lat' dir='ltr'>et</span> <span class='ocrx_word' id='word_1_639' title='bbox 3381 3221 3495 3277; x_wconf 87' lang='lat' dir='ltr'>alia</span> <span class='ocrx_word' id='word_1_640' title='bbox 3523 3224 3682 3294; x_wconf 89' lang='lat' dir='ltr'>ejus-</span> 
     </span>
    </p>
   </div>
   <div class='ocr_carea' id='block_1_88' title="bbox 2038 3306 3680 3379">
    <p class='ocr_par' dir='ltr' id='par_1_88' title="bbox 2038 3306 3680 3379">
     <span class='ocr_line' id='line_1_89' title="bbox 2038 3306 3680 3379; baseline 0.002 -16"><span class='ocrx_word' id='word_1_641' title='bbox 2038 3308 2217 3376; x_wconf 92' lang='lat' dir='ltr'>modi,</span> <span class='ocrx_word' id='word_1_642' title='bbox 2252 3323 2376 3379; x_wconf 82' lang='lat' dir='ltr'>quae</span> <span class='ocrx_word' id='word_1_643' title='bbox 2407 3306 2648 3362; x_wconf 89' lang='lat' dir='ltr'>Photius</span> <span class='ocrx_word' id='word_1_644' title='bbox 2676 3308 2932 3379; x_wconf 88' lang='lat' dir='ltr'>prudens</span> <span class='ocrx_word' id='word_1_645' title='bbox 2965 3308 3680 3367; x_wconf 60' lang='lat' dir='ltr'>dissimulavitcmerum</span> 
     </span>
    </p>
   </div>
   <div class='ocr_carea' id='block_1_89' title="bbox 2036 3395 3674 3468">
    <p class='ocr_par' dir='ltr' id='par_1_89' title="bbox 2036 3395 3674 3468">
     <span class='ocr_line' id='line_1_90' title="bbox 2036 3395 3674 3468; baseline 0.002 -15"><span class='ocrx_word' id='word_1_646' title='bbox 2036 3396 2180 3453; x_wconf 89' lang='lat' dir='ltr'>nihil</span> <span class='ocrx_word' id='word_1_647' title='bbox 2212 3396 2446 3468; x_wconf 89' lang='lat' dir='ltr'>penitus</span> <span class='ocrx_word' id='word_1_648' title='bbox 2476 3395 2654 3451; x_wconf 90' lang='lat' dir='ltr'>efﬁcit</span> <span class='ocrx_word' id='word_1_649' title='bbox 2676 3395 2864 3452; x_wconf 89' lang='lat' dir='ltr'>Photii</span> <span class='ocrx_word' id='word_1_650' title='bbox 2889 3395 3189 3452; x_wconf 88' lang='lat' dir='ltr'>silentium</span> <span class='ocrx_word' id='word_1_651' title='bbox 3211 3398 3491 3454; x_wconf 88' lang='lat' dir='ltr'>adversus</span> <span class='ocrx_word' id='word_1_652' title='bbox 3517 3403 3674 3456; x_wconf 87' lang='lat' dir='ltr'>certa</span> 
     </span>
    </p>
   </div>
   <div class='ocr_carea' id='block_1_90' title="bbox 2035 3484 3675 3562">
    <p class='ocr_par' dir='ltr' id='par_1_90' title="bbox 2035 3484 3675 3562">
     <span class='ocr_line' id='line_1_91' title="bbox 2035 3484 3675 3562; baseline 0.001 -21"><span class='ocrx_word' id='word_1_653' title='bbox 2035 3502 2101 3541; x_wconf 89' lang='lat' dir='ltr'>ac</span> <span class='ocrx_word' id='word_1_654' title='bbox 2130 3485 2458 3540; x_wconf 88' lang='lat' dir='ltr'>necessaria</span> <span class='ocrx_word' id='word_1_655' title='bbox 2488 3489 2850 3562; x_wconf 87' lang='lat' dir='ltr'>argumenta,</span> <span class='ocrx_word' id='word_1_656' title='bbox 2888 3484 3102 3556; x_wconf 90' lang='lat' dir='ltr'>quibus</span> <span class='ocrx_word' id='word_1_657' title='bbox 3132 3501 3469 3558; x_wconf 84' lang='lat' dir='ltr'>azymorum</span> <span class='ocrx_word' id='word_1_658' title='bbox 3500 3504 3675 3543; x_wconf 88' lang='lat' dir='ltr'>usum</span> 
     </span>
    </p>
   </div>
   <div class='ocr_carea' id='block_1_91' title="bbox 2034 3572 3681 3646">
    <p class='ocr_par' dir='ltr' id='par_1_91' title="bbox 2034 3572 3681 3646">
     <span class='ocr_line' id='line_1_92' title="bbox 2034 3572 3681 3646; baseline 0.001 -15"><span class='ocrx_word' id='word_1_659' title='bbox 2034 3572 2364 3646; x_wconf 85' lang='lat' dir='ltr'>generalem</span> <span class='ocrx_word' id='word_1_660' title='bbox 2396 3573 2549 3645; x_wconf 89' lang='lat' dir='ltr'>apud</span> <span class='ocrx_word' id='word_1_661' title='bbox 2583 3572 2822 3629; x_wconf 89' lang='lat' dir='ltr'>Latinos</span> <span class='ocrx_word' id='word_1_662' title='bbox 2851 3577 2984 3629; x_wconf 89' lang='lat' dir='ltr'>ante</span> <span class='ocrx_word' id='word_1_663' title='bbox 3005 3573 3276 3630; x_wconf 89' lang='lat' dir='ltr'>Photium</span> <span class='ocrx_word' id='word_1_664' title='bbox 3295 3573 3554 3646; x_wconf 86' lang='lat' dir='ltr'>viguisse</span> <span class='ocrx_word' id='word_1_665' title='bbox 3584 3576 3681 3633; x_wconf 84' lang='lat' dir='ltr'>de-</span> 
     </span>
    </p>
   </div>
   <div class='ocr_carea' id='block_1_92' title="bbox 2033 3662 2372 3718">
    <p class='ocr_par' dir='ltr' id='par_1_92' title="bbox 2033 3662 2372 3718">
     <span class='ocr_line' id='line_1_93' title="bbox 2033 3662 2372 3718; baseline -0.006 0"><span class='ocrx_word' id='word_1_666' title='bbox 2033 3662 2372 3718; x_wconf 89' lang='lat' dir='ltr'>monstravi.</span> 
     </span>
    </p>
   </div>
   <div class='ocr_carea' id='block_1_93' title="bbox 2104 3767 3675 3842">
    <p class='ocr_par' dir='ltr' id='par_1_93' title="bbox 2104 3767 3675 3842">
     <span class='ocr_line' id='line_1_94' title="bbox 2104 3767 3675 3842; baseline 0.003 -18"><span class='ocrx_word' id='word_1_667' title='bbox 2104 3767 2387 3824; x_wconf 89' lang='lat' dir='ltr'>Ultimum</span> <span class='ocrx_word' id='word_1_668' title='bbox 2419 3771 2830 3840; x_wconf 87' lang='lat' dir='ltr'>argumentum</span> <span class='ocrx_word' id='word_1_669' title='bbox 2874 3767 3009 3824; x_wconf 91' lang='lat' dir='ltr'>inde</span> <span class='ocrx_word' id='word_1_670' title='bbox 3066 3768 3282 3840; x_wconf 89' lang='lat' dir='ltr'>petitur</span> <span class='ocrx_word' id='word_1_671' title='bbox 3337 3771 3494 3842; x_wconf 90' lang='lat' dir='ltr'>quod</span> <span class='ocrx_word' id='word_1_672' title='bbox 3542 3775 3675 3828; x_wconf 87' lang='lat' dir='ltr'>ante</span> 
     </span>
    </p>
   </div>
   <div class='ocr_carea' id='block_1_94' title="bbox 2033 3855 3673 3928">
    <p class='ocr_par' dir='ltr' id='par_1_94' title="bbox 2033 3855 3673 3928">
     <span class='ocr_line' id='line_1_95' title="bbox 2033 3855 3673 3928; baseline 0.001 -16"><span class='ocrx_word' id='word_1_673' title='bbox 2033 3855 2220 3912; x_wconf 90' lang='lat' dir='ltr'>Photii</span> <span class='ocrx_word' id='word_1_674' title='bbox 2252 3859 2480 3912; x_wconf 69' lang='lat' dir='ltr'>aetatem</span> <span class='ocrx_word' id='word_1_675' title='bbox 2510 3855 2676 3911; x_wconf 92' lang='lat' dir='ltr'>nulla</span> <span class='ocrx_word' id='word_1_676' title='bbox 2705 3856 2776 3911; x_wconf 94' lang='lat' dir='ltr'>de</span> <span class='ocrx_word' id='word_1_677' title='bbox 2806 3872 3141 3928; x_wconf 89' lang='lat' dir='ltr'>azymorum</span> <span class='ocrx_word' id='word_1_678' title='bbox 3175 3873 3288 3912; x_wconf 90' lang='lat' dir='ltr'>usu</span> <span class='ocrx_word' id='word_1_679' title='bbox 3318 3856 3410 3912; x_wconf 86' lang='lat' dir='ltr'>lex</span> <span class='ocrx_word' id='word_1_680' title='bbox 3439 3858 3673 3915; x_wconf 89' lang='lat' dir='ltr'>condita</span> 
     </span>
    </p>
   </div>
   <div class='ocr_carea' id='block_1_95' title="bbox 2029 3945 3669 4018">
    <p class='ocr_par' dir='ltr' id='par_1_95' title="bbox 2029 3945 3669 4018">
     <span class='ocr_line' id='line_1_96' title="bbox 2029 3945 3669 4018; baseline 0.002 -18"><span class='ocrx_word' id='word_1_681' title='bbox 2029 3945 2264 4017; x_wconf 89' lang='lat' dir='ltr'>legitur.</span> <span class='ocrx_word' id='word_1_682' title='bbox 2297 3945 2415 4001; x_wconf 84' lang='lat' dir='ltr'>Hoc</span> <span class='ocrx_word' id='word_1_683' title='bbox 2441 3949 2857 4018; x_wconf 90' lang='lat' dir='ltr'>argumentum</span> <span class='ocrx_word' id='word_1_684' title='bbox 2897 3961 3031 4000; x_wconf 89' lang='lat' dir='ltr'>cum</span> <span class='ocrx_word' id='word_1_685' title='bbox 3072 3946 3391 4002; x_wconf 91' lang='lat' dir='ltr'>Demetrico</span> <span class='ocrx_word' id='word_1_686' title='bbox 3423 3947 3669 4003; x_wconf 82' lang='lat' dir='ltr'>Chama-</span> 
     </span>
    </p>
   </div>
   <div class='ocr_carea' id='block_1_96' title="bbox 2030 4032 3675 4106">
    <p class='ocr_par' dir='ltr' id='par_1_96' title="bbox 2030 4032 3675 4106">
     <span class='ocr_line' id='line_1_97' title="bbox 2030 4032 3675 4106; baseline 0.002 -19"><span class='ocrx_word' id='word_1_687' title='bbox 2030 4037 2162 4088; x_wconf 92' lang='lat' dir='ltr'>teno</span> <span class='ocrx_word' id='word_1_688' title='bbox 2194 4032 2479 4105; x_wconf 67' lang='lat' dir='ltr'>Bulgaria:</span> <span class='ocrx_word' id='word_1_689' title='bbox 2511 4033 2950 4105; x_wconf 89' lang='lat' dir='ltr'>archiepiscopo</span> <span class='ocrx_word' id='word_1_690' title='bbox 2980 4033 3038 4088; x_wconf 92' lang='lat' dir='ltr'>in</span> <span class='ocrx_word' id='word_1_691' title='bbox 3065 4034 3361 4106; x_wconf 88' lang='lat' dir='ltr'>responsis</span> <span class='ocrx_word' id='word_1_692' title='bbox 3395 4035 3467 4090; x_wconf 91' lang='lat' dir='ltr'>ad</span> <span class='ocrx_word' id='word_1_693' title='bbox 3514 4036 3675 4106; x_wconf 90' lang='lat' dir='ltr'>epis-</span> 
     </span>
    </p>
   </div>
   <div class='ocr_carea' id='block_1_97' title="bbox 2029 4120 3674 4194">
    <p class='ocr_par' dir='ltr' id='par_1_97' title="bbox 2029 4120 3674 4194">
     <span class='ocr_line' id='line_1_98' title="bbox 2029 4120 3674 4194; baseline 0.001 -17"><span class='ocrx_word' id='word_1_694' title='bbox 2029 4137 2239 4193; x_wconf 91' lang='lat' dir='ltr'>copum</span> <span class='ocrx_word' id='word_1_695' title='bbox 2261 4121 2760 4194; x_wconf 87' lang='lat' dir='ltr'>Dyrrachii,urget</span> <span class='ocrx_word' id='word_1_696' title='bbox 2782 4121 3135 4178; x_wconf 89' lang='lat' dir='ltr'>Sirmundus</span> <span class='ocrx_word' id='word_1_697' title='bbox 3152 4120 3210 4175; x_wconf 92' lang='lat' dir='ltr'>in</span> <span class='ocrx_word' id='word_1_698' title='bbox 3234 4121 3674 4192; x_wconf 89' lang='lat' dir='ltr'>Disquisitionis</span> 
     </span>
    </p>
   </div>
   <div class='ocr_carea' id='block_1_98' title="bbox 2031 4211 3628 4281">
    <p class='ocr_par' dir='ltr' id='par_1_98' title="bbox 2031 4211 3628 4281">
     <span class='ocr_line' id='line_1_99' title="bbox 2031 4211 3628 4281; baseline -0.001 -16"><span class='ocrx_word' id='word_1_699' title='bbox 2031 4226 2155 4281; x_wconf 90' lang='lat' dir='ltr'>cap.</span> <span class='ocrx_word' id='word_1_700' title='bbox 2187 4211 2240 4264; x_wconf 91' lang='lat'>3.</span> <span class='ocrx_word' id='word_1_701' title='bbox 3622 4229 3628 4234; x_wconf 58' lang='grc' dir='ltr'><strong>ε</strong></span> 
     </span>
    </p>
   </div>
   <div class='ocr_carea' id='block_1_99' title="bbox 2098 4312 3677 4387">
    <p class='ocr_par' dir='ltr' id='par_1_99' title="bbox 2098 4312 3677 4387">
     <span class='ocr_line' id='line_1_100' title="bbox 2098 4312 3677 4387; baseline 0.002 -18"><span class='ocrx_word' id='word_1_702' title='bbox 2098 4319 2173 4370; x_wconf 81' lang='lat' dir='ltr'>At</span> <span class='ocrx_word' id='word_1_703' title='bbox 2203 4315 2250 4370; x_wconf 88' lang='lat' dir='ltr'>si</span> <span class='ocrx_word' id='word_1_704' title='bbox 2281 4315 2391 4370; x_wconf 92' lang='lat' dir='ltr'>hoc</span> <span class='ocrx_word' id='word_1_705' title='bbox 2439 4319 2849 4387; x_wconf 85' lang='lat' dir='ltr'>argumentum</span> <span class='ocrx_word' id='word_1_706' title='bbox 2885 4314 3025 4385; x_wconf 91' lang='lat' dir='ltr'>quid</span> <span class='ocrx_word' id='word_1_707' title='bbox 3066 4312 3340 4379; x_wconf 81' lang='lat' dir='ltr'>efﬁceret,</span> <span class='ocrx_word' id='word_1_708' title='bbox 3401 4313 3677 4384; x_wconf 85' lang='lat' dir='ltr'>probaret</span> 
     </span>
    </p>
   </div>
   <div class='ocr_carea' id='block_1_100' title="bbox 2029 4399 3674 4476">
    <p class='ocr_par' dir='ltr' id='par_1_100' title="bbox 2029 4399 3674 4476">
     <span class='ocr_line' id='line_1_101' title="bbox 2029 4399 3674 4476; baseline 0 -16"><span class='ocrx_word' id='word_1_709' title='bbox 2029 4404 2231 4476; x_wconf 91' lang='lat' dir='ltr'>utique</span> <span class='ocrx_word' id='word_1_710' title='bbox 2247 4419 2479 4475; x_wconf 89' lang='lat' dir='ltr'>azymos</span> <span class='ocrx_word' id='word_1_711' title='bbox 2501 4419 2680 4474; x_wconf 89' lang='lat' dir='ltr'>panes</span> <span class='ocrx_word' id='word_1_712' title='bbox 2701 4403 2761 4458; x_wconf 90' lang='lat' dir='ltr'>in</span> <span class='ocrx_word' id='word_1_713' title='bbox 2779 4417 2840 4457; x_wconf 91' lang='lat' dir='ltr'>re</span> <span class='ocrx_word' id='word_1_714' title='bbox 2861 4417 3028 4457; x_wconf 91' lang='lat' dir='ltr'>sacra</span> <span class='ocrx_word' id='word_1_715' title='bbox 3044 4417 3158 4455; x_wconf 92' lang='lat' dir='ltr'>non</span> <span class='ocrx_word' id='word_1_716' title='bbox 3172 4399 3356 4457; x_wconf 88' lang='lat' dir='ltr'>fuisse</span> <span class='ocrx_word' id='word_1_717' title='bbox 3377 4401 3674 4461; x_wconf 88' lang='lat' dir='ltr'>adhibitos</span> 
     </span>
    </p>
   </div>
   <div class='ocr_carea' id='block_1_101' title="bbox 2027 4488 3674 4563">
    <p class='ocr_par' dir='ltr' id='par_1_101' title="bbox 2027 4488 3674 4563">
     <span class='ocr_line' id='line_1_102' title="bbox 2027 4488 3674 4563; baseline 0.001 -15"><span class='ocrx_word' id='word_1_718' title='bbox 2027 4493 2202 4548; x_wconf 89' lang='lat' dir='ltr'>etiam</span> <span class='ocrx_word' id='word_1_719' title='bbox 2234 4495 2366 4563; x_wconf 88' lang='lat' dir='ltr'>post</span> <span class='ocrx_word' id='word_1_720' title='bbox 2397 4490 2654 4547; x_wconf 90' lang='lat' dir='ltr'>schisma</span> <span class='ocrx_word' id='word_1_721' title='bbox 2704 4489 3075 4545; x_wconf 88' lang='lat' dir='ltr'>Photianum.</span> <span class='ocrx_word' id='word_1_722' title='bbox 3107 4488 3350 4545; x_wconf 89' lang='lat' dir='ltr'>Nullum</span> <span class='ocrx_word' id='word_1_723' title='bbox 3390 4489 3570 4558; x_wconf 91' lang='lat' dir='ltr'>enim,</span> <span class='ocrx_word' id='word_1_724' title='bbox 3623 4493 3674 4549; x_wconf 89' lang='lat' dir='ltr'>si</span> 
     </span>
    </p>
   </div>
   <div class='ocr_carea' id='block_1_102' title="bbox 2025 4575 3674 4649">
    <p class='ocr_par' dir='ltr' id='par_1_102' title="bbox 2025 4575 3674 4649">
     <span class='ocr_line' id='line_1_103' title="bbox 2025 4575 3674 4649; baseline 0 -13"><span class='ocrx_word' id='word_1_725' title='bbox 2025 4581 2170 4636; x_wconf 92' lang='lat' dir='ltr'>bene</span> <span class='ocrx_word' id='word_1_726' title='bbox 2199 4577 2462 4645; x_wconf 89' lang='lat' dir='ltr'>memini,</span> <span class='ocrx_word' id='word_1_727' title='bbox 2494 4577 2611 4633; x_wconf 83' lang='lat' dir='ltr'>sive</span> <span class='ocrx_word' id='word_1_728' title='bbox 2642 4578 2712 4633; x_wconf 92' lang='lat' dir='ltr'>de</span> <span class='ocrx_word' id='word_1_729' title='bbox 2761 4577 3088 4649; x_wconf 91' lang='lat' dir='ltr'>abjiciendo</span> <span class='ocrx_word' id='word_1_730' title='bbox 3118 4575 3426 4647; x_wconf 88' lang='lat' dir='ltr'>fermento,</span> <span class='ocrx_word' id='word_1_731' title='bbox 3457 4595 3560 4634; x_wconf 89' lang='lat' dir='ltr'>seu</span> <span class='ocrx_word' id='word_1_732' title='bbox 3601 4581 3674 4637; x_wconf 91' lang='lat' dir='ltr'>de</span> 
     </span>
    </p>
   </div>
   <div class='ocr_carea' id='block_1_103' title="bbox 2029 4666 3671 4741">
    <p class='ocr_par' dir='ltr' id='par_1_103' title="bbox 2029 4666 3671 4741">
     <span class='ocr_line' id='line_1_104' title="bbox 2029 4666 3671 4741; baseline 0 -16"><span class='ocrx_word' id='word_1_733' title='bbox 2029 4668 2247 4741; x_wconf 87' lang='lat' dir='ltr'>azymis</span> <span class='ocrx_word' id='word_1_734' title='bbox 2278 4666 2625 4738; x_wconf 85' lang='lat' dir='ltr'>recipiendis</span> <span class='ocrx_word' id='word_1_735' title='bbox 2656 4666 3327 4736; x_wconf 88' lang='lat' dir='ltr'>decretum,constitutio</span> <span class='ocrx_word' id='word_1_736' title='bbox 3350 4666 3671 4736; x_wconf 89' lang='lat' dir='ltr'>nulla,nul-</span> 
     </span>
    </p>
   </div>
   <div class='ocr_carea' id='block_1_104' title="bbox 2023 4753 3674 4828">
    <p class='ocr_par' dir='ltr' id='par_1_104' title="bbox 2023 4753 3674 4828">
     <span class='ocr_line' id='line_1_105' title="bbox 2023 4753 3674 4828; baseline -0.001 -15"><span class='ocrx_word' id='word_1_737' title='bbox 2023 4756 2195 4813; x_wconf 91' lang='lat' dir='ltr'>lusne</span> <span class='ocrx_word' id='word_1_738' title='bbox 2224 4771 2409 4811; x_wconf 89' lang='lat' dir='ltr'>canon</span> <span class='ocrx_word' id='word_1_739' title='bbox 2440 4758 2573 4826; x_wconf 89' lang='lat' dir='ltr'>post</span> <span class='ocrx_word' id='word_1_740' title='bbox 2600 4753 2747 4809; x_wconf 90' lang='lat' dir='ltr'>illud</span> <span class='ocrx_word' id='word_1_741' title='bbox 2769 4759 3004 4828; x_wconf 91' lang='lat' dir='ltr'>tempus</span> <span class='ocrx_word' id='word_1_742' title='bbox 3026 4755 3325 4811; x_wconf 88' lang='lat' dir='ltr'>invenitur</span> <span class='ocrx_word' id='word_1_743' title='bbox 3346 4759 3480 4811; x_wconf 87' lang='lat' dir='ltr'>ante</span> <span class='ocrx_word' id='word_1_744' title='bbox 3497 4756 3674 4812; x_wconf 88' lang='lat' dir='ltr'>disci-</span> 
     </span>
    </p>
   </div>
   <div class='ocr_carea' id='block_1_105' title="bbox 2023 4840 3673 4916">
    <p class='ocr_par' dir='ltr' id='par_1_105' title="bbox 2023 4840 3673 4916">
     <span class='ocr_line' id='line_1_106' title="bbox 2023 4840 3673 4916; baseline 0.001 -17"><span class='ocrx_word' id='word_1_745' title='bbox 2023 4845 2188 4900; x_wconf 90' lang='lat' dir='ltr'>dium</span> <span class='ocrx_word' id='word_1_746' title='bbox 2219 4840 2518 4899; x_wconf 89' lang='lat' dir='ltr'>Michaelis</span> <span class='ocrx_word' id='word_1_747' title='bbox 2543 4841 2842 4911; x_wconf 84' lang='lat' dir='ltr'>Cerularii,</span> <span class='ocrx_word' id='word_1_748' title='bbox 2877 4844 3048 4916; x_wconf 88' lang='lat' dir='ltr'>cujus</span> <span class='ocrx_word' id='word_1_749' title='bbox 3069 4847 3332 4916; x_wconf 91' lang='lat' dir='ltr'>tempore</span> <span class='ocrx_word' id='word_1_750' title='bbox 3354 4843 3673 4901; x_wconf 87' lang='lat' dir='ltr'>universim</span> 
     </span>
    </p>
   </div>
   <div class='ocr_carea' id='block_1_106' title="bbox 2023 4929 3676 5005">
    <p class='ocr_par' dir='ltr' id='par_1_106' title="bbox 2023 4929 3676 5005">
     <span class='ocr_line' id='line_1_107' title="bbox 2023 4929 3676 5005; baseline 0.001 -17"><span class='ocrx_word' id='word_1_751' title='bbox 2023 4947 2360 5005; x_wconf 86' lang='lat' dir='ltr'>azymorum</span> <span class='ocrx_word' id='word_1_752' title='bbox 2390 4947 2535 4985; x_wconf 89' lang='lat' dir='ltr'>usus</span> <span class='ocrx_word' id='word_1_753' title='bbox 2563 4929 2797 5003; x_wconf 88' lang='lat' dir='ltr'>vigebat</span> <span class='ocrx_word' id='word_1_754' title='bbox 2825 4932 2886 4987; x_wconf 93' lang='lat' dir='ltr'>in</span> <span class='ocrx_word' id='word_1_755' title='bbox 2914 4931 3176 4989; x_wconf 88' lang='lat' dir='ltr'>Ecclesia</span> <span class='ocrx_word' id='word_1_756' title='bbox 3213 4931 3437 4988; x_wconf 85' lang='lat' dir='ltr'>Latina.</span> <span class='ocrx_word' id='word_1_757' title='bbox 3490 4934 3676 5005; x_wconf 84' lang='lat' dir='ltr'>Atqui</span> 
     </span>
    </p>
   </div>
   <div class='ocr_carea' id='block_1_107' title="bbox 2023 5018 3676 5093">
    <p class='ocr_par' dir='ltr' id='par_1_107' title="bbox 2023 5018 3676 5093">
     <span class='ocr_line' id='line_1_108' title="bbox 2023 5018 3676 5093; baseline -0.001 -15"><span class='ocrx_word' id='word_1_758' title='bbox 2023 5037 2156 5078; x_wconf 88' lang='lat' dir='ltr'>cum</span> <span class='ocrx_word' id='word_1_759' title='bbox 2176 5021 2304 5092; x_wconf 89' lang='lat' dir='ltr'>ejus</span> <span class='ocrx_word' id='word_1_760' title='bbox 2334 5019 2417 5074; x_wconf 90' lang='lat' dir='ltr'>rei</span> <span class='ocrx_word' id='word_1_761' title='bbox 2451 5018 2613 5075; x_wconf 88' lang='lat' dir='ltr'>nulla</span> <span class='ocrx_word' id='word_1_762' title='bbox 2632 5020 2924 5076; x_wconf 87' lang='lat' dir='ltr'>exstetlex</span> <span class='ocrx_word' id='word_1_763' title='bbox 2951 5037 3138 5093; x_wconf 87' lang='lat' dir='ltr'>neque</span> <span class='ocrx_word' id='word_1_764' title='bbox 3167 5023 3516 5091; x_wconf 89' lang='lat' dir='ltr'>ante,neque</span> <span class='ocrx_word' id='word_1_765' title='bbox 3539 5025 3676 5092; x_wconf 77' lang='lat' dir='ltr'>past</span> 
     </span>
    </p>
   </div>
   <div class='ocr_carea' id='block_1_108' title="bbox 2021 5107 3673 5180">
    <p class='ocr_par' dir='ltr' id='par_1_108' title="bbox 2021 5107 3673 5180">
     <span class='ocr_line' id='line_1_109' title="bbox 2021 5107 3673 5180; baseline -0.001 -14"><span class='ocrx_word' id='word_1_766' title='bbox 2021 5110 2290 5167; x_wconf 89' lang='lat' dir='ltr'>Photium</span> <span class='ocrx_word' id='word_1_767' title='bbox 2324 5111 2463 5165; x_wconf 86' lang='lat' dir='ltr'>ante</span> <span class='ocrx_word' id='word_1_768' title='bbox 2494 5107 2796 5166; x_wconf 89' lang='lat' dir='ltr'>Michaelis</span> <span class='ocrx_word' id='word_1_769' title='bbox 2829 5108 3409 5180; x_wconf 66' lang='lat' dir='ltr'>aetatem,dicendum</span> <span class='ocrx_word' id='word_1_770' title='bbox 3436 5113 3527 5166; x_wconf 89' lang='lat' dir='ltr'>est</span> <span class='ocrx_word' id='word_1_771' title='bbox 3547 5121 3673 5165; x_wconf 89' lang='lat' dir='ltr'>mo-</span> 
     </span>
    </p>
   </div>
   <div class='ocr_carea' id='block_1_109' title="bbox 2021 5196 3670 5271">
    <p class='ocr_par' dir='ltr' id='par_1_109' title="bbox 2021 5196 3670 5271">
     <span class='ocr_line' id='line_1_110' title="bbox 2021 5196 3670 5271; baseline -0.003 -15"><span class='ocrx_word' id='word_1_772' title='bbox 2021 5216 2144 5257; x_wconf 91' lang='lat' dir='ltr'>rem</span> <span class='ocrx_word' id='word_1_773' title='bbox 2164 5197 2348 5255; x_wconf 91' lang='lat' dir='ltr'>istum</span> <span class='ocrx_word' id='word_1_774' title='bbox 2368 5197 2440 5254; x_wconf 88' lang='lat' dir='ltr'>ab</span> <span class='ocrx_word' id='word_1_775' title='bbox 2461 5196 2590 5271; x_wconf 90' lang='lat' dir='ltr'>ipso</span> <span class='ocrx_word' id='word_1_776' title='bbox 2611 5197 2823 5255; x_wconf 81' lang='lat' dir='ltr'>Latinae</span> <span class='ocrx_word' id='word_1_777' title='bbox 2838 5199 3107 5255; x_wconf 62' lang='lat' dir='ltr'>Ecclesiae</span> <span class='ocrx_word' id='word_1_778' title='bbox 3120 5196 3353 5254; x_wconf 83' lang='lat' dir='ltr'>exordio</span> <span class='ocrx_word' id='word_1_779' title='bbox 3371 5200 3670 5268; x_wconf 87' lang='lat' dir='ltr'>receptum</span> 
     </span>
    </p>
   </div>
   <div class='ocr_carea' id='block_1_110' title="bbox 2021 5284 3671 5362">
    <p class='ocr_par' dir='ltr' id='par_1_110' title="bbox 2021 5284 3671 5362">
     <span class='ocr_line' id='line_1_111' title="bbox 2021 5284 3671 5362; baseline -0.003 -17"><span class='ocrx_word' id='word_1_780' title='bbox 2021 5288 2299 5345; x_wconf 87' lang='lat' dir='ltr'>fuisse.Et</span> <span class='ocrx_word' id='word_1_781' title='bbox 2326 5291 2480 5344; x_wconf 88' lang='lat' dir='ltr'>certe</span> <span class='ocrx_word' id='word_1_782' title='bbox 2509 5287 2723 5344; x_wconf 78' lang='lat' dir='ltr'>Graecis</span> <span class='ocrx_word' id='word_1_783' title='bbox 2746 5293 3087 5362; x_wconf 90' lang='lat' dir='ltr'>promptum</span> <span class='ocrx_word' id='word_1_784' title='bbox 3110 5287 3318 5344; x_wconf 90' lang='lat' dir='ltr'>fuisset</span> <span class='ocrx_word' id='word_1_785' title='bbox 3337 5284 3559 5342; x_wconf 88' lang='lat' dir='ltr'>Latinis</span> <span class='ocrx_word' id='word_1_786' title='bbox 3579 5296 3671 5340; x_wconf 75' lang='lat' dir='ltr'>ex~</span> 
     </span>
    </p>
   </div>
   <div class='ocr_carea' id='block_1_111' title="bbox 2019 5373 3671 5452">
    <p class='ocr_par' dir='ltr' id='par_1_111' title="bbox 2019 5373 3671 5452">
     <span class='ocr_line' id='line_1_112' title="bbox 2019 5373 3671 5452; baseline -0.003 -18"><span class='ocrx_word' id='word_1_787' title='bbox 2019 5379 2266 5452; x_wconf 88' lang='lat' dir='ltr'>probare</span> <span class='ocrx_word' id='word_1_788' title='bbox 2295 5377 2476 5450; x_wconf 90' lang='lat' dir='ltr'>hujus</span> <span class='ocrx_word' id='word_1_789' title='bbox 2509 5377 2592 5433; x_wconf 91' lang='lat' dir='ltr'>rei</span> <span class='ocrx_word' id='word_1_790' title='bbox 2625 5378 2964 5448; x_wconf 88' lang='lat' dir='ltr'>novitatem,</span> <span class='ocrx_word' id='word_1_791' title='bbox 3014 5377 3064 5433; x_wconf 91' lang='lat' dir='ltr'>si</span> <span class='ocrx_word' id='word_1_792' title='bbox 3109 5392 3254 5432; x_wconf 89' lang='lat' dir='ltr'>usus</span> <span class='ocrx_word' id='word_1_793' title='bbox 3301 5373 3411 5430; x_wconf 88' lang='lat' dir='ltr'>iste</span> <span class='ocrx_word' id='word_1_794' title='bbox 3456 5376 3578 5430; x_wconf 88' lang='lat' dir='ltr'>tam</span> <span class='ocrx_word' id='word_1_795' title='bbox 3635 5385 3671 5429; x_wconf 82' lang='lat' dir='ltr'>a</span> 
     </span>
    </p>
   </div>
   <div class='ocr_carea' id='block_1_112' title="bbox 2021 5465 3672 5536">
    <p class='ocr_par' dir='ltr' id='par_1_112' title="bbox 2021 5465 3672 5536">
     <span class='ocr_line' id='line_1_113' title="bbox 2021 5465 3672 5536; baseline -0.005 -10"><span class='ocrx_word' id='word_1_796' title='bbox 2021 5467 2340 5526; x_wconf 89' lang='lat' dir='ltr'>schismate</span> <span class='ocrx_word' id='word_1_797' title='bbox 2369 5465 2648 5523; x_wconf 89' lang='lat' dir='ltr'>Photiano</span> <span class='ocrx_word' id='word_1_798' title='bbox 2681 5465 3167 5524; x_wconf 90' lang='lat' dir='ltr'>invaluisset.Nec</span> <span class='ocrx_word' id='word_1_799' title='bbox 3200 5478 3369 5536; x_wconf 91' lang='lat' dir='ltr'>porro</span> <span class='ocrx_word' id='word_1_800' title='bbox 3386 5465 3498 5518; x_wconf 91' lang='lat' dir='ltr'>Leo</span> <span class='ocrx_word' id='word_1_801' title='bbox 3517 5465 3672 5518; x_wconf 89' lang='lat' dir='ltr'>Pon-</span> 
     </span>
    </p>
   </div>
   <div class='ocr_carea' id='block_1_113' title="bbox 2019 5549 3702 5628">
    <p class='ocr_par' dir='ltr' id='par_1_113' title="bbox 2019 5549 3702 5628">
     <span class='ocr_line' id='line_1_114' title="bbox 2019 5549 3702 5628; baseline -0.006 -14"><span class='ocrx_word' id='word_1_802' title='bbox 2019 5557 2158 5614; x_wconf 87' lang='lat' dir='ltr'>tifex</span> <span class='ocrx_word' id='word_1_803' title='bbox 2202 5555 2416 5628; x_wconf 88' lang='lat' dir='ltr'>aliique</span> <span class='ocrx_word' id='word_1_804' title='bbox 2446 5554 2632 5611; x_wconf 87' lang='lat' dir='ltr'>Latini</span> <span class='ocrx_word' id='word_1_805' title='bbox 2665 5571 2730 5612; x_wconf 91' lang='lat' dir='ltr'>eo</span> <span class='ocrx_word' id='word_1_806' title='bbox 2761 5555 3046 5628; x_wconf 83' lang='lat' dir='ltr'>perfrictae</span> <span class='ocrx_word' id='word_1_807' title='bbox 3070 5552 3308 5622; x_wconf 80' lang='lat' dir='ltr'>frontis,</span> <span class='ocrx_word' id='word_1_808' title='bbox 3343 5550 3433 5608; x_wconf 92' lang='lat' dir='ltr'>vel</span> <span class='ocrx_word' id='word_1_809' title='bbox 3478 5549 3670 5622; x_wconf 88' lang='lat' dir='ltr'>turpis</span> <span class='ocrx_word' id='word_1_810' title='bbox 3698 5581 3702 5586; x_wconf 92' lang='lat'><em>-</em></span> 
     </span>
    </p>
   </div>
   <div class='ocr_carea' id='block_1_114' title="bbox 2019 5640 3672 5721">
    <p class='ocr_par' dir='ltr' id='par_1_114' title="bbox 2019 5640 3672 5721">
     <span class='ocr_line' id='line_1_115' title="bbox 2019 5640 3672 5721; baseline -0.002 -17"><span class='ocrx_word' id='word_1_811' title='bbox 2019 5645 2362 5721; x_wconf 77' lang='lat' dir='ltr'>ignorantiae</span> <span class='ocrx_word' id='word_1_812' title='bbox 2394 5645 2995 5721; x_wconf 80' lang='lat' dir='ltr'>processissent,utab</span> <span class='ocrx_word' id='word_1_813' title='bbox 3010 5657 3234 5704; x_wconf 90' lang='lat' dir='ltr'>morem</span> <span class='ocrx_word' id='word_1_814' title='bbox 3255 5640 3424 5700; x_wconf 88' lang='lat' dir='ltr'>illum</span> <span class='ocrx_word' id='word_1_815' title='bbox 3444 5641 3672 5713; x_wconf 79' lang='lat' dir='ltr'>aposto-</span> 
     </span>
    </p>
   </div>
  </div>
