3970 6218
125 353 294 423 1277

1117 350 1574 420 MABILLONII
1617 348 2094 425 DISQUISITIO
2137 353 2238 416 DE
2281 354 2581 418 AZYMO.

3390 366 3546 430 1278

123 490 330 550 lorum
360 489 726 565 temporibus
756 490 1013 564 repetere
1043 489 1172 546 ausi
1210 493 1425 557 essent,
1459 487 1508 545 si
1540 492 1658 544 tam
1691 502 1782 543 re-
1813 485 1868 552 Α
1898 489 2263 547 secutionum
2297 489 2384 562 (ut
2403 488 2746 564 loquuntur)
2777 507 2905 563 qua
2937 489 3145 565 primis
3176 494 3292 553 illis
3316 499 3541 558 saculis

127 599 276 640 cens
304 579 529 638 fuisset.

689 746 705 759 .
781 695 1008 752 CAPUT
1049 695 1141 749 XI.

414 803 673 876 Epilogus
702 807 754 859 et
782 802 1054 858 conclusio
1083 802 1510 872 pramissorum.

215 939 512 994 Hactenus
571 933 858 1007 quidquid
911 934 981 989 de
1028 933 1270 1005 antiquo
1304 949 1413 987 usu
1448 946 1784 1004 azymorum

137 1027 299 1100 apud
333 1024 566 1080 Latinos
598 1023 902 1078 observare
925 1021 1090 1076 licuit
1118 1020 1437 1077 subsecivis
1467 1021 1648 1087 horis,
1683 1036 1785 1092 pro

139 1112 386 1171 modulo
418 1128 545 1167 meo
577 1111 839 1183 exposui,
886 1109 1031 1165 nulli
1081 1110 1378 1165 sententia
1422 1109 1794 1181 pervicaciter

141 1201 550 1269 addictus,sed
578 1199 701 1256 solo
731 1199 848 1254 veri
879 1198 1231 1271 agnoscendi
1262 1203 1318 1254 et
1348 1197 1790 1253 demonstrandi

143 1290 343 1348 studio
370 1290 679 1345 adductus.
704 1287 762 1342 Si
785 1287 924 1358 quid
948 1287 1185 1359 profeci,
1211 1287 1265 1342 id
1290 1290 1477 1342 totum
1509 1301 1794 1357 suprema

142 1377 389 1436 Veritati
447 1377 734 1432 tributum
790 1375 940 1432 volo.
971 1376 1028 1430 Si
1075 1375 1215 1448 quid
1260 1375 1488 1430 incaute
1519 1373 1796 1430 scribenti

145 1466 490 1531 excidit,aut
519 1465 757 1529 falsum,
781 1468 883 1519 aut
905 1464 1150 1519 dubium
1185 1481 1287 1537 pro
1309 1481 1441 1519 vero
1462 1464 1794 1530 obtrusum,

148 1555 320 1627 cupio
351 1552 554 1610 refelli.
615 1553 879 1608 Poteram
937 1553 1175 1624 quidem
1223 1552 1456 1624 longius
1500 1553 1796 1625 progredi,

153 1643 205 1700 si
261 1641 609 1713 conjecturis
661 1639 998 1712 plusculum
1057 1641 1359 1713 indulgere
1413 1640 1728 1696 voluissem
1783 1657 1796 1695 :

149 1735 212 1789 at
268 1729 557 1801 ejusmodi
588 1728 839 1783 inventis
898 1729 1138 1784 modum
1170 1745 1383 1801 ponere
1433 1729 1620 1784 satius
1652 1727 1795 1783 mihi

1893 579 2334 652 grassabantur,
2369 580 2716 636 fermentato
2769 597 2914 652 pane
2969 599 3107 640 usos
3150 584 3208 640 in
3257 603 3317 642 re
3351 604 3538 655 sacra,

1901 667 2090 738 qualis
2116 667 2335 723 scilicet
2359 669 2546 740 magis
2569 669 2776 725 obvius
2819 674 2962 727 erat.
2990 673 3140 728 Sane
3167 673 3222 728 id
3255 691 3388 731 vero
3421 695 3534 733 non

1897 756 2164 811 absimile
2195 774 2434 828 prorsus
2467 762 2570 812 est.
2621 759 2967 830 Quanquam
3027 779 3142 817 non
3174 763 3252 818 ita
3283 763 3537 821 difficilis

1898 850 2176 916 apparatu
2209 851 2300 901 est
2329 863 2566 919 azymus
2588 849 2849 919 panis,ut
2871 849 2957 903 vel
2988 851 3190 906 confici
3220 869 3333 907 non
3350 855 3538 924 possit

1896 933 2042 988 citra
2054 933 2375 1005 periculum
2389 934 2664 1007 vulgandi
2681 940 2963 1000 auctores;
2981 938 3063 993 vel
3082 941 3361 1011 temporis
3380 941 3539 999 illius

1897 1021 2362 1077 Christianorum
2407 1023 2768 1094 diligentiam
2811 1041 2875 1080 ac
2928 1026 3199 1097 pietatem
3223 1032 3534 1100 superavit.

1901 1110 2064 1164 Certe
2097 1111 2204 1165 Leo
2228 1115 2383 1182 Papa
2403 1111 2472 1166 ΙΧ
2494 1115 2758 1178 testatur,
2784 1118 3069 1185 martyres
3095 1120 3344 1185 nostros,
3374 1119 3430 1174 id
3454 1124 3543 1176 est

1904 1199 2118 1252 Latina
2151 1199 2435 1267 Ecclesia,
2471 1200 2687 1271 azymis
2721 1201 2902 1257 fuisse
2928 1203 3243 1274 saginatos.
3270 1207 3338 1261 Et
3359 1208 3545 1264 multa

1903 1286 2018 1342 alia
2046 1286 2214 1358 longe
2236 1287 2566 1343 difficiliora
2589 1289 2803 1344 fiebant
2827 1291 3253 1361 parabanturve
3273 1295 3372 1350 illa
3398 1300 3542 1352 tem-

1907 1379 2152 1447 pestate,
2185 1379 2250 1430 ut
2279 1375 2427 1430 ritus
2460 1377 2806 1448 panitentia
2841 1379 3107 1449 publica,
3142 1382 3546 1454 amplissimus

1907 1462 2170 1519 Ecclesia
2202 1464 2538 1530 thesaurus,
2565 1482 2742 1520 aurea
2766 1469 2822 1520 et
2845 1471 3120 1538 argentea
3141 1470 3221 1524 rei
3247 1486 3424 1525 sacra
3446 1489 3542 1528 su-

1908 1551 2177 1622 pellex,et
2197 1556 2405 1608 catera
2425 1552 2479 1607 id
2505 1569 2690 1624 genus
2715 1571 2828 1608 non
2852 1571 3056 1625 pauca.
3091 1556 3352 1629 Denique
3372 1560 3549 1616 etiam

1909 1639 2231 1696 hisnostris
2250 1641 2615 1712 temporibus
2648 1642 2833 1697 Latini
2865 1643 3146 1700 Catholici
3166 1645 3265 1716 qui
3287 1647 3442 1718 apud
3466 1649 3549 1703 in-

1910 1728 2111 1784 ﬁdeles
2133 1729 2218 1784 vel
2241 1729 2542 1785 hareticos
2573 1729 2910 1787 delitescere
2956 1738 3264 1805 coguntur,
3299 1740 3491 1791 tamen
3523 1755 3556 1794 a

151 1819 351 1875 visum
379 1822 486 1884 est,
520 1817 617 1888 qui
649 1816 928 1872 historico
959 1818 1130 1872 modo
1163 1833 1285 1872 rem
1329 1816 1599 1889 persequi
1633 1817 1796 1889 prin-
1831 1845 1878 1910 Β
1912 1818 2171 1888 parando
2197 1817 2255 1871 in
2281 1833 2400 1872 rem
2426 1835 2652 1874 sacram
2678 1836 2877 1891 azymo
2901 1821 3236 1878 nullatenus
3259 1825 3554 1882 deterren-

154 1907 307 1979 cipio
341 1904 910 1976 institui.Reliquum
943 1909 1051 1974 est,
1074 1909 1138 1961 ut
1166 1906 1322 1962 brevi
1356 1905 1614 1961 oratione
1634 1905 1796 1961 colli-

153 2011 290 2070 gam
313 1995 468 2068 quod
498 1993 750 2066 sparsim
772 1993 834 2050 in
856 1995 1255 2067 superioribus
1277 1994 1480 2051 fusiori
1502 1995 1674 2050 modo
1696 2011 1792 2050 ex-

153 2083 390 2157 plicavi.

229 2170 656 2228 Eucharistiam
689 2189 723 2228 υ.
742 2170 972 2229 Christo
993 2171 1236 2228 Domino
1253 2172 1312 2227 in
1336 2171 1552 2244 azymis
1573 2171 1802 2228 institu-

154 2265 280 2318 tam
313 2261 494 2316 fuisse
517 2259 752 2332 probavi
779 2278 790 2316 :
816 2274 922 2316 nec
966 2265 1163 2316 tamen
1186 2275 1253 2316 ex
1274 2261 1398 2331 ejus
1447 2261 1596 2316 facto
1627 2263 1802 2333 atque

156 2347 424 2421 exemplo
445 2347 784 2404 incumbere
799 2348 1204 2404 necessitatem
1219 2348 1592 2404 consecrandi
1606 2348 1666 2402 in
1682 2365 1806 2420 azy-

160 2439 298 2501 mis,
329 2437 478 2493 Hinc
498 2441 555 2494 et
584 2437 806 2492 Cracos
829 2437 1195 2503 fermentato,
1227 2442 1284 2494 et
1319 2437 1555 2494 Latinos
1603 2454 1804 2510 azymo

155 2527 232 2585 ab
262 2526 430 2582 initio
463 2525 732 2581 Ecclesia
754 2526 836 2581 uti
861 2525 1143 2598 potuisse,
1165 2530 1221 2582 et
1252 2527 1490 2598 quidem
1521 2543 1661 2583 usos
1680 2543 1807 2583 esse

164 2616 311 2673 citra
325 2613 651 2688 periculum
676 2615 1126 2671 necessitudinis
1147 2614 1507 2671 Christiana.
1526 2616 1632 2672 Nec
1651 2615 1807 2672 enim

159 2721 262 2763 nos
320 2704 555 2776 oﬁendit
607 2703 966 2760 observantia
1019 2704 1325 2775 diversitas,
1378 2705 1475 2759 ubi
1510 2705 1638 2775 ﬁdei
1698 2720 1809 2760 non

164 2793 439 2852 scinditur
493 2797 698 2860 unitas,
760 2792 952 2864 inquit
980 2791 1289 2848 Fulbertus
1347 2793 1404 2848 in
1437 2793 1683 2866 epistola
1713 2811 1808 2850 se-

166 2883 379 2940 cunda.

238 2971 321 3027 De
350 2968 648 3043 Apostolis
670 2968 1278 3042 nihildlxi,propterea
1299 2971 1474 3042 quod,
1501 2971 1640 3042 quid
1659 2970 1810 3026 hanc

162 3061 226 3117 in
249 3075 372 3116 rem
404 3058 648 3131 egerint,
672 3057 803 3114 silet
835 3057 1030 3114 omnis
1061 3058 1403 3130 antiquitas,
1423 3059 1471 3114 si
1493 3063 1688 3116 tamen
1719 3073 1812 3116 ex-

165 3147 351 3221 cipias
381 3147 721 3204 testimonia
749 3147 958 3203 Leonis
989 3147 1154 3219 Papa
1185 3147 1322 3204 noni
1351 3151 1409 3203 et
1437 3148 1686 3205 aliorum
1717 3165 1809 3205 se-

160 3209 469 3310 quacium,
503 3235 602 3308 qui
635 3235 905 3291 Latinum
930 3209 1151 3292 morem
1177 3237 1250 3292 ab
1279 3237 1542 3309 exemplo
1575 3237 1725 3294 Petri
1757 3224 1814 3294 et
1841 3209 1888 3278 ί)

160 3325 330 3382 Pauli
352 3324 765 3397 Apostolorum
791 3325 1074 3381 derivant.
1101 3325 1180 3382 De
1211 3325 1343 3382 aliis
1367 3343 1500 3383 vero
1521 3327 1812 3398 Apostolis

161 3413 312 3473 nihil
336 3413 738 3486 pronuntiant,
772 3430 920 3486 quos
946 3418 1101 3471 certo
1125 3415 1260 3487 pani
1284 3415 1342 3470 in
1365 3431 1425 3470 re
1447 3433 1611 3471 sacra
1631 3415 1813 3472 fuisse

159 3503 431 3560 addictos
456 3519 571 3558 non
595 3501 764 3558 facile
786 3503 1068 3559 conficere
1089 3505 1326 3575 poteris.
1351 3504 1542 3560 Habes
1563 3504 1622 3560 in
1647 3521 1817 3576 supe-

163 3591 308 3647 riori
340 3589 589 3662 epistola
643 3589 1096 3646 eminentissimi
1147 3591 1461 3648 cardinalis
1491 3593 1650 3647 Bona
1679 3609 1817 3648 con-

157 3681 424 3752 jeoturas
445 3694 513 3734 ea
533 3677 606 3732 de
639 3692 701 3731 re
722 3677 1039 3734 admodum
1058 3679 1406 3752 probabiles,
1432 3680 1649 3752 quibus
1674 3679 1818 3735 nihil

173 3767 515 3825 addendum
545 3765 795 3820 videtur.

247 3857 337 3912 Ab
369 3853 777 3926 Apostolorum
810 3857 1069 3926 tempore
1115 3855 1389 3911 constitui
1431 3857 1604 3930 capit
1634 3856 1818 3912 eccle-

175 3944 418 4002 siastica
437 3942 943 4016 disciplina,cujus
967 3943 1230 4014 primarii
1247 3947 1510 4000 auctores
1530 3945 1690 4018 apud
1713 3947 1818 4002 La-

175 4034 335 4091 tinos
361 4048 696 4105 azymorum
717 4048 892 4088 usum
916 4031 1257 4104 pracepisse
1281 4050 1396 4088 non
1417 4033 1710 4091 immerito
1731 4036 1821 4090 vi-

181 4123 412 4179 dentur.
463 4123 548 4177 Ad
608 4122 755 4177 hanc
799 4119 1167 4193 disciplinam
1199 4122 1573 4180 sanciendam
1605 4125 1824 4181 conditi

179 4215 322 4269 sunt
351 4227 622 4278 canones,
655 4227 802 4284 quos
838 4226 1116 4266 vocamus
1143 4209 1563 4282 apostolorum,
1597 4213 1654 4268 in
1687 4231 1828 4286 quo-

179 4317 314 4359 rum
338 4301 506 4357 tertio
528 4300 896 4357 decernitur:
921 4299 1073 4356 Nihil
1101 4298 1260 4355 aliud
1288 4302 1347 4355 in
1383 4303 1658 4373 sacri/icio
1680 4321 1824 4376 pra-

175 4395 264 4448 ter
293 4388 349 4444 id
379 4388 519 4462 quod
548 4390 812 4446 Dominus
847 4389 1060 4457 statuit,
1110 4389 1463 4461 offerendum.
1519 4393 1652 4457 Qua
1701 4408 1826 4448 ver-

177 4479 257 4535 ba
288 4495 402 4536 non
435 4479 561 4536 sine
592 4478 972 4534 fundamento
1028 4479 1203 4535 etiam
1234 4479 1305 4534 de
1334 4496 1671 4552 azymorum
1715 4499 1825 4536 usu

1914 1907 2163 1962 tur.Hac
2185 1906 2254 1960 de
2276 1906 2483 1977 primis
2507 1907 2623 1963 illis
2645 1910 3010 1980 temporibus
3027 1913 3215 1983 magis
3228 1914 3555 1984 probabilia

1909 1999 1966 2050 et
1993 1995 2338 2050 verisimilia
2385 1996 2674 2063 videntur,
2710 1997 2872 2053 nullo
2905 1999 3140 2069 quidem
3169 2005 3322 2057 certo
3355 2019 3420 2058 ac
3451 2018 3552 2058 ne-

1911 2084 2162 2139 cessario
2185 2086 2656 2156 argumento,sed
2681 2087 3033 2156 conjecturis
3055 2092 3286 2145 tantum
3302 2089 3468 2158 fulta,
3492 2092 3552 2147 in

1911 2173 2126 2244 quibus
2156 2172 2480 2228 sistendum
2516 2173 2731 2245 putavi,
2765 2175 2905 2230 dum
2939 2177 3184 2233 certiora
3216 2183 3549 2250 suppetant.

1911 2262 2112 2317 Exstat
2143 2261 2379 2333 quidem
2409 2261 2572 2318 locus
2597 2279 2698 2334 pro
2721 2280 2920 2336 azymo
2952 2264 3292 2322 Latinorum
3338 2267 3395 2323 in
3419 2269 3550 2324 Ser-

1914 2367 2085 2406 mone
2107 2351 2176 2406 de
2205 2353 2376 2406 Cana
2407 2351 2638 2406 Domini
2671 2353 2823 2423 apud
2852 2357 3145 2409 auctorem
3175 2354 3308 2409 libri
3339 2357 3409 2411 de
3431 2373 3554 2412 car-

1914 2438 2212 2494 dinalibus
2232 2439 2445 2495 Christi
2471 2440 2764 2512 operibus,
2786 2442 2886 2512 qui
2908 2440 3055 2496 liber
3077 2443 3186 2498 sub
3209 2443 3444 2499 nomine
3461 2446 3560 2517 Cy-

1917 2527 2105 2599 priani
2135 2527 2408 2599 vulgatus
2462 2534 2570 2584 est.
2629 2531 2700 2584 At
2730 2535 2932 2585 auctor
2983 2530 3091 2585 iste
3134 2531 3415 2587 recentior
3447 2536 3559 2600 est,

1918 2615 2139 2673 scilicet
2190 2615 2475 2672 Ernaldus
2523 2621 2613 2686 (ut
2659 2618 2832 2673 certis
2895 2622 3127 2675 constat
3174 2622 3559 2692 argumentis)

1919 2705 2101 2760 abbas
2133 2705 2469 2760 Bonavallis
2501 2706 2556 2760 in
2592 2723 2729 2778 agro
2788 2707 3156 2774 Carnutensi,
3208 2710 3392 2765 sancti
3428 2715 3562 2765 Ber-

1919 2793 2083 2848 nardi
2116 2793 2343 2848 abbatis
2404 2793 2862 2851 Claravallensis
2912 2794 3152 2867 aqualis
3203 2799 3260 2852 et
3315 2797 3560 2865 amicus,

1919 2881 2058 2937 totis
2089 2883 2400 2954 nongentis
2432 2883 2601 2937 annis
2633 2884 2914 2956 Cypriane
2945 2885 3249 2956 posterior.

1993 2970 2180 3042 Magis
2227 2970 2523 3043 explorata
2567 2977 2707 3027 sunt
2746 2989 2872 3044 qua
2931 2973 3000 3028 de
3035 2977 3240 3043 quarto
3271 2976 3328 3030 et
3358 2974 3563 3030 subse-

1922 3058 2238 3130 quentibus
2273 3059 2502 3115 saculis
2534 3065 2870 3117 occurrunt.
2905 3064 2979 3117 At
3007 3078 3140 3117 vero
3173 3065 3327 3118 certa
3357 3067 3412 3118 et
3443 3079 3568 3133 per-

1923 3151 2122 3219 specta
2173 3147 2446 3203 videntur
2497 3164 2582 3216 ea,
2618 3166 2743 3220 qua
2774 3149 2845 3204 de
2890 3149 3200 3206 universali
3231 3167 3567 3223 azymorum

1921 3253 2030 3292 usu
2064 3240 2196 3292 ante
2225 3237 2504 3292 saculum
2529 3255 2748 3292 nonum
2775 3240 2927 3310 apud
2954 3239 3190 3295 Latinos
3214 3243 3441 3312 recepto
3469 3257 3568 3296 su-

1921 3325 2118 3396 perius
2148 3326 2425 3397 exposui:
2460 3326 2560 3396 qui
2619 3343 2746 3381 mos
2777 3343 2911 3382 cum
2973 3331 3104 3383 ante
3145 3345 3380 3384 omnem
3413 3328 3570 3385 illius

1921 3412 2205 3485 temporis
2235 3413 2542 3468 hominum
2576 3413 2917 3470 memoriam
2968 3414 3284 3470 invaluisse
3314 3416 3572 3472 creditus

1926 3501 2040 3556 sit:
2075 3502 2376 3556 fatendum
2433 3505 2522 3557 est
2574 3519 2707 3557 eum
2768 3505 2866 3557 aut
2898 3503 2971 3557 ab
3028 3503 3195 3574 ipsis,
3257 3508 3358 3558 aut
3389 3520 3570 3576 prope

1927 3589 1998 3644 ab
2059 3588 2200 3660 ipsis
2260 3590 2474 3644 Latina
2535 3589 2800 3646 Ecclesia
2870 3591 3206 3662 primordiis
3267 3595 3566 3662 receptum

1928 3677 2132 3732 fuisse.

1998 3767 2358 3838 Argumenta
2375 3781 2509 3822 vero
2532 3783 2656 3838 qua
2681 3782 2783 3838 pro
2807 3767 3088 3823 fermento
3112 3767 3450 3824 Latinorum
3478 3769 3575 3824 ad-

1930 3855 2246 3925 ducuntur,
2293 3854 2399 3909 etsi
2449 3870 2552 3926 pro
2601 3871 2967 3910 summorum
3000 3855 3281 3924 virorum,
3313 3856 3414 3928 qui
3445 3858 3574 3928 ejus

1933 3943 2229 4000 sententia
2250 3948 2515 4000 auctores
2529 3943 2975 4017 sunt,dignitate
2998 3948 3054 4000 et
3074 3945 3354 4017 gravitate
3377 3946 3572 4017 magni

1934 4033 2085 4107 apud
2119 4049 2210 4089 me
2241 4033 2359 4089 sint
2389 4033 2681 4106 ponderis,
2719 4050 2831 4089 non
2863 4037 3057 4088 tamen
3083 4035 3224 4089 adeo
3247 4033 3576 4091 necessaria

1935 4122 2080 4178 mihi
2100 4123 2460 4192 videntur,ut
2481 4123 2537 4177 id
2562 4122 2727 4178 fateri
2753 4140 2858 4178 nos
2880 4126 3127 4195 cogant;
3153 4139 3259 4178 nec
3290 4127 3442 4178 certe
3473 4140 3575 4178 va-

1934 4211 2163 4280 lidiora,
2198 4229 2374 4284 quam
2407 4229 2532 4284 qua
2563 4229 2596 4266 a
2626 4211 2924 4268 contraria
2947 4213 3247 4268 sententia
3268 4211 3575 4268 assertori-

1935 4302 2046 4357 bus
2074 4300 2273 4372 reponi
2299 4301 2914 4373 possint.Quapropter
2941 4301 3010 4356 de
3035 4301 3242 4374 primis
3264 4300 3381 4356 illis
3404 4318 3580 4356 sacu-

1936 4390 2010 4446 lis
2033 4396 2293 4446 remanet
2315 4389 2548 4462 quidem
2573 4389 2894 4462 plurimum
2917 4391 3445 4462 obscuritatis,qua
3469 4391 3576 4444 du-

1934 4480 2159 4536 bitandi
2189 4479 2489 4535 materiam
2514 4479 2766 4551 prabere
2784 4484 3008 4552 potest:
3033 4485 3091 4535 at
3114 4479 3379 4536 fermenti
3403 4494 3576 4534 usum

179 4566 456 4641 explicari
480 4571 764 4640 possunt:
789 4568 1263 4640 quandoquidem
1286 4569 1440 4639 apud
1463 4568 1823 4639 antiquiores
1855 4581 1900 4647 D
1937 4569 2092 4641 apud
2123 4569 2359 4624 Latinos
2384 4569 2682 4624 asserendi
2711 4569 2887 4640 (quod
2911 4587 3042 4624 cum
3066 4569 3219 4625 bona
3231 4572 3433 4625 contra
3453 4585 3579 4623 sen-

175 4656 312 4713 illos
335 4656 533 4713 Patres
553 4672 900 4730 persuasum
923 4659 1065 4727 erat,
1089 4655 1383 4711 Christum
1407 4654 1464 4710 in
1489 4653 1663 4712 Cana
1683 4674 1819 4730 azy-
1933 4657 2210 4713 tientium
2240 4657 2408 4713 venia
2433 4657 2654 4713 dictum
2684 4657 2878 4730 velim)
2903 4658 3045 4712 mihi
3073 4658 3372 4714 sufficiens
3402 4672 3580 4710 causa

177 4762 346 4803 mum
379 4745 682 4803 obtulisse.

249 4834 520 4909 Oppones
549 4833 846 4909 probabile
887 4832 1091 4902 videri,
1155 4831 1351 4889 fideles
1392 4835 1654 4905 tempore
1683 4851 1814 4907 per-

1935 4763 2050 4802 non
2080 4747 2330 4802 videtur.
