3970 6218
100 279 262 343 1289

807 444 1238 458 m—

1001 275 1251 342 EPIST.
1302 277 1404 338 DE
1448 274 2009 342 EUCHARISTI/E
2055 279 2611 345 SACBAMENTO.

3355 288 3512 350 1290

1247 444 3466 475 mw

1200 619 2407 749 ADELMANNI

799 872 904 932 EX
949 871 1484 932 SCHOLASTICO
1527 873 1944 934 LEODIENSI
1988 873 2337 935 EPISCOPI
2382 875 2819 940 BRIXIENSIS

1036 1057 1156 1129 DE
1216 1057 1885 1132 EUGHABISTI/E
1936 1057 2569 1136 SACRAMENTO

557 1277 744 1378 AD
881 1272 2076 1379 BERENGARIUM
2217 1278 3055 1384 EPISTOLA.

1274 1494 1630 1566 (Bibliotheca
1659 1495 1910 1561 Patrum,
1941 1494 2142 1568 XVIII,
2176 1496 2323 1568 438.)

183 1771 404 1828 Dilecto
435 1771 494 1826 in
523 1770 748 1828 Christo
780 1769 943 1825 fratri
994 1767 1338 1826 scholastico
1383 1769 1748 1825 Bsnsrzcamo
1777 1772 1833 1838 Α
1862 1770 2017 1833 Quos
2040 1769 2424 1827 nihilominus
2447 1771 2504 1828 in
2529 1771 2784 1844 psal.xm
2819 1773 2900 1828 ita
2921 1775 3231 1830 adnotatos
3261 1773 3510 1830 adverti-

105 1863 498 1918 ADBLMANNUS
529 1858 773 1915 salutem
805 1859 866 1914 in
897 1858 1164 1914 Domino.

173 1949 603 2006 Collactaneum
633 1953 688 2004 te
719 1964 915 2004 meum
961 1946 1156 2003 vocavi
1207 1950 1444 2018 propter
1473 1945 1744 2001 dulcissi-

107 2056 266 2096 mum
297 2037 442 2094 illud
474 2037 925 2094 contubernium
958 2036 1112 2108 quod
1154 2052 1287 2091 cum
1318 2039 1375 2090 te
1405 2034 1743 2090 adolescen-

107 2129 248 2198 tulo,
279 2127 402 2200 ipse
433 2144 538 2201 ego
569 2125 957 2198 majusculus,
982 2126 1041 2180 in
1075 2124 1374 2180 academia
1400 2125 1741 2180 Carnotensi

108 2219 212 2275 sub
243 2221 438 2274 nostro
469 2216 569 2273 illo
595 2215 913 2271 venerabili
943 2215 1175 2270 Socrate
1207 2214 1281 2284 (3)
1307 2212 1742 2283 jucundissime

107 2307 273 2376 duxi;
306 2307 472 2377 cujus
501 2307 572 2361 de
604 2305 866 2360 convictu
899 2302 1134 2376 gloriari
1157 2302 1325 2356 nobis
1349 2301 1586 2372 dignius
1608 2301 1743 2356 licet

106 2413 274 2469 quam
303 2395 665 2468 gloriabatur
713 2393 894 2458 Plato,
935 2392 1155 2464 gratias
1205 2407 1382 2462 agens
1423 2395 1642 2446 natura:
1675 2406 1740 2446 co

108 2487 251 2559 quod
277 2485 336 2541 in
359 2484 570 2540 diebus
593 2483 847 2538 Socratis
887 2481 977 2536 sui
999 2479 1296 2536 hominem
1330 2496 1388 2534 se
1419 2497 1532 2534 non
1566 2494 1738 2550 pecu-

105 2575 229 2631 dem
263 2574 605 2648 peperisset.
631 2573 748 2627 Nos
800 2571 956 2625 enim
1002 2569 1350 2625 sanctiorem
1377 2568 1557 2622 vitam
1591 2567 1742 2623 salu-

102 2665 466 2735 brioremque
497 2661 823 2718 doctrinam
863 2658 1133 2716 catholici
1179 2662 1236 2713 et
1266 2655 1739 2713 christianissimi

103 2751 350 2808 hominis
386 2749 605 2823 experti
656 2764 886 2815 sumus,
917 2751 973 2802 ct
1014 2762 1169 2801 nunc
1212 2746 1342 2815 ejus
1372 2745 1526 2816 apud
1560 2749 1738 2800 Deum

104 2843 370 2914 precibus
401 2839 663 2912 adjuvari
709 2852 941 2910 sperare
992 2835 1296 2890 debemus.
1327 2835 1525 2906 Neque
1582 2834 1738 2888 enim

100 2931 395 3002 putandus
421 2933 511 2985 est
561 2925 927 2990 memoriam,
959 2924 1018 2979 in
1071 2940 1186 2995 qua
1237 2939 1342 2978 nos
1372 2926 1654 2994 tanquam
1679 2923 1738 2977 in

103 3020 226 3075 sinu
258 3022 528 3076 materno
578 3031 811 3088 semper
849 3014 1086 3076 ferebat,
1128 3011 1420 3080 amisisse,
1461 3015 1562 3066 aut
1606 3027 1738 3068 vero

101 3109 342 3166 charitas
371 3106 606 3174 Christi,
631 3122 748 3178 qua
787 3103 941 3159 sicut
981 3101 1130 3158 filios
1161 3099 1641 3172 amplectebatur,
1675 3100 1733 3156 in

100 3214 160 3252 eo
189 3197 479 3254 exstincta
519 3200 624 3250 est.
650 3193 761 3249 Sed
795 3193 1018 3263 absque
1068 3189 1244 3244 dubio
1278 3205 1501 3244 memor
1530 3188 1736 3258 nostri,

102 3285 340 3361 diligens
367 3283 600 3358 plenius
623 3298 801 3354 quam
825 3297 958 3335 cum
976 3280 1034 3334 in
1059 3294 1297 3349 corpore
1320 3278 1526 3333 mortis
1560 3278 1738 3348 hujus

101 3375 580 3449 peregrinaretur,
612 3371 820 3426 invitat
842 3369 912 3424 ad
955 3385 1017 3424 se
1055 3369 1202 3423 votis
1249 3371 1305 3422 et
1334 3365 1524 3423 tacitis
1555 3366 1737 3438 preci-

101 3463 228 3532 bus,
259 3465 562 3520 obtestans
593 3477 696 3532 per
733 3461 955 3515 secreta
1001 3456 1102 3510 illa
1123 3460 1180 3511 et
1208 3455 1541 3527 vespertina
1571 3454 1740 3510 collo-

103 3552 235 3623 quia
266 3569 392 3624 quae
425 3549 733 3606 nobiscum
783 3547 843 3601 in
893 3545 1126 3601 hortulo
1150 3545 1322 3615 juxta
1353 3542 1634 3614 capellam
1668 3543 1737 3598 de

102 3641 322 3697 civitate
351 3638 458 3694 illa
486 3654 662 3709 quam
693 3637 807 3692 Deo
836 3633 1063 3690 volente
1093 3636 1330 3688 senator
1372 3649 1526 3686 nunc
1558 3631 1740 3704 possi-

105 3729 212 3798 det,
244 3727 464 3800 stepius
515 3725 788 3792 habebat,
822 3728 878 3778 et
915 3723 1228 3778 obsecrans
1280 3736 1382 3792 per
1428 3720 1735 3792 lacrymas,

105 3834 242 3890 quas
300 3815 600 3872 interdum
656 3814 716 3868 in
766 3811 957 3868 medio
1017 3826 1282 3867 sermone
1329 3825 1738 3882 prorumpens,

108 3907 434 3962 exundante
455 3901 644 3960 sancti
667 3901 893 3958 ardoris
914 3900 1159 3972 impetu,
1179 3899 1581 3964 emanabat,ut
1602 3897 1740 3954 illuc

106 3995 259 4050 omni
317 3993 515 4052 studio
562 4006 964 4064 properemus,
995 3989 1148 4043 viam
1205 3987 1426 4058 regiam
1475 3985 1739 4041 directim

107 4085 452 4156 gradientes,
486 4085 824 4138 sanctorum
866 4082 1106 4132 Patrum
1138 4075 1398 4148 vestigiis
1429 4075 1739 4130 observan-

104 4172 323 4228 tissime
343 4171 718 4236 iuhzerentes,
742 4173 803 4224 ut
834 4165 1067 4223 nullum
1095 4181 1336 4238 prorsus
1358 4164 1416 4218 in
1440 4163 1742 4219 diverticu-

104 4257 478 4332 lum,nullam
512 4259 571 4314 in
594 4274 804 4313 novam
827 4260 883 4312 et
915 4254 1177 4311 fallacem
1217 4253 1486 4308 semitam
1511 4252 1742 4308 desilia-

109 4363 254 4417 n:us,
287 4366 360 4404 ne
389 4349 538 4403 forte
583 4347 643 4402 in
689 4346 932 4418 laqueos
959 4349 1019 4400 et
1066 4341 1344 4399 scandala
1373 4341 1741 4409 incidamus;

110 4436 242 4508 quia
269 4437 426 4494 sicut
451 4437 531 4492 ait
577 4434 918 4492 Psalmista:
954 4457 980 4483 ‹‹
1013 4433 1187 4488 Juxta
1241 4431 1352 4486 iter
1401 4430 1744 4486 scandalum

110 4530 427 4597 posuerunt
472 4524 616 4580 mihi
652 4524 822 4596 (Psal.
881 4525 1125 4589 cxxxxx).
1180 4543 1206 4571 ››

105 4614 267 4684 juxta
294 4615 426 4681 iter,
460 4614 569 4670 hoc
615 4618 706 4669 est
752 4617 914 4668 extra
964 4613 1092 4667 iter.
1124 4610 1203 4666 De
1259 4609 1352 4665 via
1381 4613 1576 4664 autem
1609 4609 1747 4681 quid

113 4701 292 4758 dicit?
328 4727 348 4752 ι
381 4703 495 4758 Pax
515 4702 703 4758 multa
723 4700 1104 4774 diligentibus
1123 4698 1310 4771 legem
1335 4702 1520 4765 tuam,
1549 4703 1603 4752 et
1634 4715 1747 4753 non

111 4795 198 4846 est
226 4791 343 4848 illis
393 4791 738 4848 scandalum
785 4791 956 4860 (Psal.
1016 4788 1230 4859 cxvm).
1265 4811 1291 4836 »
1351 4788 1418 4842 Et
1475 4787 1615 4858 quid
1666 4792 1753 4842 est

110 4875 198 4933 lex
215 4879 469 4952 Domini,
503 4881 617 4936 nisi
655 4880 747 4935 via
778 4877 1060 4934 Domini?
1090 4876 1253 4932 Sicut
1291 4875 1349 4930 in
1383 4875 1493 4930 alio
1524 4875 1751 4948 psalmo

112 4970 415 5023 cantatur:
463 4992 490 5018 «
538 4969 706 5025 Viam
755 4967 1164 5023 mandatorum
1216 4970 1451 5019 tuorum
1500 4964 1751 5031 cucurri,

111 5070 242 5110 cum
275 5056 536 5114 dilatasti
588 5075 686 5113 cor
728 5073 924 5112 meum
977 5054 1178 5126 (Ibz'd.).
1236 5077 1254 5101 ι
1314 5054 1462 5124 Ergo
1521 5054 1579 5108 in
1637 5054 1750 5122 via,

110 5159 248 5214 pax;
283 5150 450 5202 extra
479 5144 1160 5216 viam,scandalum.lloc
1196 5141 1539 5195 scandalum
1567 5143 1756 5197 incur-

111 5237 247 5288 runt
276 5235 402 5305 qui,
435 5253 537 5307 per
566 5235 816 5291 haereses
847 5238 906 5290 et
952 5230 1274 5288 schismata
1304 5229 1620 5297 deviantes,
1655 5247 1755 5302 pa-

112 5335 234 5377 cem
266 5321 615 5380 catholicam
647 5323 847 5396 impiis
882 5317 1354 5378 contentionibus
1393 5319 1752 5375 rescindunt.

179 5464 257 5536 (3)
289 5465 374 5522 De
401 5465 673 5522 Fulberto
731 5461 1071 5536 Carnotensj
1121 5458 1391 5536 episcopo
1431 5460 1757 5536 eumloqui

113 5529 452 5613 apparet,”
475 5555 542 5595 eo
574 5537 730 5612 quod
763 5535 938 5610 paulo
969 5532 1122 5590 infra
1143 5529 1759 5593 :‘«Per‘suavissimam

434 5665 700 5751 Parma,
742 5661 1018 5747 CXLIII.

1861 1876 2032 1914 mus:
2073 1882 2094 1908 ε
2129 1859 2412 1915 Contritio
2459 1865 2516 1916 et
2566 1860 2878 1917 infelicitas
2927 1863 2986 1916 in
3034 1863 3142 1918 viis
3191 1878 3416 1930 eorum,
3451 1866 3508 1918 et

1854 1947 2007 2002 viam
2032 1949 2192 2020 pacis
2215 1966 2330 2004 non
2353 1955 2764 2022 cognoverunt.
2800 1974 2827 1999 »
2871 1953 3009 2006 Ecce
3041 1949 3385 2006 scandalum
3416 1950 3504 2007 vel

1855 2037 2352 2108 potiusfcandala
2377 2055 2605 2110 ;nempe
2629 2039 2896 2094 contritio
2918 2043 2974 2095 ct
3005 2039 3313 2095 infelicitas
3343 2043 3504 2095 aeter-

1853 2141 1961 2192 na;
1986 2142 2114 2198 quze
2135 2133 2450 2182 occurrunt
2470 2127 2530 2182 in
2554 2128 2778 2183 semitis
2801 2128 3205 2184 haereticorum
3225 2128 3380 2182 viam
3404 2145 3499 2200 pa-

1853 2214 1936 2269 cis
1968 2215 2266 2270 catholicae
2298 2233 2469 2272 nosse
2501 2217 2924 2272 recusantium.
2957 2220 3186 2272 Avertat
3216 2217 3498 2273 Dominus

1853 2320 1887 2357 a
1917 2307 1993 2370 te,
2026 2308 2223 2359 sancte
2258 2306 2452 2370 frater,
2487 2306 2730 2362 semitas
2774 2306 2939 2373 tales,
2974 2310 3030 2360 et
3069 2309 3365 2360 convertat
3398 2323 3496 2377 pe-

1854 2391 1953 2446 des
1985 2397 2118 2447 tuos
2149 2394 2204 2447 in
2241 2394 2578 2449 testimonia
2610 2413 2754 2461 sua;
2789 2399 2844 2449 et
2889 2395 3198 2450 mendaces
3232 2395 3500 2450 ostendat

1853 2480 1951 2550 qui
1980 2481 2194 2535 famam
2218 2485 2380 2536 tuam
2405 2488 2523 2538 tam
2546 2484 2695 2538 faeda
2727 2483 2856 2539 labe
2880 2483 3173 2538 maculare
3207 2483 3495 2551 nituntur,

1852 2575 2192 2640 spargentes
2245 2588 2684 2643 usquequaque,
2732 2577 2795 2626 ut
2835 2589 2948 2627 non
2997 2570 3188 2628 solum
3239 2571 3494 2640 Latinas,

1849 2674 2050 2713 verum
2082 2659 2256 2714 etiam
2290 2660 2638 2716 Teutonicas
2689 2677 2878 2726 aures,
2905 2662 3056 2716 inter
3096 2677 3240 2732 quas
3274 2660 3372 2715 diu
3396 2677 3496 2732 pe-

1852 2746 2680 2820 regrinor,repleverint,quasi
2705 2754 2760 2804 te
2785 2751 2856 2804 ab
2881 2751 3100 2805 unitate
3133 2753 3347 2804 sanctas
3371 2765 3495 2805 ma-

1850 2835 1957 2890 tris
1979 2835 2245 2891 Ecclesia:
2279 2836 2609 2903 divulseris,
2642 2843 2698 2893 et
2734 2839 2805 2892 de
2855 2855 3092 2910 corpore
3122 2843 3178 2893 et
3209 2839 3496 2910 sanguine

1850 2924 2101 2990 Domini,
2131 2925 2284 2995 quod
2304 2926 2565 2996 quotidie
2587 2926 2645 2981 in
2671 2929 2940 2982 universa
2975 2932 3127 2983 terra
3151 2944 3327 2998 super
3359 2944 3494 2982 san-

1851 3017 2008 3067 ctum
2043 3011 2224 3068 altare
2257 3014 2616 3083 immolatur,
2633 3016 2800 3071 aliter
2831 3033 3005 3088 quam
3039 3016 3183 3072 fides
3214 3015 3496 3072 catholica

1851 3105 2064 3167 teneat,
2099 3102 2312 3159 sentire
2342 3104 2629 3160 videaris:
2664 3105 2772 3160 hoc
2803 3111 2910 3172 est,
2964 3109 3028 3160 ut
3074 3105 3305 3162 illorum
3337 3105 3408 3159 de
3437 3108 3494 3159 te

1847 3190 2020 3245 dictis
2046 3196 2197 3259 utar,
2233 3209 2347 3247 non
2379 3209 2507 3248 (‘sse
2546 3210 2745 3248 verum
2798 3211 3010 3266 corpus
3059 3194 3275 3250 Christi
3305 3209 3494 3264 neque

1847 3297 2051 3336 verum
2083 3281 2453 3352 sanguinem,
2489 3283 2587 3338 sed
2613 3284 2861 3355 figuram
2893 3285 3212 3354 quamdam
3235 3287 3291 3338 et
3321 3282 3493 3338 simi-

1846 3368 2159 3425 litudinem
2185 3369 2197 3422 !

1919 3458 2049 3512 Haec
2081 3462 2214 3514 ante
2247 3459 2356 3514 hoc
2387 3460 2689 3514 biennium
2722 3477 2856 3514 cum
2890 3458 3494 3526 audissem,fraterni-

1846 3551 2024 3602 tatem
2083 3553 2247 3602 tuam
2297 3566 2398 3620 per
2454 3548 2760 3620 epistolam
2814 3550 3138 3615 convenire,
3187 3547 3364 3618 idque
3421 3564 3492 3602 ex

1845 3637 2030 3708 teipso
2071 3636 2283 3690 certius
2341 3637 2761 3692 sciscitandum
2824 3654 2953 3692 esse
3011 3636 3255 3691 decrevi.
3288 3635 3492 3692 Sciens

1847 3741 2018 3796 porro
2051 3723 2395 3779 familiarem
2420 3730 2589 3780 tuum
2612 3725 2918 3780 dominum
2942 3724 3495 3789 Paulinum,Meten-

1850 3829 1971 3868 sem
1996 3812 2528 3884 primicerium,tibi
2559 3813 2889 3885 propiorem
2919 3815 3142 3886 tibique
3192 3812 3496 3884 aliquanto

1848 3901 2186 3956 viciniorem
2222 3917 2372 3967 esse,
2404 3905 2461 3956 et
2492 3919 2620 3958 mea
2672 3903 2952 3974 petitione
2982 3908 3040 3958 et
3071 3920 3179 3957 sua
3211 3901 3499 3974 pollicita-

1852 3991 2006 4045 tione
2040 3989 2296 4062 delegavi
2321 3989 2432 4045 sibi
2472 3990 2650 4061 hujus
2672 3991 2888 4063 negotii
2939 3990 3396 4047 exsecutionem.
3424 3993 3501 4044 At

1852 4077 1947 4133 ille
1977 4080 2113 4150 (non
2147 4079 2302 4133 enim
2336 4078 2394 4132 in
2427 4078 2535 4134 hac
2566 4096 2626 4135 re
2657 4079 2897 4136 laudare
2927 4097 3060 4136 cum
3094 4079 3362 4152 possum)
3397 4094 3498 4134 ne-

1851 4167 2078 4240 gligens
2117 4167 2234 4223 sive
2284 4165 2631 4238 alterutrum
2683 4169 2802 4225 sive
2854 4176 3171 4241 utrumque
3204 4171 3496 4236 nostrum,

1854 4273 2042 4327 usque
2077 4256 2266 4311 adhuc
2313 4255 2548 4328 reliquit
2597 4275 2690 4313 me
2739 4275 3116 4330 suspensum.
3151 4257 3263 4313 Sed
3305 4256 3504 4312 divina

1854 4346 2042 4417 gratia
2059 4362 2164 4400 nos
2189 4362 2493 4416 nunquam
2521 4347 2823 4420 negligens
2841 4349 3140 4420 inopinato
3164 4346 3308 4403 mihi
3333 4347 3502 4401 obtu-

1857 4433 1926 4488 lit
1960 4433 2169 4489 melius
2193 4452 2370 4506 quam
2395 4436 2984 4509 optabam.0ptaham
3018 4441 3212 4494 autem
3247 4435 3505 4491 invenire

1265 4521 1412 4575 Nam
1464 4521 1618 4591 quod
1661 4522 1750 4574 est
1780 4503 1823 4570 (ἶ
1861 4521 2161 4578 hominem
2205 4525 2612 4596 peregrinandi
2657 4543 2764 4581 usu
2814 4526 3214 4594 exercitatum,
3249 4523 3504 4596 regionis

1860 4615 1916 4665 et
1945 4609 2159 4682 lingua:
2187 4612 2536 4667 Francorum
2584 4632 2697 4669 non
2739 4616 3008 4687 ignarum
3038 4633 3049 4681 ;
3083 4619 3140 4670 ct
3186 4629 3316 4668 ecce
3346 4610 3507 4667 stetit

1861 4699 2006 4754 mihi
2037 4716 2067 4754 e
2099 4700 2276 4754 latere
2310 4701 2485 4755 frater
2535 4701 2641 4757 iste
2673 4704 2763 4770 G.,
2797 4720 2863 4758 ex
2886 4708 2984 4758 tuo
3029 4703 3262 4757 nomine
3289 4717 3381 4754 me
3412 4716 3506 4754 sa-

1861 4787 2076 4843 lutans.
2109 4787 2395 4860 Ohstupui
2437 4807 2552 4859 prae
2599 4792 2834 4862 gaudio,
2868 4796 2923 4846 et
2969 4797 3166 4846 tamen
3199 4806 3312 4844 non
3346 4786 3508 4858 potui

1863 4881 1981 4931 tam
2009 4877 2308 4948 repentino
2332 4879 2563 4932 eventui
2585 4880 2757 4935 fidem
2794 4881 3077 4950 integram
3104 4879 3336 4943 habere,
3371 4875 3511 4946 quia

1864 4966 2040 5020 frater
2061 4966 2199 5019 item
2220 4965 2448 5019 nullum
2471 4969 2574 5022 abs
2600 4973 2653 5022 te
2697 4970 2930 5040 signum
2956 4967 3371 5022 litteratorium
3403 4963 3512 5033 (uti

1864 5071 1992 5109 11108
2013 5058 2100 5108 est
2121 5054 2272 5108 inter
2292 5054 2512 5109 amicos
2535 5061 2651 5110 tam
2676 5057 2846 5129 longe
2871 5061 3124 5111 remotos
3146 5061 3386 5125 tamque
3410 5051 3511 5106 diu

1864 5160 1977 5198 non
2010 5142 2184 5213 visos)
2219 5142 2528 5198 afferebat:
2560 5146 2714 5214 quod
2745 5152 2940 5200 tamen
2973 5145 3168 5216 ipsum
3205 5141 3406 5198 multis
3438 5141 3509 5195 de

1866 5231 2058 5287 causis
2091 5231 2256 5286 facile
2304 5233 2793 5302 persuasibilibus
2850 5235 3184 5288 excusabat.
3217 5233 3345 5288 Sive
3375 5245 3512 5302 ergo

1865 5337 2017 5386 vere,
2049 5320 2167 5374 sive
2197 5318 2364 5374 aliter
2413 5319 2520 5374 hoc
2571 5322 2798 5394 agebat,
2828 5339 2932 5396 ego
2987 5340 3122 5378 eum
3181 5339 3216 5377 a
3267 5319 3514 5376 Domino

1867 5461 2212 5592 {nemoriapi
2242 5460 2519 5533 Fulberti,
2562 5464 2773 5540 inquit,
2817 5482 3018 5540 pacem
3052 5463 3399 5522 catholicam
3427 5460 3517 5521 di-

1891 5551 2039 5592 111118.
2069 5556 2098 5590 ››
2125 5551 2155 5592 0
2183 5551 2233 5592 0.

1891 5551 2039 5612 igas,
2069 5556 2098 5590 ››
2125 5551 2233 5594 etc.

3122 5667 3196 5755 μ
