  <div class='ocr_page' id='page_1' title='image "/cluster/home/n/w/nwhite01/storage/ocr_20150623/143/uva.x000829790/671.png"; bbox 0 0 3970 6218; ppageno 0'>
   <div class='ocr_carea' id='block_1_1' title="bbox 458 257 609 318">
    <p class='ocr_par' dir='ltr' id='par_1_1' title="bbox 458 257 609 318">
     <span class='ocr_line' id='line_1_1' title="bbox 458 257 609 318; baseline -0.007 0"><span class='ocrx_word' id='word_1_1' title='bbox 458 257 609 318; x_wconf 73' lang='grc'><strong>1291</strong></span> 
     </span>
    </p>
   </div>
   <div class='ocr_carea' id='block_1_2' title="bbox 1471 246 2841 313">
    <p class='ocr_par' dir='ltr' id='par_1_2' title="bbox 1471 246 2841 313">
     <span class='ocr_line' id='line_1_2' title="bbox 1471 246 2841 313; baseline 0.001 -5"><span class='ocrx_word' id='word_1_2' title='bbox 1471 250 1928 310; x_wconf 80' lang='lat' dir='ltr'><strong>ADELMANNI</strong></span> <span class='ocrx_word' id='word_1_3' title='bbox 1974 246 2328 313; x_wconf 82' lang='lat' dir='ltr'>EPISGOPI</span> <span class='ocrx_word' id='word_1_4' title='bbox 2370 250 2841 312; x_wconf 82' lang='lat' dir='ltr'>BRleENSIS.</span> 
     </span>
    </p>
   </div>
   <div class='ocr_carea' id='block_1_3' title="bbox 3702 249 3852 311">
    <p class='ocr_par' dir='ltr' id='par_1_3' title="bbox 3702 249 3852 311">
     <span class='ocr_line' id='line_1_3' title="bbox 3702 249 3852 311; baseline -0.027 1"><span class='ocrx_word' id='word_1_5' title='bbox 3702 249 3852 311; x_wconf 67' lang='lat'>£292</span> 
     </span>
    </p>
   </div>
   <div class='ocr_carea' id='block_1_4' title="bbox 459 380 3858 463">
    <p class='ocr_par' dir='ltr' id='par_1_4' title="bbox 459 380 3858 463">
     <span class='ocr_line' id='line_1_4' title="bbox 459 380 3858 463; baseline -0.003 -17"><span class='ocrx_word' id='word_1_6' title='bbox 459 392 850 463; x_wconf 69' lang='lat' dir='ltr'>praeparatum</span> <span class='ocrx_word' id='word_1_7' title='bbox 882 384 1023 437; x_wconf 90' lang='lat' dir='ltr'>mihi</span> <span class='ocrx_word' id='word_1_8' title='bbox 1060 399 1185 437; x_wconf 85' lang='lat' dir='ltr'>esse</span> <span class='ocrx_word' id='word_1_9' title='bbox 1216 400 1329 438; x_wconf 91' lang='lat' dir='ltr'>non</span> <span class='ocrx_word' id='word_1_10' title='bbox 1352 382 1646 449; x_wconf 81' lang='lat' dir='ltr'>difﬁdens,</span> <span class='ocrx_word' id='word_1_11' title='bbox 1684 381 1843 437; x_wconf 92' lang='lat' dir='ltr'>nolui</span> <span class='ocrx_word' id='word_1_12' title='bbox 1869 381 2093 437; x_wconf 80' lang='lat' dir='ltr'>diutius</span> <span class='ocrx_word' id='word_1_13' title='bbox 2123 382 2182 448; x_wconf 76' lang='grc' dir='ltr'><strong>Α</strong></span> <span class='ocrx_word' id='word_1_14' title='bbox 2207 387 2471 438; x_wconf 89' lang='lat' dir='ltr'>cantem:</span> <span class='ocrx_word' id='word_1_15' title='bbox 2505 406 2533 432; x_wconf 90' lang='grc'><strong>‹‹</strong></span> <span class='ocrx_word' id='word_1_16' title='bbox 2570 387 2684 455; x_wconf 85' lang='lat' dir='ltr'>Ego</span> <span class='ocrx_word' id='word_1_17' title='bbox 2749 400 2880 439; x_wconf 88' lang='lat' dir='ltr'>sum</span> <span class='ocrx_word' id='word_1_18' title='bbox 2913 382 3082 456; x_wconf 91' lang='lat' dir='ltr'>panis</span> <span class='ocrx_word' id='word_1_19' title='bbox 3137 380 3300 438; x_wconf 89' lang='lat' dir='ltr'>vivus</span> <span class='ocrx_word' id='word_1_20' title='bbox 3348 382 3449 454; x_wconf 89' lang='lat' dir='ltr'>qui</span> <span class='ocrx_word' id='word_1_21' title='bbox 3488 382 3561 438; x_wconf 92' lang='lat' dir='ltr'>de</span> <span class='ocrx_word' id='word_1_22' title='bbox 3591 380 3739 438; x_wconf 68' lang='lat' dir='ltr'>cmlo</span> <span class='ocrx_word' id='word_1_23' title='bbox 3769 382 3858 438; x_wconf 84' lang='lat' dir='ltr'>de-</span> 
     </span>
    </p>
   </div>
   <div class='ocr_carea' id='block_1_5' title="bbox 460 470 2095 543">
    <p class='ocr_par' dir='ltr' id='par_1_5' title="bbox 460 470 2095 543">
     <span class='ocr_line' id='line_1_5' title="bbox 460 470 2095 543; baseline -0.006 -8"><span class='ocrx_word' id='word_1_24' title='bbox 460 475 833 535; x_wconf 89' lang='lat' dir='ltr'>dissimulare</span> <span class='ocrx_word' id='word_1_25' title='bbox 866 470 1008 541; x_wconf 92' lang='lat' dir='ltr'>quin</span> <span class='ocrx_word' id='word_1_26' title='bbox 1042 472 1163 542; x_wconf 88' lang='lat' dir='ltr'>ipse</span> <span class='ocrx_word' id='word_1_27' title='bbox 1195 474 1389 525; x_wconf 86' lang='lat' dir='ltr'>mente</span> <span class='ocrx_word' id='word_1_28' title='bbox 1421 487 1484 524; x_wconf 90' lang='lat' dir='ltr'>ac</span> <span class='ocrx_word' id='word_1_29' title='bbox 1525 470 1734 543; x_wconf 66' lang='lat' dir='ltr'>Spiritu</span> <span class='ocrx_word' id='word_1_30' title='bbox 1770 488 1895 525; x_wconf 89' lang='lat' dir='ltr'>meo</span> <span class='ocrx_word' id='word_1_31' title='bbox 1929 477 2095 541; x_wconf 76' lang='lat' dir='ltr'>(prae-</span> 
     </span>
    </p>
   </div>
   <div class='ocr_carea' id='block_1_6' title="bbox 460 560 2098 630">
    <p class='ocr_par' dir='ltr' id='par_1_6' title="bbox 460 560 2098 630">
     <span class='ocr_line' id='line_1_6' title="bbox 460 560 2098 630; baseline -0.005 -9"><span class='ocrx_word' id='word_1_32' title='bbox 460 567 725 622; x_wconf 89' lang='lat' dir='ltr'>sentibus</span> <span class='ocrx_word' id='word_1_33' title='bbox 756 560 965 614; x_wconf 82' lang='lat' dir='ltr'>litteris</span> <span class='ocrx_word' id='word_1_34' title='bbox 996 564 1273 629; x_wconf 78' lang='lat' dir='ltr'>tanquam</span> <span class='ocrx_word' id='word_1_35' title='bbox 1312 561 1518 629; x_wconf 88' lang='lat' dir='ltr'>pennis</span> <span class='ocrx_word' id='word_1_36' title='bbox 1562 560 1788 629; x_wconf 87' lang='lat' dir='ltr'>induto)</span> <span class='ocrx_word' id='word_1_37' title='bbox 1816 577 1915 630; x_wconf 84' lang='lat' dir='ltr'>per</span> <span class='ocrx_word' id='word_1_38' title='bbox 1939 563 2098 613; x_wconf 55' lang='lat' dir='ltr'>tanta</span> 
     </span>
    </p>
   </div>
   <div class='ocr_carea' id='block_1_7' title="bbox 456 648 2097 719">
    <p class='ocr_par' dir='ltr' id='par_1_7' title="bbox 456 648 2097 719">
     <span class='ocr_line' id='line_1_7' title="bbox 456 648 2097 719; baseline -0.004 -11"><span class='ocrx_word' id='word_1_39' title='bbox 456 658 745 708; x_wconf 89' lang='lat' dir='ltr'>terrarum</span> <span class='ocrx_word' id='word_1_40' title='bbox 778 648 965 718; x_wconf 89' lang='lat' dir='ltr'>spatia</span> <span class='ocrx_word' id='word_1_41' title='bbox 987 648 1759 714; x_wconf 86' lang='lat' dir='ltr'>transvolarem,obsecrans</span> <span class='ocrx_word' id='word_1_42' title='bbox 1792 665 1893 719; x_wconf 76' lang='lat' dir='ltr'>per:</span> <span class='ocrx_word' id='word_1_43' title='bbox 1924 649 2097 701; x_wconf 87' lang='lat' dir='ltr'>misc-</span> 
     </span>
    </p>
   </div>
   <div class='ocr_carea' id='block_1_8' title="bbox 459 736 2099 806">
    <p class='ocr_par' dir='ltr' id='par_1_8' title="bbox 459 736 2099 806">
     <span class='ocr_line' id='line_1_8' title="bbox 459 736 2099 806; baseline -0.004 -11"><span class='ocrx_word' id='word_1_44' title='bbox 459 740 767 795; x_wconf 83' lang='lat' dir='ltr'>ricordiam</span> <span class='ocrx_word' id='word_1_45' title='bbox 802 736 921 801; x_wconf 89' lang='lat' dir='ltr'>Dei,</span> <span class='ocrx_word' id='word_1_46' title='bbox 957 753 1057 806; x_wconf 92' lang='lat' dir='ltr'>per</span> <span class='ocrx_word' id='word_1_47' title='bbox 1106 736 1516 790; x_wconf 77' lang='lat' dir='ltr'>suavissimam</span> <span class='ocrx_word' id='word_1_48' title='bbox 1578 737 1921 790; x_wconf 87' lang='lat' dir='ltr'>memoriam</span> <span class='ocrx_word' id='word_1_49' title='bbox 1974 736 2099 790; x_wconf 75' lang='lat' dir='ltr'>Ful-</span> 
     </span>
    </p>
   </div>
   <div class='ocr_carea' id='block_1_9' title="bbox 459 822 2099 896">
    <p class='ocr_par' dir='ltr' id='par_1_9' title="bbox 459 822 2099 896">
     <span class='ocr_line' id='line_1_9' title="bbox 459 822 2099 896; baseline -0.002 -14"><span class='ocrx_word' id='word_1_50' title='bbox 459 828 704 891; x_wconf 65' lang='lat' dir='ltr'>berti,ut</span> <span class='ocrx_word' id='word_1_51' title='bbox 737 841 938 896; x_wconf 87' lang='lat' dir='ltr'>pacem</span> <span class='ocrx_word' id='word_1_52' title='bbox 960 822 1303 879; x_wconf 72' lang='lat' dir='ltr'>catholicam</span> <span class='ocrx_word' id='word_1_53' title='bbox 1328 824 1752 896; x_wconf 83' lang='lat' dir='ltr'>diligas,nequc</span> <span class='ocrx_word' id='word_1_54' title='bbox 1786 826 2099 879; x_wconf 84' lang='lat' dir='ltr'>conturbes</span> 
     </span>
    </p>
   </div>
   <div class='ocr_carea' id='block_1_10' title="bbox 460 912 2099 987">
    <p class='ocr_par' dir='ltr' id='par_1_10' title="bbox 460 912 2099 987">
     <span class='ocr_line' id='line_1_10' title="bbox 460 912 2099 987; baseline -0.004 -15"><span class='ocrx_word' id='word_1_55' title='bbox 460 914 881 987; x_wconf 79' lang='lat' dir='ltr'>rempublicam</span> <span class='ocrx_word' id='word_1_56' title='bbox 899 912 1237 967; x_wconf 72' lang='lat' dir='ltr'>Christiana:</span> <span class='ocrx_word' id='word_1_57' title='bbox 1253 913 1500 967; x_wconf 76' lang='lat' dir='ltr'>civitatis</span> <span class='ocrx_word' id='word_1_58' title='bbox 1516 912 2051 983; x_wconf 83' lang='lat' dir='ltr'>benecompositam</span> <span class='ocrx_word' id='word_1_59' title='bbox 2068 930 2099 966; x_wconf 68' lang='grc' dir='ltr'>ει</span> 
     </span>
    </p>
   </div>
   <div class='ocr_carea' id='block_1_11' title="bbox 460 1001 2098 1075">
    <p class='ocr_par' dir='ltr' id='par_1_11' title="bbox 460 1001 2098 1075">
     <span class='ocr_line' id='line_1_11' title="bbox 460 1001 2098 1075; baseline -0.002 -16"><span class='ocrx_word' id='word_1_60' title='bbox 460 1003 780 1075; x_wconf 79' lang='lat' dir='ltr'>majoribus</span> <span class='ocrx_word' id='word_1_61' title='bbox 801 1002 1044 1055; x_wconf 83' lang='lat' dir='ltr'>nostris:</span> <span class='ocrx_word' id='word_1_62' title='bbox 1067 1019 1167 1072; x_wconf 88' lang='lat' dir='ltr'>pro</span> <span class='ocrx_word' id='word_1_63' title='bbox 1187 1018 1295 1072; x_wconf 79' lang='lat' dir='ltr'>qua</span> <span class='ocrx_word' id='word_1_64' title='bbox 1319 1006 1397 1055; x_wconf 90' lang='lat' dir='ltr'>tot</span> <span class='ocrx_word' id='word_1_65' title='bbox 1414 1001 1595 1055; x_wconf 90' lang='lat' dir='ltr'>millia</span> <span class='ocrx_word' id='word_1_66' title='bbox 1611 1008 1934 1072; x_wconf 63' lang='lat' dir='ltr'>martyrum</span> <span class='ocrx_word' id='word_1_67' title='bbox 1963 1018 2098 1056; x_wconf 89' lang='lat' dir='ltr'>con-</span> 
     </span>
    </p>
   </div>
   <div class='ocr_carea' id='block_1_12' title="bbox 458 1090 2099 1160">
    <p class='ocr_par' dir='ltr' id='par_1_12' title="bbox 458 1090 2099 1160">
     <span class='ocr_line' id='line_1_12' title="bbox 458 1090 2099 1160; baseline -0.003 -11"><span class='ocrx_word' id='word_1_68' title='bbox 458 1099 547 1149; x_wconf 87' lang='lat' dir='ltr'>tra</span> <span class='ocrx_word' id='word_1_69' title='bbox 578 1091 961 1146; x_wconf 88' lang='lat' dir='ltr'>idololatriam</span> <span class='ocrx_word' id='word_1_70' title='bbox 988 1094 1043 1143; x_wconf 92' lang='lat' dir='ltr'>et</span> <span class='ocrx_word' id='word_1_71' title='bbox 1065 1106 1307 1160; x_wconf 80' lang='lat' dir='ltr'>regnum</span> <span class='ocrx_word' id='word_1_72' title='bbox 1336 1090 1545 1144; x_wconf 87' lang='lat' dir='ltr'>diaboli</span> <span class='ocrx_word' id='word_1_73' title='bbox 1574 1090 1794 1144; x_wconf 88' lang='lat' dir='ltr'>lortiter</span> <span class='ocrx_word' id='word_1_74' title='bbox 1815 1094 2099 1144; x_wconf 83' lang='lat' dir='ltr'>certantes</span> 
     </span>
    </p>
   </div>
   <div class='ocr_carea' id='block_1_13' title="bbox 460 1178 2101 1253">
    <p class='ocr_par' dir='ltr' id='par_1_13' title="bbox 460 1178 2101 1253">
     <span class='ocr_line' id='line_1_13' title="bbox 460 1178 2101 1253; baseline -0.004 -15"><span class='ocrx_word' id='word_1_75' title='bbox 460 1180 989 1253; x_wconf 87' lang='lat' dir='ltr'>triumphaverunt,</span> <span class='ocrx_word' id='word_1_76' title='bbox 1025 1179 1392 1249; x_wconf 89' lang='lat' dir='ltr'>subindeque</span> <span class='ocrx_word' id='word_1_77' title='bbox 1437 1179 1625 1233; x_wconf 87' lang='lat' dir='ltr'>sancti</span> <span class='ocrx_word' id='word_1_78' title='bbox 1656 1178 1919 1233; x_wconf 89' lang='lat' dir='ltr'>doctores</span> <span class='ocrx_word' id='word_1_79' title='bbox 1951 1178 2101 1232; x_wconf 88' lang='lat' dir='ltr'>bella</span> 
     </span>
    </p>
   </div>
   <div class='ocr_carea' id='block_1_14' title="bbox 460 1266 2097 1336">
    <p class='ocr_par' dir='ltr' id='par_1_14' title="bbox 460 1266 2097 1336">
     <span class='ocr_line' id='line_1_14' title="bbox 460 1266 2097 1336; baseline -0.005 -9"><span class='ocrx_word' id='word_1_80' title='bbox 460 1271 648 1328; x_wconf 82' lang='lat' dir='ltr'>civilia</span> <span class='ocrx_word' id='word_1_81' title='bbox 678 1270 750 1324; x_wconf 90' lang='lat' dir='ltr'>ab</span> <span class='ocrx_word' id='word_1_82' title='bbox 782 1268 1069 1323; x_wconf 72' lang='lat' dir='ltr'>haereticis</span> <span class='ocrx_word' id='word_1_83' title='bbox 1111 1271 1400 1322; x_wconf 89' lang='lat' dir='ltr'>commota</span> <span class='ocrx_word' id='word_1_84' title='bbox 1439 1266 1712 1322; x_wconf 86' lang='lat' dir='ltr'>salutaris</span> <span class='ocrx_word' id='word_1_85' title='bbox 1758 1266 2097 1336; x_wconf 64' lang='lat' dir='ltr'>eloquentiae</span> 
     </span>
    </p>
   </div>
   <div class='ocr_carea' id='block_1_15' title="bbox 461 1355 2098 1427">
    <p class='ocr_par' dir='ltr' id='par_1_15' title="bbox 461 1355 2098 1427">
     <span class='ocr_line' id='line_1_15' title="bbox 461 1355 2098 1427; baseline -0.005 -11"><span class='ocrx_word' id='word_1_86' title='bbox 461 1359 807 1416; x_wconf 85' lang='lat' dir='ltr'>ﬂuminibus</span> <span class='ocrx_word' id='word_1_87' title='bbox 840 1356 1465 1427; x_wconf 50' lang='lat' dir='ltr'>restinxeruntdtaque</span> <span class='ocrx_word' id='word_1_88' title='bbox 1487 1372 1614 1409; x_wconf 92' lang='lat' dir='ltr'>eam</span> <span class='ocrx_word' id='word_1_89' title='bbox 1646 1355 2098 1425; x_wconf 83' lang='lat' dir='ltr'>circumquaque</span> 
     </span>
    </p>
   </div>
   <div class='ocr_carea' id='block_1_16' title="bbox 464 1442 2101 1517">
    <p class='ocr_par' dir='ltr' id='par_1_16' title="bbox 464 1442 2101 1517">
     <span class='ocr_line' id='line_1_16' title="bbox 464 1442 2101 1517; baseline -0.007 -11"><span class='ocrx_word' id='word_1_90' title='bbox 464 1450 894 1512; x_wconf 87' lang='lat' dir='ltr'>munierunt,ut</span> <span class='ocrx_word' id='word_1_91' title='bbox 914 1447 1029 1517; x_wconf 82' lang='lat' dir='ltr'>jam</span> <span class='ocrx_word' id='word_1_92' title='bbox 1057 1462 1239 1500; x_wconf 89' lang='lat' dir='ltr'>novus</span> <span class='ocrx_word' id='word_1_93' title='bbox 1264 1444 1450 1499; x_wconf 89' lang='lat' dir='ltr'>hostis</span> <span class='ocrx_word' id='word_1_94' title='bbox 1473 1442 1667 1498; x_wconf 90' lang='lat' dir='ltr'>nullus</span> <span class='ocrx_word' id='word_1_95' title='bbox 1690 1443 1904 1497; x_wconf 90' lang='lat' dir='ltr'>oboriri</span> <span class='ocrx_word' id='word_1_96' title='bbox 1926 1446 2101 1514; x_wconf 84' lang='lat' dir='ltr'>queat</span> 
     </span>
    </p>
   </div>
   <div class='ocr_carea' id='block_1_17' title="bbox 463 1530 2101 1611">
    <p class='ocr_par' dir='ltr' id='par_1_17' title="bbox 463 1530 2101 1611">
     <span class='ocr_line' id='line_1_17' title="bbox 463 1530 2101 1611; baseline -0.005 -17"><span class='ocrx_word' id='word_1_97' title='bbox 463 1537 869 1611; x_wconf 89' lang='lat' dir='ltr'>qui,adversus</span> <span class='ocrx_word' id='word_1_98' title='bbox 891 1549 1017 1589; x_wconf 89' lang='lat' dir='ltr'>eam</span> <span class='ocrx_word' id='word_1_99' title='bbox 1042 1532 1261 1604; x_wconf 88' lang='lat' dir='ltr'>aliquid</span> <span class='ocrx_word' id='word_1_100' title='bbox 1284 1532 1617 1596; x_wconf 88' lang='lat' dir='ltr'>nitens,non</span> <span class='ocrx_word' id='word_1_101' title='bbox 1641 1531 1917 1586; x_wconf 90' lang='lat' dir='ltr'>continuo</span> <span class='ocrx_word' id='word_1_102' title='bbox 1940 1530 2101 1585; x_wconf 92' lang='lat' dir='ltr'>mille</span> 
     </span>
    </p>
   </div>
   <div class='ocr_carea' id='block_1_18' title="bbox 456 1619 2104 1700">
    <p class='ocr_par' dir='ltr' id='par_1_18' title="bbox 456 1619 2104 1700">
     <span class='ocr_line' id='line_1_18' title="bbox 456 1619 2104 1700; baseline -0.007 -18"><span class='ocrx_word' id='word_1_103' title='bbox 456 1626 670 1700; x_wconf 82' lang='lat' dir='ltr'>jaculis</span> <span class='ocrx_word' id='word_1_104' title='bbox 702 1625 952 1694; x_wconf 87' lang='lat' dir='ltr'>desuper</span> <span class='ocrx_word' id='word_1_105' title='bbox 994 1620 1298 1676; x_wconf 89' lang='lat' dir='ltr'>ruentibus</span> <span class='ocrx_word' id='word_1_106' title='bbox 1328 1621 1627 1675; x_wconf 76' lang='lat' dir='ltr'>obruatur.</span> <span class='ocrx_word' id='word_1_107' title='bbox 1688 1620 1819 1675; x_wconf 88' lang='lat' dir='ltr'>[deo</span> <span class='ocrx_word' id='word_1_108' title='bbox 1878 1619 2104 1674; x_wconf 84' lang='lat' dir='ltr'>confusi</span> 
     </span>
    </p>
   </div>
   <div class='ocr_carea' id='block_1_19' title="bbox 2209 469 3856 543">
    <p class='ocr_par' dir='ltr' id='par_1_19' title="bbox 2209 469 3856 543">
     <span class='ocr_line' id='line_1_19' title="bbox 2209 469 3856 543; baseline -0.001 -16"><span class='ocrx_word' id='word_1_109' title='bbox 2209 471 2426 527; x_wconf 82' lang='lat' dir='ltr'>scendi.</span> <span class='ocrx_word' id='word_1_110' title='bbox 2461 472 2517 526; x_wconf 88' lang='lat' dir='ltr'>Si</span> <span class='ocrx_word' id='word_1_111' title='bbox 2544 473 2675 543; x_wconf 89' lang='lat' dir='ltr'>quis</span> <span class='ocrx_word' id='word_1_112' title='bbox 2702 472 3144 528; x_wconf 89' lang='lat' dir='ltr'>manducaverit</span> <span class='ocrx_word' id='word_1_113' title='bbox 3180 472 3252 528; x_wconf 91' lang='lat' dir='ltr'>de</span> <span class='ocrx_word' id='word_1_114' title='bbox 3280 470 3390 527; x_wconf 91' lang='lat' dir='ltr'>hoc</span> <span class='ocrx_word' id='word_1_115' title='bbox 3413 487 3584 542; x_wconf 88' lang='lat' dir='ltr'>pane,</span> <span class='ocrx_word' id='word_1_116' title='bbox 3617 471 3773 526; x_wconf 81' lang='lat' dir='ltr'>vivet</span> <span class='ocrx_word' id='word_1_117' title='bbox 3799 469 3856 525; x_wconf 90' lang='lat' dir='ltr'>in</span> 
     </span>
    </p>
   </div>
   <div class='ocr_carea' id='block_1_20' title="bbox 2209 560 3854 633">
    <p class='ocr_par' dir='ltr' id='par_1_20' title="bbox 2209 560 3854 633">
     <span class='ocr_line' id='line_1_20' title="bbox 2209 560 3854 633; baseline 0 -20"><span class='ocrx_word' id='word_1_118' title='bbox 2209 565 2487 615; x_wconf 71' lang='lat' dir='ltr'>zeternum</span> <span class='ocrx_word' id='word_1_119' title='bbox 2515 580 2527 615; x_wconf 77' lang='grc' dir='ltr'>ε</span> <span class='ocrx_word' id='word_1_120' title='bbox 2563 567 2619 616; x_wconf 90' lang='lat' dir='ltr'>et</span> <span class='ocrx_word' id='word_1_121' title='bbox 2654 562 2821 632; x_wconf 84' lang='lat' dir='ltr'>panis</span> <span class='ocrx_word' id='word_1_122' title='bbox 2851 578 3024 633; x_wconf 86' lang='lat' dir='ltr'>quem</span> <span class='ocrx_word' id='word_1_123' title='bbox 3056 577 3161 633; x_wconf 86' lang='lat' dir='ltr'>ego</span> <span class='ocrx_word' id='word_1_124' title='bbox 3202 560 3373 628; x_wconf 85' lang='lat' dir='ltr'>dabo,</span> <span class='ocrx_word' id='word_1_125' title='bbox 3407 576 3539 615; x_wconf 92' lang='lat' dir='ltr'>caro</span> <span class='ocrx_word' id='word_1_126' title='bbox 3586 576 3718 615; x_wconf 89' lang='lat' dir='ltr'>mea</span> <span class='ocrx_word' id='word_1_127' title='bbox 3749 563 3854 625; x_wconf 88' lang='lat' dir='ltr'>est,</span> 
     </span>
    </p>
   </div>
   <div class='ocr_carea' id='block_1_21' title="bbox 2209 648 3860 719">
    <p class='ocr_par' dir='ltr' id='par_1_21' title="bbox 2209 648 3860 719">
     <span class='ocr_line' id='line_1_21' title="bbox 2209 648 3860 719; baseline -0.001 -17"><span class='ocrx_word' id='word_1_128' title='bbox 2209 658 2313 718; x_wconf 84' lang='lat' dir='ltr'>pro</span> <span class='ocrx_word' id='word_1_129' title='bbox 2346 650 2549 703; x_wconf 80' lang='lat' dir='ltr'>mundi</span> <span class='ocrx_word' id='word_1_130' title='bbox 2584 651 2701 704; x_wconf 90' lang='lat' dir='ltr'>vita</span> <span class='ocrx_word' id='word_1_131' title='bbox 2740 653 2916 719; x_wconf 83' lang='lat' dir='ltr'>(Joan.</span> <span class='ocrx_word' id='word_1_132' title='bbox 2976 651 3075 719; x_wconf 77' lang='lat' dir='ltr'>v1).</span> <span class='ocrx_word' id='word_1_133' title='bbox 3118 674 3143 697; x_wconf 76' lang='grc' dir='ltr'>υ</span> <span class='ocrx_word' id='word_1_134' title='bbox 3185 649 3349 713; x_wconf 85' lang='lat' dir='ltr'>Dabo,</span> <span class='ocrx_word' id='word_1_135' title='bbox 3384 649 3596 717; x_wconf 86' lang='lat' dir='ltr'>inquit,</span> <span class='ocrx_word' id='word_1_136' title='bbox 3630 665 3748 704; x_wconf 91' lang='lat' dir='ltr'>non</span> <span class='ocrx_word' id='word_1_137' title='bbox 3780 648 3860 701; x_wconf 87' lang='lat' dir='ltr'>ait</span> 
     </span>
    </p>
   </div>
   <div class='ocr_carea' id='block_1_22' title="bbox 2209 737 3862 810">
    <p class='ocr_par' dir='ltr' id='par_1_22' title="bbox 2209 737 3862 810">
     <span class='ocr_line' id='line_1_22' title="bbox 2209 737 3862 810; baseline 0.001 -21"><span class='ocrx_word' id='word_1_138' title='bbox 2209 737 2350 790; x_wconf 55' lang='lat' dir='ltr'>dedi.</span> <span class='ocrx_word' id='word_1_139' title='bbox 2398 739 2638 803; x_wconf 81' lang='lat' dir='ltr'>Quando</span> <span class='ocrx_word' id='word_1_140' title='bbox 2699 756 2831 807; x_wconf 66' lang='lat' dir='ltr'>ergo</span> <span class='ocrx_word' id='word_1_141' title='bbox 2886 738 3058 810; x_wconf 80' lang='lat' dir='ltr'>coepit</span> <span class='ocrx_word' id='word_1_142' title='bbox 3113 737 3299 793; x_wconf 85' lang='lat' dir='ltr'>dare?</span> <span class='ocrx_word' id='word_1_143' title='bbox 3348 737 3610 807; x_wconf 87' lang='lat' dir='ltr'>Quando,</span> <span class='ocrx_word' id='word_1_144' title='bbox 3670 737 3862 809; x_wconf 88' lang='lat' dir='ltr'>pridie</span> 
     </span>
    </p>
   </div>
   <div class='ocr_carea' id='block_1_23' title="bbox 2209 825 3862 900">
    <p class='ocr_par' dir='ltr' id='par_1_23' title="bbox 2209 825 3862 900">
     <span class='ocr_line' id='line_1_23' title="bbox 2209 825 3862 900; baseline 0.001 -22"><span class='ocrx_word' id='word_1_145' title='bbox 2209 843 2380 895; x_wconf 82' lang='lat' dir='ltr'>quam</span> <span class='ocrx_word' id='word_1_146' title='bbox 2409 832 2703 897; x_wconf 88' lang='lat' dir='ltr'>pateretur</span> <span class='ocrx_word' id='word_1_147' title='bbox 2725 829 2946 900; x_wconf 79' lang='lat' dir='ltr'>accepit</span> <span class='ocrx_word' id='word_1_148' title='bbox 2981 843 3214 899; x_wconf 88' lang='lat' dir='ltr'>panem,</span> <span class='ocrx_word' id='word_1_149' title='bbox 3244 830 3301 881; x_wconf 90' lang='lat' dir='ltr'>et</span> <span class='ocrx_word' id='word_1_150' title='bbox 3323 825 3559 881; x_wconf 85' lang='lat' dir='ltr'>elevatis</span> <span class='ocrx_word' id='word_1_151' title='bbox 3582 826 3772 881; x_wconf 88' lang='lat' dir='ltr'>oculis</span> <span class='ocrx_word' id='word_1_152' title='bbox 3804 825 3862 881; x_wconf 88' lang='lat' dir='ltr'>in</span> 
     </span>
    </p>
   </div>
   <div class='ocr_carea' id='block_1_24' title="bbox 2210 914 3864 987">
    <p class='ocr_par' dir='ltr' id='par_1_24' title="bbox 2210 914 3864 987">
     <span class='ocr_line' id='line_1_24' title="bbox 2210 914 3864 987; baseline 0.001 -20"><span class='ocrx_word' id='word_1_153' title='bbox 2210 914 2441 979; x_wconf 58' lang='lat' dir='ltr'>(uelum,</span> <span class='ocrx_word' id='word_1_154' title='bbox 2470 915 2687 985; x_wconf 83' lang='lat' dir='ltr'>gratias</span> <span class='ocrx_word' id='word_1_155' title='bbox 2710 933 2887 986; x_wconf 84' lang='lat' dir='ltr'>agens</span> <span class='ocrx_word' id='word_1_156' title='bbox 2906 916 3219 981; x_wconf 81' lang='lat' dir='ltr'>benedixit,</span> <span class='ocrx_word' id='word_1_157' title='bbox 3261 915 3457 987; x_wconf 80' lang='lat' dir='ltr'>fregit,</span> <span class='ocrx_word' id='word_1_158' title='bbox 3490 915 3650 970; x_wconf 89' lang='lat' dir='ltr'>dedit</span> <span class='ocrx_word' id='word_1_159' title='bbox 3681 914 3864 969; x_wconf 89' lang='lat' dir='ltr'>disci-</span> 
     </span>
    </p>
   </div>
   <div class='ocr_carea' id='block_1_25' title="bbox 2212 1002 3867 1075">
    <p class='ocr_par' dir='ltr' id='par_1_25' title="bbox 2212 1002 3867 1075">
     <span class='ocr_line' id='line_1_25' title="bbox 2212 1002 3867 1075; baseline 0.001 -20"><span class='ocrx_word' id='word_1_160' title='bbox 2212 1002 2364 1074; x_wconf 76' lang='lat' dir='ltr'>pulis</span> <span class='ocrx_word' id='word_1_161' title='bbox 2396 1005 2540 1070; x_wconf 85' lang='lat' dir='ltr'>suis,</span> <span class='ocrx_word' id='word_1_162' title='bbox 2593 1004 2837 1058; x_wconf 87' lang='lat' dir='ltr'>dicens:</span> <span class='ocrx_word' id='word_1_163' title='bbox 2874 1004 3129 1075; x_wconf 84' lang='lat' dir='ltr'>Accipite</span> <span class='ocrx_word' id='word_1_164' title='bbox 3177 1008 3233 1059; x_wconf 90' lang='lat' dir='ltr'>et</span> <span class='ocrx_word' id='word_1_165' title='bbox 3285 1003 3590 1067; x_wconf 88' lang='lat' dir='ltr'>comedite,</span> <span class='ocrx_word' id='word_1_166' title='bbox 3619 1003 3729 1058; x_wconf 90' lang='lat' dir='ltr'>hoc</span> <span class='ocrx_word' id='word_1_167' title='bbox 3776 1006 3867 1057; x_wconf 88' lang='lat' dir='ltr'>est</span> 
     </span>
    </p>
   </div>
   <div class='ocr_carea' id='block_1_26' title="bbox 2209 1092 3868 1164">
    <p class='ocr_par' dir='ltr' id='par_1_26' title="bbox 2209 1092 3868 1164">
     <span class='ocr_line' id='line_1_26' title="bbox 2209 1092 3868 1164; baseline 0.002 -22"><span class='ocrx_word' id='word_1_168' title='bbox 2209 1107 2420 1161; x_wconf 87' lang='lat' dir='ltr'>corpus</span> <span class='ocrx_word' id='word_1_169' title='bbox 2454 1092 2963 1147; x_wconf 89' lang='lat' dir='ltr'>meum.Similiter</span> <span class='ocrx_word' id='word_1_170' title='bbox 2982 1098 3038 1147; x_wconf 90' lang='lat' dir='ltr'>et</span> <span class='ocrx_word' id='word_1_171' title='bbox 3064 1092 3646 1164; x_wconf 85' lang='lat' dir='ltr'>calicem,postquam</span> <span class='ocrx_word' id='word_1_172' title='bbox 3674 1107 3868 1145; x_wconf 61' lang='lat' dir='ltr'>caena-</span> 
     </span>
    </p>
   </div>
   <div class='ocr_carea' id='block_1_27' title="bbox 2207 1178 3870 1251">
    <p class='ocr_par' dir='ltr' id='par_1_27' title="bbox 2207 1178 3870 1251">
     <span class='ocr_line' id='line_1_27' title="bbox 2207 1178 3870 1251; baseline 0.001 -19"><span class='ocrx_word' id='word_1_173' title='bbox 2207 1178 2306 1243; x_wconf 88' lang='lat' dir='ltr'>vit,</span> <span class='ocrx_word' id='word_1_174' title='bbox 2341 1180 2573 1233; x_wconf 86' lang='lat' dir='ltr'>dicens:</span> <span class='ocrx_word' id='word_1_175' title='bbox 2604 1180 2858 1251; x_wconf 85' lang='lat' dir='ltr'>Accipite</span> <span class='ocrx_word' id='word_1_176' title='bbox 2898 1184 2957 1235; x_wconf 92' lang='lat' dir='ltr'>et</span> <span class='ocrx_word' id='word_1_177' title='bbox 2979 1182 3161 1236; x_wconf 87' lang='lat' dir='ltr'>bibite</span> <span class='ocrx_word' id='word_1_178' title='bbox 3201 1197 3356 1236; x_wconf 86' lang='lat' dir='ltr'>exeo</span> <span class='ocrx_word' id='word_1_179' title='bbox 3377 1197 3600 1236; x_wconf 88' lang='lat' dir='ltr'>omnes.</span> <span class='ocrx_word' id='word_1_180' title='bbox 3633 1180 3740 1235; x_wconf 89' lang='lat' dir='ltr'>Hic</span> <span class='ocrx_word' id='word_1_181' title='bbox 3773 1182 3870 1234; x_wconf 86' lang='lat' dir='ltr'>est</span> 
     </span>
    </p>
   </div>
   <div class='ocr_carea' id='block_1_28' title="bbox 2209 1266 3872 1340">
    <p class='ocr_par' dir='ltr' id='par_1_28' title="bbox 2209 1266 3872 1340">
     <span class='ocr_line' id='line_1_28' title="bbox 2209 1266 3872 1340; baseline 0.001 -21"><span class='ocrx_word' id='word_1_182' title='bbox 2209 1266 2352 1320; x_wconf 80' lang='lat' dir='ltr'>calix</span> <span class='ocrx_word' id='word_1_183' title='bbox 2384 1266 2689 1338; x_wconf 82' lang='lat' dir='ltr'>sanguinis</span> <span class='ocrx_word' id='word_1_184' title='bbox 2720 1267 2962 1339; x_wconf 90' lang='lat' dir='ltr'>mei,qui</span> <span class='ocrx_word' id='word_1_185' title='bbox 2995 1285 3098 1339; x_wconf 91' lang='lat' dir='ltr'>pro</span> <span class='ocrx_word' id='word_1_186' title='bbox 3129 1269 3293 1324; x_wconf 85' lang='lat' dir='ltr'>vobis</span> <span class='ocrx_word' id='word_1_187' title='bbox 3324 1272 3380 1323; x_wconf 91' lang='lat' dir='ltr'>et</span> <span class='ocrx_word' id='word_1_188' title='bbox 3410 1285 3514 1340; x_wconf 91' lang='lat' dir='ltr'>pro</span> <span class='ocrx_word' id='word_1_189' title='bbox 3545 1268 3756 1324; x_wconf 87' lang='lat' dir='ltr'>multis</span> <span class='ocrx_word' id='word_1_190' title='bbox 3792 1267 3872 1323; x_wconf 79' lang='lat' dir='ltr'>ef-</span> 
     </span>
    </p>
   </div>
   <div class='ocr_carea' id='block_1_29' title="bbox 2210 1354 3866 1427">
    <p class='ocr_par' dir='ltr' id='par_1_29' title="bbox 2210 1354 3866 1427">
     <span class='ocr_line' id='line_1_29' title="bbox 2210 1354 3866 1427; baseline 0.002 -19"><span class='ocrx_word' id='word_1_191' title='bbox 2210 1354 2553 1409; x_wconf 90' lang='lat' dir='ltr'>fundeturin</span> <span class='ocrx_word' id='word_1_192' title='bbox 2582 1354 2991 1410; x_wconf 87' lang='lat' dir='ltr'>remissionem</span> <span class='ocrx_word' id='word_1_193' title='bbox 3006 1356 3595 1427; x_wconf 81' lang='lat' dir='ltr'>peccatorum(Matth.</span> <span class='ocrx_word' id='word_1_194' title='bbox 3620 1360 3813 1424; x_wconf 71' lang='lat' dir='ltr'>xxvx).</span> <span class='ocrx_word' id='word_1_195' title='bbox 3845 1377 3866 1405; x_wconf 79' lang='grc' dir='ltr'>ι</span> 
     </span>
    </p>
   </div>
   <div class='ocr_carea' id='block_1_30' title="bbox 2210 1443 3875 1514">
    <p class='ocr_par' dir='ltr' id='par_1_30' title="bbox 2210 1443 3875 1514">
     <span class='ocr_line' id='line_1_30' title="bbox 2210 1443 3875 1514; baseline 0.002 -17"><span class='ocrx_word' id='word_1_196' title='bbox 2210 1444 2348 1507; x_wconf 88' lang='lat' dir='ltr'>Quis</span> <span class='ocrx_word' id='word_1_197' title='bbox 2380 1443 2488 1498; x_wconf 91' lang='lat' dir='ltr'>hoc</span> <span class='ocrx_word' id='word_1_198' title='bbox 2512 1443 2591 1497; x_wconf 87' lang='lat' dir='ltr'>ita</span> <span class='ocrx_word' id='word_1_199' title='bbox 2609 1460 2736 1498; x_wconf 86' lang='lat' dir='ltr'>esse</span> <span class='ocrx_word' id='word_1_200' title='bbox 2757 1460 2871 1498; x_wconf 90' lang='lat' dir='ltr'>non</span> <span class='ocrx_word' id='word_1_201' title='bbox 2892 1443 3214 1511; x_wconf 88' lang='lat' dir='ltr'>credit,nisi</span> <span class='ocrx_word' id='word_1_202' title='bbox 3237 1444 3335 1514; x_wconf 90' lang='lat' dir='ltr'>qui</span> <span class='ocrx_word' id='word_1_203' title='bbox 3363 1447 3463 1499; x_wconf 91' lang='lat' dir='ltr'>aut</span> <span class='ocrx_word' id='word_1_204' title='bbox 3485 1444 3718 1500; x_wconf 92' lang='lat' dir='ltr'>Christo</span> <span class='ocrx_word' id='word_1_205' title='bbox 3744 1461 3875 1500; x_wconf 86' lang='lat' dir='ltr'>non</span> 
     </span>
    </p>
   </div>
   <div class='ocr_carea' id='block_1_31' title="bbox 2210 1530 3878 1603">
    <p class='ocr_par' dir='ltr' id='par_1_31' title="bbox 2210 1530 3878 1603">
     <span class='ocr_line' id='line_1_31' title="bbox 2210 1530 3878 1603; baseline 0.001 -18"><span class='ocrx_word' id='word_1_206' title='bbox 2210 1531 2410 1597; x_wconf 82' lang='lat' dir='ltr'>credit,</span> <span class='ocrx_word' id='word_1_207' title='bbox 2444 1536 2544 1585; x_wconf 90' lang='lat' dir='ltr'>aut</span> <span class='ocrx_word' id='word_1_208' title='bbox 2573 1530 2766 1603; x_wconf 90' lang='lat' dir='ltr'>ipsum</span> <span class='ocrx_word' id='word_1_209' title='bbox 2798 1531 2907 1586; x_wconf 91' lang='lat' dir='ltr'>hoc</span> <span class='ocrx_word' id='word_1_210' title='bbox 2953 1532 3169 1587; x_wconf 86' lang='lat' dir='ltr'>dixisse</span> <span class='ocrx_word' id='word_1_211' title='bbox 3209 1548 3325 1587; x_wconf 91' lang='lat' dir='ltr'>non</span> <span class='ocrx_word' id='word_1_212' title='bbox 3372 1532 3601 1586; x_wconf 84' lang='lat' dir='ltr'>credit?</span> <span class='ocrx_word' id='word_1_213' title='bbox 3630 1532 3748 1587; x_wconf 89' lang='lat' dir='ltr'>Sed</span> <span class='ocrx_word' id='word_1_214' title='bbox 3800 1533 3878 1587; x_wconf 92' lang='lat' dir='ltr'>de</span> 
     </span>
    </p>
   </div>
   <div class='ocr_carea' id='block_1_32' title="bbox 2213 1618 3880 1685">
    <p class='ocr_par' dir='ltr' id='par_1_32' title="bbox 2213 1618 3880 1685">
     <span class='ocr_line' id='line_1_32' title="bbox 2213 1618 3880 1685; baseline 0.002 -13"><span class='ocrx_word' id='word_1_215' title='bbox 2213 1618 2529 1673; x_wconf 88' lang='lat' dir='ltr'>incredulis</span> <span class='ocrx_word' id='word_1_216' title='bbox 2553 1619 2696 1673; x_wconf 89' lang='lat' dir='ltr'>nihil</span> <span class='ocrx_word' id='word_1_217' title='bbox 2720 1621 2791 1673; x_wconf 90' lang='lat' dir='ltr'>ad</span> <span class='ocrx_word' id='word_1_218' title='bbox 2817 1636 2946 1674; x_wconf 90' lang='lat' dir='ltr'>nos.</span> <span class='ocrx_word' id='word_1_219' title='bbox 2965 1619 3183 1675; x_wconf 80' lang='lat' dir='ltr'>Dixisse</span> <span class='ocrx_word' id='word_1_220' title='bbox 3210 1624 3407 1675; x_wconf 88' lang='lat' dir='ltr'>autem</span> <span class='ocrx_word' id='word_1_221' title='bbox 3423 1620 3747 1685; x_wconf 85' lang='lat' dir='ltr'>Christum,</span> <span class='ocrx_word' id='word_1_222' title='bbox 3778 1624 3880 1675; x_wconf 83' lang='lat' dir='ltr'>te-</span> 
     </span>
    </p>
   </div>
   <div class='ocr_carea' id='block_1_33' title="bbox 463 1707 3875 1809">
    <p class='ocr_par' dir='ltr' id='par_1_33' title="bbox 463 1707 3875 1809">
     <span class='ocr_line' id='line_1_33' title="bbox 463 1707 3875 1809; baseline -0.003 -37"><span class='ocrx_word' id='word_1_223' title='bbox 463 1720 602 1773; x_wconf 89' lang='lat' dir='ltr'>sunt</span> <span class='ocrx_word' id='word_1_224' title='bbox 630 1728 834 1769; x_wconf 90' lang='lat' dir='ltr'>omnes</span> <span class='ocrx_word' id='word_1_225' title='bbox 864 1714 921 1766; x_wconf 90' lang='lat' dir='ltr'>et</span> <span class='ocrx_word' id='word_1_226' title='bbox 977 1710 1331 1765; x_wconf 87' lang='lat' dir='ltr'>defecerunt.</span> <span class='ocrx_word' id='word_1_227' title='bbox 1368 1709 1473 1763; x_wconf 90' lang='lat' dir='ltr'>Ubi</span> <span class='ocrx_word' id='word_1_228' title='bbox 1529 1708 1684 1764; x_wconf 89' lang='lat' dir='ltr'>enim</span> <span class='ocrx_word' id='word_1_229' title='bbox 1717 1711 1855 1763; x_wconf 91' lang='lat' dir='ltr'>sunt</span> <span class='ocrx_word' id='word_1_230' title='bbox 1912 1707 2101 1761; x_wconf 88' lang='lat' dir='ltr'>Mani-</span> <span class='ocrx_word' id='word_1_231' title='bbox 2133 1745 2181 1809; x_wconf 82' lang='grc' dir='ltr'><strong>Β</strong></span> <span class='ocrx_word' id='word_1_232' title='bbox 2217 1712 2334 1761; x_wconf 89' lang='lat' dir='ltr'>stes</span> <span class='ocrx_word' id='word_1_233' title='bbox 2352 1724 2465 1761; x_wconf 92' lang='lat' dir='ltr'>non</span> <span class='ocrx_word' id='word_1_234' title='bbox 2489 1708 2850 1762; x_wconf 89' lang='lat' dir='ltr'>duotantum</span> <span class='ocrx_word' id='word_1_235' title='bbox 2873 1710 2974 1762; x_wconf 90' lang='lat' dir='ltr'>aut</span> <span class='ocrx_word' id='word_1_236' title='bbox 2992 1711 3131 1774; x_wconf 91' lang='lat' dir='ltr'>tres,</span> <span class='ocrx_word' id='word_1_237' title='bbox 3158 1708 3217 1762; x_wconf 92' lang='lat' dir='ltr'>in</span> <span class='ocrx_word' id='word_1_238' title='bbox 3240 1707 3457 1778; x_wconf 90' lang='lat' dir='ltr'>quibus</span> <span class='ocrx_word' id='word_1_239' title='bbox 3491 1730 3518 1756; x_wconf 89' lang='grc'><strong>‹‹</strong></span> <span class='ocrx_word' id='word_1_240' title='bbox 3550 1711 3665 1762; x_wconf 84' lang='lat' dir='ltr'>stat</span> <span class='ocrx_word' id='word_1_241' title='bbox 3685 1724 3875 1763; x_wconf 87' lang='lat' dir='ltr'>omne</span> 
     </span>
    </p>
   </div>
   <div class='ocr_carea' id='block_1_34' title="bbox 465 1795 2103 1870">
    <p class='ocr_par' dir='ltr' id='par_1_34' title="bbox 465 1795 2103 1870">
     <span class='ocr_line' id='line_1_34' title="bbox 465 1795 2103 1870; baseline -0.007 -9"><span class='ocrx_word' id='word_1_242' title='bbox 465 1805 627 1870; x_wconf 77' lang='lat' dir='ltr'>chzei,</span> <span class='ocrx_word' id='word_1_243' title='bbox 654 1801 751 1858; x_wconf 90' lang='lat' dir='ltr'>ubi</span> <span class='ocrx_word' id='word_1_244' title='bbox 782 1798 1029 1856; x_wconf 82' lang='lat' dir='ltr'>Ariani?</span> <span class='ocrx_word' id='word_1_245' title='bbox 1060 1801 1320 1864; x_wconf 87' lang='lat' dir='ltr'>Quonam</span> <span class='ocrx_word' id='word_1_246' title='bbox 1353 1802 1473 1852; x_wconf 91' lang='lat' dir='ltr'>tota</span> <span class='ocrx_word' id='word_1_247' title='bbox 1497 1797 1597 1852; x_wconf 91' lang='lat' dir='ltr'>illa</span> <span class='ocrx_word' id='word_1_248' title='bbox 1630 1796 1798 1851; x_wconf 86' lang='lat' dir='ltr'>factio</span> <span class='ocrx_word' id='word_1_249' title='bbox 1833 1795 2103 1867; x_wconf 85' lang='lat' dir='ltr'>perditis-</span> 
     </span>
    </p>
   </div>
   <div class='ocr_carea' id='block_1_35' title="bbox 463 1884 2109 1959">
    <p class='ocr_par' dir='ltr' id='par_1_35' title="bbox 463 1884 2109 1959">
     <span class='ocr_line' id='line_1_35' title="bbox 463 1884 2109 1959; baseline -0.007 -9"><span class='ocrx_word' id='word_1_250' title='bbox 463 1896 749 1951; x_wconf 90' lang='lat' dir='ltr'>simorum</span> <span class='ocrx_word' id='word_1_251' title='bbox 772 1890 985 1947; x_wconf 81' lang='lat' dir='ltr'>civium</span> <span class='ocrx_word' id='word_1_252' title='bbox 1008 1888 1190 1944; x_wconf 76' lang='lat' dir='ltr'>evasit</span> <span class='ocrx_word' id='word_1_253' title='bbox 1209 1886 1607 1959; x_wconf 82' lang='lat' dir='ltr'>?Computruit</span> <span class='ocrx_word' id='word_1_254' title='bbox 1629 1886 1803 1940; x_wconf 89' lang='lat' dir='ltr'>etiam</span> <span class='ocrx_word' id='word_1_255' title='bbox 1827 1884 2109 1939; x_wconf 87' lang='lat' dir='ltr'>memoria</span> 
     </span>
    </p>
   </div>
   <div class='ocr_carea' id='block_1_36' title="bbox 465 1973 2107 2047">
    <p class='ocr_par' dir='ltr' id='par_1_36' title="bbox 465 1973 2107 2047">
     <span class='ocr_line' id='line_1_36' title="bbox 465 1973 2107 2047; baseline -0.009 -7"><span class='ocrx_word' id='word_1_256' title='bbox 465 1999 686 2041; x_wconf 90' lang='lat' dir='ltr'>eorum.</span> <span class='ocrx_word' id='word_1_257' title='bbox 720 1982 793 2036; x_wconf 86' lang='lat' dir='ltr'>At</span> <span class='ocrx_word' id='word_1_258' title='bbox 823 1996 952 2036; x_wconf 82' lang='lat' dir='ltr'>vero</span> <span class='ocrx_word' id='word_1_259' title='bbox 984 1977 1351 2044; x_wconf 86' lang='lat' dir='ltr'>Ambrosius,</span> <span class='ocrx_word' id='word_1_260' title='bbox 1406 1976 1791 2047; x_wconf 82' lang='lat' dir='ltr'>Augustinus,</span> <span class='ocrx_word' id='word_1_261' title='bbox 1827 1973 2107 2044; x_wconf 73' lang='lat' dir='ltr'>Hierony—</span> 
     </span>
    </p>
   </div>
   <div class='ocr_carea' id='block_1_37' title="bbox 466 2064 2105 2142">
    <p class='ocr_par' dir='ltr' id='par_1_37' title="bbox 466 2064 2105 2142">
     <span class='ocr_line' id='line_1_37' title="bbox 466 2064 2105 2142; baseline -0.009 -12"><span class='ocrx_word' id='word_1_262' title='bbox 466 2091 621 2141; x_wconf 89' lang='lat' dir='ltr'>mus,</span> <span class='ocrx_word' id='word_1_263' title='bbox 652 2075 709 2127; x_wconf 92' lang='lat' dir='ltr'>et</span> <span class='ocrx_word' id='word_1_264' title='bbox 730 2068 828 2125; x_wconf 86' lang='lat' dir='ltr'>alii</span> <span class='ocrx_word' id='word_1_265' title='bbox 858 2067 1057 2142; x_wconf 90' lang='lat' dir='ltr'>plures</span> <span class='ocrx_word' id='word_1_266' title='bbox 1088 2066 1406 2121; x_wconf 87' lang='lat' dir='ltr'>bestiarum</span> <span class='ocrx_word' id='word_1_267' title='bbox 1454 2064 1660 2119; x_wconf 88' lang='lat' dir='ltr'>talium</span> <span class='ocrx_word' id='word_1_268' title='bbox 1710 2078 2105 2134; x_wconf 63' lang='lat' dir='ltr'>olrpressores,</span> 
     </span>
    </p>
   </div>
   <div class='ocr_carea' id='block_1_38' title="bbox 466 2151 2107 2226">
    <p class='ocr_par' dir='ltr' id='par_1_38' title="bbox 466 2151 2107 2226">
     <span class='ocr_line' id='line_1_38' title="bbox 466 2151 2107 2226; baseline -0.01 -8"><span class='ocrx_word' id='word_1_269' title='bbox 466 2180 599 2218; x_wconf 91' lang='lat' dir='ltr'>cum</span> <span class='ocrx_word' id='word_1_270' title='bbox 633 2160 907 2215; x_wconf 87' lang='lat' dir='ltr'>laudibus</span> <span class='ocrx_word' id='word_1_271' title='bbox 938 2157 1160 2221; x_wconf 88' lang='lat' dir='ltr'>vivunt,</span> <span class='ocrx_word' id='word_1_272' title='bbox 1204 2154 1581 2226; x_wconf 85' lang='lat' dir='ltr'>quotidieque</span> <span class='ocrx_word' id='word_1_273' title='bbox 1627 2151 1993 2222; x_wconf 82' lang='lat' dir='ltr'>splendidius</span> <span class='ocrx_word' id='word_1_274' title='bbox 2026 2152 2107 2205; x_wconf 88' lang='lat' dir='ltr'>ef-</span> 
     </span>
    </p>
   </div>
   <div class='ocr_carea' id='block_1_39' title="bbox 467 2239 2107 2309">
    <p class='ocr_par' dir='ltr' id='par_1_39' title="bbox 467 2239 2107 2309">
     <span class='ocr_line' id='line_1_39' title="bbox 467 2239 2107 2309; baseline -0.009 -2"><span class='ocrx_word' id='word_1_275' title='bbox 467 2252 801 2307; x_wconf 83' lang='lat' dir='ltr'>ﬂorescunt.</span> <span class='ocrx_word' id='word_1_276' title='bbox 832 2247 1056 2300; x_wconf 87' lang='lat' dir='ltr'>Bonum</span> <span class='ocrx_word' id='word_1_277' title='bbox 1098 2248 1209 2308; x_wconf 90' lang='lat' dir='ltr'>est,</span> <span class='ocrx_word' id='word_1_278' title='bbox 1268 2243 1461 2305; x_wconf 79' lang='lat' dir='ltr'>frater,</span> <span class='ocrx_word' id='word_1_279' title='bbox 1508 2240 1673 2294; x_wconf 89' lang='lat' dir='ltr'>nobis</span> <span class='ocrx_word' id='word_1_280' title='bbox 1709 2239 1965 2309; x_wconf 89' lang='lat' dir='ltr'>parvulis</span> <span class='ocrx_word' id='word_1_281' title='bbox 1998 2240 2107 2294; x_wconf 86' lang='lat' dir='ltr'>sub</span> 
     </span>
    </p>
   </div>
   <div class='ocr_carea' id='block_1_40' title="bbox 466 2328 2106 2397">
    <p class='ocr_par' dir='ltr' id='par_1_40' title="bbox 466 2328 2106 2397">
     <span class='ocr_line' id='line_1_40' title="bbox 466 2328 2106 2397; baseline -0.007 -4"><span class='ocrx_word' id='word_1_282' title='bbox 466 2340 714 2395; x_wconf 90' lang='lat' dir='ltr'>istorum</span> <span class='ocrx_word' id='word_1_283' title='bbox 752 2336 969 2389; x_wconf 90' lang='lat' dir='ltr'>ducum</span> <span class='ocrx_word' id='word_1_284' title='bbox 1028 2331 1213 2384; x_wconf 87' lang='lat' dir='ltr'>titulis</span> <span class='ocrx_word' id='word_1_285' title='bbox 1271 2328 1627 2393; x_wconf 89' lang='lat' dir='ltr'>delitescere,</span> <span class='ocrx_word' id='word_1_286' title='bbox 1683 2343 1934 2397; x_wconf 92' lang='lat' dir='ltr'>quorum</span> <span class='ocrx_word' id='word_1_287' title='bbox 1988 2332 2106 2382; x_wconf 85' lang='lat' dir='ltr'>tam</span> 
     </span>
    </p>
   </div>
   <div class='ocr_carea' id='block_1_41' title="bbox 466 2415 2110 2491">
    <p class='ocr_par' dir='ltr' id='par_1_41' title="bbox 466 2415 2110 2491">
     <span class='ocr_line' id='line_1_41' title="bbox 466 2415 2110 2491; baseline -0.006 -10"><span class='ocrx_word' id='word_1_288' title='bbox 466 2426 658 2481; x_wconf 87' lang='lat' dir='ltr'>valida</span> <span class='ocrx_word' id='word_1_289' title='bbox 678 2428 917 2491; x_wconf 89' lang='lat' dir='ltr'>tamque</span> <span class='ocrx_word' id='word_1_290' title='bbox 942 2416 1259 2490; x_wconf 86' lang='lat' dir='ltr'>probabilis</span> <span class='ocrx_word' id='word_1_291' title='bbox 1281 2421 1369 2470; x_wconf 87' lang='lat' dir='ltr'>est</span> <span class='ocrx_word' id='word_1_292' title='bbox 1389 2417 1543 2486; x_wconf 88' lang='lat' dir='ltr'>apud</span> <span class='ocrx_word' id='word_1_293' title='bbox 1566 2415 1993 2471; x_wconf 89' lang='lat' dir='ltr'>ecclesiasticas</span> <span class='ocrx_word' id='word_1_294' title='bbox 2014 2434 2110 2471; x_wconf 91' lang='lat' dir='ltr'>au-</span> 
     </span>
    </p>
   </div>
   <div class='ocr_carea' id='block_1_42' title="bbox 466 2503 2110 2574">
    <p class='ocr_par' dir='ltr' id='par_1_42' title="bbox 466 2503 2110 2574">
     <span class='ocr_line' id='line_1_42' title="bbox 466 2503 2110 2574; baseline -0.005 -5"><span class='ocrx_word' id='word_1_295' title='bbox 466 2530 559 2569; x_wconf 87' lang='lat' dir='ltr'>res</span> <span class='ocrx_word' id='word_1_296' title='bbox 581 2508 897 2567; x_wconf 86' lang='lat' dir='ltr'>auctoritas</span> <span class='ocrx_word' id='word_1_297' title='bbox 920 2511 1255 2561; x_wconf 89' lang='lat' dir='ltr'>sanctarum</span> <span class='ocrx_word' id='word_1_298' title='bbox 1287 2504 1567 2558; x_wconf 88' lang='lat' dir='ltr'>virtutum</span> <span class='ocrx_word' id='word_1_299' title='bbox 1608 2503 1831 2574; x_wconf 75' lang='lat' dir='ltr'>fulgore</span> <span class='ocrx_word' id='word_1_300' title='bbox 1863 2504 2110 2561; x_wconf 67' lang='lat' dir='ltr'>caelestis</span> 
     </span>
    </p>
   </div>
   <div class='ocr_carea' id='block_1_43' title="bbox 468 2593 2107 2673">
    <p class='ocr_par' dir='ltr' id='par_1_43' title="bbox 468 2593 2107 2673">
     <span class='ocr_line' id='line_1_43' title="bbox 468 2593 2107 2673; baseline -0.006 -14"><span class='ocrx_word' id='word_1_301' title='bbox 468 2598 763 2673; x_wconf 71' lang='lat' dir='ltr'>sapientis:</span> <span class='ocrx_word' id='word_1_302' title='bbox 792 2596 919 2652; x_wconf 89' lang='lat' dir='ltr'>luce</span> <span class='ocrx_word' id='word_1_303' title='bbox 958 2593 1324 2666; x_wconf 66' lang='lat' dir='ltr'>praepollens,</span> <span class='ocrx_word' id='word_1_304' title='bbox 1359 2597 1423 2647; x_wconf 89' lang='lat' dir='ltr'>ut</span> <span class='ocrx_word' id='word_1_305' title='bbox 1452 2597 1719 2647; x_wconf 64' lang='lat' dir='ltr'>extremae</span> <span class='ocrx_word' id='word_1_306' title='bbox 1743 2593 1869 2663; x_wconf 85' lang='lat' dir='ltr'>jam</span> <span class='ocrx_word' id='word_1_307' title='bbox 1902 2595 1977 2649; x_wconf 89' lang='lat' dir='ltr'>sit</span> <span class='ocrx_word' id='word_1_308' title='bbox 2008 2595 2107 2649; x_wconf 93' lang='lat' dir='ltr'>de-</span> 
     </span>
    </p>
   </div>
   <div class='ocr_carea' id='block_1_44' title="bbox 468 2680 2105 2755">
    <p class='ocr_par' dir='ltr' id='par_1_44' title="bbox 468 2680 2105 2755">
     <span class='ocr_line' id='line_1_44' title="bbox 468 2680 2105 2755; baseline -0.007 -8"><span class='ocrx_word' id='word_1_309' title='bbox 468 2688 721 2755; x_wconf 69' lang='lat' dir='ltr'>mentias,</span> <span class='ocrx_word' id='word_1_310' title='bbox 751 2685 841 2742; x_wconf 90' lang='lat' dir='ltr'>vel</span> <span class='ocrx_word' id='word_1_311' title='bbox 872 2686 942 2741; x_wconf 85' lang='lat' dir='ltr'>dc</span> <span class='ocrx_word' id='word_1_312' title='bbox 965 2684 1186 2739; x_wconf 87' lang='lat' dir='ltr'>ratione</span> <span class='ocrx_word' id='word_1_313' title='bbox 1207 2681 1339 2737; x_wconf 82' lang='lat' dir='ltr'>fidei</span> <span class='ocrx_word' id='word_1_314' title='bbox 1364 2680 1447 2737; x_wconf 89' lang='lat' dir='ltr'>vel</span> <span class='ocrx_word' id='word_1_315' title='bbox 1480 2681 1552 2735; x_wconf 92' lang='lat' dir='ltr'>de</span> <span class='ocrx_word' id='word_1_316' title='bbox 1592 2680 1794 2737; x_wconf 90' lang='lat' dir='ltr'>ordine</span> <span class='ocrx_word' id='word_1_317' title='bbox 1842 2686 1995 2738; x_wconf 88' lang='lat' dir='ltr'>recte</span> <span class='ocrx_word' id='word_1_318' title='bbox 2024 2682 2105 2737; x_wconf 91' lang='lat' dir='ltr'>vi-</span> 
     </span>
    </p>
   </div>
   <div class='ocr_carea' id='block_1_45' title="bbox 466 2769 2105 2849">
    <p class='ocr_par' dir='ltr' id='par_1_45' title="bbox 466 2769 2105 2849">
     <span class='ocr_line' id='line_1_45' title="bbox 466 2769 2105 2849; baseline -0.006 -14"><span class='ocrx_word' id='word_1_319' title='bbox 466 2778 658 2849; x_wconf 87' lang='lat' dir='ltr'>vendi,</span> <span class='ocrx_word' id='word_1_320' title='bbox 690 2777 777 2832; x_wconf 91' lang='lat' dir='ltr'>eis</span> <span class='ocrx_word' id='word_1_321' title='bbox 798 2775 856 2829; x_wconf 91' lang='lat' dir='ltr'>in</span> <span class='ocrx_word' id='word_1_322' title='bbox 879 2773 1077 2844; x_wconf 90' lang='lat' dir='ltr'>aliquo</span> <span class='ocrx_word' id='word_1_323' title='bbox 1102 2769 1399 2843; x_wconf 80' lang='lat' dir='ltr'>refragari.</span> <span class='ocrx_word' id='word_1_324' title='bbox 1439 2772 1626 2835; x_wconf 88' lang='lat' dir='ltr'>Quare</span> <span class='ocrx_word' id='word_1_325' title='bbox 1646 2770 1673 2824; x_wconf 86' lang='lat'><strong>?</strong></span> <span class='ocrx_word' id='word_1_326' title='bbox 1695 2770 1897 2826; x_wconf 90' lang='lat' dir='ltr'>Nonne</span> <span class='ocrx_word' id='word_1_327' title='bbox 1918 2771 2105 2826; x_wconf 74' lang='lat' dir='ltr'>homi~</span> 
     </span>
    </p>
   </div>
   <div class='ocr_carea' id='block_1_46' title="bbox 466 2858 2107 2931">
    <p class='ocr_par' dir='ltr' id='par_1_46' title="bbox 466 2858 2107 2931">
     <span class='ocr_line' id='line_1_46' title="bbox 466 2858 2107 2931; baseline -0.005 -7"><span class='ocrx_word' id='word_1_328' title='bbox 466 2884 569 2923; x_wconf 91' lang='lat' dir='ltr'>nes</span> <span class='ocrx_word' id='word_1_329' title='bbox 599 2868 783 2931; x_wconf 87' lang='lat' dir='ltr'>erant,</span> <span class='ocrx_word' id='word_1_330' title='bbox 814 2868 871 2917; x_wconf 90' lang='lat' dir='ltr'>et</span> <span class='ocrx_word' id='word_1_331' title='bbox 922 2860 1041 2917; x_wconf 89' lang='lat' dir='ltr'>falli</span> <span class='ocrx_word' id='word_1_332' title='bbox 1090 2861 1160 2915; x_wconf 92' lang='lat' dir='ltr'>ab</span> <span class='ocrx_word' id='word_1_333' title='bbox 1208 2859 1339 2914; x_wconf 90' lang='lat' dir='ltr'>aliis</span> <span class='ocrx_word' id='word_1_334' title='bbox 1388 2863 1562 2930; x_wconf 89' lang='lat' dir='ltr'>atque</span> <span class='ocrx_word' id='word_1_335' title='bbox 1593 2858 1702 2931; x_wconf 92' lang='lat' dir='ltr'>ipsi</span> <span class='ocrx_word' id='word_1_336' title='bbox 1737 2858 1933 2915; x_wconf 86' lang='lat' dir='ltr'>fallere</span> <span class='ocrx_word' id='word_1_337' title='bbox 1963 2859 2107 2916; x_wconf 90' lang='lat' dir='ltr'>alios</span> 
     </span>
    </p>
   </div>
   <div class='ocr_carea' id='block_1_47' title="bbox 466 2947 2105 3030">
    <p class='ocr_par' dir='ltr' id='par_1_47' title="bbox 466 2947 2105 3030">
     <span class='ocr_line' id='line_1_47' title="bbox 466 2947 2105 3030; baseline -0.006 -16"><span class='ocrx_word' id='word_1_338' title='bbox 466 2954 759 3030; x_wconf 84' lang='lat' dir='ltr'>poterant?</span> <span class='ocrx_word' id='word_1_339' title='bbox 779 2953 863 3007; x_wconf 87' lang='lat' dir='ltr'>Ita</span> <span class='ocrx_word' id='word_1_340' title='bbox 885 2950 1041 3006; x_wconf 91' lang='lat' dir='ltr'>enim</span> <span class='ocrx_word' id='word_1_341' title='bbox 1064 2948 1205 3003; x_wconf 90' lang='lat' dir='ltr'>dicit</span> <span class='ocrx_word' id='word_1_342' title='bbox 1226 2947 1528 3019; x_wconf 89' lang='lat' dir='ltr'>Scriptura</span> <span class='ocrx_word' id='word_1_343' title='bbox 1551 2949 1889 3021; x_wconf 80' lang='lat' dir='ltr'>verax,quia</span> <span class='ocrx_word' id='word_1_344' title='bbox 1925 2968 1946 2997; x_wconf 76' lang='grc' dir='ltr'>ι</span> <span class='ocrx_word' id='word_1_345' title='bbox 1981 2966 2105 3004; x_wconf 89' lang='lat' dir='ltr'>om-</span> 
     </span>
    </p>
   </div>
   <div class='ocr_carea' id='block_1_48' title="bbox 466 3036 2109 3109">
    <p class='ocr_par' dir='ltr' id='par_1_48' title="bbox 466 3036 2109 3109">
     <span class='ocr_line' id='line_1_48' title="bbox 466 3036 2109 3109; baseline -0.007 -6"><span class='ocrx_word' id='word_1_346' title='bbox 466 3047 555 3102; x_wconf 91' lang='lat' dir='ltr'>nis</span> <span class='ocrx_word' id='word_1_347' title='bbox 580 3045 752 3100; x_wconf 87' lang='lat' dir='ltr'>homo</span> <span class='ocrx_word' id='word_1_348' title='bbox 810 3040 1059 3095; x_wconf 83' lang='lat' dir='ltr'>mendax</span> <span class='ocrx_word' id='word_1_349' title='bbox 1092 3038 1259 3107; x_wconf 80' lang='lat' dir='ltr'>(Psat.</span> <span class='ocrx_word' id='word_1_350' title='bbox 1293 3040 1394 3105; x_wconf 85' lang='lat' dir='ltr'>x1).</span> <span class='ocrx_word' id='word_1_351' title='bbox 1432 3059 1458 3086; x_wconf 87' lang='grc'><strong>››</strong></span> <span class='ocrx_word' id='word_1_352' title='bbox 1511 3036 1671 3093; x_wconf 88' lang='lat' dir='ltr'>Unde</span> <span class='ocrx_word' id='word_1_353' title='bbox 1719 3053 1855 3109; x_wconf 84' lang='lat' dir='ltr'>ergo</span> <span class='ocrx_word' id='word_1_354' title='bbox 1894 3054 1960 3094; x_wconf 90' lang='lat' dir='ltr'>eo</span> <span class='ocrx_word' id='word_1_355' title='bbox 1991 3038 2109 3093; x_wconf 89' lang='lat' dir='ltr'>cul-</span> 
     </span>
    </p>
   </div>
   <div class='ocr_carea' id='block_1_49' title="bbox 2215 1794 3873 1868">
    <p class='ocr_par' dir='ltr' id='par_1_49' title="bbox 2215 1794 3873 1868">
     <span class='ocr_line' id='line_1_49' title="bbox 2215 1794 3873 1868; baseline 0.001 -18"><span class='ocrx_word' id='word_1_356' title='bbox 2215 1796 2476 1861; x_wconf 89' lang='lat' dir='ltr'>verbum,</span> <span class='ocrx_word' id='word_1_357' title='bbox 2514 1817 2540 1843; x_wconf 88' lang='grc'>››</span> <span class='ocrx_word' id='word_1_358' title='bbox 2573 1796 2671 1850; x_wconf 89' lang='lat' dir='ltr'>sed</span> <span class='ocrx_word' id='word_1_359' title='bbox 2706 1800 2953 1867; x_wconf 88' lang='lat' dir='ltr'>quatuor</span> <span class='ocrx_word' id='word_1_360' title='bbox 2983 1794 3381 1866; x_wconf 88' lang='lat' dir='ltr'>probatissimi</span> <span class='ocrx_word' id='word_1_361' title='bbox 3430 1795 3873 1868; x_wconf 90' lang='lat' dir='ltr'>certissimique</span> 
     </span>
    </p>
   </div>
   <div class='ocr_carea' id='block_1_50' title="bbox 2216 1883 3875 1956">
    <p class='ocr_par' dir='ltr' id='par_1_50' title="bbox 2216 1883 3875 1956">
     <span class='ocr_line' id='line_1_50' title="bbox 2216 1883 3875 1956; baseline 0.001 -17"><span class='ocrx_word' id='word_1_362' title='bbox 2216 1884 2505 1939; x_wconf 78' lang='lat' dir='ltr'>existunt:</span> <span class='ocrx_word' id='word_1_363' title='bbox 2549 1886 2663 1940; x_wconf 92' lang='lat' dir='ltr'>duo</span> <span class='ocrx_word' id='word_1_364' title='bbox 2723 1885 2943 1941; x_wconf 88' lang='lat' dir='ltr'>scilicet</span> <span class='ocrx_word' id='word_1_365' title='bbox 2993 1902 3061 1940; x_wconf 82' lang='lat' dir='ltr'>ex</span> <span class='ocrx_word' id='word_1_366' title='bbox 3116 1883 3579 1956; x_wconf 90' lang='lat' dir='ltr'>circumcisione,</span> <span class='ocrx_word' id='word_1_367' title='bbox 3638 1890 3699 1941; x_wconf 92' lang='lat' dir='ltr'>et</span> <span class='ocrx_word' id='word_1_368' title='bbox 3745 1886 3875 1941; x_wconf 91' lang='lat' dir='ltr'>duo</span> 
     </span>
    </p>
   </div>
   <div class='ocr_carea' id='block_1_51' title="bbox 2217 1974 3876 2047">
    <p class='ocr_par' dir='ltr' id='par_1_51' title="bbox 2217 1974 3876 2047">
     <span class='ocr_line' id='line_1_51' title="bbox 2217 1974 3876 2047; baseline 0.001 -18"><span class='ocrx_word' id='word_1_369' title='bbox 2217 1990 2285 2029; x_wconf 82' lang='lat' dir='ltr'>ex</span> <span class='ocrx_word' id='word_1_370' title='bbox 2342 1974 2642 2046; x_wconf 81' lang='lat' dir='ltr'>praeputio,</span> <span class='ocrx_word' id='word_1_371' title='bbox 2674 1979 2738 2029; x_wconf 87' lang='lat' dir='ltr'>ut</span> <span class='ocrx_word' id='word_1_372' title='bbox 2786 1979 3031 2046; x_wconf 87' lang='lat' dir='ltr'>uterque</span> <span class='ocrx_word' id='word_1_373' title='bbox 3077 1974 3330 2046; x_wconf 90' lang='lat' dir='ltr'>populus</span> <span class='ocrx_word' id='word_1_374' title='bbox 3379 1975 3503 2031; x_wconf 92' lang='lat' dir='ltr'>suis</span> <span class='ocrx_word' id='word_1_375' title='bbox 3559 1991 3625 2031; x_wconf 91' lang='lat' dir='ltr'>ac</span> <span class='ocrx_word' id='word_1_376' title='bbox 3672 1974 3876 2047; x_wconf 86' lang='lat' dir='ltr'>legiti-</span> 
     </span>
    </p>
   </div>
   <div class='ocr_carea' id='block_1_52' title="bbox 2218 2060 3874 2134">
    <p class='ocr_par' dir='ltr' id='par_1_52' title="bbox 2218 2060 3874 2134">
     <span class='ocr_line' id='line_1_52' title="bbox 2218 2060 3874 2134; baseline 0 -17"><span class='ocrx_word' id='word_1_377' title='bbox 2218 2063 2333 2117; x_wconf 91' lang='lat' dir='ltr'>mis</span> <span class='ocrx_word' id='word_1_378' title='bbox 2384 2063 2845 2131; x_wconf 86' lang='lat' dir='ltr'>auctoritatibus,</span> <span class='ocrx_word' id='word_1_379' title='bbox 2898 2063 3019 2118; x_wconf 90' lang='lat' dir='ltr'>sive</span> <span class='ocrx_word' id='word_1_380' title='bbox 3070 2063 3140 2118; x_wconf 89' lang='lat' dir='ltr'>ad</span> <span class='ocrx_word' id='word_1_381' title='bbox 3201 2062 3447 2118; x_wconf 83' lang='lat' dir='ltr'>salutem</span> <span class='ocrx_word' id='word_1_382' title='bbox 3492 2060 3611 2118; x_wconf 90' lang='lat' dir='ltr'>sive</span> <span class='ocrx_word' id='word_1_383' title='bbox 3658 2063 3732 2118; x_wconf 88' lang='lat' dir='ltr'>ad</span> <span class='ocrx_word' id='word_1_384' title='bbox 3767 2064 3874 2134; x_wconf 89' lang='lat' dir='ltr'>ju-</span> 
     </span>
    </p>
   </div>
   <div class='ocr_carea' id='block_1_53' title="bbox 2218 2150 3880 2223">
    <p class='ocr_par' dir='ltr' id='par_1_53' title="bbox 2218 2150 3880 2223">
     <span class='ocr_line' id='line_1_53' title="bbox 2218 2150 3880 2223; baseline 0.001 -18"><span class='ocrx_word' id='word_1_385' title='bbox 2218 2153 2436 2207; x_wconf 90' lang='lat' dir='ltr'>dicium</span> <span class='ocrx_word' id='word_1_386' title='bbox 2468 2155 2745 2207; x_wconf 89' lang='lat' dir='ltr'>uteretur.</span> <span class='ocrx_word' id='word_1_387' title='bbox 2794 2150 2943 2206; x_wconf 77' lang='lat' dir='ltr'>Dixit</span> <span class='ocrx_word' id='word_1_388' title='bbox 2991 2150 3217 2222; x_wconf 88' lang='lat' dir='ltr'>utique,</span> <span class='ocrx_word' id='word_1_389' title='bbox 3258 2151 3405 2206; x_wconf 86' lang='lat' dir='ltr'>dixit</span> <span class='ocrx_word' id='word_1_390' title='bbox 3450 2150 3547 2207; x_wconf 91' lang='lat' dir='ltr'>ille</span> <span class='ocrx_word' id='word_1_391' title='bbox 3590 2152 3690 2223; x_wconf 90' lang='lat' dir='ltr'>qui</span> <span class='ocrx_word' id='word_1_392' title='bbox 3720 2152 3880 2206; x_wconf 82' lang='lat' dir='ltr'>dixit</span> 
     </span>
    </p>
   </div>
   <div class='ocr_carea' id='block_1_54' title="bbox 2218 2239 3877 2313">
    <p class='ocr_par' dir='ltr' id='par_1_54' title="bbox 2218 2239 3877 2313">
     <span class='ocr_line' id='line_1_54' title="bbox 2218 2239 3877 2313; baseline 0 -17"><span class='ocrx_word' id='word_1_393' title='bbox 2218 2246 2274 2296; x_wconf 90' lang='lat' dir='ltr'>et</span> <span class='ocrx_word' id='word_1_394' title='bbox 2306 2241 2455 2296; x_wconf 85' lang='lat' dir='ltr'>facta</span> <span class='ocrx_word' id='word_1_395' title='bbox 2486 2246 2642 2295; x_wconf 89' lang='lat' dir='ltr'>sunt.</span> <span class='ocrx_word' id='word_1_396' title='bbox 2677 2240 2781 2302; x_wconf 90' lang='lat' dir='ltr'>Qui</span> <span class='ocrx_word' id='word_1_397' title='bbox 2814 2240 2969 2295; x_wconf 93' lang='lat' dir='ltr'>enim</span> <span class='ocrx_word' id='word_1_398' title='bbox 3020 2240 3164 2294; x_wconf 86' lang='lat' dir='ltr'>dixit</span> <span class='ocrx_word' id='word_1_399' title='bbox 3216 2240 3274 2294; x_wconf 91' lang='lat' dir='ltr'>in</span> <span class='ocrx_word' id='word_1_400' title='bbox 3321 2239 3637 2313; x_wconf 89' lang='lat' dir='ltr'>principio:</span> <span class='ocrx_word' id='word_1_401' title='bbox 3676 2261 3705 2290; x_wconf 88' lang='lat'><strong>«</strong></span> <span class='ocrx_word' id='word_1_402' title='bbox 3739 2240 3877 2296; x_wconf 85' lang='lat' dir='ltr'>Fiat</span> 
     </span>
    </p>
   </div>
   <div class='ocr_carea' id='block_1_55' title="bbox 2221 2327 3878 2398">
    <p class='ocr_par' dir='ltr' id='par_1_55' title="bbox 2221 2327 3878 2398">
     <span class='ocr_line' id='line_1_55' title="bbox 2221 2327 3878 2398; baseline 0 -15"><span class='ocrx_word' id='word_1_403' title='bbox 2221 2329 2340 2389; x_wconf 79' lang='lat' dir='ltr'>lux,</span> <span class='ocrx_word' id='word_1_404' title='bbox 2375 2334 2431 2382; x_wconf 90' lang='lat' dir='ltr'>et</span> <span class='ocrx_word' id='word_1_405' title='bbox 2462 2329 2611 2383; x_wconf 88' lang='lat' dir='ltr'>facta</span> <span class='ocrx_word' id='word_1_406' title='bbox 2634 2328 2831 2383; x_wconf 87' lang='lat' dir='ltr'>estlux</span> <span class='ocrx_word' id='word_1_407' title='bbox 2854 2328 2923 2383; x_wconf 92' lang='lat' dir='ltr'>de</span> <span class='ocrx_word' id='word_1_408' title='bbox 2946 2327 3342 2398; x_wconf 73' lang='lat' dir='ltr'>nihilo(Genes.</span> <span class='ocrx_word' id='word_1_409' title='bbox 3365 2332 3424 2398; x_wconf 82' lang='lat'>1),</span> <span class='ocrx_word' id='word_1_410' title='bbox 3464 2351 3489 2377; x_wconf 85' lang='grc'><strong>››</strong></span> <span class='ocrx_word' id='word_1_411' title='bbox 3525 2345 3641 2384; x_wconf 91' lang='lat' dir='ltr'>non</span> <span class='ocrx_word' id='word_1_412' title='bbox 3677 2330 3878 2398; x_wconf 82' lang='lat' dir='ltr'>potuit</span> 
     </span>
    </p>
   </div>
   <div class='ocr_carea' id='block_1_56' title="bbox 2220 2416 3876 2489">
    <p class='ocr_par' dir='ltr' id='par_1_56' title="bbox 2220 2416 3876 2489">
     <span class='ocr_line' id='line_1_56' title="bbox 2220 2416 3876 2489; baseline 0.001 -18"><span class='ocrx_word' id='word_1_413' title='bbox 2220 2417 2464 2471; x_wconf 90' lang='lat' dir='ltr'>dicendo</span> <span class='ocrx_word' id='word_1_414' title='bbox 2487 2417 2557 2471; x_wconf 92' lang='lat' dir='ltr'>de</span> <span class='ocrx_word' id='word_1_415' title='bbox 2582 2432 2784 2488; x_wconf 76' lang='lat' dir='ltr'>pane,«</span> <span class='ocrx_word' id='word_1_416' title='bbox 2818 2416 2935 2471; x_wconf 84' lang='lat' dir='ltr'>Hoc</span> <span class='ocrx_word' id='word_1_417' title='bbox 2962 2421 3049 2471; x_wconf 90' lang='lat' dir='ltr'>est</span> <span class='ocrx_word' id='word_1_418' title='bbox 3081 2433 3297 2489; x_wconf 90' lang='lat' dir='ltr'>corpus</span> <span class='ocrx_word' id='word_1_419' title='bbox 3331 2434 3550 2483; x_wconf 91' lang='lat' dir='ltr'>meum,</span> <span class='ocrx_word' id='word_1_420' title='bbox 3572 2438 3599 2466; x_wconf 85' lang='grc'><strong>››</strong></span> <span class='ocrx_word' id='word_1_421' title='bbox 3628 2417 3710 2471; x_wconf 89' lang='lat' dir='ltr'>ita</span> <span class='ocrx_word' id='word_1_422' title='bbox 3741 2416 3876 2472; x_wconf 85' lang='lat' dir='ltr'>ﬁeri</span> 
     </span>
    </p>
   </div>
   <div class='ocr_carea' id='block_1_57' title="bbox 2216 2504 3878 2578">
    <p class='ocr_par' dir='ltr' id='par_1_57' title="bbox 2216 2504 3878 2578">
     <span class='ocr_line' id='line_1_57' title="bbox 2216 2504 3878 2578; baseline 0 -18"><span class='ocrx_word' id='word_1_423' title='bbox 2216 2506 2445 2560; x_wconf 77' lang='lat' dir='ltr'>efficere</span> <span class='ocrx_word' id='word_1_424' title='bbox 2467 2504 2493 2558; x_wconf 83' lang='lat'><strong>?</strong></span> <span class='ocrx_word' id='word_1_425' title='bbox 2519 2505 2584 2559; x_wconf 88' lang='lat' dir='ltr'>Et</span> <span class='ocrx_word' id='word_1_426' title='bbox 2606 2504 2706 2576; x_wconf 89' lang='lat' dir='ltr'>qui</span> <span class='ocrx_word' id='word_1_427' title='bbox 2740 2504 2912 2559; x_wconf 88' lang='lat' dir='ltr'>tacita</span> <span class='ocrx_word' id='word_1_428' title='bbox 2960 2506 3170 2560; x_wconf 89' lang='lat' dir='ltr'>virtute</span> <span class='ocrx_word' id='word_1_429' title='bbox 3221 2521 3433 2578; x_wconf 86' lang='lat' dir='ltr'>aquam</span> <span class='ocrx_word' id='word_1_430' title='bbox 3484 2505 3649 2561; x_wconf 87' lang='lat' dir='ltr'>vertit</span> <span class='ocrx_word' id='word_1_431' title='bbox 3689 2506 3754 2560; x_wconf 88' lang='lat' dir='ltr'>in</span> <span class='ocrx_word' id='word_1_432' title='bbox 3787 2505 3878 2560; x_wconf 87' lang='lat' dir='ltr'>vi-</span> 
     </span>
    </p>
   </div>
   <div class='ocr_carea' id='block_1_58' title="bbox 2218 2592 3875 2666">
    <p class='ocr_par' dir='ltr' id='par_1_58' title="bbox 2218 2592 3875 2666">
     <span class='ocr_line' id='line_1_58' title="bbox 2218 2592 3875 2666; baseline 0.002 -18"><span class='ocrx_word' id='word_1_433' title='bbox 2218 2610 2383 2661; x_wconf 90' lang='lat' dir='ltr'>num,</span> <span class='ocrx_word' id='word_1_434' title='bbox 2415 2609 2530 2648; x_wconf 88' lang='lat' dir='ltr'>non</span> <span class='ocrx_word' id='word_1_435' title='bbox 2561 2593 2859 2648; x_wconf 80' lang='lat' dir='ltr'>efﬁcacius</span> <span class='ocrx_word' id='word_1_436' title='bbox 2906 2597 3132 2664; x_wconf 87' lang='lat' dir='ltr'>poterat</span> <span class='ocrx_word' id='word_1_437' title='bbox 3164 2593 3235 2664; x_wconf 91' lang='lat' dir='ltr'>(si</span> <span class='ocrx_word' id='word_1_438' title='bbox 3266 2592 3406 2666; x_wconf 91' lang='lat' dir='ltr'>quid</span> <span class='ocrx_word' id='word_1_439' title='bbox 3438 2597 3635 2649; x_wconf 88' lang='lat' dir='ltr'>tamen</span> <span class='ocrx_word' id='word_1_440' title='bbox 3668 2593 3875 2651; x_wconf 83' lang='lat' dir='ltr'>efﬁca-</span> 
     </span>
    </p>
   </div>
   <div class='ocr_carea' id='block_1_59' title="bbox 2217 2681 3874 2753">
    <p class='ocr_par' dir='ltr' id='par_1_59' title="bbox 2217 2681 3874 2753">
     <span class='ocr_line' id='line_1_59' title="bbox 2217 2681 3874 2753; baseline 0.001 -16"><span class='ocrx_word' id='word_1_441' title='bbox 2217 2683 2341 2738; x_wconf 89' lang='lat' dir='ltr'>cius</span> <span class='ocrx_word' id='word_1_442' title='bbox 2372 2682 2443 2737; x_wconf 92' lang='lat' dir='ltr'>de</span> <span class='ocrx_word' id='word_1_443' title='bbox 2496 2684 2604 2737; x_wconf 91' lang='lat' dir='ltr'>Deo</span> <span class='ocrx_word' id='word_1_444' title='bbox 2653 2682 2764 2737; x_wconf 91' lang='lat' dir='ltr'>dici</span> <span class='ocrx_word' id='word_1_445' title='bbox 2813 2682 3005 2753; x_wconf 89' lang='lat' dir='ltr'>debet)</span> <span class='ocrx_word' id='word_1_446' title='bbox 3053 2686 3298 2738; x_wconf 88' lang='lat' dir='ltr'>sonante</span> <span class='ocrx_word' id='word_1_447' title='bbox 3353 2681 3630 2738; x_wconf 84' lang='lat' dir='ltr'>vocaliter</span> <span class='ocrx_word' id='word_1_448' title='bbox 3658 2683 3874 2739; x_wconf 88' lang='lat' dir='ltr'>eadem</span> 
     </span>
    </p>
   </div>
   <div class='ocr_carea' id='block_1_60' title="bbox 2216 2770 3874 2843">
    <p class='ocr_par' dir='ltr' id='par_1_60' title="bbox 2216 2770 3874 2843">
     <span class='ocr_line' id='line_1_60' title="bbox 2216 2770 3874 2843; baseline 0 -17"><span class='ocrx_word' id='word_1_449' title='bbox 2216 2770 2651 2838; x_wconf 87' lang='lat' dir='ltr'>virtute,vinum</span> <span class='ocrx_word' id='word_1_450' title='bbox 2666 2770 2864 2843; x_wconf 91' lang='lat' dir='ltr'>ipsum</span> <span class='ocrx_word' id='word_1_451' title='bbox 2879 2770 2937 2826; x_wconf 91' lang='lat' dir='ltr'>in</span> <span class='ocrx_word' id='word_1_452' title='bbox 2952 2771 3297 2843; x_wconf 87' lang='lat' dir='ltr'>sanguinem</span> <span class='ocrx_word' id='word_1_453' title='bbox 3312 2788 3488 2828; x_wconf 90' lang='lat' dir='ltr'>suum</span> <span class='ocrx_word' id='word_1_454' title='bbox 3506 2771 3833 2829; x_wconf 80' lang='lat' dir='ltr'>transferre</span> <span class='ocrx_word' id='word_1_455' title='bbox 3845 2770 3874 2826; x_wconf 64' lang='grc' dir='ltr'><em>Ἰ</em></span> 
     </span>
    </p>
   </div>
   <div class='ocr_carea' id='block_1_61' title="bbox 2216 2859 3878 2933">
    <p class='ocr_par' dir='ltr' id='par_1_61' title="bbox 2216 2859 3878 2933">
     <span class='ocr_line' id='line_1_61' title="bbox 2216 2859 3878 2933; baseline 0.001 -19"><span class='ocrx_word' id='word_1_456' title='bbox 2216 2860 2378 2923; x_wconf 88' lang='lat' dir='ltr'>Quod</span> <span class='ocrx_word' id='word_1_457' title='bbox 2400 2859 2451 2915; x_wconf 92' lang='lat' dir='ltr'>si</span> <span class='ocrx_word' id='word_1_458' title='bbox 2469 2860 2600 2931; x_wconf 88' lang='lat' dir='ltr'>quis</span> <span class='ocrx_word' id='word_1_459' title='bbox 2622 2861 2777 2933; x_wconf 90' lang='lat' dir='ltr'>apud</span> <span class='ocrx_word' id='word_1_460' title='bbox 2801 2877 2862 2916; x_wconf 90' lang='lat' dir='ltr'>se</span> <span class='ocrx_word' id='word_1_461' title='bbox 2884 2860 3037 2915; x_wconf 89' lang='lat' dir='ltr'>dicat</span> <span class='ocrx_word' id='word_1_462' title='bbox 3057 2860 3319 2932; x_wconf 82' lang='lat' dir='ltr'>potuisse</span> <span class='ocrx_word' id='word_1_463' title='bbox 3340 2860 3449 2916; x_wconf 92' lang='lat' dir='ltr'>hoc</span> <span class='ocrx_word' id='word_1_464' title='bbox 3470 2860 3657 2916; x_wconf 80' lang='lat' dir='ltr'>facere</span> <span class='ocrx_word' id='word_1_465' title='bbox 3681 2876 3878 2916; x_wconf 89' lang='lat' dir='ltr'>unum</span> 
     </span>
    </p>
   </div>
   <div class='ocr_carea' id='block_1_62' title="bbox 2217 2948 3871 3020">
    <p class='ocr_par' dir='ltr' id='par_1_62' title="bbox 2217 2948 3871 3020">
     <span class='ocr_line' id='line_1_62' title="bbox 2217 2948 3871 3020; baseline 0.001 -16"><span class='ocrx_word' id='word_1_466' title='bbox 2217 2948 2383 3005; x_wconf 90' lang='lat' dir='ltr'>illum</span> <span class='ocrx_word' id='word_1_467' title='bbox 2404 2948 2721 3013; x_wconf 87' lang='lat' dir='ltr'>hominem,</span> <span class='ocrx_word' id='word_1_468' title='bbox 2758 2949 2855 3020; x_wconf 90' lang='lat' dir='ltr'>qui</span> <span class='ocrx_word' id='word_1_469' title='bbox 2896 2948 3072 3004; x_wconf 89' lang='lat' dir='ltr'>etiam</span> <span class='ocrx_word' id='word_1_470' title='bbox 3103 2953 3251 3005; x_wconf 90' lang='lat' dir='ltr'>Deus</span> <span class='ocrx_word' id='word_1_471' title='bbox 3291 2955 3451 3018; x_wconf 87' lang='lat' dir='ltr'>erat;</span> <span class='ocrx_word' id='word_1_472' title='bbox 3479 2948 3700 3006; x_wconf 67' lang='lat' dir='ltr'>caeteris</span> <span class='ocrx_word' id='word_1_473' title='bbox 3728 2966 3871 3006; x_wconf 89' lang='lat' dir='ltr'>vero</span> 
     </span>
    </p>
   </div>
   <div class='ocr_carea' id='block_1_63' title="bbox 2218 3035 3870 3110">
    <p class='ocr_par' dir='ltr' id='par_1_63' title="bbox 2218 3035 3870 3110">
     <span class='ocr_line' id='line_1_63' title="bbox 2218 3035 3870 3110; baseline 0.001 -18"><span class='ocrx_word' id='word_1_474' title='bbox 2218 3037 2319 3109; x_wconf 90' lang='lat' dir='ltr'>qui</span> <span class='ocrx_word' id='word_1_475' title='bbox 2350 3036 2458 3093; x_wconf 90' lang='lat' dir='ltr'>hoc</span> <span class='ocrx_word' id='word_1_476' title='bbox 2484 3054 2597 3093; x_wconf 90' lang='lat' dir='ltr'>non</span> <span class='ocrx_word' id='word_1_477' title='bbox 2623 3035 3131 3109; x_wconf 83' lang='lat' dir='ltr'>sint,impossibile</span> <span class='ocrx_word' id='word_1_478' title='bbox 3151 3053 3279 3093; x_wconf 87' lang='lat' dir='ltr'>esse</span> <span class='ocrx_word' id='word_1_479' title='bbox 3298 3055 3310 3093; x_wconf 86' lang='lat'>:</span> <span class='ocrx_word' id='word_1_480' title='bbox 3329 3055 3435 3094; x_wconf 90' lang='lat' dir='ltr'>nos</span> <span class='ocrx_word' id='word_1_481' title='bbox 3466 3054 3700 3110; x_wconf 73' lang='lat' dir='ltr'>quoque</span> <span class='ocrx_word' id='word_1_482' title='bbox 3726 3055 3870 3095; x_wconf 90' lang='lat' dir='ltr'>cum</span> 
     </span>
    </p>
   </div>
   <div class='ocr_carea' id='block_1_64' title="bbox 466 3112 3877 3205">
    <p class='ocr_par' dir='ltr' id='par_1_64' title="bbox 466 3112 3877 3205">
     <span class='ocr_line' id='line_1_64' title="bbox 466 3112 3877 3205; baseline -0.002 -14"><span class='ocrx_word' id='word_1_483' title='bbox 466 3134 643 3191; x_wconf 88' lang='lat' dir='ltr'>minis</span> <span class='ocrx_word' id='word_1_484' title='bbox 687 3130 1091 3205; x_wconf 68' lang='lat' dir='ltr'>pervenerunt,</span> <span class='ocrx_word' id='word_1_485' title='bbox 1124 3129 1189 3180; x_wconf 89' lang='lat' dir='ltr'>ut</span> <span class='ocrx_word' id='word_1_486' title='bbox 1232 3126 1359 3196; x_wconf 89' lang='lat' dir='ltr'>jam</span> <span class='ocrx_word' id='word_1_487' title='bbox 1420 3130 1614 3180; x_wconf 89' lang='lat' dir='ltr'>ratum</span> <span class='ocrx_word' id='word_1_488' title='bbox 1664 3125 1998 3182; x_wconf 86' lang='lat' dir='ltr'>habendum</span> <span class='ocrx_word' id='word_1_489' title='bbox 2032 3126 2108 3182; x_wconf 88' lang='lat' dir='ltr'>sit</span> <span class='ocrx_word' id='word_1_490' title='bbox 2137 3112 2182 3177; x_wconf 89' lang='lat' dir='ltr'>C</span> <span class='ocrx_word' id='word_1_491' title='bbox 2220 3142 2287 3182; x_wconf 90' lang='lat' dir='ltr'>eo</span> <span class='ocrx_word' id='word_1_492' title='bbox 2311 3125 2921 3192; x_wconf 89' lang='lat' dir='ltr'>sentimus,sictamen</span> <span class='ocrx_word' id='word_1_493' title='bbox 2937 3129 3117 3196; x_wconf 91' lang='lat' dir='ltr'>utper</span> <span class='ocrx_word' id='word_1_494' title='bbox 3133 3125 3877 3183; x_wconf 85' lang='lat' dir='ltr'>ministeriumhumanum</span> 
     </span>
    </p>
   </div>
   <div class='ocr_carea' id='block_1_65' title="bbox 473 3212 2120 3297">
    <p class='ocr_par' dir='ltr' id='par_1_65' title="bbox 473 3212 2120 3297">
     <span class='ocr_line' id='line_1_65' title="bbox 473 3212 2120 3297; baseline -0.005 -19"><span class='ocrx_word' id='word_1_495' title='bbox 473 3220 761 3297; x_wconf 88' lang='lat' dir='ltr'>quidquid</span> <span class='ocrx_word' id='word_1_496' title='bbox 795 3219 864 3273; x_wconf 92' lang='lat' dir='ltr'>de</span> <span class='ocrx_word' id='word_1_497' title='bbox 887 3215 1100 3271; x_wconf 87' lang='lat' dir='ltr'>divinis</span> <span class='ocrx_word' id='word_1_498' title='bbox 1132 3212 1424 3285; x_wconf 79' lang='lat' dir='ltr'>mysteriis</span> <span class='ocrx_word' id='word_1_499' title='bbox 1458 3218 1767 3269; x_wconf 89' lang='lat' dir='ltr'>senserunt</span> <span class='ocrx_word' id='word_1_500' title='bbox 1800 3214 2120 3270; x_wconf 67' lang='lat' dir='ltr'>memoriae-</span> 
     </span>
    </p>
   </div>
   <div class='ocr_carea' id='block_1_66' title="bbox 476 3302 2119 3385">
    <p class='ocr_par' dir='ltr' id='par_1_66' title="bbox 476 3302 2119 3385">
     <span class='ocr_line' id='line_1_66' title="bbox 476 3302 2119 3385; baseline -0.005 -18"><span class='ocrx_word' id='word_1_501' title='bbox 476 3328 588 3385; x_wconf 91' lang='lat' dir='ltr'>que</span> <span class='ocrx_word' id='word_1_502' title='bbox 620 3304 1089 3365; x_wconf 85' lang='lat' dir='ltr'>mandaverunt‘?</span> <span class='ocrx_word' id='word_1_503' title='bbox 1112 3303 1257 3357; x_wconf 87' lang='lat' dir='ltr'>Nam</span> <span class='ocrx_word' id='word_1_504' title='bbox 1289 3307 1346 3357; x_wconf 90' lang='lat' dir='ltr'>et</span> <span class='ocrx_word' id='word_1_505' title='bbox 1376 3302 1622 3375; x_wconf 85' lang='lat' dir='ltr'>gentiles</span> <span class='ocrx_word' id='word_1_506' title='bbox 1654 3304 1850 3375; x_wconf 84' lang='lat' dir='ltr'>magni</span> <span class='ocrx_word' id='word_1_507' title='bbox 1881 3304 2119 3374; x_wconf 90' lang='lat' dir='ltr'>quidam</span> 
     </span>
    </p>
   </div>
   <div class='ocr_carea' id='block_1_67' title="bbox 469 3390 2120 3467">
    <p class='ocr_par' dir='ltr' id='par_1_67' title="bbox 469 3390 2120 3467">
     <span class='ocr_line' id='line_1_67' title="bbox 469 3390 2120 3467; baseline -0.007 -10"><span class='ocrx_word' id='word_1_508' title='bbox 469 3406 528 3458; x_wconf 90' lang='lat' dir='ltr'>et</span> <span class='ocrx_word' id='word_1_509' title='bbox 559 3397 785 3455; x_wconf 91' lang='lat' dir='ltr'>nobiles</span> <span class='ocrx_word' id='word_1_510' title='bbox 817 3392 1149 3467; x_wconf 90' lang='lat' dir='ltr'>philosophi</span> <span class='ocrx_word' id='word_1_511' title='bbox 1195 3390 1385 3447; x_wconf 89' lang='lat' dir='ltr'>multa</span> <span class='ocrx_word' id='word_1_512' title='bbox 1443 3391 1610 3457; x_wconf 88' lang='lat' dir='ltr'>falsa,</span> <span class='ocrx_word' id='word_1_513' title='bbox 1645 3408 1774 3463; x_wconf 73' lang='lat' dir='ltr'>qua:</span> <span class='ocrx_word' id='word_1_514' title='bbox 1819 3393 1954 3462; x_wconf 88' lang='lat' dir='ltr'>jure</span> <span class='ocrx_word' id='word_1_515' title='bbox 1984 3409 2120 3446; x_wconf 86' lang='lat' dir='ltr'>con-</span> 
     </span>
    </p>
   </div>
   <div class='ocr_carea' id='block_1_68' title="bbox 464 3479 2113 3555">
    <p class='ocr_par' dir='ltr' id='par_1_68' title="bbox 464 3479 2113 3555">
     <span class='ocr_line' id='line_1_68' title="bbox 464 3479 2113 3555; baseline -0.008 -8"><span class='ocrx_word' id='word_1_516' title='bbox 464 3488 807 3555; x_wconf 88' lang='lat' dir='ltr'>temnimus,</span> <span class='ocrx_word' id='word_1_517' title='bbox 837 3500 952 3539; x_wconf 92' lang='lat' dir='ltr'>non</span> <span class='ocrx_word' id='word_1_518' title='bbox 977 3481 1173 3538; x_wconf 88' lang='lat' dir='ltr'>solum</span> <span class='ocrx_word' id='word_1_519' title='bbox 1220 3480 1291 3535; x_wconf 90' lang='lat' dir='ltr'>de</span> <span class='ocrx_word' id='word_1_520' title='bbox 1323 3484 1577 3536; x_wconf 88' lang='lat' dir='ltr'>creatore</span> <span class='ocrx_word' id='word_1_521' title='bbox 1606 3480 1743 3548; x_wconf 92' lang='lat' dir='ltr'>Deo,</span> <span class='ocrx_word' id='word_1_522' title='bbox 1774 3480 1875 3534; x_wconf 89' lang='lat' dir='ltr'>sed</span> <span class='ocrx_word' id='word_1_523' title='bbox 1907 3480 1977 3534; x_wconf 92' lang='lat' dir='ltr'>de</span> <span class='ocrx_word' id='word_1_524' title='bbox 2005 3479 2113 3535; x_wconf 92' lang='lat' dir='ltr'>hoc</span> 
     </span>
    </p>
   </div>
   <div class='ocr_carea' id='block_1_69' title="bbox 474 3567 2116 3644">
    <p class='ocr_par' dir='ltr' id='par_1_69' title="bbox 474 3567 2116 3644">
     <span class='ocr_line' id='line_1_69' title="bbox 474 3567 2116 3644; baseline -0.006 -9"><span class='ocrx_word' id='word_1_525' title='bbox 474 3577 696 3635; x_wconf 88' lang='lat' dir='ltr'>mundo</span> <span class='ocrx_word' id='word_1_526' title='bbox 717 3579 771 3631; x_wconf 90' lang='lat' dir='ltr'>et</span> <span class='ocrx_word' id='word_1_527' title='bbox 798 3573 891 3628; x_wconf 87' lang='lat' dir='ltr'>his</span> <span class='ocrx_word' id='word_1_528' title='bbox 917 3589 1043 3644; x_wconf 68' lang='lat' dir='ltr'>quae</span> <span class='ocrx_word' id='word_1_529' title='bbox 1067 3571 1123 3625; x_wconf 91' lang='lat' dir='ltr'>in</span> <span class='ocrx_word' id='word_1_530' title='bbox 1147 3586 1213 3625; x_wconf 93' lang='lat' dir='ltr'>eo</span> <span class='ocrx_word' id='word_1_531' title='bbox 1245 3574 1402 3635; x_wconf 89' lang='lat' dir='ltr'>sunt,</span> <span class='ocrx_word' id='word_1_532' title='bbox 1435 3569 1689 3624; x_wconf 89' lang='lat' dir='ltr'>sensisse</span> <span class='ocrx_word' id='word_1_533' title='bbox 1720 3567 2116 3625; x_wconf 90' lang='lat' dir='ltr'>inveniuntur.</span> 
     </span>
    </p>
   </div>
   <div class='ocr_carea' id='block_1_70' title="bbox 468 3657 2116 3737">
    <p class='ocr_par' dir='ltr' id='par_1_70' title="bbox 468 3657 2116 3737">
     <span class='ocr_line' id='line_1_70' title="bbox 468 3657 2116 3737; baseline -0.006 -14"><span class='ocrx_word' id='word_1_534' title='bbox 468 3668 622 3737; x_wconf 86' lang='lat' dir='ltr'>Quid</span> <span class='ocrx_word' id='word_1_535' title='bbox 643 3664 799 3721; x_wconf 89' lang='lat' dir='ltr'>enim</span> <span class='ocrx_word' id='word_1_536' title='bbox 841 3659 1163 3717; x_wconf 88' lang='lat' dir='ltr'>absurdius</span> <span class='ocrx_word' id='word_1_537' title='bbox 1186 3658 1463 3714; x_wconf 80' lang='lat' dir='ltr'>afﬁrmari</span> <span class='ocrx_word' id='word_1_538' title='bbox 1488 3661 1675 3729; x_wconf 82' lang='lat' dir='ltr'>potest</span> <span class='ocrx_word' id='word_1_539' title='bbox 1698 3672 1875 3726; x_wconf 79' lang='lat' dir='ltr'>quam</span> <span class='ocrx_word' id='word_1_540' title='bbox 1906 3657 2116 3714; x_wconf 82' lang='lat' dir='ltr'>ccelum</span> 
     </span>
    </p>
   </div>
   <div class='ocr_carea' id='block_1_71' title="bbox 459 3744 2117 3827">
    <p class='ocr_par' dir='ltr' id='par_1_71' title="bbox 459 3744 2117 3827">
     <span class='ocr_line' id='line_1_71' title="bbox 459 3744 2117 3827; baseline -0.007 -14"><span class='ocrx_word' id='word_1_541' title='bbox 459 3762 736 3827; x_wconf 86' lang='lat' dir='ltr'>astraque</span> <span class='ocrx_word' id='word_1_542' title='bbox 753 3751 952 3808; x_wconf 87' lang='lat' dir='ltr'>omnia</span> <span class='ocrx_word' id='word_1_543' title='bbox 973 3753 1152 3815; x_wconf 89' lang='lat' dir='ltr'>stare,</span> <span class='ocrx_word' id='word_1_544' title='bbox 1186 3751 1402 3803; x_wconf 88' lang='lat' dir='ltr'>terram</span> <span class='ocrx_word' id='word_1_545' title='bbox 1447 3762 1577 3800; x_wconf 91' lang='lat' dir='ltr'>vero</span> <span class='ocrx_word' id='word_1_546' title='bbox 1599 3744 1803 3815; x_wconf 89' lang='lat' dir='ltr'>rapida</span> <span class='ocrx_word' id='word_1_547' title='bbox 1832 3746 2117 3819; x_wconf 86' lang='lat' dir='ltr'>vertigine</span> 
     </span>
    </p>
   </div>
   <div class='ocr_carea' id='block_1_72' title="bbox 463 3834 2119 3907">
    <p class='ocr_par' dir='ltr' id='par_1_72' title="bbox 463 3834 2119 3907">
     <span class='ocr_line' id='line_1_72' title="bbox 463 3834 2119 3907; baseline -0.007 -5"><span class='ocrx_word' id='word_1_548' title='bbox 463 3846 525 3902; x_wconf 91' lang='lat' dir='ltr'>in</span> <span class='ocrx_word' id='word_1_549' title='bbox 556 3842 749 3901; x_wconf 90' lang='lat' dir='ltr'>medio</span> <span class='ocrx_word' id='word_1_550' title='bbox 774 3839 1137 3896; x_wconf 86' lang='lat' dir='ltr'>circumferri</span> <span class='ocrx_word' id='word_1_551' title='bbox 1164 3856 1177 3906; x_wconf 92' lang='lat'><strong>;</strong></span> <span class='ocrx_word' id='word_1_552' title='bbox 1212 3836 1330 3891; x_wconf 87' lang='lat' dir='ltr'>falli</span> <span class='ocrx_word' id='word_1_553' title='bbox 1348 3851 1480 3890; x_wconf 89' lang='lat' dir='ltr'>vero</span> <span class='ocrx_word' id='word_1_554' title='bbox 1505 3850 1606 3889; x_wconf 88' lang='lat' dir='ltr'>eos</span> <span class='ocrx_word' id='word_1_555' title='bbox 1639 3834 1737 3905; x_wconf 90' lang='lat' dir='ltr'>qui</span> <span class='ocrx_word' id='word_1_556' title='bbox 1770 3840 1981 3907; x_wconf 90' lang='lat' dir='ltr'>putent</span> <span class='ocrx_word' id='word_1_557' title='bbox 2012 3854 2119 3892; x_wconf 86' lang='lat' dir='ltr'>cce-</span> 
     </span>
    </p>
   </div>
   <div class='ocr_carea' id='block_1_73' title="bbox 462 3921 2114 4001">
    <p class='ocr_par' dir='ltr' id='par_1_73' title="bbox 462 3921 2114 4001">
     <span class='ocr_line' id='line_1_73' title="bbox 462 3921 2114 4001; baseline -0.007 -9"><span class='ocrx_word' id='word_1_558' title='bbox 462 3935 634 3992; x_wconf 81' lang='lat' dir='ltr'>lestia</span> <span class='ocrx_word' id='word_1_559' title='bbox 674 3929 910 3997; x_wconf 91' lang='lat' dir='ltr'>moveri,</span> <span class='ocrx_word' id='word_1_560' title='bbox 935 3925 1431 4001; x_wconf 90' lang='lat' dir='ltr'>quemadmodum</span> <span class='ocrx_word' id='word_1_561' title='bbox 1464 3921 1749 3977; x_wconf 86' lang='lat' dir='ltr'>falluntur</span> <span class='ocrx_word' id='word_1_562' title='bbox 1774 3924 2114 3998; x_wconf 88' lang='lat' dir='ltr'>navigantes</span> 
     </span>
    </p>
   </div>
   <div class='ocr_carea' id='block_1_74' title="bbox 466 4011 2113 4098">
    <p class='ocr_par' dir='ltr' id='par_1_74' title="bbox 466 4011 2113 4098">
     <span class='ocr_line' id='line_1_74' title="bbox 466 4011 2113 4098; baseline -0.005 -18"><span class='ocrx_word' id='word_1_563' title='bbox 466 4023 682 4098; x_wconf 88' lang='lat' dir='ltr'>quibus</span> <span class='ocrx_word' id='word_1_564' title='bbox 711 4025 903 4075; x_wconf 89' lang='lat' dir='ltr'>turres</span> <span class='ocrx_word' id='word_1_565' title='bbox 934 4023 1108 4088; x_wconf 88' lang='lat' dir='ltr'>atque</span> <span class='ocrx_word' id='word_1_566' title='bbox 1156 4015 1392 4070; x_wconf 89' lang='lat' dir='ltr'>arbores</span> <span class='ocrx_word' id='word_1_567' title='bbox 1448 4028 1582 4067; x_wconf 88' lang='lat' dir='ltr'>cum</span> <span class='ocrx_word' id='word_1_568' title='bbox 1639 4011 1784 4085; x_wconf 88' lang='lat' dir='ltr'>ipsis</span> <span class='ocrx_word' id='word_1_569' title='bbox 1814 4013 2113 4071; x_wconf 87' lang='lat' dir='ltr'>littoribus</span> 
     </span>
    </p>
   </div>
   <div class='ocr_carea' id='block_1_75' title="bbox 462 4101 2109 4172">
    <p class='ocr_par' dir='ltr' id='par_1_75' title="bbox 462 4101 2109 4172">
     <span class='ocr_line' id='line_1_75' title="bbox 462 4101 2109 4172; baseline -0.006 -4"><span class='ocrx_word' id='word_1_570' title='bbox 462 4114 735 4169; x_wconf 89' lang='lat' dir='ltr'>videntur</span> <span class='ocrx_word' id='word_1_571' title='bbox 786 4104 1098 4163; x_wconf 86' lang='lat' dir='ltr'>recedere?</span> <span class='ocrx_word' id='word_1_572' title='bbox 1156 4102 1336 4157; x_wconf 90' lang='lat' dir='ltr'>solem</span> <span class='ocrx_word' id='word_1_573' title='bbox 1387 4105 1665 4172; x_wconf 70' lang='lat' dir='ltr'>praeterea</span> <span class='ocrx_word' id='word_1_574' title='bbox 1726 4120 1839 4157; x_wconf 82' lang='lat' dir='ltr'>ron</span> <span class='ocrx_word' id='word_1_575' title='bbox 1902 4101 2109 4170; x_wconf 88' lang='lat' dir='ltr'>calere,</span> 
     </span>
    </p>
   </div>
   <div class='ocr_carea' id='block_1_76' title="bbox 467 4189 1743 4270">
    <p class='ocr_par' dir='ltr' id='par_1_76' title="bbox 467 4189 1743 4270">
     <span class='ocr_line' id='line_1_76' title="bbox 467 4189 1743 4270; baseline -0.01 -12"><span class='ocrx_word' id='word_1_576' title='bbox 467 4202 662 4259; x_wconf 84' lang='lat' dir='ltr'>nivem</span> <span class='ocrx_word' id='word_1_577' title='bbox 694 4199 1075 4270; x_wconf 87' lang='lat' dir='ltr'>nigramesse,</span> <span class='ocrx_word' id='word_1_578' title='bbox 1112 4190 1314 4247; x_wconf 89' lang='lat' dir='ltr'>audire</span> <span class='ocrx_word' id='word_1_579' title='bbox 1353 4189 1485 4261; x_wconf 89' lang='lat' dir='ltr'>quis</span> <span class='ocrx_word' id='word_1_580' title='bbox 1522 4190 1743 4245; x_wconf 85' lang='lat' dir='ltr'>ferat?</span> 
     </span>
    </p>
   </div>
   <div class='ocr_carea' id='block_1_77' title="bbox 537 4280 2103 4360">
    <p class='ocr_par' dir='ltr' id='par_1_77' title="bbox 537 4280 2103 4360">
     <span class='ocr_line' id='line_1_77' title="bbox 537 4280 2103 4360; baseline -0.008 -15"><span class='ocrx_word' id='word_1_581' title='bbox 537 4291 685 4345; x_wconf 90' lang='lat' dir='ltr'>Sunt</span> <span class='ocrx_word' id='word_1_582' title='bbox 705 4286 856 4360; x_wconf 90' lang='lat' dir='ltr'>apud</span> <span class='ocrx_word' id='word_1_583' title='bbox 883 4284 1015 4341; x_wconf 89' lang='lat' dir='ltr'>illos</span> <span class='ocrx_word' id='word_1_584' title='bbox 1036 4280 1202 4354; x_wconf 84' lang='lat' dir='ltr'>plura</span> <span class='ocrx_word' id='word_1_585' title='bbox 1222 4295 1382 4348; x_wconf 75' lang='lat' dir='ltr'>aeque</span> <span class='ocrx_word' id='word_1_586' title='bbox 1405 4280 1794 4349; x_wconf 60' lang='lat' dir='ltr'>monstruosa,</span> <span class='ocrx_word' id='word_1_587' title='bbox 1811 4296 1938 4351; x_wconf 64' lang='lat' dir='ltr'>quae</span> <span class='ocrx_word' id='word_1_588' title='bbox 1972 4298 2103 4351; x_wconf 89' lang='lat' dir='ltr'>pro-</span> 
     </span>
    </p>
   </div>
   <div class='ocr_carea' id='block_1_78' title="bbox 465 4366 2113 4451">
    <p class='ocr_par' dir='ltr' id='par_1_78' title="bbox 465 4366 2113 4451">
     <span class='ocr_line' id='line_1_78' title="bbox 465 4366 2113 4451; baseline -0.007 -14"><span class='ocrx_word' id='word_1_589' title='bbox 465 4376 889 4451; x_wconf 87' lang='lat' dir='ltr'>sequilongum</span> <span class='ocrx_word' id='word_1_590' title='bbox 913 4377 996 4427; x_wconf 90' lang='lat' dir='ltr'>est</span> <span class='ocrx_word' id='word_1_591' title='bbox 1031 4374 1087 4425; x_wconf 90' lang='lat' dir='ltr'>et</span> <span class='ocrx_word' id='word_1_592' title='bbox 1104 4366 1468 4439; x_wconf 86' lang='lat' dir='ltr'>negatorium</span> <span class='ocrx_word' id='word_1_593' title='bbox 1490 4366 1518 4420; x_wconf 83' lang='lat'>‘?</span> <span class='ocrx_word' id='word_1_594' title='bbox 1547 4367 1627 4422; x_wconf 91' lang='lat' dir='ltr'>De</span> <span class='ocrx_word' id='word_1_595' title='bbox 1659 4367 1872 4439; x_wconf 87' lang='lat' dir='ltr'>quibus</span> <span class='ocrx_word' id='word_1_596' title='bbox 1905 4370 2113 4426; x_wconf 87' lang='lat' dir='ltr'>Doctor</span> 
     </span>
    </p>
   </div>
   <div class='ocr_carea' id='block_1_79' title="bbox 2227 3212 3878 3285">
    <p class='ocr_par' dir='ltr' id='par_1_79' title="bbox 2227 3212 3878 3285">
     <span class='ocr_line' id='line_1_79' title="bbox 2227 3212 3878 3285; baseline 0.002 -16"><span class='ocrx_word' id='word_1_597' title='bbox 2227 3214 2524 3269; x_wconf 87' lang='lat' dir='ltr'>Christum</span> <span class='ocrx_word' id='word_1_598' title='bbox 2556 3214 2751 3284; x_wconf 91' lang='lat' dir='ltr'>ipsum</span> <span class='ocrx_word' id='word_1_599' title='bbox 2801 3212 3026 3285; x_wconf 91' lang='lat' dir='ltr'>operari</span> <span class='ocrx_word' id='word_1_600' title='bbox 3087 3214 3396 3270; x_wconf 89' lang='lat' dir='ltr'>fateamur.</span> <span class='ocrx_word' id='word_1_601' title='bbox 3431 3215 3667 3271; x_wconf 87' lang='lat' dir='ltr'>Dixerat</span> <span class='ocrx_word' id='word_1_602' title='bbox 3713 3217 3878 3273; x_wconf 89' lang='lat' dir='ltr'>enim</span> 
     </span>
    </p>
   </div>
   <div class='ocr_carea' id='block_1_80' title="bbox 2227 3300 3879 3376">
    <p class='ocr_par' dir='ltr' id='par_1_80' title="bbox 2227 3300 3879 3376">
     <span class='ocr_line' id='line_1_80' title="bbox 2227 3300 3879 3376; baseline 0.003 -20"><span class='ocrx_word' id='word_1_603' title='bbox 2227 3319 2358 3357; x_wconf 92' lang='lat' dir='ltr'>cum</span> <span class='ocrx_word' id='word_1_604' title='bbox 2390 3301 2579 3355; x_wconf 89' lang='lat' dir='ltr'>adhuc</span> <span class='ocrx_word' id='word_1_605' title='bbox 2609 3306 2762 3356; x_wconf 84' lang='lat' dir='ltr'>esset</span> <span class='ocrx_word' id='word_1_606' title='bbox 2787 3317 2920 3355; x_wconf 89' lang='lat' dir='ltr'>cum</span> <span class='ocrx_word' id='word_1_607' title='bbox 2954 3300 3296 3357; x_wconf 89' lang='lat' dir='ltr'>hominibus</span> <span class='ocrx_word' id='word_1_608' title='bbox 3337 3303 3640 3358; x_wconf 87' lang='lat' dir='ltr'>mortalis:</span> <span class='ocrx_word' id='word_1_609' title='bbox 3677 3327 3705 3354; x_wconf 91' lang='grc'><em>‹‹</em></span> <span class='ocrx_word' id='word_1_610' title='bbox 3737 3305 3879 3376; x_wconf 82' lang='lat' dir='ltr'>Sine</span> 
     </span>
    </p>
   </div>
   <div class='ocr_carea' id='block_1_81' title="bbox 2228 3387 3876 3461">
    <p class='ocr_par' dir='ltr' id='par_1_81' title="bbox 2228 3387 3876 3461">
     <span class='ocr_line' id='line_1_81' title="bbox 2228 3387 3876 3461; baseline 0.003 -16"><span class='ocrx_word' id='word_1_611' title='bbox 2228 3387 2738 3460; x_wconf 80' lang='lat' dir='ltr'>menihilpotestis</span> <span class='ocrx_word' id='word_1_612' title='bbox 2778 3390 2959 3444; x_wconf 84' lang='lat' dir='ltr'>facere</span> <span class='ocrx_word' id='word_1_613' title='bbox 2990 3390 3168 3460; x_wconf 84' lang='lat' dir='ltr'>(Joan.</span> <span class='ocrx_word' id='word_1_614' title='bbox 3202 3391 3316 3461; x_wconf 87' lang='lat' dir='ltr'>xv).</span> <span class='ocrx_word' id='word_1_615' title='bbox 3350 3414 3377 3441; x_wconf 75' lang='grc' dir='ltr'>ι»</span> <span class='ocrx_word' id='word_1_616' title='bbox 3414 3390 3482 3445; x_wconf 91' lang='lat' dir='ltr'>Et</span> <span class='ocrx_word' id='word_1_617' title='bbox 3511 3390 3876 3450; x_wconf 85' lang='lat' dir='ltr'>immortalis</span> 
     </span>
    </p>
   </div>
   <div class='ocr_carea' id='block_1_82' title="bbox 2226 3477 3877 3551">
    <p class='ocr_par' dir='ltr' id='par_1_82' title="bbox 2226 3477 3877 3551">
     <span class='ocr_line' id='line_1_82' title="bbox 2226 3477 3877 3551; baseline 0.002 -17"><span class='ocrx_word' id='word_1_618' title='bbox 2226 3479 2483 3546; x_wconf 80' lang='lat' dir='ltr'>etl‘ectus,</span> <span class='ocrx_word' id='word_1_619' title='bbox 2512 3494 2643 3532; x_wconf 91' lang='lat' dir='ltr'>cum</span> <span class='ocrx_word' id='word_1_620' title='bbox 2676 3477 2851 3533; x_wconf 72' lang='lat' dir='ltr'>cmlos</span> <span class='ocrx_word' id='word_1_621' title='bbox 2884 3495 3239 3534; x_wconf 88' lang='lat' dir='ltr'>ascensurus</span> <span class='ocrx_word' id='word_1_622' title='bbox 3269 3478 3648 3551; x_wconf 86' lang='lat' dir='ltr'>corporaliter</span> <span class='ocrx_word' id='word_1_623' title='bbox 3678 3487 3877 3539; x_wconf 85' lang='lat' dir='ltr'>esset:</span> 
     </span>
    </p>
   </div>
   <div class='ocr_carea' id='block_1_83' title="bbox 2231 3566 3881 3639">
    <p class='ocr_par' dir='ltr' id='par_1_83' title="bbox 2231 3566 3881 3639">
     <span class='ocr_line' id='line_1_83' title="bbox 2231 3566 3881 3639; baseline 0.005 -22"><span class='ocrx_word' id='word_1_624' title='bbox 2231 3591 2252 3617; x_wconf 77' lang='grc' dir='ltr'>ι</span> <span class='ocrx_word' id='word_1_625' title='bbox 2285 3568 2426 3622; x_wconf 88' lang='lat' dir='ltr'>Ecce</span> <span class='ocrx_word' id='word_1_626' title='bbox 2454 3583 2579 3639; x_wconf 87' lang='lat' dir='ltr'>ego,</span> <span class='ocrx_word' id='word_1_627' title='bbox 2614 3568 2824 3639; x_wconf 89' lang='lat' dir='ltr'>inquit,</span> <span class='ocrx_word' id='word_1_628' title='bbox 2857 3566 3157 3622; x_wconf 88' lang='lat' dir='ltr'>vobiscum</span> <span class='ocrx_word' id='word_1_629' title='bbox 3195 3584 3330 3623; x_wconf 89' lang='lat' dir='ltr'>sum</span> <span class='ocrx_word' id='word_1_630' title='bbox 3360 3568 3632 3623; x_wconf 89' lang='lat' dir='ltr'>omnibus</span> <span class='ocrx_word' id='word_1_631' title='bbox 3665 3568 3881 3626; x_wconf 86' lang='lat' dir='ltr'>diebus</span> 
     </span>
    </p>
   </div>
   <div class='ocr_carea' id='block_1_84' title="bbox 2228 3655 3875 3732">
    <p class='ocr_par' dir='ltr' id='par_1_84' title="bbox 2228 3655 3875 3732">
     <span class='ocr_line' id='line_1_84' title="bbox 2228 3655 3875 3732; baseline -0.002 -20"><span class='ocrx_word' id='word_1_632' title='bbox 2228 3673 2413 3728; x_wconf 89' lang='lat' dir='ltr'>usque</span> <span class='ocrx_word' id='word_1_633' title='bbox 2430 3658 2500 3711; x_wconf 91' lang='lat' dir='ltr'>ad</span> <span class='ocrx_word' id='word_1_634' title='bbox 2522 3655 3093 3712; x_wconf 85' lang='lat' dir='ltr'>consummationem</span> <span class='ocrx_word' id='word_1_635' title='bbox 3118 3656 3316 3712; x_wconf 64' lang='lat' dir='ltr'>saeculi</span> <span class='ocrx_word' id='word_1_636' title='bbox 3340 3658 3546 3729; x_wconf 80' lang='lat' dir='ltr'>(Matth.</span> <span class='ocrx_word' id='word_1_637' title='bbox 3578 3659 3811 3732; x_wconf 84' lang='lat' dir='ltr'>xxvm).</span> <span class='ocrx_word' id='word_1_638' title='bbox 3847 3682 3875 3709; x_wconf 79' lang='lat'><strong>»</strong></span> 
     </span>
    </p>
   </div>
   <div class='ocr_carea' id='block_1_85' title="bbox 2225 3745 3878 3819">
    <p class='ocr_par' dir='ltr' id='par_1_85' title="bbox 2225 3745 3878 3819">
     <span class='ocr_line' id='line_1_85' title="bbox 2225 3745 3878 3819; baseline 0.002 -19"><span class='ocrx_word' id='word_1_639' title='bbox 2225 3746 2372 3811; x_wconf 87' lang='lat' dir='ltr'>Quia</span> <span class='ocrx_word' id='word_1_640' title='bbox 2401 3746 2558 3802; x_wconf 92' lang='lat' dir='ltr'>enim</span> <span class='ocrx_word' id='word_1_641' title='bbox 2589 3762 2657 3801; x_wconf 82' lang='lat' dir='ltr'>ex</span> <span class='ocrx_word' id='word_1_642' title='bbox 2701 3745 2931 3800; x_wconf 85' lang='lat' dir='ltr'>duabus</span> <span class='ocrx_word' id='word_1_643' title='bbox 2981 3745 3206 3801; x_wconf 89' lang='lat' dir='ltr'>naturis</span> <span class='ocrx_word' id='word_1_644' title='bbox 3256 3746 3502 3802; x_wconf 90' lang='lat' dir='ltr'>diversis</span> <span class='ocrx_word' id='word_1_645' title='bbox 3534 3745 3737 3819; x_wconf 86' lang='lat' dir='ltr'>(altera</span> <span class='ocrx_word' id='word_1_646' title='bbox 3765 3748 3878 3804; x_wconf 84' lang='lat' dir='ltr'>cir-</span> 
     </span>
    </p>
   </div>
   <div class='ocr_carea' id='block_1_86' title="bbox 2225 3834 3877 3908">
    <p class='ocr_par' dir='ltr' id='par_1_86' title="bbox 2225 3834 3877 3908">
     <span class='ocr_line' id='line_1_86' title="bbox 2225 3834 3877 3908; baseline 0.001 -18"><span class='ocrx_word' id='word_1_647' title='bbox 2225 3834 2785 3906; x_wconf 88' lang='lat' dir='ltr'>cumscripta,altcra</span> <span class='ocrx_word' id='word_1_648' title='bbox 2819 3834 3877 3908; x_wconf 87' lang='lat' dir='ltr'>incircumscripta)compersonatus,</span> 
     </span>
    </p>
   </div>
   <div class='ocr_carea' id='block_1_87' title="bbox 2224 3921 3875 3996">
    <p class='ocr_par' dir='ltr' id='par_1_87' title="bbox 2224 3921 3875 3996">
     <span class='ocr_line' id='line_1_87' title="bbox 2224 3921 3875 3996; baseline 0 -17"><span class='ocrx_word' id='word_1_649' title='bbox 2224 3941 2327 3996; x_wconf 91' lang='lat' dir='ltr'>per</span> <span class='ocrx_word' id='word_1_650' title='bbox 2338 3923 2838 3995; x_wconf 83' lang='lat' dir='ltr'>circumscriptam</span> <span class='ocrx_word' id='word_1_651' title='bbox 2855 3922 3063 3979; x_wconf 89' lang='lat' dir='ltr'>deloco</span> <span class='ocrx_word' id='word_1_652' title='bbox 3078 3923 3147 3979; x_wconf 91' lang='lat' dir='ltr'>ad</span> <span class='ocrx_word' id='word_1_653' title='bbox 3172 3921 3364 3979; x_wconf 90' lang='lat' dir='ltr'>locum</span> <span class='ocrx_word' id='word_1_654' title='bbox 3387 3923 3875 3996; x_wconf 86' lang='lat' dir='ltr'>transmigrabat;</span> 
     </span>
    </p>
   </div>
   <div class='ocr_carea' id='block_1_88' title="bbox 2227 4011 3880 4085">
    <p class='ocr_par' dir='ltr' id='par_1_88' title="bbox 2227 4011 3880 4085">
     <span class='ocr_line' id='line_1_88' title="bbox 2227 4011 3880 4085; baseline -0.001 -16"><span class='ocrx_word' id='word_1_655' title='bbox 2227 4012 2901 4085; x_wconf 84' lang='lat' dir='ltr'>perincircumscriplam</span> <span class='ocrx_word' id='word_1_656' title='bbox 2924 4029 3076 4080; x_wconf 88' lang='lat' dir='ltr'>vero,</span> <span class='ocrx_word' id='word_1_657' title='bbox 3101 4029 3217 4084; x_wconf 88' lang='lat' dir='ltr'>qua</span> <span class='ocrx_word' id='word_1_658' title='bbox 3233 4011 3536 4068; x_wconf 86' lang='lat' dir='ltr'>illocaliter</span> <span class='ocrx_word' id='word_1_659' title='bbox 3548 4013 3770 4084; x_wconf 84' lang='lat' dir='ltr'>ubique</span> <span class='ocrx_word' id='word_1_660' title='bbox 3792 4015 3880 4070; x_wconf 88' lang='lat' dir='ltr'>est</span> 
     </span>
    </p>
   </div>
   <div class='ocr_carea' id='block_1_89' title="bbox 2223 4098 3880 4168">
    <p class='ocr_par' dir='ltr' id='par_1_89' title="bbox 2223 4098 3880 4168">
     <span class='ocr_line' id='line_1_89' title="bbox 2223 4098 3880 4168; baseline -0.001 -11"><span class='ocrx_word' id='word_1_661' title='bbox 2223 4107 2402 4168; x_wconf 91' lang='lat' dir='ltr'>totus,</span> <span class='ocrx_word' id='word_1_662' title='bbox 2426 4119 2559 4157; x_wconf 90' lang='lat' dir='ltr'>cum</span> <span class='ocrx_word' id='word_1_663' title='bbox 2590 4101 2675 4157; x_wconf 92' lang='lat' dir='ltr'>eis</span> <span class='ocrx_word' id='word_1_664' title='bbox 2703 4102 3065 4157; x_wconf 90' lang='lat' dir='ltr'>remanebat:</span> <span class='ocrx_word' id='word_1_665' title='bbox 3096 4117 3202 4155; x_wconf 92' lang='lat' dir='ltr'>nec</span> <span class='ocrx_word' id='word_1_666' title='bbox 3237 4104 3427 4155; x_wconf 89' lang='lat' dir='ltr'>tamen</span> <span class='ocrx_word' id='word_1_667' title='bbox 3461 4098 3673 4155; x_wconf 90' lang='lat' dir='ltr'>Fllium</span> <span class='ocrx_word' id='word_1_668' title='bbox 3704 4100 3818 4158; x_wconf 89' lang='lat' dir='ltr'>Dei</span> <span class='ocrx_word' id='word_1_669' title='bbox 3847 4117 3880 4156; x_wconf 90' lang='lat' dir='ltr'>a</span> 
     </span>
    </p>
   </div>
   <div class='ocr_carea' id='block_1_90' title="bbox 2223 4188 3875 4262">
    <p class='ocr_par' dir='ltr' id='par_1_90' title="bbox 2223 4188 3875 4262">
     <span class='ocr_line' id='line_1_90' title="bbox 2223 4188 3875 4262; baseline -0.001 -15"><span class='ocrx_word' id='word_1_670' title='bbox 2223 4191 2365 4247; x_wconf 88' lang='lat' dir='ltr'>Filio</span> <span class='ocrx_word' id='word_1_671' title='bbox 2387 4190 2645 4247; x_wconf 89' lang='lat' dir='ltr'>hominis</span> <span class='ocrx_word' id='word_1_672' title='bbox 2673 4191 2998 4262; x_wconf 83' lang='lat' dir='ltr'>separabat.</span> <span class='ocrx_word' id='word_1_673' title='bbox 3023 4188 3278 4259; x_wconf 89' lang='lat' dir='ltr'>Denique</span> <span class='ocrx_word' id='word_1_674' title='bbox 3310 4191 3367 4243; x_wconf 91' lang='lat' dir='ltr'>et</span> <span class='ocrx_word' id='word_1_675' title='bbox 3396 4188 3748 4258; x_wconf 87' lang='lat' dir='ltr'>priusquam</span> <span class='ocrx_word' id='word_1_676' title='bbox 3785 4189 3875 4245; x_wconf 88' lang='lat' dir='ltr'>Fi-</span> 
     </span>
    </p>
   </div>
   <div class='ocr_carea' id='block_1_91' title="bbox 2221 4274 3876 4343">
    <p class='ocr_par' dir='ltr' id='par_1_91' title="bbox 2221 4274 3876 4343">
     <span class='ocr_line' id='line_1_91' title="bbox 2221 4274 3876 4343; baseline -0.001 -8"><span class='ocrx_word' id='word_1_677' title='bbox 2221 4280 2336 4336; x_wconf 91' lang='lat' dir='ltr'>lius</span> <span class='ocrx_word' id='word_1_678' title='bbox 2360 4279 2615 4336; x_wconf 87' lang='lat' dir='ltr'>hominis</span> <span class='ocrx_word' id='word_1_679' title='bbox 2645 4283 2775 4334; x_wconf 88' lang='lat' dir='ltr'>actu</span> <span class='ocrx_word' id='word_1_680' title='bbox 2809 4279 3145 4333; x_wconf 88' lang='lat' dir='ltr'>ascenderet</span> <span class='ocrx_word' id='word_1_681' title='bbox 3182 4275 3242 4330; x_wconf 91' lang='lat' dir='ltr'>in</span> <span class='ocrx_word' id='word_1_682' title='bbox 3290 4274 3522 4343; x_wconf 72' lang='lat' dir='ltr'>coelum,</span> <span class='ocrx_word' id='word_1_683' title='bbox 3556 4291 3693 4331; x_wconf 90' lang='lat' dir='ltr'>cum</span> <span class='ocrx_word' id='word_1_684' title='bbox 3726 4277 3876 4335; x_wconf 88' lang='lat' dir='ltr'>Filio</span> 
     </span>
    </p>
   </div>
   <div class='ocr_carea' id='block_1_92' title="bbox 2220 4363 3871 4438">
    <p class='ocr_par' dir='ltr' id='par_1_92' title="bbox 2220 4363 3871 4438">
     <span class='ocr_line' id='line_1_92' title="bbox 2220 4363 3871 4438; baseline -0.001 -13"><span class='ocrx_word' id='word_1_685' title='bbox 2220 4369 2320 4425; x_wconf 90' lang='lat' dir='ltr'>Dei</span> <span class='ocrx_word' id='word_1_686' title='bbox 2349 4368 2430 4424; x_wconf 91' lang='lat' dir='ltr'>ibi</span> <span class='ocrx_word' id='word_1_687' title='bbox 2475 4372 2618 4433; x_wconf 88' lang='lat' dir='ltr'>erat,</span> <span class='ocrx_word' id='word_1_688' title='bbox 2652 4367 2779 4438; x_wconf 90' lang='lat' dir='ltr'>ipso</span> <span class='ocrx_word' id='word_1_689' title='bbox 2828 4367 3162 4429; x_wconf 87' lang='lat' dir='ltr'>attestante,</span> <span class='ocrx_word' id='word_1_690' title='bbox 3211 4363 3312 4419; x_wconf 92' lang='lat' dir='ltr'>ubi</span> <span class='ocrx_word' id='word_1_691' title='bbox 3372 4364 3492 4420; x_wconf 88' lang='lat' dir='ltr'>ait:</span> <span class='ocrx_word' id='word_1_692' title='bbox 3531 4387 3555 4414; x_wconf 84' lang='grc' dir='ltr'>ι(</span> <span class='ocrx_word' id='word_1_693' title='bbox 3591 4364 3661 4419; x_wconf 84' lang='lat' dir='ltr'>Et</span> <span class='ocrx_word' id='word_1_694' title='bbox 3692 4382 3871 4423; x_wconf 89' lang='lat' dir='ltr'>nemo</span> 
     </span>
    </p>
   </div>
   <div class='ocr_carea' id='block_1_93' title="bbox 469 4452 3872 4542">
    <p class='ocr_par' dir='ltr' id='par_1_93' title="bbox 469 4452 3872 4542">
     <span class='ocr_line' id='line_1_93' title="bbox 469 4452 3872 4542; baseline -0.004 -15"><span class='ocrx_word' id='word_1_695' title='bbox 469 4474 706 4528; x_wconf 90' lang='lat' dir='ltr'>noster:</span> <span class='ocrx_word' id='word_1_696' title='bbox 738 4487 765 4515; x_wconf 87' lang='lat'><strong>»</strong></span> <span class='ocrx_word' id='word_1_697' title='bbox 795 4464 1078 4525; x_wconf 89' lang='lat' dir='ltr'>Dicentes,</span> <span class='ocrx_word' id='word_1_698' title='bbox 1113 4454 1322 4527; x_wconf 89' lang='lat' dir='ltr'>inquit,</span> <span class='ocrx_word' id='word_1_699' title='bbox 1347 4471 1409 4511; x_wconf 89' lang='lat' dir='ltr'>se</span> <span class='ocrx_word' id='word_1_700' title='bbox 1440 4472 1567 4511; x_wconf 89' lang='lat' dir='ltr'>esse</span> <span class='ocrx_word' id='word_1_701' title='bbox 1598 4457 1910 4528; x_wconf 89' lang='lat' dir='ltr'>sapientes,</span> <span class='ocrx_word' id='word_1_702' title='bbox 1946 4458 2109 4515; x_wconf 88' lang='lat' dir='ltr'>stulti</span> <span class='ocrx_word' id='word_1_703' title='bbox 2143 4477 2187 4542; x_wconf 82' lang='lat' dir='ltr'><strong>D</strong></span> <span class='ocrx_word' id='word_1_704' title='bbox 2218 4457 2479 4514; x_wconf 89' lang='lat' dir='ltr'>ascendit</span> <span class='ocrx_word' id='word_1_705' title='bbox 2508 4459 2566 4512; x_wconf 88' lang='lat' dir='ltr'>in</span> <span class='ocrx_word' id='word_1_706' title='bbox 2595 4455 2825 4519; x_wconf 53' lang='lat' dir='ltr'>caelum,</span> <span class='ocrx_word' id='word_1_707' title='bbox 2859 4453 2973 4508; x_wconf 88' lang='lat' dir='ltr'>nisi</span> <span class='ocrx_word' id='word_1_708' title='bbox 3004 4452 3104 4542; x_wconf 86' lang='lat' dir='ltr'>qui</span> <span class='ocrx_word' id='word_1_709' title='bbox 3141 4452 3443 4508; x_wconf 86' lang='lat' dir='ltr'>descendit</span> <span class='ocrx_word' id='word_1_710' title='bbox 3487 4453 3559 4509; x_wconf 91' lang='lat' dir='ltr'>de</span> <span class='ocrx_word' id='word_1_711' title='bbox 3581 4453 3748 4524; x_wconf 64' lang='lat' dir='ltr'>caelo,</span> <span class='ocrx_word' id='word_1_712' title='bbox 3783 4454 3872 4512; x_wconf 85' lang='lat' dir='ltr'>Fi-</span> 
     </span>
    </p>
   </div>
   <div class='ocr_carea' id='block_1_94' title="bbox 466 4543 2101 4621">
    <p class='ocr_par' dir='ltr' id='par_1_94' title="bbox 466 4543 2101 4621">
     <span class='ocr_line' id='line_1_94' title="bbox 466 4543 2101 4621; baseline -0.015 -4"><span class='ocrx_word' id='word_1_713' title='bbox 466 4559 601 4617; x_wconf 86' lang='lat' dir='ltr'>facti</span> <span class='ocrx_word' id='word_1_714' title='bbox 636 4560 776 4613; x_wconf 90' lang='lat' dir='ltr'>sunt</span> <span class='ocrx_word' id='word_1_715' title='bbox 803 4554 975 4621; x_wconf 81' lang='lat' dir='ltr'>(Rom.</span> <span class='ocrx_word' id='word_1_716' title='bbox 1007 4548 1064 4618; x_wconf 86' lang='grc' dir='ltr'>ι).</span> <span class='ocrx_word' id='word_1_717' title='bbox 1098 4568 1117 4594; x_wconf 73' lang='grc' dir='ltr'>ι</span> <span class='ocrx_word' id='word_1_718' title='bbox 1150 4545 1275 4601; x_wconf 88' lang='lat' dir='ltr'>Non</span> <span class='ocrx_word' id='word_1_719' title='bbox 1323 4543 1430 4599; x_wconf 92' lang='lat' dir='ltr'>hos</span> <span class='ocrx_word' id='word_1_720' title='bbox 1460 4544 1633 4616; x_wconf 84' lang='lat' dir='ltr'>elegit</span> <span class='ocrx_word' id='word_1_721' title='bbox 1661 4545 1967 4615; x_wconf 75' lang='lat' dir='ltr'>Dominus,</span> <span class='ocrx_word' id='word_1_722' title='bbox 2001 4549 2101 4620; x_wconf 81' lang='lat' dir='ltr'>qui</span> 
     </span>
    </p>
   </div>
   <div class='ocr_carea' id='block_1_95' title="bbox 460 4634 2106 4722">
    <p class='ocr_par' dir='ltr' id='par_1_95' title="bbox 460 4634 2106 4722">
     <span class='ocr_line' id='line_1_95' title="bbox 460 4634 2106 4722; baseline -0.01 -14"><span class='ocrx_word' id='word_1_723' title='bbox 460 4647 747 4722; x_wconf 78' lang='lat' dir='ltr'>supeer</span> <span class='ocrx_word' id='word_1_724' title='bbox 771 4638 954 4696; x_wconf 84' lang='lat' dir='ltr'>intiati</span> <span class='ocrx_word' id='word_1_725' title='bbox 978 4634 1223 4708; x_wconf 65' lang='lat' dir='ltr'>spiritu“</span> <span class='ocrx_word' id='word_1_726' title='bbox 1253 4639 1618 4689; x_wconf 82' lang='lat' dir='ltr'>evanuerunt</span> <span class='ocrx_word' id='word_1_727' title='bbox 1649 4634 1708 4690; x_wconf 93' lang='lat' dir='ltr'>in</span> <span class='ocrx_word' id='word_1_728' title='bbox 1740 4636 2106 4708; x_wconf 85' lang='lat' dir='ltr'>cogitationi-</span> 
     </span>
    </p>
   </div>
   <div class='ocr_carea' id='block_1_96' title="bbox 456 4722 2106 4796">
    <p class='ocr_par' dir='ltr' id='par_1_96' title="bbox 456 4722 2106 4796">
     <span class='ocr_line' id='line_1_96' title="bbox 456 4722 2106 4796; baseline -0.009 1"><span class='ocrx_word' id='word_1_729' title='bbox 456 4740 569 4796; x_wconf 91' lang='lat' dir='ltr'>bus</span> <span class='ocrx_word' id='word_1_730' title='bbox 602 4736 746 4793; x_wconf 89' lang='lat' dir='ltr'>suis.</span> <span class='ocrx_word' id='word_1_731' title='bbox 779 4752 807 4780; x_wconf 84' lang='lat'>»</span> <span class='ocrx_word' id='word_1_732' title='bbox 840 4732 913 4782; x_wconf 82' lang='lat' dir='ltr'>At</span> <span class='ocrx_word' id='word_1_733' title='bbox 946 4723 1128 4781; x_wconf 90' lang='lat' dir='ltr'>nostri</span> <span class='ocrx_word' id='word_1_734' title='bbox 1168 4722 1251 4779; x_wconf 89' lang='lat' dir='ltr'>illi</span> <span class='ocrx_word' id='word_1_735' title='bbox 1300 4723 1500 4779; x_wconf 89' lang='lat' dir='ltr'>Patres</span> <span class='ocrx_word' id='word_1_736' title='bbox 1549 4724 1802 4781; x_wconf 87' lang='lat' dir='ltr'>humiles</span> <span class='ocrx_word' id='word_1_737' title='bbox 1835 4727 2010 4782; x_wconf 91' lang='lat' dir='ltr'>corde</span> <span class='ocrx_word' id='word_1_738' title='bbox 2039 4742 2106 4782; x_wconf 89' lang='lat' dir='ltr'>ac</span> 
     </span>
    </p>
   </div>
   <div class='ocr_carea' id='block_1_97' title="bbox 454 4813 2105 4903">
    <p class='ocr_par' dir='ltr' id='par_1_97' title="bbox 454 4813 2105 4903">
     <span class='ocr_line' id='line_1_97' title="bbox 454 4813 2105 4903; baseline -0.01 -18"><span class='ocrx_word' id='word_1_739' title='bbox 454 4839 741 4903; x_wconf 84' lang='lat' dir='ltr'>panperes</span> <span class='ocrx_word' id='word_1_740' title='bbox 772 4816 1005 4891; x_wconf 88' lang='lat' dir='ltr'>spiritu,</span> <span class='ocrx_word' id='word_1_741' title='bbox 1037 4830 1139 4886; x_wconf 92' lang='lat' dir='ltr'>pro</span> <span class='ocrx_word' id='word_1_742' title='bbox 1180 4813 1397 4885; x_wconf 89' lang='lat' dir='ltr'>quibus</span> <span class='ocrx_word' id='word_1_743' title='bbox 1427 4813 1690 4869; x_wconf 88' lang='lat' dir='ltr'>Salvator</span> <span class='ocrx_word' id='word_1_744' title='bbox 1721 4814 1949 4870; x_wconf 86' lang='lat' dir='ltr'>Patrem</span> <span class='ocrx_word' id='word_1_745' title='bbox 1980 4814 2105 4887; x_wconf 87' lang='lat' dir='ltr'>glo-</span> 
     </span>
    </p>
   </div>
   <div class='ocr_carea' id='block_1_98' title="bbox 456 4903 2106 4974">
    <p class='ocr_par' dir='ltr' id='par_1_98' title="bbox 456 4903 2106 4974">
     <span class='ocr_line' id='line_1_98' title="bbox 456 4903 2106 4974; baseline -0.009 0"><span class='ocrx_word' id='word_1_746' title='bbox 456 4917 646 4974; x_wconf 81' lang='lat' dir='ltr'>riﬁcat</span> <span class='ocrx_word' id='word_1_747' title='bbox 675 4912 782 4967; x_wconf 88' lang='lat' dir='ltr'>hoc</span> <span class='ocrx_word' id='word_1_748' title='bbox 813 4907 1021 4963; x_wconf 90' lang='lat' dir='ltr'>modo:</span> <span class='ocrx_word' id='word_1_749' title='bbox 1057 4927 1085 4955; x_wconf 88' lang='lat'><strong>«</strong></span> <span class='ocrx_word' id='word_1_750' title='bbox 1119 4904 1410 4959; x_wconf 84' lang='lat' dir='ltr'>Confiteor</span> <span class='ocrx_word' id='word_1_751' title='bbox 1460 4903 1587 4971; x_wconf 90' lang='lat' dir='ltr'>tibi,</span> <span class='ocrx_word' id='word_1_752' title='bbox 1623 4903 1811 4974; x_wconf 86' lang='lat' dir='ltr'>Pater,</span> <span class='ocrx_word' id='word_1_753' title='bbox 1865 4904 2106 4959; x_wconf 91' lang='lat' dir='ltr'>Domine</span> 
     </span>
    </p>
   </div>
   <div class='ocr_carea' id='block_1_99' title="bbox 455 4992 2105 5068">
    <p class='ocr_par' dir='ltr' id='par_1_99' title="bbox 455 4992 2105 5068">
     <span class='ocr_line' id='line_1_99' title="bbox 455 4992 2105 5068; baseline -0.01 -5"><span class='ocrx_word' id='word_1_754' title='bbox 455 5006 582 5064; x_wconf 67' lang='grc' dir='ltr'>σα)ιὶ</span> <span class='ocrx_word' id='word_1_755' title='bbox 607 5008 663 5059; x_wconf 91' lang='lat' dir='ltr'>et</span> <span class='ocrx_word' id='word_1_756' title='bbox 700 5005 889 5066; x_wconf 65' lang='lat' dir='ltr'>terrae,</span> <span class='ocrx_word' id='word_1_757' title='bbox 921 4995 1017 5068; x_wconf 90' lang='lat' dir='ltr'>qui</span> <span class='ocrx_word' id='word_1_758' title='bbox 1059 4993 1415 5048; x_wconf 87' lang='lat' dir='ltr'>abscondisti</span> <span class='ocrx_word' id='word_1_759' title='bbox 1451 4992 1572 5048; x_wconf 62' lang='lat' dir='ltr'>hare</span> <span class='ocrx_word' id='word_1_760' title='bbox 1594 5010 1627 5047; x_wconf 87' lang='lat' dir='ltr'>a</span> <span class='ocrx_word' id='word_1_761' title='bbox 1650 4993 2017 5064; x_wconf 88' lang='lat' dir='ltr'>sapientibus</span> <span class='ocrx_word' id='word_1_762' title='bbox 2048 4997 2105 5048; x_wconf 89' lang='lat' dir='ltr'>et</span> 
     </span>
    </p>
   </div>
   <div class='ocr_carea' id='block_1_100' title="bbox 453 5081 2095 5167">
    <p class='ocr_par' dir='ltr' id='par_1_100' title="bbox 453 5081 2095 5167">
     <span class='ocr_line' id='line_1_100' title="bbox 453 5081 2095 5167; baseline -0.013 -16"><span class='ocrx_word' id='word_1_763' title='bbox 453 5090 866 5167; x_wconf 79' lang='lat' dir='ltr'>prudentibus,</span> <span class='ocrx_word' id='word_1_764' title='bbox 901 5091 957 5141; x_wconf 89' lang='lat' dir='ltr'>et</span> <span class='ocrx_word' id='word_1_765' title='bbox 986 5082 1253 5140; x_wconf 86' lang='lat' dir='ltr'>revelasti</span> <span class='ocrx_word' id='word_1_766' title='bbox 1287 5097 1354 5137; x_wconf 90' lang='lat' dir='ltr'>ea</span> <span class='ocrx_word' id='word_1_767' title='bbox 1405 5081 1664 5155; x_wconf 85' lang='lat' dir='ltr'>parvulis</span> <span class='ocrx_word' id='word_1_768' title='bbox 1694 5082 1902 5155; x_wconf 80' lang='lat' dir='ltr'>(Matth.</span> <span class='ocrx_word' id='word_1_769' title='bbox 1936 5081 2035 5152; x_wconf 69' lang='grc' dir='ltr'>Χῖ),</span> <span class='ocrx_word' id='word_1_770' title='bbox 2074 5103 2095 5130; x_wconf 70' lang='grc' dir='ltr'>ι</span> 
     </span>
    </p>
   </div>
   <div class='ocr_carea' id='block_1_101' title="bbox 456 5169 2101 5246">
    <p class='ocr_par' dir='ltr' id='par_1_101' title="bbox 456 5169 2101 5246">
     <span class='ocr_line' id='line_1_101' title="bbox 456 5169 2101 5246; baseline -0.009 -7"><span class='ocrx_word' id='word_1_771' title='bbox 456 5183 586 5238; x_wconf 91' lang='lat' dir='ltr'>ideo</span> <span class='ocrx_word' id='word_1_772' title='bbox 618 5195 850 5236; x_wconf 85' lang='lat' dir='ltr'>veraces</span> <span class='ocrx_word' id='word_1_773' title='bbox 881 5178 1041 5241; x_wconf 90' lang='lat' dir='ltr'>sunt,</span> <span class='ocrx_word' id='word_1_774' title='bbox 1075 5173 1216 5246; x_wconf 90' lang='lat' dir='ltr'>quia</span> <span class='ocrx_word' id='word_1_775' title='bbox 1256 5169 1747 5244; x_wconf 86' lang='lat' dir='ltr'>participaverunt</span> <span class='ocrx_word' id='word_1_776' title='bbox 1778 5174 1832 5226; x_wconf 89' lang='lat' dir='ltr'>et</span> <span class='ocrx_word' id='word_1_777' title='bbox 1857 5170 2101 5225; x_wconf 70' lang='lat' dir='ltr'>cohaese-</span> 
     </span>
    </p>
   </div>
   <div class='ocr_carea' id='block_1_102' title="bbox 456 5257 2102 5339">
    <p class='ocr_par' dir='ltr' id='par_1_102' title="bbox 456 5257 2102 5339">
     <span class='ocr_line' id='line_1_102' title="bbox 456 5257 2102 5339; baseline -0.007 -15"><span class='ocrx_word' id='word_1_778' title='bbox 456 5273 596 5325; x_wconf 89' lang='lat' dir='ltr'>runt</span> <span class='ocrx_word' id='word_1_779' title='bbox 626 5268 708 5322; x_wconf 92' lang='lat' dir='ltr'>illi</span> <span class='ocrx_word' id='word_1_780' title='bbox 755 5265 857 5339; x_wconf 90' lang='lat' dir='ltr'>qui</span> <span class='ocrx_word' id='word_1_781' title='bbox 903 5266 1018 5319; x_wconf 88' lang='lat' dir='ltr'>ait:</span> <span class='ocrx_word' id='word_1_782' title='bbox 1060 5287 1079 5311; x_wconf 76' lang='grc' dir='ltr'>α</span> <span class='ocrx_word' id='word_1_783' title='bbox 1122 5262 1237 5333; x_wconf 82' lang='lat' dir='ltr'>Ego</span> <span class='ocrx_word' id='word_1_784' title='bbox 1294 5276 1427 5314; x_wconf 90' lang='lat' dir='ltr'>sum</span> <span class='ocrx_word' id='word_1_785' title='bbox 1486 5259 1596 5326; x_wconf 88' lang='lat' dir='ltr'>via,</span> <span class='ocrx_word' id='word_1_786' title='bbox 1630 5260 1842 5315; x_wconf 90' lang='lat' dir='ltr'>veritas</span> <span class='ocrx_word' id='word_1_787' title='bbox 1900 5261 1957 5314; x_wconf 87' lang='lat' dir='ltr'>et</span> <span class='ocrx_word' id='word_1_788' title='bbox 1984 5257 2102 5313; x_wconf 87' lang='lat' dir='ltr'>vita</span> 
     </span>
    </p>
   </div>
   <div class='ocr_carea' id='block_1_103' title="bbox 457 5347 2096 5429">
    <p class='ocr_par' dir='ltr' id='par_1_103' title="bbox 457 5347 2096 5429">
     <span class='ocr_line' id='line_1_103' title="bbox 457 5347 2096 5429; baseline -0.007 -17"><span class='ocrx_word' id='word_1_789' title='bbox 457 5357 635 5429; x_wconf 85' lang='lat' dir='ltr'>(Joan.</span> <span class='ocrx_word' id='word_1_790' title='bbox 668 5356 806 5425; x_wconf 80' lang='lat' dir='ltr'>xw).</span> <span class='ocrx_word' id='word_1_791' title='bbox 848 5377 873 5402; x_wconf 86' lang='grc'><strong>››</strong></span> <span class='ocrx_word' id='word_1_792' title='bbox 904 5353 985 5407; x_wconf 92' lang='lat' dir='ltr'>De</span> <span class='ocrx_word' id='word_1_793' title='bbox 1016 5367 1128 5422; x_wconf 92' lang='lat' dir='ltr'>quo</span> <span class='ocrx_word' id='word_1_794' title='bbox 1161 5351 1335 5405; x_wconf 89' lang='lat' dir='ltr'>etiam</span> <span class='ocrx_word' id='word_1_795' title='bbox 1368 5348 1530 5403; x_wconf 89' lang='lat' dir='ltr'>intus</span> <span class='ocrx_word' id='word_1_796' title='bbox 1560 5349 1908 5415; x_wconf 86' lang='lat' dir='ltr'>didicerunt,</span> <span class='ocrx_word' id='word_1_797' title='bbox 1942 5347 2096 5418; x_wconf 91' lang='lat' dir='ltr'>quod</span> 
     </span>
    </p>
   </div>
   <div class='ocr_carea' id='block_1_104' title="bbox 458 5436 2097 5509">
    <p class='ocr_par' dir='ltr' id='par_1_104' title="bbox 458 5436 2097 5509">
     <span class='ocr_line' id='line_1_104' title="bbox 458 5436 2097 5509; baseline -0.005 -10"><span class='ocrx_word' id='word_1_798' title='bbox 458 5444 530 5499; x_wconf 88' lang='lat' dir='ltr'>de</span> <span class='ocrx_word' id='word_1_799' title='bbox 562 5445 927 5499; x_wconf 84' lang='lat' dir='ltr'>sacramento</span> <span class='ocrx_word' id='word_1_800' title='bbox 961 5440 1162 5506; x_wconf 87' lang='lat' dir='ltr'>hoc,de</span> <span class='ocrx_word' id='word_1_801' title='bbox 1191 5454 1306 5509; x_wconf 89' lang='lat' dir='ltr'>quo</span> <span class='ocrx_word' id='word_1_802' title='bbox 1338 5436 1735 5509; x_wconf 84' lang='lat' dir='ltr'>agimus,foris</span> <span class='ocrx_word' id='word_1_803' title='bbox 1753 5438 2097 5493; x_wconf 88' lang='lat' dir='ltr'>docuerunt.</span> 
     </span>
    </p>
   </div>
   <div class='ocr_carea' id='block_1_105' title="bbox 458 5524 2097 5603">
    <p class='ocr_par' dir='ltr' id='par_1_105' title="bbox 458 5524 2097 5603">
     <span class='ocr_line' id='line_1_105' title="bbox 458 5524 2097 5603; baseline -0.001 -15"><span class='ocrx_word' id='word_1_804' title='bbox 458 5530 784 5593; x_wconf 80' lang='lat' dir='ltr'>Audierant</span> <span class='ocrx_word' id='word_1_805' title='bbox 811 5526 968 5585; x_wconf 88' lang='lat' dir='ltr'>enim</span> <span class='ocrx_word' id='word_1_806' title='bbox 991 5542 1126 5585; x_wconf 84' lang='lat' dir='ltr'>eum</span> <span class='ocrx_word' id='word_1_807' title='bbox 1157 5526 1228 5585; x_wconf 88' lang='lat' dir='ltr'>de</span> <span class='ocrx_word' id='word_1_808' title='bbox 1250 5526 1442 5603; x_wconf 87' lang='lat' dir='ltr'>seipso</span> <span class='ocrx_word' id='word_1_809' title='bbox 1464 5526 1525 5588; x_wconf 88' lang='lat' dir='ltr'>in</span> <span class='ocrx_word' id='word_1_810' title='bbox 1546 5525 1855 5602; x_wconf 81' lang='lat' dir='ltr'>Evangelia</span> <span class='ocrx_word' id='word_1_811' title='bbox 1887 5524 2097 5600; x_wconf 63' lang='lat' dir='ltr'>praedi-</span> 
     </span>
    </p>
   </div>
   <div class='ocr_carea' id='block_1_106' title="bbox 2211 4541 3870 4618">
    <p class='ocr_par' dir='ltr' id='par_1_106' title="bbox 2211 4541 3870 4618">
     <span class='ocr_line' id='line_1_106' title="bbox 2211 4541 3870 4618; baseline -0.002 -15"><span class='ocrx_word' id='word_1_812' title='bbox 2211 4548 2325 4618; x_wconf 78' lang='lat' dir='ltr'>]ius</span> <span class='ocrx_word' id='word_1_813' title='bbox 2352 4545 2607 4602; x_wconf 90' lang='lat' dir='ltr'>hominis</span> <span class='ocrx_word' id='word_1_814' title='bbox 2629 4544 2726 4615; x_wconf 91' lang='lat' dir='ltr'>qui</span> <span class='ocrx_word' id='word_1_815' title='bbox 2760 4547 2847 4599; x_wconf 89' lang='lat' dir='ltr'>est</span> <span class='ocrx_word' id='word_1_816' title='bbox 2881 4543 2938 4597; x_wconf 91' lang='lat' dir='ltr'>in</span> <span class='ocrx_word' id='word_1_817' title='bbox 2964 4541 3105 4597; x_wconf 69' lang='lat' dir='ltr'>cozlo</span> <span class='ocrx_word' id='word_1_818' title='bbox 3124 4543 3303 4613; x_wconf 83' lang='lat' dir='ltr'>(Joan.</span> <span class='ocrx_word' id='word_1_819' title='bbox 3330 4544 3439 4615; x_wconf 78' lang='lat' dir='ltr'>in).</span> <span class='ocrx_word' id='word_1_820' title='bbox 3470 4564 3499 4593; x_wconf 86' lang='lat'>»</span> <span class='ocrx_word' id='word_1_821' title='bbox 3526 4543 3586 4599; x_wconf 92' lang='lat' dir='ltr'>Si</span> <span class='ocrx_word' id='word_1_822' title='bbox 3614 4559 3755 4616; x_wconf 89' lang='lat' dir='ltr'>ergo</span> <span class='ocrx_word' id='word_1_823' title='bbox 3790 4542 3870 4600; x_wconf 90' lang='lat' dir='ltr'>ibi</span> 
     </span>
    </p>
   </div>
   <div class='ocr_carea' id='block_1_107' title="bbox 2215 4632 3872 4707">
    <p class='ocr_par' dir='ltr' id='par_1_107' title="bbox 2215 4632 3872 4707">
     <span class='ocr_line' id='line_1_107' title="bbox 2215 4632 3872 4707; baseline -0.002 -15"><span class='ocrx_word' id='word_1_824' title='bbox 2215 4641 2334 4693; x_wconf 83' lang='lat' dir='ltr'>erat</span> <span class='ocrx_word' id='word_1_825' title='bbox 2364 4653 2465 4707; x_wconf 90' lang='lat' dir='ltr'>per</span> <span class='ocrx_word' id='word_1_826' title='bbox 2486 4633 2769 4690; x_wconf 87' lang='lat' dir='ltr'>unitatem</span> <span class='ocrx_word' id='word_1_827' title='bbox 2795 4648 3203 4704; x_wconf 69' lang='lat' dir='ltr'>personte,quo</span> <span class='ocrx_word' id='word_1_828' title='bbox 3229 4632 3490 4688; x_wconf 90' lang='lat' dir='ltr'>nondum</span> <span class='ocrx_word' id='word_1_829' title='bbox 3520 4633 3872 4691; x_wconf 85' lang='lat' dir='ltr'>ascenderat</span> 
     </span>
    </p>
   </div>
   <div class='ocr_carea' id='block_1_108' title="bbox 2217 4720 3864 4797">
    <p class='ocr_par' dir='ltr' id='par_1_108' title="bbox 2217 4720 3864 4797">
     <span class='ocr_line' id='line_1_108' title="bbox 2217 4720 3864 4797; baseline -0.001 -17"><span class='ocrx_word' id='word_1_830' title='bbox 2217 4742 2320 4797; x_wconf 87' lang='lat' dir='ltr'>per</span> <span class='ocrx_word' id='word_1_831' title='bbox 2340 4724 2750 4796; x_wconf 89' lang='lat' dir='ltr'>proprietatem</span> <span class='ocrx_word' id='word_1_832' title='bbox 2769 4724 2906 4776; x_wconf 88' lang='lat' dir='ltr'>natu</span> <span class='ocrx_word' id='word_1_833' title='bbox 2916 4738 3122 4792; x_wconf 71' lang='lat' dir='ltr'>rze,pr0</span> <span class='ocrx_word' id='word_1_834' title='bbox 3130 4726 3257 4793; x_wconf 90' lang='lat' dir='ltr'>pter</span> <span class='ocrx_word' id='word_1_835' title='bbox 3273 4721 3537 4777; x_wconf 89' lang='lat' dir='ltr'>eamdem</span> <span class='ocrx_word' id='word_1_836' title='bbox 3552 4720 3864 4791; x_wconf 87' lang='lat' dir='ltr'>unitatem,</span> 
     </span>
    </p>
   </div>
   <div class='ocr_carea' id='block_1_109' title="bbox 2215 4809 3870 4875">
    <p class='ocr_par' dir='ltr' id='par_1_109' title="bbox 2215 4809 3870 4875">
     <span class='ocr_line' id='line_1_109' title="bbox 2215 4809 3870 4875; baseline 0 -6"><span class='ocrx_word' id='word_1_837' title='bbox 2215 4814 2423 4870; x_wconf 86' lang='lat' dir='ltr'>coelum</span> <span class='ocrx_word' id='word_1_838' title='bbox 2446 4810 2790 4875; x_wconf 90' lang='lat' dir='ltr'>ascendens,</span> <span class='ocrx_word' id='word_1_839' title='bbox 2815 4826 2946 4865; x_wconf 87' lang='lat' dir='ltr'>cum</span> <span class='ocrx_word' id='word_1_840' title='bbox 2966 4809 3308 4866; x_wconf 89' lang='lat' dir='ltr'>hominibus</span> <span class='ocrx_word' id='word_1_841' title='bbox 3339 4811 3397 4865; x_wconf 90' lang='lat' dir='ltr'>in</span> <span class='ocrx_word' id='word_1_842' title='bbox 3422 4814 3575 4866; x_wconf 87' lang='lat' dir='ltr'>terra</span> <span class='ocrx_word' id='word_1_843' title='bbox 3594 4826 3870 4869; x_wconf 84' lang='lat' dir='ltr'>remane-</span> 
     </span>
    </p>
   </div>
   <div class='ocr_carea' id='block_1_110' title="bbox 2214 4898 3864 4973">
    <p class='ocr_par' dir='ltr' id='par_1_110' title="bbox 2214 4898 3864 4973">
     <span class='ocr_line' id='line_1_110' title="bbox 2214 4898 3864 4973; baseline -0.001 -15"><span class='ocrx_word' id='word_1_844' title='bbox 2214 4903 2331 4958; x_wconf 88' lang='lat' dir='ltr'>bat.</span> <span class='ocrx_word' id='word_1_845' title='bbox 2356 4902 2496 4967; x_wconf 89' lang='lat' dir='ltr'>Quis</span> <span class='ocrx_word' id='word_1_846' title='bbox 2527 4899 2684 4955; x_wconf 91' lang='lat' dir='ltr'>enim</span> <span class='ocrx_word' id='word_1_847' title='bbox 2727 4898 2878 4955; x_wconf 89' lang='lat' dir='ltr'>alius</span> <span class='ocrx_word' id='word_1_848' title='bbox 2918 4898 3180 4954; x_wconf 90' lang='lat' dir='ltr'>diccbat:</span> <span class='ocrx_word' id='word_1_849' title='bbox 3212 4923 3237 4949; x_wconf 90' lang='grc'><strong>‹‹</strong></span> <span class='ocrx_word' id='word_1_850' title='bbox 3265 4898 3458 4966; x_wconf 89' lang='lat' dir='ltr'>Saule,</span> <span class='ocrx_word' id='word_1_851' title='bbox 3487 4898 3687 4968; x_wconf 86' lang='lat' dir='ltr'>Saule,</span> <span class='ocrx_word' id='word_1_852' title='bbox 3719 4900 3864 4973; x_wconf 89' lang='lat' dir='ltr'>quid</span> 
     </span>
    </p>
   </div>
   <div class='ocr_carea' id='block_1_111' title="bbox 2214 4986 3868 5062">
    <p class='ocr_par' dir='ltr' id='par_1_111' title="bbox 2214 4986 3868 5062">
     <span class='ocr_line' id='line_1_111' title="bbox 2214 4986 3868 5062; baseline -0.002 -17"><span class='ocrx_word' id='word_1_853' title='bbox 2214 5008 2307 5046; x_wconf 90' lang='lat' dir='ltr'>me</span> <span class='ocrx_word' id='word_1_854' title='bbox 2326 4988 2735 5062; x_wconf 83' lang='lat' dir='ltr'>persequeris?</span> <span class='ocrx_word' id='word_1_855' title='bbox 2768 5011 2796 5037; x_wconf 79' lang='grc'>›·</span> <span class='ocrx_word' id='word_1_856' title='bbox 2828 4989 2960 5059; x_wconf 81' lang='lat' dir='ltr'>(Act.</span> <span class='ocrx_word' id='word_1_857' title='bbox 2995 4988 3095 5057; x_wconf 72' lang='grc' dir='ltr'>ιχ.)</span> <span class='ocrx_word' id='word_1_858' title='bbox 3122 4987 3320 5059; x_wconf 79' lang='lat' dir='ltr'>Neque</span> <span class='ocrx_word' id='word_1_859' title='bbox 3354 4987 3661 5061; x_wconf 85' lang='lat' dir='ltr'>putandus</span> <span class='ocrx_word' id='word_1_860' title='bbox 3694 4994 3790 5045; x_wconf 86' lang='lat' dir='ltr'>est</span> <span class='ocrx_word' id='word_1_861' title='bbox 3818 4986 3868 5045; x_wconf 90' lang='lat' dir='ltr'>ei</span> 
     </span>
    </p>
   </div>
   <div class='ocr_carea' id='block_1_112' title="bbox 2213 5076 3868 5151">
    <p class='ocr_par' dir='ltr' id='par_1_112' title="bbox 2213 5076 3868 5151">
     <span class='ocr_line' id='line_1_112' title="bbox 2213 5076 3868 5151; baseline -0.001 -17"><span class='ocrx_word' id='word_1_862' title='bbox 2213 5078 2456 5151; x_wconf 87' lang='lat' dir='ltr'>angelus</span> <span class='ocrx_word' id='word_1_863' title='bbox 2487 5093 2589 5149; x_wconf 90' lang='lat' dir='ltr'>pro</span> <span class='ocrx_word' id='word_1_864' title='bbox 2626 5076 2871 5133; x_wconf 87' lang='lat' dir='ltr'>Christo</span> <span class='ocrx_word' id='word_1_865' title='bbox 2923 5077 3287 5148; x_wconf 87' lang='lat' dir='ltr'>apparuisse,</span> <span class='ocrx_word' id='word_1_866' title='bbox 3321 5092 3455 5131; x_wconf 90' lang='lat' dir='ltr'>cum</span> <span class='ocrx_word' id='word_1_867' title='bbox 3490 5076 3618 5149; x_wconf 90' lang='lat' dir='ltr'>ipse</span> <span class='ocrx_word' id='word_1_868' title='bbox 3648 5077 3868 5133; x_wconf 83' lang='lat' dir='ltr'>Saulus</span> 
     </span>
    </p>
   </div>
   <div class='ocr_carea' id='block_1_113' title="bbox 2211 5165 3860 5238">
    <p class='ocr_par' dir='ltr' id='par_1_113' title="bbox 2211 5165 3860 5238">
     <span class='ocr_line' id='line_1_113' title="bbox 2211 5165 3860 5238; baseline 0.001 -16"><span class='ocrx_word' id='word_1_869' title='bbox 2211 5168 2450 5222; x_wconf 82' lang='lat' dir='ltr'>etl‘ectus</span> <span class='ocrx_word' id='word_1_870' title='bbox 2472 5166 2683 5222; x_wconf 81' lang='lat' dir='ltr'>Paulus</span> <span class='ocrx_word' id='word_1_871' title='bbox 2707 5170 2907 5238; x_wconf 89' lang='lat' dir='ltr'>postea</span> <span class='ocrx_word' id='word_1_872' title='bbox 2942 5165 3098 5220; x_wconf 74' lang='lat' dir='ltr'>dicat</span> <span class='ocrx_word' id='word_1_873' title='bbox 3126 5182 3137 5219; x_wconf 93' lang='lat'>:</span> <span class='ocrx_word' id='word_1_874' title='bbox 3172 5187 3199 5216; x_wconf 83' lang='lat'><strong>«</strong></span> <span class='ocrx_word' id='word_1_875' title='bbox 3242 5165 3567 5222; x_wconf 88' lang='lat' dir='ltr'>Novissime</span> <span class='ocrx_word' id='word_1_876' title='bbox 3590 5166 3860 5223; x_wconf 87' lang='lat' dir='ltr'>omnium</span> 
     </span>
    </p>
   </div>
   <div class='ocr_carea' id='block_1_114' title="bbox 2210 5254 3856 5327">
    <p class='ocr_par' dir='ltr' id='par_1_114' title="bbox 2210 5254 3856 5327">
     <span class='ocr_line' id='line_1_114' title="bbox 2210 5254 3856 5327; baseline -0.002 -15"><span class='ocrx_word' id='word_1_877' title='bbox 2210 5260 2489 5327; x_wconf 84' lang='lat' dir='ltr'>tanquam</span> <span class='ocrx_word' id='word_1_878' title='bbox 2523 5254 2972 5323; x_wconf 90' lang='lat' dir='ltr'>abortivo,visus</span> <span class='ocrx_word' id='word_1_879' title='bbox 3003 5259 3092 5309; x_wconf 90' lang='lat' dir='ltr'>est</span> <span class='ocrx_word' id='word_1_880' title='bbox 3116 5258 3172 5309; x_wconf 87' lang='lat' dir='ltr'>et</span> <span class='ocrx_word' id='word_1_881' title='bbox 3192 5254 3337 5310; x_wconf 91' lang='lat' dir='ltr'>mihi</span> <span class='ocrx_word' id='word_1_882' title='bbox 3369 5257 3417 5327; x_wconf 84' lang='lat' dir='ltr'>(l</span> <span class='ocrx_word' id='word_1_883' title='bbox 3445 5254 3693 5324; x_wconf 85' lang='lat' dir='ltr'>Cor.xv).</span> <span class='ocrx_word' id='word_1_884' title='bbox 3730 5277 3761 5307; x_wconf 83' lang='grc'><strong>››</strong></span> <span class='ocrx_word' id='word_1_885' title='bbox 3790 5254 3856 5311; x_wconf 87' lang='lat' dir='ltr'>Et</span> 
     </span>
    </p>
   </div>
   <div class='ocr_carea' id='block_1_115' title="bbox 2164 5341 3859 5401">
    <p class='ocr_par' dir='ltr' id='par_1_115' title="bbox 2164 5341 3859 5401">
     <span class='ocr_line' id='line_1_115' title="bbox 2164 5341 3859 5401; baseline -0.002 -1"><span class='ocrx_word' id='word_1_886' title='bbox 2164 5346 2179 5371; x_wconf 74' lang='grc'>⁸</span> <span class='ocrx_word' id='word_1_887' title='bbox 2210 5344 2321 5401; x_wconf 90' lang='lat' dir='ltr'>alio</span> <span class='ocrx_word' id='word_1_888' title='bbox 2354 5343 2513 5400; x_wconf 90' lang='lat' dir='ltr'>loco:</span> <span class='ocrx_word' id='word_1_889' title='bbox 2547 5368 2573 5392; x_wconf 90' lang='grc'><strong>‹‹</strong></span> <span class='ocrx_word' id='word_1_890' title='bbox 2604 5344 2804 5399; x_wconf 91' lang='lat' dir='ltr'>Nonne</span> <span class='ocrx_word' id='word_1_891' title='bbox 2838 5342 3146 5399; x_wconf 90' lang='lat' dir='ltr'>Dominum</span> <span class='ocrx_word' id='word_1_892' title='bbox 3167 5343 3370 5399; x_wconf 88' lang='lat' dir='ltr'>Jesum</span> <span class='ocrx_word' id='word_1_893' title='bbox 3395 5342 3699 5400; x_wconf 89' lang='lat' dir='ltr'>Christum</span> <span class='ocrx_word' id='word_1_894' title='bbox 3714 5341 3859 5400; x_wconf 79' lang='lat' dir='ltr'>vidi?</span> 
     </span>
    </p>
   </div>
   <div class='ocr_carea' id='block_1_116' title="bbox 2208 5429 3850 5507">
    <p class='ocr_par' dir='ltr' id='par_1_116' title="bbox 2208 5429 3850 5507">
     <span class='ocr_line' id='line_1_116' title="bbox 2208 5429 3850 5507; baseline -0.002 -17"><span class='ocrx_word' id='word_1_895' title='bbox 2208 5436 2253 5507; x_wconf 91' lang='grc' dir='ltr'>(ι</span> <span class='ocrx_word' id='word_1_896' title='bbox 2283 5435 2402 5491; x_wconf 88' lang='lat' dir='ltr'>Cor.</span> <span class='ocrx_word' id='word_1_897' title='bbox 2437 5433 2536 5504; x_wconf 79' lang='lat' dir='ltr'>Ix).</span> <span class='ocrx_word' id='word_1_898' title='bbox 2572 5437 2686 5487; x_wconf 78' lang='lat' dir='ltr'>Aut</span> <span class='ocrx_word' id='word_1_899' title='bbox 2715 5448 2845 5487; x_wconf 90' lang='lat' dir='ltr'>vero</span> <span class='ocrx_word' id='word_1_900' title='bbox 2886 5429 3097 5487; x_wconf 86' lang='lat' dir='ltr'>Saulus</span> <span class='ocrx_word' id='word_1_901' title='bbox 3136 5430 3330 5487; x_wconf 90' lang='lat' dir='ltr'>adhuc</span> <span class='ocrx_word' id='word_1_902' title='bbox 3359 5430 3617 5488; x_wconf 82' lang='lat' dir='ltr'>inﬁdelis</span> <span class='ocrx_word' id='word_1_903' title='bbox 3649 5434 3850 5505; x_wconf 88' lang='lat' dir='ltr'>raptus</span> 
     </span>
    </p>
   </div>
   <div class='ocr_carea' id='block_1_117' title="bbox 2206 5518 3855 5601">
    <p class='ocr_par' dir='ltr' id='par_1_117' title="bbox 2206 5518 3855 5601">
     <span class='ocr_line' id='line_1_117' title="bbox 2206 5518 3855 5601; baseline -0.002 -14"><span class='ocrx_word' id='word_1_904' title='bbox 2206 5528 2296 5587; x_wconf 80' lang='lat' dir='ltr'>est</span> <span class='ocrx_word' id='word_1_905' title='bbox 2314 5523 2374 5583; x_wconf 87' lang='lat' dir='ltr'>in</span> <span class='ocrx_word' id='word_1_906' title='bbox 2397 5520 2702 5596; x_wconf 83' lang='lat' dir='ltr'>coelum,ut</span> <span class='ocrx_word' id='word_1_907' title='bbox 2722 5520 2839 5583; x_wconf 84' lang='lat' dir='ltr'>illic</span> <span class='ocrx_word' id='word_1_908' title='bbox 2861 5520 2913 5583; x_wconf 86' lang='lat' dir='ltr'>ei</span> <span class='ocrx_word' id='word_1_909' title='bbox 2926 5519 3192 5582; x_wconf 82' lang='lat' dir='ltr'>Christus</span> <span class='ocrx_word' id='word_1_910' title='bbox 3217 5518 3559 5599; x_wconf 85' lang='lat' dir='ltr'>loqueretur</span> <span class='ocrx_word' id='word_1_911' title='bbox 3576 5523 3705 5595; x_wconf 82' lang='lat' dir='ltr'>;aut</span> <span class='ocrx_word' id='word_1_912' title='bbox 3735 5520 3855 5601; x_wconf 76' lang='lat' dir='ltr'>ipso</span> 
     </span>
    </p>
   </div>
  </div>
