3970 6218
181 313 335 376 1293

1087 314 1339 376 EPIST.
1386 315 1487 377 DE
1534 314 2095 380 EUGHARISTizE
2137 316 2689 383 SACRAMENTO.

3435 322 3592 383 1294

176 445 445 502 Christus
466 444 817 501 descendite
844 444 1008 514 coelo,
1042 447 1197 517 quod
1229 447 1411 503 semel
1442 452 1671 504 tantum
1702 448 1827 505 ﬁeri
1856 449 1909 516 Α
1940 450 2075 522 xxv).
2114 472 2140 499 »
2172 451 2333 518 Quod
2366 451 2415 506 si
2439 467 2585 523 quos
2616 456 2806 509 movet
2837 470 2940 509 cur
2989 454 3097 510 hoc
3155 459 3591 512 sacramentum

174 538 401 608 oportet
424 534 486 589 in
515 549 655 589 voce
683 532 1017 605 archangeli
1049 538 1105 589 et
1135 536 1193 590 in
1225 537 1367 591 tuba
1397 537 1514 605 Dei,
1544 539 1827 609 «quando

174 640 381 681 omnes
414 623 515 695 qui
538 622 595 678 in
620 624 1022 679 monumentis
1043 628 1183 679 sunt
1204 625 1505 680 audientes
1522 642 1719 681 vocem
1742 627 1828 680 Fi-

170 711 235 767 lii
267 712 368 769 Dei
393 713 573 780 (Joan.
606 711 685 782 x),
720 712 1076 783 precedent?
1098 712 1227 784 Ipse
1248 712 1427 784 igitur
1445 730 1579 769 cum
1636 714 1825 770 homi-

172 801 348 857 nibus
379 817 632 856 manens
662 816 915 872 semper,
948 804 1004 857 et
1032 800 1300 857 homines
1327 803 1579 875 baptizat
1600 819 1702 873 per
1730 802 1826 858 ho-

173 890 383 957 mines,
405 893 462 945 et
490 893 791 945 consecrat
812 889 1096 961 quidquid
1119 906 1222 962 per
1241 891 1508 948 homines
1521 908 1820 947 consecra-

171 982 288 1035 tur.
320 978 646 1050 Utrumque
675 978 829 1035 enim
853 977 913 1033 in
935 978 1244 1050 Evangelio
1266 980 1571 1045 habemus,
1595 984 1651 1035 et
1668 980 1821 1052 quod

172 1068 347 1125 Jesus
379 1068 720 1140 baptizaret,
753 1070 812 1122 et
841 1068 997 1139 quod
1030 1067 1154 1139 ipse
1185 1084 1299 1122 non
1331 1068 1670 1139 baptizaret,
1721 1068 1822 1124 sed

171 1155 444 1229 discipuli
457 1156 606 1227 ejus.
624 1154 887 1227 Baptizat
898 1155 1200 1222 nimirum,
1214 1155 1352 1227 quia
1365 1157 1598 1227 quando
1612 1172 1824 1228 corpus

173 1246 283 1302 sub
303 1245 661 1317 quibusdam
680 1244 871 1301 verbis
888 1243 1253 1301 solemnibus
1269 1244 1328 1301 in
1343 1262 1496 1317 aqua
1511 1250 1821 1311 mersatur,

170 1335 298 1408 ipse
325 1334 584 1391 animam
617 1337 932 1401 mortuam,
964 1338 1200 1407 peccata
1232 1334 1600 1399 remittendo,
1639 1334 1821 1390 viviﬁ-

172 1428 285 1493 cat,
313 1424 467 1480 sicut
495 1423 555 1479 in
588 1422 1170 1495 Evangelioloquitur
1192 1442 1205 1480 :
1224 1423 1821 1479 «Venithoraetnunc

170 1517 277 1578 est,
310 1512 548 1585 quando
578 1511 793 1567 mortui
820 1512 1059 1567 audient
1087 1528 1284 1567 vocem
1318 1510 1445 1567 Filii
1475 1512 1599 1579 Dei,
1632 1516 1689 1567 et
1718 1512 1820 1584 qui

172 1601 484 1672 audierint,
507 1600 700 1657 vivent
726 1600 911 1671 (Ibid)
937 1618 950 1668 ;
972 1622 999 1648 ››
1019 1601 1174 1672 quod
1192 1618 1306 1655 non
1325 1600 1435 1656 nisi
1460 1600 1530 1655 de
1561 1616 1817 1656 resurre-

173 1690 362 1746 ctione
391 1690 723 1746 animarum
754 1688 936 1761 accipi
971 1693 1181 1761 potest.
1220 1689 1480 1761 Baptizat
1508 1694 1564 1745 et
1619 1688 1815 1761 homo,

172 1796 277 1851 per
305 1780 475 1851 cujus
505 1792 713 1835 manus
745 1783 801 1833 et
822 1777 1083 1851 linguam
1110 1795 1257 1850 opus
1276 1778 1417 1833 illud
1441 1778 1817 1834 administra-

170 1873 307 1936 tur;
342 1868 442 1924 sed
476 1866 726 1923 maxime
756 1870 813 1923 et
834 1865 1234 1940 principaliter
1261 1867 1359 1923 ille
1392 1868 1665 1940 baptizat,
1717 1867 1815 1940 qui

167 1957 286 2012 vim
317 1959 375 2012 et
401 1956 754 2011 efﬁcentiam
782 1960 966 2011 totam
997 1959 1254 2028 praestat.
1288 1957 1531 2028 Propter
1551 1957 1705 2028 quod
1736 1956 1817 2012 di-

168 2050 324 2102 ctum
356 2048 447 2101 est
473 2044 686 2100 Joanni
724 2044 1035 2117 Baptistae:
1070 2068 1097 2094 ‹‹
1131 2045 1316 2116 Super
1374 2061 1548 2117 quem
1602 2044 1814 2101 videris

166 2134 448 2207 Spiritum
479 2134 932 2191 descendentem
966 2136 1022 2189 et
1053 2139 1385 2189 manentem
1424 2151 1602 2206 super
1654 2151 1812 2203 eum,

165 2223 259 2279 hic
287 2227 375 2279 est
404 2222 505 2295 qui
537 2221 792 2295 baptizat
823 2224 998 2295 (Joan.
1034 2223 1093 2294 ι).
1132 2246 1158 2271 ››
1181 2222 1452 2293 Alioquin
1483 2222 1815 2295 baptismus

167 2329 318 2369 unus
347 2329 463 2368 non
494 2315 686 2380 esset;
720 2313 821 2375 sed
853 2315 1024 2384 prout
1054 2311 1321 2367 meritum
1354 2327 1416 2367 se
1449 2312 1687 2368 haberet
1710 2312 1812 2367 ba-

162 2400 454 2475 ptizantis,
488 2399 641 2456 alius
670 2400 922 2473 dignior,
956 2399 1107 2455 alius
1146 2400 1441 2471 indignior
1496 2400 1694 2469 ﬁeret;
1756 2406 1814 2456 et

163 2506 335 2563 quem
369 2490 543 2545 homo
574 2488 829 2545 sanctior
847 2488 1185 2561 baptizaret,
1214 2488 1309 2543 ille
1331 2488 1543 2545 melius
1562 2489 1811 2561 baptiza-

163 2583 259 2635 tus
287 2582 460 2635 esset.
487 2578 598 2634 Sed
621 2578 775 2634 absit
801 2578 813 2633 l
841 2577 979 2650 quia
996 2577 1331 2650 quicunque
1352 2578 1606 2649 baptizat
1626 2578 1685 2632 in
1710 2595 1811 2633 no-

166 2669 322 2724 mine
351 2667 542 2723 Patris
571 2671 628 2723 et
656 2666 781 2722 Filii
812 2671 869 2722 et
899 2667 1154 2739 Spiritus
1205 2666 1411 2735 sancti,
1462 2666 1678 2739 dignus
1735 2684 1808 2723 an

162 2757 463 2831 indignus,
497 2760 735 2812 sanctus
764 2760 866 2812 aut
895 2759 1178 2828 peccator,
1212 2754 1533 2811 catholicus
1563 2760 1663 2811 aut
1692 2755 1810 2810 hae-

161 2847 401 2914 reticus,
417 2844 564 2901 nihil
584 2845 853 2913 interest;
875 2845 1150 2917 quoniam
1168 2844 1558 2900 ministerium
1574 2844 1807 2901 illorum

159 2936 565 2992 tantummodo
594 2939 701 3001 est,
726 2950 829 2989 nec
862 2933 932 2988 ab
964 2934 1070 3000 eis,
1101 2934 1201 2989 sed
1234 2949 1336 3005 per
1373 2950 1471 2989 eos
1525 2934 1596 3005 (si
1656 2939 1809 2990 recte

162 3024 320 3098 loqui
350 3023 644 3095 volumus)
675 3022 1021 3093 baptizatur.
1046 3021 1313 3077 Christus
1338 3021 1515 3094 igitur
1558 3040 1661 3094 per
1690 3040 1809 3079 ma-

161 3132 304 3171 num
341 3118 399 3170 et
425 3130 491 3170 os
521 3111 843 3169 sacerdotis
869 3110 1429 3183 baptizat,Christus
1451 3128 1552 3183 per
1565 3128 1807 3168 manum

1938 557 2051 595 non
2084 539 2389 596 visibiliter
2413 545 2841 601 transmutetur
2869 543 2927 599 in
2976 545 3229 617 speciem
3288 546 3480 602 carnis
3534 549 3593 601 et

1937 630 2263 700 sanguinis,
2292 630 2599 685 attendant
2629 633 2781 704 quod
2812 633 3125 705 Apostolus
3156 634 3271 690 ait:
3315 657 3343 685 «
3384 635 3493 691 Per
3520 634 3587 689 ti-

1936 717 2067 771 dem
2092 717 2488 786 ambulamus,
2522 723 2578 774 et
2609 737 2723 775 non
2755 738 2857 793 per
2888 723 3161 794 speciem.
3188 724 3287 778 Est
3307 726 3501 779 autem
3526 723 3588 777 ﬁ-

1936 806 2037 859 des
2066 805 2213 878 (ipse
2244 807 2525 876 definivit)
2556 811 2981 880 sperandarum
3013 812 3343 868 substantia
3364 828 3582 879 rerum,

1935 899 2341 965 argumentum
2374 912 2488 951 non
2521 901 2923 969 apprenatium
2958 901 3107 973 (IIeb.
3140 902 3238 973 χι).
3273 923 3301 952 ››
3336 902 3395 955 Si
3426 901 3585 956 enim

1936 982 1991 1037 id
2020 985 2175 1054 quod
2204 984 2364 1039 intus
2397 989 2556 1055 sunt,
2594 985 2732 1042 foris
2762 994 3129 1045 sacramenta
3168 990 3581 1057 ostenderent;

1935 1068 2101 1138 fides,
2134 1089 2201 1127 ex
2232 1089 2349 1144 qua
2384 1097 2405 1121 ε
2433 1075 2635 1144 justus
2664 1076 2822 1143 vivit,
2856 1096 3015 1133 nnon
3048 1079 3239 1135 solum
3264 1078 3469 1147 otiosa,
3488 1088 3581 1134 Ve-

1934 1175 2064 1213 rum
2098 1159 2260 1215 nulla
2289 1161 2529 1217 omnino
2560 1168 2732 1219 esset.
2767 1188 2794 1213 ‹‹
2829 1168 2987 1231 Quod
3021 1166 3179 1221 enim
3211 1167 3369 1221 videt
3425 1166 3579 1237 quis,

1934 1247 2034 1318 qui
2070 1250 2311 1319 sperat?
2342 1250 2492 1320 (Heb.
2525 1254 2605 1319 x.)
2633 1271 2658 1302 ι)
2683 1252 2756 1307 Ut
2787 1270 2922 1325 ergo
2946 1256 3088 1311 fides
3110 1259 3444 1311 exerceatur
3467 1272 3584 1311 cre-

1934 1335 2122 1390 dendo
2153 1336 2308 1407 quod
2342 1353 2455 1392 non
2488 1344 2745 1410 apparet,
2778 1341 2948 1397 vitale
2979 1347 3412 1399 sacramentum
3468 1344 3578 1399 sub

1932 1423 2123 1495 specie
2154 1441 2431 1496 corporea
2448 1426 2690 1482 viriliter
2716 1428 2974 1499 latet,uti
3007 1432 3205 1488 anima
3229 1432 3289 1487 in
3311 1448 3574 1502 corpore.

1932 1511 2191 1583 Denique
2205 1517 2261 1567 et
2273 1513 2550 1584 baptismi
2565 1531 2716 1587 aqua
2729 1517 2998 1588 quaelibet
3017 1519 3200 1574 oculis
3216 1520 3575 1578 intuentium

1927 1601 2173 1671 videtur,
2209 1607 2267 1658 ct
2296 1603 2471 1659 homo
2497 1604 2845 1677 baptizatus,
2866 1608 3007 1678 quid
3040 1608 3198 1663 aliud
3223 1625 3401 1679 quam
3425 1610 3580 1678 quod

1928 1693 2098 1745 antea
2127 1696 2271 1756 erat,
2306 1693 2593 1765 apparet?
2623 1693 2747 1749 Non
2778 1696 2933 1750 enim
2968 1712 3035 1751 ex
3064 1696 3232 1768 nigro
3266 1695 3456 1764 albus,
3481 1699 3583 1752 aut

1927 1794 1995 1833 ex
2022 1778 2319 1834 illitterato
2350 1783 2793 1852 grammaticus,
2820 1784 3237 1855 perlavacrum
3272 1801 3582 1857 regenera-

1925 1868 2101 1922 tionis
2132 1868 2399 1923 efﬁcitur.
2420 1892 2445 1919 ‹‹
2464 1870 2796 1926 Oanimalis
2824 1872 2998 1928 homo
3018 1874 3316 1944 »,quinon
3337 1873 3583 1945 percipit

1925 1972 1993 2010 ea
2024 1974 2144 2028 qua:
2180 1958 2426 2013 Deisunt
2447 1957 2457 2011 l
2476 1959 2518 2013 Ο
2540 1977 2670 2015 caro
2694 1960 3028 2017 carnalibus
3051 1962 3578 2034 phantasiismagis

1925 2060 2101 2116 quam
2132 2044 2262 2100 vino
2294 2044 2447 2101 ebria
2478 2047 2489 2101 !
2525 2065 2831 2120 quousque
2863 2051 2931 2105 ah
2968 2051 3062 2106 his
3095 2055 3215 2105 tam
3266 2050 3579 2106 infeliciter

1923 2132 2317 2194 ludificaberis
2337 2134 2365 2189 ‘?
2394 2136 2518 2190 Non
2551 2137 2707 2191 enim
2740 2138 2951 2193 similis
2981 2144 3070 2194 est
3095 2140 3189 2194 hic
3212 2156 3374 2195 error
3398 2141 3575 2195 dene-

1922 2222 2139 2294 gationi
2173 2220 2379 2278 salutis
2408 2224 2759 2293 animarum,
2795 2230 2896 2281 aut
2917 2226 3291 2283 illusionibus
3313 2227 3571 2283 somnio-

1923 2327 2077 2380 rum,
2110 2316 2212 2366 aut
2237 2312 2306 2366 de
2337 2313 2505 2384 aquis
2536 2317 2592 2369 et
2620 2314 2877 2386 speculis
2906 2316 3319 2371 resultantium
3358 2317 3569 2388 imagi-

1922 2401 2248 2467 nationum,
2282 2402 2422 2472 quia
2454 2402 2530 2457 ibi
2563 2402 2689 2458 sine
2723 2404 2978 2474 periculo
3012 2403 3250 2472 fallitur,
3284 2405 3380 2459 hic
3435 2420 3575 2460 cum

1921 2489 2267 2545 detrimento
2282 2490 2739 2562 irrecuperabili,
2758 2491 2869 2547 nisi
2895 2492 3296 2563 resipiscatur,
3321 2497 3570 2548 erratur.

1919 2578 2329 2650 Expergiscere
2357 2595 2494 2651 ergo
2526 2584 2583 2634 et
2615 2579 2839 2635 clama:
2872 2603 2898 2631 «
2944 2580 3150 2635 Infelix
3196 2598 3301 2653 ego
3359 2580 3572 2637 homo!

1920 2668 2053 2738 quis
2085 2684 2179 2722 me
2198 2667 2472 2722 liberabit
2502 2668 2572 2723 de
2604 2685 2841 2741 corpore
2883 2670 3090 2725 mortis
3120 2670 3344 2740 hujus?
3393 2672 3571 2742 (Rom.

1918 2757 2039 2827 vn.)
2076 2778 2102 2804 υ
2153 2760 2219 2810 Et
2263 2756 2635 2827 respondebit
2682 2757 2787 2811 tibi
2844 2758 3159 2829 apostolica
3214 2758 3570 2814 consolatio:

1918 2868 1945 2895 «
1971 2845 2170 2900 Gratia
2190 2843 2292 2899 Dei
2312 2862 2413 2916 per
2429 2848 2632 2900 Jesum
2655 2844 2952 2901 Christum
2970 2847 3281 2902 Dominum
3301 2851 3572 2902 nostrum

1917 2934 2055 3005 (Ibid
2085 2933 2122 3005 ).
2160 2956 2187 2983 »
2219 2933 2381 2997 Quod
2412 2937 2471 2989 et
2500 2933 2551 2989 si
2582 2935 2877 2991 credimus
2909 2953 3111 2991 verum
3153 2953 3281 2993 esse
3330 2953 3445 2993 non
3502 2934 3573 2990 li-

1915 3021 2106 3078 berari
2136 3021 2437 3077 hominem
2471 3039 2585 3077 non
2619 3022 2813 3079 solum
2855 3041 2888 3078 a
2918 3023 3188 3081 molestia
3246 3023 3568 3097 Spiritualis

1918 3128 2124 3184 pugnas
2156 3111 2357 3183 (quam
2379 3110 2489 3166 hoc
2510 3111 2568 3165 in
2589 3111 2716 3168 loco
2748 3118 2995 3168 mortem
3019 3113 3316 3185 appellat),
3342 3114 3441 3168 sed
3462 3129 3569 3169 nec

159 3209 220 3260 et
242 3221 308 3261 os
338 3201 657 3261 sacerdotis
686 3216 897 3272 corpus
926 3203 983 3255 et
1020 3198 1365 3271 sanguinem
1423 3216 1598 3255 suum
1652 3205 1808 3257 creat
1837 3183 1879 3251 (ἶ
1919 3217 1953 3256 a
1982 3183 2219 3256 miseria
2244 3216 2531 3267 errorum,
2565 3201 2677 3255 nisi
2710 3202 2897 3273 gratia
2919 3202 3019 3257 Dei
3052 3183 3156 3274 per
3178 3203 3384 3258 Jesum
3414 3201 3573 3257 Chri-

160 3294 258 3367 (4).
296 3314 323 3344 α
353 3294 441 3348 An
461 3289 925 3363 experimentum
947 3288 1209 3361 quaeritis
1234 3288 1362 3359 ejus
1388 3289 1489 3361 qui
1519 3288 1577 3344 in
1601 3306 1692 3345 me
1720 3289 1803 3345 lo-

162 3382 364 3455 quitur
384 3380 651 3437 Christus
671 3378 699 3434 ?
730 3379 777 3449 <Ι
804 3379 925 3433 Cor.
944 3382 1092 3446 xm.)
1118 3400 1145 3427 »
1179 3376 1417 3434 Dicebat
1437 3378 1674 3450 quidem
1696 3379 1805 3435 hoc

157 3469 471 3545 Apostolus
503 3486 619 3526 non
640 3470 979 3539 arroganter
991 3483 1053 3523 se
1074 3466 1385 3534 efferendo,
1404 3469 1504 3523 sed
1529 3468 1809 3524 veraciter

156 3560 442 3626 docendo,
472 3556 767 3613 Christum
799 3556 857 3610 in
889 3555 1174 3611 ministris
1206 3556 1330 3611 suis
1360 3559 1417 3610 et
1448 3555 1605 3627 loqui
1648 3557 1804 3628 quod

155 3649 269 3723 ipsi
303 3647 467 3720 loqui
500 3646 840 3713 audiuntur,
866 3649 923 3701 et
942 3644 1167 3717 operari
1201 3662 1325 3716 quae
1373 3644 1483 3716 ipsi
1509 3646 1693 3701 facere
1721 3645 1803 3699 vi-

154 3740 373 3796 dentur
400 3761 415 3805 ;
433 3743 667 3808 prepter
687 3735 846 3806 quod
866 3734 1137 3791 sacerdos
1153 3737 1242 3788 est
1263 3733 1321 3787 in
1341 3737 1645 3804 mternum,
1669 3735 1808 3806 quia

152 3828 281 3901 ipse
311 3829 402 3882 est
430 3823 531 3897 qui
560 3822 819 3896 baptizat
843 3827 899 3878 et
929 3822 1030 3894 qui
1058 3821 1343 3877 immolat.
1365 3825 1513 3877 Nam
1536 3824 1690 3893 quod
1723 3840 1811 3879 se-

154 3915 272 3972 mel
305 3907 443 3971 fecit
469 3911 827 3986 passibiliter
855 3929 957 3984 per
986 3911 1394 3983 semetipsum,
1435 3911 1491 3965 id
1550 3912 1810 3982 quotidie

156 4004 280 4077 agit
308 3999 756 4075 impassibiliter
777 4016 880 4073 per
908 4017 1006 4056 eos
1038 3999 1254 4072 quibus
1284 3998 1443 4057 dedit
1463 4002 1809 4070 potestatem

152 4093 312 4149 ﬁlios
341 4092 441 4147 Dei
462 4089 605 4146 ﬁeri.
637 4089 753 4145 Nec
783 4088 950 4144 aliter
971 4087 1181 4144 melius
1204 4104 1376 4160 posse
1401 4086 1645 4160 intelligi
1670 4093 1809 4160 puto

155 4181 319 4254 quod
340 4177 658 4255 Apostolus
679 4178 748 4233 de
770 4176 869 4232 illo
901 4176 1021 4232 ait:
1049 4199 1078 4227 «
1112 4176 1217 4240 Qui
1250 4179 1340 4231 est
1384 4176 1457 4232 ad
1514 4176 1809 4232 dexteram

152 4269 368 4334 Patris,
402 4269 501 4341 qui
532 4267 705 4323 etiam
738 4264 1070 4338 interpellat
1087 4282 1190 4337 pro
1212 4264 1381 4320 nobis
1411 4266 1584 4337 (Rom.
1608 4265 1807 4336 vu1),»

151 4375 340 4433 quam
363 4354 829 4428 utinterpellatio
852 4354 965 4410 ista
991 4354 1094 4410 ﬁat
1116 4371 1228 4409 non
1251 4354 1426 4409 verba
1441 4353 1808 4427 proferendo,

149 4448 260 4503 sed
295 4445 690 4502 obedientiam
709 4448 883 4516 atque
904 4443 1330 4500 humanitatem
1350 4460 1517 4498 suam
1542 4459 1644 4515 per
1658 4459 1814 4498 com-

126 4534 647 4592 insmorationem
678 4532 969 4605 passionis
995 4532 1112 4588 Deo
1144 4530 1301 4587 Patri
1323 4531 1811 4587 commendando.

147 4624 279 4681 Hoc
298 4640 531 4696 quoque
544 4623 603 4679 in
621 4622 887 4694 ejusdem
901 4620 1250 4677 sacramenti
1272 4620 1659 4689 institutione,
1679 4636 1814 4676 cum

138 4715 279 4786 jam
317 4713 426 4769 sub
454 4711 699 4768 articulo
729 4711 919 4784 ipsius
950 4710 1243 4783 passionis
1276 4708 1623 4781 agonizaret,
1647 4712 1705 4763 et
1742 4708 1815 4764 ad

147 4801 392 4858 dolores
422 4800 617 4858 carnis
646 4817 780 4856 mox
812 4801 1039 4855 futuros
1068 4798 1307 4871 przescio
1340 4796 1549 4869 spiritu
1593 4796 1816 4868 pavita-

122 4890 269 4959 ‘ret,
305 4890 435 4958 hoc,
468 4891 735 4962 inquam,
768 4888 1166 4945 certissimum
1203 4886 1416 4959 pignus
1446 4886 1559 4949 sui,
1590 4884 1820 4941 dilectis

149 4979 471 5052 discipulis
493 4978 832 5051 relinquens
857 4994 869 5032 :
893 5000 920 5027 ‹‹
944 4977 1063 5033 Hoc
1096 4978 1291 5043 facite,
1314 4974 1525 5047 inquit,
1544 4975 1605 5029 in
1626 4990 1817 5030 meam

148 5068 789 5133 commemorationem
823 5068 975 5139 (Luc.
1010 5070 1190 5135 xxu);
1226 5087 1254 5114 »
1314 5064 1816 5120 commemoratio-

148 5174 320 5226 nem,
354 5157 617 5228 inquam,
644 5156 948 5211 charitatis
979 5171 1117 5226 erga
1147 5170 1267 5219 vos,
1296 5170 1400 5224 pro
1422 5153 1637 5224 quibus
1695 5152 1818 5207 ani-

145 5263 322 5304 mam
355 5262 548 5301 meam
580 5262 755 5317 pono,
779 5248 837 5300 et
867 5243 1187 5300 obedienta
1220 5241 1375 5313 apud
1400 5246 1650 5309 Patrem,
1684 5241 1823 5313 quia

147 5360 179 5389 ‹‹
216 5336 381 5393 sicut
410 5334 755 5391 mandatum
786 5332 950 5388 dedit
980 5330 1127 5386 mihi
1160 5331 1349 5398 Pater,
1371 5329 1454 5385 sic
1478 5329 1817 5401 facio(Joan.

1914 3294 2072 3346 stum
2102 3288 2415 3344 Dominum
2448 3294 2738 3357 nostrum,
2760 3290 2973 3347 melius
2990 3295 3188 3346 tamen
3221 3292 3278 3347 id
3298 3291 3572 3363 intelligi-

1914 3396 2048 3434 mus
2079 3378 2127 3432 si
2154 3378 2427 3434 humana:
2456 3383 2675 3433 natura:
2707 3378 3133 3435 concretionem
3178 3384 3234 3434 et
3263 3380 3401 3446 vim,
3436 3396 3566 3450 quas

1914 3467 2193 3522 nimirum
2228 3467 2285 3521 in
2317 3484 2495 3521 sensu
2529 3468 2790 3538 corporis
2819 3473 2874 3521 et
2905 3467 3087 3522 animi
3118 3466 3411 3522 intellectu
3446 3469 3569 3521 tota

1915 3560 2165 3623 constat,
2196 3555 2502 3626 diligenter
2531 3555 2937 3626 inspiciamus,
2962 3560 3018 3611 et
3047 3555 3186 3626 quid
3214 3572 3314 3626 per
3334 3560 3568 3609 utrum-

1916 3662 2049 3717 que,
2084 3644 2296 3715 quidve
2328 3660 2428 3714 per
2448 3643 2791 3698 alterutrum
2816 3644 3024 3708 valeat,
3050 3644 3299 3698 breviter
3320 3642 3570 3714 pestrin—

1916 3750 2145 3807 gamus.
2179 3733 2327 3787 Sunt
2357 3748 2610 3803 namque
2642 3733 2825 3787 multa
2856 3750 2982 3803 quae
3014 3731 3136 3787 solo
3163 3749 3342 3788 sensu
3373 3749 3574 3805 corpo-

1918 3822 1998 3878 ris
2030 3820 2281 3893 agimus,
2312 3820 2467 3874 sicut
2498 3821 2700 3875 audire
2728 3824 2787 3876 et
2814 3822 3003 3876 videre
3030 3838 3042 3888 ;
3079 3819 3375 3893 pleraque,
3418 3821 3574 3877 sicut

1916 3911 2106 3983 legere
2139 3914 2196 3965 et
2223 3908 2503 3979 scribere,
2535 3925 2660 3981 quae
2693 3910 3086 3965 communiter
3107 3926 3284 3965 sensu
3317 3926 3450 3965 cum
3481 3910 3573 3965 in-

1918 3999 2155 4055 tellectu
2187 3998 2601 4066 administrat;
2639 3998 2895 4070 plurima
2918 4016 3072 4064 vero,
3105 3999 3175 4053 ad
3209 4015 3334 4069 quae
3371 3996 3575 4054 sensui

1919 4086 2117 4143 nullus
2148 4103 2387 4159 prorsus
2418 4102 2691 4142 accessus
2721 4102 2850 4142 esse
2880 4090 3091 4159 potest,
3126 4085 3277 4140 sicut
3296 4086 3367 4141 ad
3396 4084 3574 4140 ratio-

1920 4194 2052 4233 nem
2086 4192 2487 4243 numerorum,
2521 4176 2591 4231 ad
2616 4176 3019 4248 proportiones
3044 4191 3345 4242 sonorum,
3369 4179 3426 4231 et
3454 4190 3576 4230 om-

1920 4265 2057 4321 nino
2090 4266 2161 4319 ad
2189 4264 2453 4320 notiones
2474 4281 2667 4320 rerum
2692 4265 3185 4337 incorporearum,
3217 4281 3344 4336 quae
3376 4263 3577 4319 omnia

1921 4354 2169 4426 quilibet
2196 4352 2550 4421 intellectus,
2584 4355 2684 4409 sed
2718 4371 2902 4426 purus
2933 4359 3109 4427 atque
3140 4353 3315 4409 etiam
3368 4370 3479 4408 usu
3507 4351 3579 4407 li-

1921 4447 2120 4498 matus
2152 4443 2447 4515 percipere
2479 4447 2759 4499 meretur.
2792 4444 2907 4499 Nec
2940 4460 3033 4499 me
3061 4442 3211 4515 fugit
3236 4441 3338 4498 illa
3365 4441 3576 4514 prima,

1923 4548 2049 4605 quae
2083 4532 2229 4587 duas
2260 4531 2404 4586 istas
2436 4531 2727 4602 potentias
2758 4532 3052 4603 prmcedit,
3078 4532 3181 4587 sed
3211 4532 3283 4587 ad
3312 4535 3580 4587 nostrum

1922 4620 2259 4675 institutum
2290 4618 2436 4673 nihil
2462 4618 2586 4674 visa
2615 4624 2704 4674 est
2734 4620 3005 4687 attinere,
3035 4624 3093 4675 et
3123 4621 3453 4675 curandum
3495 4621 3586 4674 est

1925 4725 1997 4763 ne
2016 4707 2275 4779 longiore
2294 4723 2472 4777 quam
2490 4711 2717 4776 oportet
2732 4712 2970 4763 utamur
2987 4707 3372 4778 digressione.
3398 4707 3584 4762 Cona-

1932 4813 2068 4851 mur
2097 4794 2277 4862 enim,
2307 4794 2621 4864 adjuvaute
2651 4794 2849 4849 divina
2864 4794 3068 4866 gratia,
3093 4796 3396 4850 ostendere
3427 4795 3585 4865 quod

1936 4883 2099 4940 nulla
2132 4883 2393 4938 humana
2421 4880 2688 4951 facultas,
2717 4898 2843 4953 quae
2877 4880 3045 4953 plane
3066 4886 3122 4937 et
3140 4882 3269 4953 ipsa
3284 4886 3373 4937 est
3391 4881 3590 4937 divina

1929 4971 2194 5044 largitas,
2223 4985 2596 5041 nequaquam
2612 4973 2806 5023 tamen
2826 4968 3125 5024 sufficiens
3143 4969 3219 5024 sit
3240 4968 3588 5040 (quamlibet

1927 5078 1988 5118 se
2018 5058 2304 5129 extendat)
2337 5058 2411 5113 ad
2438 5058 3046 5128 comprehendendam
3082 5057 3453 5113 altitudinem
3486 5073 3582 5112 sa-

1927 5152 2356 5206 cramentorum
2388 5145 2605 5217 quibus
2645 5144 2944 5199 initiamur
3001 5149 3057 5199 et
3117 5145 3453 5216 perficimur
3510 5145 3583 5199 ad

1926 5244 2198 5294 aeternam
2229 5235 2477 5290 salutem
2508 5250 2635 5305 quae
2667 5238 2755 5290 est
2785 5234 2842 5288 in
2875 5232 3102 5288 Christo
3138 5233 3280 5289 Jesu
3339 5232 3588 5290 Domino

1926 5332 2145 5384 nostro.
2178 5326 2581 5396 Proponamus
2612 5322 2808 5394 itaque
2843 5322 3207 5393 baptismum
3256 5323 3475 5395 ipsum,
3533 5324 3592 5378 et

257 5511 316 5583 4)
351 5510 513 5567 Great
542 5508 652 5564 rite
709 5506 1096 5583 intelligetid
1128 5509 1219 5565 est
1244 5504 1480 5582 conﬁcit,
1512 5522 1650 5565 nam
1690 5507 1869 5567 habet
1906 5503 2128 5583 aliquid
2178 5500 2369 5562 simile
2417 5499 2692 5561 creationi
2732 5498 3337 5560 transsubstantiatio.
3367 5498 3511 5560 Vide
3530 5500 3593 5569 Β.

167 5578 394 5677 Ibem.
427 5598 493 5642 ιιι
522 5597 607 5659 p.,
640 5597 698 5662 q.
729 5580 821 5653 85,
854 5578 962 5640 art.
994 5578 1048 5640 8.
