3970 6218
466 308 619 371 1295

1484 312 1944 372 ADELMANNI
1988 312 2340 373 EPISCOPI
2381 309 2848 372 BRlXIENSIS.

3709 307 3840 368 1296

465 443 604 513 quid
644 443 718 497 ibi
753 458 984 508 sensus,
1021 443 1159 513 quid
1184 443 1329 497 ratio
1352 443 2108 513 deprehendat,videamus.
2143 443 2194 506 Α
2228 445 2312 500 sio
2342 445 2672 500 tribuatur:
2706 444 2856 500 sicut
2885 459 3096 500 sensus
3129 439 3323 498 carnis
3343 440 3517 513 paulo
3539 444 3675 497 ante
3694 441 3844 497 doce-

468 532 778 601 Liquorem
799 546 928 584 esse
944 530 1225 600 aliquem,
1241 530 1636 600 interrogatus
1656 536 1846 587 tactus
1866 549 2116 603 pronun-

466 618 611 682 tiat;
648 618 825 682 visus,
859 618 906 671 si
941 620 1084 672 forte
1117 619 1174 673 in
1206 635 1340 672 vase
1372 623 1480 686 est,
1513 620 1785 690 quisnam
1821 621 2013 691 liquor
2043 621 2117 676 sit

468 704 808 770 addubitat;
841 707 940 760 sed
973 711 1204 776 gustus,
1235 711 1515 778 tanquam
1550 710 1752 764 tertius
1777 711 1941 764 testis
1964 709 2119 763 adhi-

468 793 646 855 bitus,
681 809 893 864 aquam
927 812 1056 850 esse
1090 796 1498 851 incunctanter
1527 798 1803 869 explorat.
1842 799 2114 860 Ulterius,

470 881 582 936 nisi
613 881 798 945 fallor,
835 882 941 937 hac
976 885 1030 937 in
1066 901 1123 938 re
1148 885 1406 940 officium
1432 903 1606 941 suum
1633 905 1843 942 sensus
1867 906 1977 942 non
2005 886 2119 957 pol-

471 968 692 1023 licetur.
723 972 788 1023 At
821 971 966 1025 ratio
999 971 1169 1042 longe
1193 973 1420 1045 lateque
1441 980 1704 1045 penetrat
1728 976 1988 1041 interius,
2016 993 2115 1029 na-

473 1063 782 1129 turamque
812 1059 1212 1115 insensibilem
1242 1063 1651 1133 perspicaciter
1682 1065 1961 1126 intuetur,
2013 1063 2118 1116 hoc

471 1152 580 1208 est,
599 1146 871 1203 mobilem
888 1155 1058 1220 atque
1073 1149 1342 1204 obtusam
1358 1166 1503 1214 esse,
1522 1151 1823 1204 humidam
1841 1153 2119 1205 substan-

474 1235 708 1303 tialiter,
739 1236 1008 1307 frigidam
1042 1238 1402 1303 naturaliter,
1438 1239 1492 1291 in
1529 1255 1717 1292 aerem
1751 1239 1867 1293 sive
1911 1239 1967 1292 in
2005 1243 2117 1292 ter-

475 1342 596 1380 ram
631 1326 882 1382 converti
914 1344 1040 1382 eam
1064 1325 1338 1397 possibile
1371 1341 1534 1379 esse:
1573 1330 1630 1379 et
1661 1324 1708 1378 si
1741 1324 1879 1394 quid
1927 1325 2117 1379 adhuc

474 1413 654 1482 aliud,
680 1415 830 1484 quod
855 1415 1122 1468 novimus
1143 1412 1615 1484 autignoramus,
1633 1413 1703 1465 de
1723 1416 1930 1466 natura
1946 1430 2120 1482 aqua-

473 1521 604 1558 rum
633 1501 891 1570 indagari
926 1504 1130 1572 potest.
1163 1501 1461 1563 Quomodo
1486 1503 1680 1555 autem
1707 1517 1808 1571 per
1828 1518 2040 1572 aquam
2064 1506 2120 1557 et

472 1591 741 1662 spiritum
769 1590 964 1645 anima
989 1592 1382 1658 regeneretur,
1405 1592 1890 1660 peccatorumque
1913 1590 2119 1645 remis-

2225 533 2398 590 batur
2420 551 2532 588 non
2558 549 2729 603 posse
2751 533 2819 588 ad
2849 532 3090 587 rationis
3112 529 3505 586 excellentiam
3533 530 3848 593 ascendam,

2228 623 2306 677 ita
2338 623 2593 694 profecto
2626 627 2682 677 et
2713 623 2907 677 minus
2929 622 3169 677 forsitan
3190 618 3340 676 valet
3361 619 3502 674 ratio
3539 619 3609 676 ad
3640 619 3747 674 hoc
3773 619 3850 672 in-

2228 709 2542 765 scrutabile
2571 727 2846 764 arcanum
2883 710 3176 782 aspirare;
3209 713 3267 764 et
3286 712 3476 763 tamen
3511 707 3753 763 ﬁrmiter
3780 711 3854 762 te-

2227 815 2457 863 nemus,
2481 799 2783 852 verissime
2800 799 3167 864 conﬁtemur,
3191 797 3446 853 animam
3470 798 3857 868 incorpoream

2227 904 2328 957 per
2354 904 2565 957 aquam
2588 902 2929 956 corpoream
2953 887 3196 950 renasci,
3221 892 3395 958 atque
3419 886 3477 940 in
3497 903 3628 941 eum
3650 889 3860 941 statum

2228 991 2341 1044 quo
2367 976 2550 1030 fuerat
2571 975 2757 1028 Adam
2781 975 3040 1029 nondum
3064 976 3470 1047 praavaricans,
3496 974 3747 1047 reparari
3767 975 3862 1044 (5).

2229 1063 2408 1116 Deum
2435 1077 2666 1132 quoque
2690 1062 3093 1134 ipsum,cujus
3115 1064 3610 1135 aenigmaomnem
3639 1065 3871 1135 superat

2226 1149 2604 1218 intellectum,
2632 1166 2746 1204 non
2766 1150 2958 1206 solum
2984 1152 3254 1208 novimus
3285 1170 3411 1209 esse
3441 1150 3874 1225 quodinfldeles

2229 1239 2536 1306 fateantur,
2561 1255 2759 1292 verum
2793 1239 2969 1293 etiam
3010 1257 3193 1294 unum
3255 1243 3648 1314 eamdemque
3695 1240 3874 1296 trium

2227 1342 2607 1396 personarum
2641 1326 3236 1398 incircumscriptum,
3298 1329 3515 1400 ubique
3571 1329 3882 1386 illocaliter

2225 1419 2452 1478 totum;
2484 1431 2667 1485 neque
2699 1420 2896 1470 tamen
2929 1433 3104 1472 sensu
3149 1423 3250 1473 aut
3307 1418 3532 1473 ratione
3583 1419 3884 1474 habemus

2227 1503 2333 1557 hoc
2365 1504 2873 1575 comprehensum.

2705 1593 2975 1648 Videntur
2997 1595 3175 1650 multa
3203 1594 3398 1651 deesse.

1565 1925 2774 2052 ADELMANNI

1178 2151 1279 2210 EX
1325 2151 1855 2212 SCHOLASTICO
1898 2153 2312 2213 LEODIENSI
2360 2151 2706 2212 EPISCOPI
2753 2152 3189 2213 BRIXIENSIS

1835 2311 2088 2389 Rythmi
2131 2312 2528 2390 alphabetici.

972 2472 1135 2563 DE
1198 2470 1530 2564 VIBIS
1600 2471 2416 2564 ILLUSTRIBUS
2490 2472 2685 2565 SUI
2748 2473 3401 2568 TEMPOBIS.

1457 2649 1644 2721 (Apud
1678 2649 1920 2704 MABILL.
1952 2650 2195 2704 Analect.
2231 2666 2359 2705 nov.
2391 2650 2558 2718 edit.,
2592 2667 2718 2724 pag.
2757 2653 2906 2724 382.)

1917 2938 2469 3028 MONITUM

549 3117 869 3172 Armonicm
900 3115 1192 3171 facultatis
1226 3115 1516 3186 aspirante
1541 3115 1748 3186 gratia,

481 3207 684 3263 Refero
714 3205 1168 3270 virosillustres,
1200 3203 1526 3259 litterarum
1558 3203 1802 3268 lumina,

483 3298 638 3361 Quos
672 3294 883 3350 recenti
917 3295 1256 3349 recordatur
1286 3310 1452 3348 mens
1484 3293 1683 3348 dolore
1716 3292 1931 3347 saucia.

555 3384 787 3440 Bestiali
820 3384 1046 3438 feritate
1076 3400 1234 3438 mors
1266 3383 1473 3438 acerba
1495 3382 1738 3438 saeviens

481 3475 544 3529 In
578 3471 874 3528 scholares
900 3472 1064 3528 effera
1079 3477 1133 3526 ta
1163 3476 1441 3542 tanquam
1478 3470 1564 3525 leo
1596 3471 1857 3541 rugiens,

482 3563 705 3618 Passim
735 3562 895 3617 dedit
925 3569 1152 3631 strages
1183 3561 1306 3615 dire
1337 3559 1648 3631 plusquam
1683 3577 1780 3615 aer
1827 3559 2122 3631 pestilens.

550 3654 888 3708 Carnotenze
920 3651 1096 3705 decus
1128 3650 1291 3704 urbis
1323 3649 1701 3703 memorande
1731 3648 2007 3720 pontifex,

478 3742 555 3795 Te
585 3741 860 3812 primum,
895 3741 1064 3795 Pater
1095 3738 1384 3804 Fulberte,
1415 3738 1554 3792 dum
1590 3741 1644 3792 te
1679 3753 1856 3792 conor
1913 3736 2120 3805 dicere,

480 3829 650 3901 Fugit
679 3845 890 3895 sermo,
925 3844 1024 3882 cor
1052 3826 1341 3898 liquescit,
1377 3827 1793 3880 recrudescunt
1833 3825 2120 3898 lacrymar.

548 3917 915 3991 Deploranda
944 3916 1288 3989 singillatim
1324 3915 1510 3969 multa
1567 3915 1801 3986 quidem
1857 3915 2120 3980 memini,

477 4008 684 4080 Utpote
715 4007 1007 4063 convictor
1036 4005 1194 4060 senis
1226 4005 1448 4059 haerens
1469 4020 1618 4074 saepe
1648 4003 1835 4070 lateri,

473 4099 625 4152 Aure
659 4097 861 4151 bibens
893 4095 1012 4150 oris
1044 4095 1260 4149 fontem
1293 4108 1537 4147 aureum
1569 4091 1853 4146 mellitlui.

548 4185 699 4238 Eheu
730 4185 741 4238 !
779 4187 999 4255 quanta
1029 4183 1313 4254 dignitate
1342 4178 1582 4251 moralis
1612 4180 1939 4246 industriae,

474 4274 703 4338 Quanta
733 4288 926 4327 rerum
959 4271 1259 4342 gravitate,
1292 4269 1599 4323 verborum
1630 4267 1957 4336 dulcmlino,

472 4360 811 4432 Explicabat
841 4359 1060 4415 altioris
1092 4373 1303 4412 arcana
1332 4355 1627 4412 scientiae?

544 4450 815 4505 Floruere
844 4453 898 4502 te
932 4448 1155 4501 fovente
1177 4444 1495 4500 Galliarum
1528 4445 1742 4512 studia,

471 4541 558 4596 Tu
592 4538 806 4602 divina,
838 4541 901 4591 tu
932 4536 1192 4590 humana
1221 4533 1525 4590 excolebas
1554 4535 1847 4606 dogmata,

467 4629 781 4700 Nunquam
813 4643 1023 4700 passus
1053 4623 1352 4680 obscurari
1377 4622 1651 4679 virtutem
1684 4624 1925 4680 desidia.

539 4719 763 4791 Gurges
794 4718 949 4773 altus
979 4720 1042 4771 ut
1070 4714 1323 4769 minores
1355 4712 1600 4768 solvitur
1629 4713 1687 4767 in
1715 4713 1927 4786 alveos,

2161 3119 2206 3180 Β
2239 3115 2352 3170 Nec
2385 3116 2580 3171 minus
2616 3117 2991 3188 Pythagoreis
3025 3118 3367 3192 indulgebat
3399 3121 3628 3176 ﬁdibus.

2313 3204 2603 3260 Charitate
2632 3205 2767 3277 Sigo
2800 3210 2997 3262 noster
3027 3207 3234 3279 plenus
3265 3213 3438 3282 atque
3467 3211 3676 3282 gratia,

2247 3291 2428 3347 Multa
2465 3294 2726 3364 prmbens
2757 3309 2875 3360 ore,
2911 3312 3089 3350 manu
3121 3297 3356 3353 advenis
3387 3298 3615 3366 solatia,

2241 3379 2568 3452 Singularis
2599 3383 2857 3454 organali
2889 3385 3170 3456 regnabat
3197 3387 3254 3440 in
3284 3386 3527 3441 musica.

2315 3470 2652 3525 Lambertus
2699 3472 3078 3539 Parisiacum,
3123 3473 3504 3544 Engelbertus
3561 3475 3900 3544 Gcnabum,

2237 3558 2610 3630 Occupabant
2643 3560 2959 3615 lectionum
2992 3560 3107 3616 otio
3141 3560 3454 3629 venalium,

2235 3646 2532 3709 Quaestum
2567 3649 2636 3704 de
2667 3649 2817 3720 pube
2854 3650 3204 3705 Francorum
3238 3655 3540 3722 captantes
3565 3669 3682 3710 non
3709 3657 3880 3712 modi

3355 3791 3358 3794 .
3703 3745 3895 3814 lcum.

2307 3825 2532 3880 Martini
2563 3821 2792 3897 quoque
2818 3826 3134 3893 concivem,
3154 3829 3255 3884 sed
3280 3846 3392 3885 non
3416 3847 3576 3902 aeque
3602 3833 3902 3902 sobrium,

2232 3913 2483 3985 Dignum
2517 3916 2664 3970 duco
2693 3921 3016 3972 memoratu
3042 3917 3402 3974 Rainaldum
3437 3919 3836 3989 Turonicum,

2230 4004 2568 4074 Promptum
2595 4003 2814 4076 lingua,
2841 4004 2989 4078 style
3010 4004 3260 4080 largum,
3277 4007 3564 4064 valentem
3588 4025 3896 4081 gramma-

3641 4095 3895 4170 [ticum.

2299 4181 2411 4236 Nec
2443 4185 2563 4250 tua,
2596 4181 3143 4249 Girarde-Gilberte,
3178 4183 3458 4238 fraudabo
3491 4185 3703 4240 naenia.

2229 4270 2481 4342 Ligerim
2513 4271 2725 4325 ﬂavum
2761 4272 3012 4325 revisens
3061 4271 3131 4325 ab
3188 4270 3440 4326 Jordane
3496 4276 3554 4326 et
3611 4273 3888 4348 Solyma,

2229 4359 2503 4414 Occidisti
2537 4362 2770 4430 propter
2795 4358 3017 4413 Mosam
3049 4358 3159 4413 sub
3181 4357 3428 4414 Virduni
3461 4361 3698 4418 maenia.

2299 4447 2342 4502 Ο
2374 4453 2429 4502 et
2458 4452 2511 4502 te
2534 4447 2658 4500 dira
2691 4445 2934 4516 peremit
2963 4445 3305 4502 aemulorum
3339 4447 3533 4516 factio,

2229 4537 2540 4607 Postquam
2573 4534 2791 4589 missus
2822 4550 2882 4588 es
2907 4534 3226 4607 Europeam
3252 4537 3626 4610 perﬂagranti
3649 4542 3881 4610 studio,

2227 4623 2466 4679 Scholas
2498 4622 2714 4677 multas
2745 4621 3034 4694 expilasti,
3070 4623 3321 4680 Waltere
3353 4626 3715 4698 Burgundio.

2297 4713 2444 4768 Proh
2467 4712 2478 4766 l
2497 4713 2544 4768 si
2568 4728 2866 4783 nunquam
2894 4713 3200 4769 revertisse
3215 4716 3286 4769 ad
3311 4716 3452 4770 tiucs
3474 4715 3894 4791 Allobrogum,

470 4809 658 4882 thue
689 4823 940 4881 magnus
973 4822 1040 4861 ex
1070 4821 1132 4859 se
1175 4802 1393 4858 multos
1458 4803 1652 4857 fundit
1708 4803 1861 4875 ignis
1922 4806 2116 4862 radios
2226 4805 2451 4868 Quanta
2480 4817 2634 4855 nunc
2660 4801 3005 4858 auctoritate
3034 4803 3335 4859 decorares
3367 4805 3596 4860 Latium
3623 4807 3636 4860 Ξ

467 4900 562 4956 Sic
592 4899 853 4972 insignes
885 4893 1217 4970 propagasti
1252 4909 1351 4964 per
1382 4892 1611 4947 diversa
1638 4891 1946 4964 plurimos.

537 4989 884 5056 Hildierum,
911 5002 1086 5058 quem
1121 4981 1413 5054 Pupillam
1445 4998 1785 5053 nuncupare
1815 4983 1992 5050 soliti,

465 5081 629 5149 Quod
663 5077 912 5151 pusillus
942 5078 1116 5143 esset,
1150 5072 1269 5127 imo
1302 5071 1654 5142 perspicacis
1685 5071 1888 5127 animi.

464 5175 812 5227 Caeterorum
841 5167 1113 5240 princeps
1144 5166 1318 5233 atque
1357 5161 1797 5232 communiceps
1856 5163 2109 5232 praesuli.

539 5261 594 5314 Is
626 5257 976 5330 magistrum
1010 5252 1294 5308 referebat
1315 5249 1498 5316 vultu,
1529 5267 1687 5315 voce,
1712 5251 2003 5307 moribus:

465 5348 831 5420 Hippocratis
863 5350 1046 5400 artem
1090 5342 1348 5413 jungens
1407 5338 1660 5394 Socratis
1718 5341 2110 5409 sermonibus,

539 5517 616 5586 (5)
646 5513 805 5586 Quod
839 5512 910 5566 ad
937 5510 1252 5586 essentiam
1285 5507 1479 5586 gratia:
1523 5506 1903 5586 justiticantis
1935 5510 2112 5586 dun-

465 5577 624 5644 taiat
654 5577 879 5653 attinet,
899 5598 1015 5638 non
1037 5597 1152 5656 quo
1169 5580 1241 5637 ad
1262 5577 1407 5637 alias
1429 5577 1759 5636 excellentis
1779 5581 1906 5656 ejus
1929 5580 2114 5641 felicis

2225 4896 2444 4946 Docens
2471 4889 2754 4962 quidquid
2787 4891 3052 4947 revexisti
3097 4893 3166 4948 ab
3217 4892 3401 4948 hortis
3460 4895 3890 4967 Hesperidum.

2295 4979 2433 5042 Quis
2466 4995 2525 5034 se
2557 4979 2813 5046 tandem,
2849 4997 3012 5035 sacer
3043 4981 3212 5037 heros
3246 4982 3344 5054 ((3),
3375 4981 3518 5038 satis
3565 5000 3718 5056 saepe
3785 4987 3890 5043 ﬂe-

3677 5075 3893 5140 [verit?

2222 5158 2402 5228 Cujus
2431 5156 2540 5212 hos
2569 5161 2625 5213 et
2654 5157 2870 5214 multos
2901 5149 3363 5230 plures'officina
3391 5160 3654 5232 protulit,

2223 5249 2480 5314 Quorum
2514 5247 2762 5319 quisque
2793 5265 2907 5319 prae
2940 5266 3000 5305 se
3033 5249 3182 5315 tulit,
3216 5249 3372 5321 quod
3398 5254 3452 5306 te
3483 5267 3630 5306 usus
3675 5251 3884 5309 fuerit.

2297 5336 2696 5409 Raginbaldus
2728 5337 3138 5410 Aggrippinas,
3172 5337 3260 5394 vir
3288 5343 3494 5411 potens
3520 5339 3788 5414 ingenio,

2224 5511 2414 5565 status
2444 5506 2776 5579 qualitates.

2294 5581 2370 5655 (6)
2401 5578 2688 5638 Fulberte.
