3970 6218
137 365 290 433 1991
1363 368 1727 436 RHYTHMI
1770 372 2323 441 ALPHABETICI.
3383 373 3539 447 5998

137 503 424 561 Barbarae
447 516 619 559 aures
645 501 851 560 Latino
875 505 1211 576 temperans
1241 502 1491 577 eloquio,
1812 514 1862 579 Α
1889 508 2048 565 Sicut
2079 509 2138 565 hi
2165 526 2312 583 quos
2338 511 2607 583 erudivit,
2642 512 2784 571 satis
2805 512 3031 588 pollent
3058 513 3253 573 hodic.

135 594 319 651 Notus
350 607 515 649 arces
544 592 616 648 ad
648 596 939 649 Romanas
972 593 1043 648 ab
1075 609 1262 664 usque
1291 610 1524 650 oceano.
1958 598 2331 671 Xerapelinos
2360 606 2603 658 ornatus
2635 620 2768 659 cum
2803 604 3005 677 paucis
3029 604 3346 683 jugeribus

203 681 362 739 Situs
392 685 481 737 est
510 682 567 736 in
599 681 743 737 urbe
772 686 972 737 nostra
1000 681 1211 753 longus
1243 682 1455 755 hospes
1488 684 1677 757 Legia,
1887 685 2102 741 Prassul
2133 688 2319 743 durus
2353 690 2703 762 denegarat;
2737 698 2797 748 at
2820 699 2881 749 tu
2908 681 3137 749 Mettim
3164 694 3468 766 profugus,

138 772 311 845 Legia
340 787 687 844 magnarum
716 771 1012 843 quondam
1045 772 1257 825 artium
1290 771 1583 828 nutricula
1889 773 2102 830 Multas
2132 776 2252 831 illic
2284 793 2422 849 opes
2455 785 2684 848 nactus,
2707 783 2962 852 Warine,
2997 799 3059 838 es
3089 786 3145 838 et
3176 783 3448 840 conditus

134 861 252 918 Sub
283 860 597 930 Wathone,
622 860 849 932 subque
878 859 1025 932 ipso,
1060 861 1229 931 cujus
1262 865 1401 917 sunt
1430 862 1548 917 haec
1580 862 1779 935 rhyth-
1956 864 2241 937 Ypogaeis,
2277 871 2332 921 et
2353 868 2609 940 antiquae
2642 872 2901 941 parentis
2932 871 2991 928 in
3022 872 3245 945 gremio

1306 1002 1310 1006 .
1548 952 1736 1018 [mica.
1887 950 2273 1018 Dormientes,
2306 955 2593 1012 excitandi
2626 974 2797 1015 mane
2827 960 3033 1016 mundi
3065 960 3296 1030 ultimo,

204 1041 343 1096 Tres
373 1038 539 1107 mihi,
566 1038 840 1105 Camena,
866 1038 1019 1094 cives
1042 1054 1302 1093 memora
1331 1040 1402 1094 de
1426 1039 1719 1111 pluribus,
1887 1043 2033 1096 Pace
2061 1046 2276 1098 aeterna
2307 1045 2683 1115 perfruantur
2710 1052 2787 1113 te,
2815 1048 3062 1117 Christe,
3095 1050 3367 1123 pr0pitio,

135 1127 534 1201 Illum,procul
549 1143 723 1201 quem
737 1127 1086 1183 exstinctum
1101 1127 1501 1200 Transalpinis
1518 1128 1776 1184 febribus
1826 1158 1829 1159 ν
1958 1127 2086 1183 Zelo
2116 1131 2321 1201 grandi
2355 1148 2453 1186 cor
2482 1150 2762 1190 accensus
2794 1153 2899 1207 pro
2929 1137 3242 1193 charorum
3273 1140 3474 1197 funere

135 1222 356 1291 Lugent
384 1222 561 1283 artes,
592 1216 795 1289 lugent
820 1217 995 1271 urbes
1028 1233 1159 1272 cum
1190 1217 1314 1272 suis
1342 1216 1709 1289 primatibus.
1885 1216 2283 1274 Adelmannus
2315 1219 2435 1274 haec
2466 1222 2716 1278 deflebat
2743 1223 2802 1279 in
2835 1225 3059 1281 Nemeti
3090 1225 3305 1295 littore,

203 1306 310 1362 Vix
339 1306 626 1362 amissum
658 1321 1056 1377 quereremur,
1087 1306 1295 1361 Odulfo
1328 1305 1666 1377 superstite,
1884 1308 2031 1362 Suos
2062 1304 2187 1380 ipse
2219 1306 2371 1364 idem
2405 1307 2521 1366 illic
2548 1310 2873 1368 observans
2905 1314 3185 1385 quotidie.

134 1395 758 1468 Alestanum,quantus
776 1398 900 1451 erat
919 1393 1126 1452 veteris
1143 1395 1208 1466 [f.
1234 1398 1365 1450 uter
1385 1394 1457 1465 is]
1491 1394 1771 1462 scientiaa,

1409 1797 2253 1892 ADNOTATIO.

199 2051 309 2109 Hos
341 2049 607 2125 rhytmos
633 2065 703 2107 ex
731 2064 843 2105 ms.
876 2047 1074 2105 codice
1094 2048 1500 2106 Gemblacensi
1535 2052 1745 2123 rogatu
1778 2066 1909 2106 meo
1939 2049 2253 2123 descripsit
2281 2050 2593 2125 religiosus
2622 2051 2711 2109 vir
2740 2052 2985 2110 Michael
3016 2053 3363 2130 Delmerius,
3381 2059 3534 2131 ejus-

133 2142 255 2198 dem
286 2137 623 2197 monasterii
649 2137 1150 2205 bibliothecarius,
1175 2139 1275 2211 qui
1307 2155 1545 2213 operam
1579 2138 1726 2195 mihi
1754 2156 1922 2195 suam
1946 2139 2007 2195 in
2034 2139 2238 2195 multis
2294 2139 2426 2197 aliis
2478 2140 2794 2198 liberaliter
2848 2142 3135 2216 inpendit.
3176 2145 3318 2210 Quis
3354 2148 3530 2205 fuerit

130 2231 519 2287 Adelmannus
550 2228 795 2285 istorum
826 2240 1101 2285 versuum
1134 2231 1531 2296 auctor,nemo
1549 2229 1814 2284 eruditus
1844 2229 2092 2302 ignorat.
2112 2230 2329 2302 Nempe
2350 2228 2446 2285 ille
2476 2231 2601 2303 ipse
2626 2236 2715 2287 est
2728 2233 3057 2305 Berengarii
3087 2234 3525 2309 condiscipulus

130 2322 233 2377 sub
262 2319 534 2377 Fulherto
560 2317 900 2376 Carnotensi
922 2318 1214 2391 episcopo,
1234 2321 1647 2390 grammaticus,
1670 2326 1721 2375 et
1738 2335 1807 2374 ea:
1825 2320 2019 2375 clerico
2040 2319 2321 2375 Leodiensi
2358 2321 2666 2376 Bririensis
2705 2323 3003 2393 episcopus,
3040 2327 3183 2379 teste
3223 2323 3524 2397 Sigeberto

127 2412 183 2468 in
208 2411 307 2467 lib.
343 2415 424 2466 De
452 2408 835 2481 scriptoribus
864 2407 1293 2477 ecclesiasticis,
1320 2425 1447 2480 cap.
1484 2410 1606 2475 153,
1633 2408 1730 2463 ubi
1761 2413 2000 2464 vocatur
2028 2410 2371 2473 ALMANNUS,
2404 2409 2505 2481 qui
2538 2410 2687 2464 duas
2716 2409 2996 2481 epistolas
3026 2410 3103 2466 De
3121 2412 3364 2469 veritate
3394 2431 3525 2471 cor-

128 2499 277 2573 poris
306 2498 524 2556 Christi
545 2496 777 2554 Domini
802 2497 861 2552 in
885 2496 1271 2564 Eucharistia,
1292 2514 1472 2552 unam
1496 2499 1569 2553 ad
1602 2496 2041 2571 Berengarium,
2081 2496 2321 2552 alteram
2371 2496 2442 2551 ad
2476 2496 2718 2552 Paulum
2752 2497 3150 2569 primicerium
3182 2500 3524 2572 Metensem,

125 2587 454 2663 scripsit.In
485 2584 802 2659 exemplari
825 2584 1250 2654 Gemblacensi,
1274 2586 1406 2642 istis
1438 2586 1730 2660 rhythmis
1752 2585 2184 2658 praemittuntur
2216 2586 2337 2641 haec
2358 2586 2531 2641 verba
2559 2604 2622 2641 ;‹‹
2641 2587 2805 2642 Mitto
2835 2586 3011 2643 etiam
3034 2587 3136 2643 tibi
3162 2586 3526 2662 rhythmicos

122 2676 433 2736 versiculos
454 2677 625 2748 juxta
644 2675 908 2732 ordinem
940 2674 1233 2748 alphabeti
1264 2675 1541 2748 digestos,
1575 2693 1721 2748 quos
1754 2680 1887 2731 ante
1918 2692 2103 2732 annos
2127 2675 2369 2747 aliquot,
2402 2691 2537 2730 cum
2565 2675 2759 2731 adhuc
2799 2676 2995 2732 Leodii
3047 2694 3262 2750 essem,
3303 2696 3397 2735 me
3448 2681 3523 2737 ad

127 2768 335 2825 amicos
366 2765 658 2839 quosdam
689 2780 873 2830 meos,
907 2780 1158 2836 quorum
1187 2764 1384 2837 plures
1415 2765 1540 2837 ipse
1573 2781 1836 2834 noveras,
1869 2764 2262 2821 lamentaliter
2290 2767 2627 2820 recensente
2656 2764 3013 2837 compositos
3035 2766 3219 2838 reperi
3252 2784 3439 2842 nuper
3465 2772 3527 2825 et

125 2856 290 2914 edidi.
327 2878 355 2906 n
388 2855 525 2921 Quaa
555 2853 730 2910 verba
760 2856 903 2908 sunt
925 2851 1263 2909 Adelmanni
1297 2852 1405 2909 hos
1436 2870 1639 2909 versus
1671 2854 1959 2909 mittentis
1983 2855 2050 2909 ad
2074 2852 2508 2927 Berengarium,
2534 2854 2604 2909 de
2622 2871 2735 2926 quo
2754 2854 2813 2909 in
2836 2855 2951 2911 fine
2971 2854 3378 2927 rhythmorum
3400 2857 3526 2916 haec

122 2946 422 3020 leguntur:
460 2946 785 2999 Resroum'r
824 2942 1226 2998 Benencmws
1252 2960 1264 2998 :
1296 2943 1551 2998 Nascitur
1573 2943 1841 2997 ridiculus
1872 2959 2011 2997 mus.
2047 2942 2153 3007 Qui
2185 2941 2573 3015 Bcrengarius
2602 2942 2990 2998 Adelmanum
3016 2942 3232 2999 ironice
3278 2946 3525 3003 AULUM-

125 3036 378 3092 MANNUM
413 3045 618 3087 vocare
637 3028 848 3087 solitus
878 3033 1022 3099 erat,
1053 3034 1118 3085 ut
1147 3030 1363 3086 ibidem
1395 3031 1688 3087 subditur.
1714 3030 1896 3087 Multa
1916 3030 1975 3086 in
2005 3031 2113 3089 hos
2143 3048 2347 3088 versus
2379 3031 2633 3087 notanda
2668 3031 2879 3100 forent,
2912 3033 3013 3088 sed
3037 3036 3265 3090 tantum
3314 3050 3381 3092 ea
3418 3036 3522 3093 ob-

124 3140 276 3181 servo
307 3137 441 3195 qua:
471 3118 617 3175 mihi
650 3118 820 3175 obvia
841 3122 998 3174 sunt.

186 3212 270 3268 Ad
300 3210 562 3267 litteram
589 3207 636 3263 K
665 3207 940 3262 laudatur
957 3206 1301 3280 Sigo,abbas
1333 3208 1553 3265 scilicet
1583 3208 1923 3265 monasterii
1944 3208 2137 3263 Sancti
2159 3206 2429 3264 Florentii
2452 3208 2869 3265 Salmuriensis
2901 3210 2971 3265 ad
3008 3210 3282 3283 Ligerim,
3303 3211 3394 3267 vir
3413 3229 3521 3270 suo

119 3304 372 3373 tempore
402 3295 769 3353 clarissimus
799 3313 812 3360 ;
846 3295 1017 3367 cujus
1046 3295 1287 3367 aequalis
1320 3296 1428 3351 fuit
1457 3297 1799 3367 Rainaldus,
1831 3296 2129 3353 Turonicze
2185 3297 2380 3353 Sancti
2437 3298 2671 3353 Martini
2728 3298 2982 3355 ecclesia
3013 3299 3375 3359 archiclavus
3414 3319 3521 3359 seu

119 3394 327 3459 custos,
359 3388 436 3444 de
465 3402 580 3459 quo
600 3384 695 3441 hic
728 3384 943 3441 mentio
975 3385 1041 3440 ﬁt
1061 3386 1132 3441 ad
1159 3384 1414 3441 litteram
1442 3387 1516 3441 M.

177 3476 432 3551 Stropha
449 3473 740 3547 incipiens
770 3491 804 3529 a
833 3472 1027 3529 littera
1055 3474 1126 3539 N,
1158 3474 1440 3530 meudosa
1465 3479 1705 3547 apparet
1733 3473 1792 3529 in
1852 3473 2042 3547 primo
2102 3489 2270 3529 versu
2297 3492 2310 3529 :
2362 3475 2464 3530 Nec
2517 3478 2637 3543 tua,
2669 3474 3182 3543 Girarde-Gilberte,
3242 3476 3513 3546 fraudabo

112 3569 308 3633 mia,
337 3564 688 3634 videturque
718 3562 1093 3635 lengendum.
1127 3563 1231 3617 Nec
1258 3567 1373 3630 tua,
1414 3562 1645 3618 Girarde
1666 3564 1874 3634 glaber,
1910 3567 1961 3617 te
1987 3562 2256 3633 fraudabo
2285 3564 2488 3617 naenia.

175 3656 259 3712 Ad
286 3654 554 3710 litteram
575 3650 613 3706 S
643 3649 835 3723 agitur
863 3650 934 3706 de
962 3649 1275 3720 Wathone,
1307 3651 1417 3707 sub
1450 3668 1563 3723 quo
1596 3654 1755 3723 Legio
1780 3668 2108 3723 magnarum
2136 3652 2341 3706 artium
2396 3651 2678 3706 nutricula
2734 3650 3003 3707 floruisse
3046 3652 3281 3722 dicitur,
3312 3654 3519 3726 subque

114 3747 242 3818 ipso,
274 3742 439 3816 cujus
456 3747 583 3796 sunt
608 3745 727 3797 haec
755 3739 1084 3812 rhythmica.
1107 3740 1189 3795 Ex
1210 3740 1427 3811 quibus
1450 3739 1733 3796 discimus
1747 3739 2178 3796 Adclmannum
2207 3738 2386 3795 fuisse
2409 3738 2826 3794 scholasticum
2849 3754 2951 3794 seu
2975 3739 3313 3811 praefectum
3346 3741 3521 3798 scho-

116 3832 183 3889 lis
206 3833 268 3888 in
296 3832 448 3887 urbe
469 3828 794 3896 Leodiensi,
820 3827 1040 3885 scilicet
1061 3833 1194 3901 post
1216 3832 1544 3899 Watonem,
1570 3829 1668 3901 qui
1691 3834 1864 3887 Waso
1896 3828 2111 3885 dicitur
2140 3828 2212 3883 ab
2234 3827 2506 3883 Anselmo
2537 3827 2813 3884 canonico
2836 3827 3159 3896 Leodiensi,
3183 3830 3352 3901 cujus
3399 3830 3524 3888 haec

113 3920 282 3978 verba
301 3921 358 3975 in
392 3917 497 3974 lib.
530 3918 606 3974 De
622 3916 911 3991 episcopis
942 3917 1381 3980 Leodiensibus,
1409 3934 1534 3989 cap.
1568 3918 1635 3971 84
1671 3935 1683 3972 :
1719 3938 1747 3966 ‹‹
1773 3916 1875 3972 Hic
1897 3915 2201 3989 (nimirum
2227 3918 2428 3986 Waso)
2450 3915 2705 3989 primum
2737 3916 2846 3972 sub
2876 3916 3128 3990 Notgaro
3161 3919 3405 3991 praesule
3435 3936 3529 3976 ca-

115 4008 376 4083 pellanus
406 4007 682 4075 existens,
714 4010 918 4080 postea
947 4006 1018 4062 ab
1040 4008 1241 4063 eodem
1275 4006 1610 4063 scholarum
1642 4007 1893 4062 donatur
1922 4006 2224 4078 magistro.
2250 4029 2277 4055 »
2308 4005 2632 4062 Chronicon
2668 4005 2983 4083 Leodiense
3016 4009 3169 4079 apud
3222 4008 3525 4064 Labbeum

118 4079 173 4153 in
202 4096 574 4155 Bibliotheca:
596 4079 757 4152 novre
779 4099 937 4151 tomo
960 4095 982 4151 Ι
1004 4095 1125 4151 haec
1144 4095 1321 4152 habet
1345 4112 1358 4151 :
1382 4100 1539 4152 Anno
1561 4095 1690 4151 4041
1720 4096 1856 4151 obiit
1876 4095 2197 4163 Hilhardus,
2247 4095 2482 4151 succedit
2511 4096 2716 4163 Walto;
2757 4079 2927 4166 cujus
2980 4096 3179 4153 obitus
3228 4096 3531 4170 reponitur

117 4202 262 4243 anno
281 4186 446 4244 4048.
482 4184 587 4240 Ubi
608 4184 772 4240 vides
802 4186 1111 4240 Watonem
1144 4201 1258 4239 non
1282 4183 1460 4240 alium
1493 4200 1616 4240 esse
1643 4201 1676 4239 a
1704 4184 1979 4251 Wasone,
2007 4183 2090 4240 uti
2111 4183 2326 4257 legitur
2350 4185 2504 4258 apud
2527 4184 2895 4253 Anselmum,
2929 4185 3029 4257 qui
3082 4202 3187 4257 pro
3234 4184 3519 4242 Hithardo

118 4273 442 4331 Ntthardum
472 4271 694 4328 scribit.
717 4272 887 4345 Ergo,
911 4274 978 4327 ut
998 4271 1270 4345 superius
1290 4273 1566 4345 praefatus
1586 4289 1740 4343 sum,
1766 4272 2166 4330 Adelmannus
2192 4273 2410 4330 scholis
2432 4272 2890 4330 Leodicensibus
2913 4273 3218 4347 praefectus
3240 4277 3348 4346 est,
3372 4275 3529 4347 quod

120 4380 282 4421 nemo
310 4363 628 4434 hactenus,
647 4360 707 4416 ni
734 4360 921 4431 fallor,
955 4360 1299 4417 observavit.

190 4452 311 4509 Sub
340 4452 540 4508 littera
566 4450 612 4506 X
636 4450 832 4525 agitur
861 4450 933 4507 de
962 4450 1223 4519 Warino,
1247 4450 1349 4524 qui
1370 4451 1598 4507 videtur
1621 4451 1802 4508 fuisse
1822 4451 2068 4508 clericus
2103 4452 2453 4523 Leodiensis,
2479 4455 2606 4508 tum
2634 4451 2959 4509 monachus
3002 4452 3062 4509 in
3103 4452 3365 4510 cceuobio
3393 4452 3534 4509 Gor-

120 4540 320 4610 zienci,
351 4541 710 4612 domumque
733 4539 915 4595 abbas
938 4539 996 4595 in
1018 4541 1262 4596 Metensi
1320 4540 1600 4597 asceterio
1647 4541 1844 4596 Sancti
1880 4541 2118 4609 Arnulfi,
2153 4546 2216 4597 ut
2246 4546 2407 4615 patet
2430 4557 2499 4597 ex
2519 4541 2707 4613 ipsius
2739 4540 2964 4598 Warini
3012 4542 3279 4615 epistola.
3315 4545 3535 4600 Prc'csul

121 4627 215 4685 ille
243 4629 437 4693 durus,
463 4628 566 4702 qui
598 4627 840 4683 Warino
868 4630 1219 4701 xerapelinos
1247 4633 1473 4685 ornatus
1502 4646 1625 4684 cum
1654 4631 1842 4701 paucis
1872 4630 2151 4702 iugeribus
2183 4630 2507 4704 reposcenti
2541 4631 2862 4705 denegasse
2894 4631 2987 4687 his
3010 4635 3394 4698 memoratur,
3414 4632 3536 4688 Du-

116 4718 333 4775 randus
365 4721 458 4774 est
487 4716 827 4774 Leodiensis
857 4718 1188 4790 episcopus,
1222 4718 1393 4790 cujus
1426 4735 1635 4774 nomen
1655 4718 1809 4774 inter
1832 4718 2049 4774 lineam
2081 4719 2402 4792 ascriptum
2425 4719 2588 4775 estin
2608 4720 2804 4775 codice
2826 4737 2936 4774 ms.
2968 4723 3114 4791 Ergo
3141 4720 3235 4775 hic
3254 4721 3536 4777 Warinus

122 4822 156 4861 a
182 4805 462 4865 Durando
482 4804 821 4862 Leodicensi
853 4806 1124 4878 episcopo
1158 4824 1342 4879 pauca
1352 4808 1377 4879 j
1388 4824 1564 4880 ugcra
1586 4806 1697 4862 sibi
1722 4806 1847 4862 dari
1871 4806 2117 4879 petierat
2134 4824 2268 4862 cum
2294 4807 2488 4880 aliqua
2511 4807 2570 4863 in
2595 4807 2930 4864 Leodicensi
2947 4807 3203 4862 Ecclesia
3224 4807 3534 4881 dignitate,

121 4898 219 4950 aut
248 4912 370 4969 qua
401 4894 538 4963 alia,
567 4895 738 4967 cujus
767 4894 998 4967 insigne
1027 4901 1150 4951 erat
1180 4897 1359 4952 vestis
1381 4895 1945 4968 xcrampelina.Qu:e
1969 4910 2099 4950 cum
2135 4895 2322 4950 durus
2344 4895 2589 4950 antistes
2606 4896 2846 4952 Warino
2869 4895 3326 4968 nogavissct,ille
3347 4896 3535 4952 iratus

122 4981 270 5039 clam
303 4983 627 5039 Metensem
660 4983 720 5039 in
744 4984 950 5039 urbem
973 4983 1142 5057 fugit,
1162 4984 1262 5039 ubi
1284 5002 1418 5040 cum
1442 4985 1676 5041 abbatia
1692 4986 1750 5041 S.
1770 4983 1997 5039 Arnulﬁ
2032 4982 2248 5038 multas
2274 5000 2415 5055 opes
2444 4989 2693 5040 nanctus
2710 4989 2819 5041 est.
2842 4982 3280 5056 Xerampelinos
3298 4988 3541 5042 ornatus

124 5070 561 5129 Gemblacensis
615 5072 793 5129 codex
851 5072 932 5128 ita
980 5072 1435 5145 interpretatur:
1490 5098 1517 5126 «
1549 5072 1906 5147 Xerapelinac
1956 5076 2144 5127 vestes
2176 5072 2452 5128 dicuntur
2470 5076 2690 5128 veteres
2721 5079 2776 5129 ct
2815 5073 3119 5146 praesicca},
3154 5072 3537 5146 pampineum

119 5158 410 5217 habentes
438 5160 690 5218 colorem
717 5179 732 5230 ;
764 5165 822 5217 et
846 5165 1146 5234 ponuntur
1174 5162 1284 5218 hoc
1314 5163 1441 5220 loco
1472 5180 1574 5236 pro
1609 5164 2063 5236 quibusqunque
2094 5161 2352 5235 antiquis
2382 5161 2663 5217 vestibus.
2701 5184 2722 5210 ι
2755 5162 2887 5224 Quae
2932 5159 3333 5231 interpretatio
3364 5162 3535 5219 docet

121 5264 229 5307 nos
260 5248 372 5306 hoc
402 5248 530 5307 loco
558 5248 870 5324 legendum
899 5252 1305 5322 xerampelinas
1361 5257 1607 5309 ornatus.
1642 5254 1777 5318 Quae
1831 5268 1939 5307 vox
1988 5250 2185 5306 Graeca
2222 5268 2293 5307 ex
2347 5250 2577 5307 duabus
2635 5248 2958 5321 composita
2986 5252 3094 5315 est,
3126 5247 3350 5305 scilicet
3377 5249 3539 5314 ξηρὸς.

122 5352 252 5411 qua:
307 5338 532 5395 aridum
579 5341 871 5407 siccumve,
932 5342 989 5395 et
1041 5339 1278 5401 ἄμπελος,
1353 5357 1480 5412 qua:
1563 5343 1780 5397 vineam
1867 5339 2173 5412 significat.
2264 5341 2463 5414 Itaque
2538 5338 2909 5411 xcrampelini
2988 5340 3218 5393 ornatus
3265 5337 3542 5395 dicuntur

117 5428 313 5483 vestes
343 5427 609 5501 pampini
632 5427 791 5498 sicci,
826 5427 1075 5485 colorem
1109 5428 1209 5500 qui
1240 5427 1399 5485 color
1427 5430 1592 5487 siccae
1624 5447 1768 5487 rosa:
1801 5429 2014 5486 dicitur
2046 5426 2364 5502 imitantes,
2389 5435 2454 5486 ut
2482 5428 2588 5484 viri
2621 5425 2775 5483 docti
2808 5426 2866 5483 in
2887 5425 3229 5485 Juvelanem
3266 5427 3539 5486 observa-

120 5517 281 5573 runt.
