3970 6218
108 400 136 467 1
150 400 270 485 301

934 400 1246 470 NICOLAI
1289 404 1343 470 ῙῙ
1386 402 1612 472 PAP/E
1655 404 1778 472 EPI

1894 407 2054 473 ΜΔΕ
2096 408 2197 473 E'l‘
2240 402 2722 473 DIPLOMATA.‘

3368 400 3524 470 1302

106 544 173 596 et
202 537 429 614 Apuliie
455 537 686 614 ducem,
717 545 773 614 et
801 537 1010 614 Sicilia
1043 540 1315 614 comitem
1346 543 1577 614 creavit.
1629 543 1757 598 Haec
1790 549 1840 613 Α
1874 541 2950 614 pumOstiensem,Mediolanumbellis
2965 539 3523 600 civilibuslaborans

105 609 413 685 acta'sunt
439 628 590 685 anno
612 609 820 685 Christi
853 613 1004 680 1060,
1033 630 1099 669 eo
1120 613 1244 667 loco
1268 613 1365 667 ubi
1387 631 1538 668 nunc
1553 616 1761 685 Aquila

102 683 350 740 condita
371 688 477 748 est,
498 684 650 738 inter
666 683 1027 739 Amiternum
1053 689 1110 739 et
1130 685 1528 751 Furconem,et
1547 683 1767 740 incon-

103 755 245 810 cilio
269 754 486 827 Melpbi
510 760 853 827 congregato
877 756 1239 827 conﬁrmala.
1264 756 1363 811 llis
1397 757 1766 827 pactionibus

102 826 298 891 initis,
327 825 609 898 pontifex,
630 834 687 898 ut
708 826 987 898 ditionem
1009 825 1466 883 ecclesiasticam
1487 828 1766 898 reciperet

100 896 419 969 magna’ex
446 896 975 969 fmderisformula,
1002 915 1033 949 ει
1058 898 1301 952 Roberto
1324 900 1571 953 exercitu
1603 896 1761 953 acce-

152 968 239 1038 to,
260 970 333 1023 ab
362 969 572 1024 Urbem
600 968 769 1022 rediit
796 986 809 1033 ;
832 969 1234 1023 Praenestinos.
1262 970 1647 1032 Tusculanos,
1672 972 1765 1025 Ti-

156 1040 388 1095 urtinos
409 1045 467 1095 et
482 1044 895 1101 Nomentanos,
922 1040 1191 1095 Romanae
1211 1040 1472 1095 Ecclesia:
1497 1040 1762 1111 rebelles,

108 1112 176 1167 in
207 1111 561 1166 deditionem
586 1113 826 1181 accepit,
851 1111 1158 1181 Tiberique
1176 1113 1437 1180 trajecta.
1473 1112 1761 1166 Galeriam

110 1129 176 1167 In
207 1127 561 1166 deditionem
586 1127 826 1181 accepit,
852 1127 1040 1166 lmen
1089 1128 1158 1165 ue
1176 1127 1437 1180 tralecto.
1473 1127 1761 1166 ualerium

110 1180 799 1237 etaliaGerardicomitis
818 1127 1764 1252 oppidagiripuitﬂistellaomnia

109 1254 380 1310 Sutrium
401 1269 585 1323 usque
621 1253 989 1323 expugnavit,
1024 1261 1079 1307 et
1108 1252 1563 1309 ecclesiasticam
1593 1254 1759 1309 ditio-

110 1342 250 1381 nem
280 1324 642 1381 tutissimam
674 1324 939 1379 reddidit.
964 1325 1199 1380 Petrum
1221 1325 1509 1393 Damiani,
1536 1326 1758 1397 episco-

1899 625 2130 694 egatum
2151 616 2329 681 misit,
2348 616 2464 687 qui,
2480 616 2759 694 seditione
2775 615 2993 694 sedata,
3011 615 3074 694 in_
3089 614 3320 694 _Urbem
3336 614 3523 694 ad‘sx-

1876 684 2116 752 nodum,
2164 704 2337 758 quam
2365 684 2655 758 'quartam
2703 687 2956 757 pontifex
2980 687 3287 758 indixerat,
3327 684 3519 758 rediit.

1875 758 1975 811 Cui
2008 775 2073 812 ex
2096 755 2250 813 omni
2276 755 2441 812 Italia
2459 755 2787 827 frequentes
2809 757 3059 827 episcopi
3087 757 3399 812 interfuere
3423 773 3436 819 ;
3458 755 3520 809 in

1874 846 1985 896 qua
2018 835 2220 884 contra
2253 830 2609 884 Silnoniacos
2641 834 2696 883 ct
2728 831 3151 883 incontinentes
3194 828 3521 881 sacerdotes

1874 900 2091 968 aliquot
2118 902 2341 954 decreta
2368 902 2541 955 edita.
2570 901 2741 954 Paulo
2768 910 2884 969 post
2912 902 3197 969 synodum
3222 897 3517 969 Nicolaus,

1872 958 2044 1025 vir'in
2080 972 2240 1026 omni
2272 972 2381 1024 vita
2431 958 2890 1041 proliatissimus,
2944 958 3295 1025 Florentium
3330 958 3519 1039 profe;

1872 1046 2019 1105 etus,
2046 1043 2258 1097 ibidem
2282 1060 2310 1095 ν
2326 1043 2683 1109 NonasJulii,
2705 1060 2857 1097 anno
2877 1044 3103 1097 Domini
3126 1043 3257 1096 1061
3273 1041 3520 1111 ,Optime

1873 1113 1943 1185 de
1968 1113 2223 1185 Romana
2248 1113 2497 1185 Ecclesia
2520 1115 2777 1176 meritus,
2822 1115 2913 1185 pie
2938 1114 3171 1185 quievit,
3214 1112 3273 1165 in
3322 1110 3520 1166 cathe-

1873 1183 2022 1238 drali
2054 1184 2295 1238 ecclesia
2318 1183 2594 1254 sepultus.

1946 1257 2177 1308 Vacavit
2200 1260 2337 1328 tunc
2358 1252 2542 1321 sedes,
2561 1255 3222 1328 proptersubsecustum
3238 1252 3515 1323 schisma,

1874 1341 2102 1380 menses
2136 1342 2196 1391 ιι,
2230 1326 2353 1381 dies
2386 1344 2533 1381 xxvx.

1074 1611 1591 1706 NOTITIA
1646 1612 2547 1708 DIPLOMATICA.

1114 1791 1328 1865 (Jure,
1362 1794 1586 1863 Hegesia
1610 1793 1932 1865 pontiﬁcum
1961 1794 2352 1863 Romanorum,
2384 1793 2533 1864 384.)

116 1975 146 2040 1
180 1971 247 2028 In
277 1968 458 2027 bullis
488 1986 625 2026 anni
659 1969 796 2026 1060
825 1968 1118 2037 Nicolaus,
1153 1969 1551 2026 Florentinum
1580 1970 1873 2026 calculum
1905 1976 2162 2035 secutus,
2198 1970 2430 2026 initium
2467 1970 2602 2025 anni
2637 1986 2668 2024 a
2702 1969 2794 2024 die
2822 1970 2892 2024 25
2923 1985 3001 2023 m.
3032 1967 3224 2023 Martii
3242 1966 3433 2040 cmpit,
3459 1969 3525 2021 ut

264 2053 395 2115 qua
422 2046 554 2115 ante
582 2057 722 2115 cum
749 2041 905 2115 diem
936 2041 1163 2115 scripta:
1195 2048 1354 2115 sunt,
1387 2058 1462 2097 ca:
1485 2059 1706 2115 annum
1737 2047 1779 2097 11

1894 2041 2055 2115 Dom.
2094 2043 2230 2096 1039
2262 2044 2555 2113 praebeant
2587 2042 2697 2111 (14,
2733 2043 2822 2109 15,
2856 2042 2939 2105 16,
2984 2040 3216 2115 47,18).

117 2109 476 2171 Sententiam
499 2113 558 2168 in
582 2111 761 2168 bullis
781 2113 908 2183 ejus
931 2109 1255 2185 reperimus
1286 2114 1436 2169 hanc
1461 2130 1473 2168 :
1508 2113 1809 2169 CONFIRMA
1832 2130 1960 2179 HOC,
1984 2113 2161 2181 Deus,
2185 2109 2337 2176 ouon
2357 2109 2649 2170 OPERATUS
2670 2129 2739 2168 es
2761 2129 2820 2168 IN
2858 2128 3026 2167 NOBIS
3048 2112 3157 2182 (17,
3178 2111 3267 2175 20,
3289 2110 3379 2174 21,
3405 2109 3518 2180 34).

186 2207 393 2260 Testes
421 2201 903 2274 subscripserunt
927 2221 940 2257 :

262 2293 597 2364 Bonifacius,
628 2291 951 2364 {ilbanensis
978 2294 1253 2363 episcopus
1280 2292 1394 2363 (14,
1428 2292 1514 2359 15,
1549 2290 1658 2361 17).

255 2362 601 2435 Bonifacius,
628 2362 949 2418 Gabinensis
978 2362 1254 2434 episcopus
1282 2362 1413 2433 (15).

258 2434 471 2501 Petrus,
506 2434 828 2508 Gabinensis
854 2436 1131 2508 episcopus
1162 2438 1275 2506 (20)

250 2510 473 2589 acinis,
505 2506 891 2589 haokanensis
922 2508 1199 2589 episcopus
1230 2507 1343 2589 (lli,
1372 2506 1490 2589 17).

264 2579 485 2643 Petrus,
514 2577 688 2632 dictus
720 2578 977 2633 Ostiensis
1006 2575 1283 2649 episcopus
1313 2575 1714 2649 (al.,'peccalor
1740 2576 2064 2646 monachus)
2096 2577 2206 2648 (11,
2240 2576 2327 2643 14,
2365 2577 2449 2641 15,
2483 2575 2570 2639 17,
2597 2576 2709 2647 2ο).

255 2651 517 2714 Joannes,
547 2649 862 2705 Parmensis
890 2650 1169 2720 episwpus
1200 2650 1312 2721 (14,
1342 2648 1430 2713 15,
1462 2649 1548 2721 1_7_,
1574 2649 1687 2721 20).

260 2724 471 2788 Bruno,
502 2722 876 2776 Praenestinus
905 2718 1183 2790 episcopus
1208 2718 1323 2785 (14,
1359 2721 1443 2781 15,
1478 2718 1567 2784 17,
1600 2718 1713 2788 20).

256 2792 600 2856 Humbertus,
627 2791 801 2847 dictus
830 2791 884 2847 8.
913 2792 1169 2848 Ecclesiae
1200 2790 1661 2847 Silvae-Candqu
1688 2791 1966 2861 episcopus
1997 2791 2130 2859 (11).

259 2862 589 2930 Desiderius,
614 2863 898 2934 presbyter
923 2862 1225 2917 cardinalis
1256 2865 1315 2918 It.
1348 2864 1407 2917 E.
1442 2879 1511 2917 ea:
1534 2864 1621 2917 tit.
1656 2861 1728 2934 8,
1756 2862 1989 2934 Caecilia:
2019 2860 2273 2934 (45,747).

260 2935 597 3006 Stephanus,
706 3004 718 3006 _
917 2956 937 2981 ι

112 3094 355 3168 Scripta
386 3092 559 3168 bullaa
590 3096 730 3149 sunt
759 3110 864 3168 per
892 3110 1133 3149 manum

260 2935 587 3006 Stephanus,
782 2933 789 2934 “
917 2956 937 2981 ι
1307 2956 1328 2982 ι
1583 2934 1671 2987 tit.
1703 2933 1764 2988 8.
1807 2933 1920 2988 Chr

259 3004 665 3061 Hildebrandus
691 3004 748 3060 S.
781 3007 844 3061 Β.
877 3006 938 3060 Ε.
972 3004 1399 3061 archidiaconus
1424 3003 1536 3077 (I4,
1565 3005 1651 3071 15,
1686 3003 1775 3070 46,
1808 3004 1920 3074 17).

1892 2933 2148 3003 rysogoni
2179 2934 2290 3003 (15,
2320 2933 2436 3003 20).

261 3167 545 3222 Octaviam
573 3161 860 3221 semitarii
885 3169 937 3220 et
965 3167 1175 3221 notarii
1202 3165 1256 3219 S.
1292 3167 1352 3220 R.
1388 3166 1456 3219 E.
1501 3164 1624 3237 [al.,
1655 3165 1805 3219 sacri
1827 3163 2050 3235 palatii]
2083 3164 2159 3233 (1,
2194 3165 2246 3231 2,
2279 3165 2333 3229 3,
2365 3163 2422 3229 4,
2459 3162 2543 3231 l9,
2572 3161 2663 3229 21,
2694 3166 2784 3229 22,
2806 3162 2865 3219 31
2894 3162 3025 3235 ,33).

262 3238 557 3293 Crescentii
582 3238 790 3292 notarii
817 3241 871 3291 et
898 3238 1192 3292 scriniarii
1221 3238 1275 3291 8.
1312 3238 1371 3292 Β.
1404 3237 1463 3291 Ε.
1498 3238 1595 3307 (6).

261 3310 492 3368 Joannis
520 3309 813 3363 scriniarii
844 3308 897 3362 S.
932 3309 991 3363 R.
1026 3310 1095 3362 E.
1132 3308 1266 3379 (20).

120 3400 273 3453 Datis
310 3412 411 3468 per
443 3413 685 3468 manum

258 3463 555 3525 Humberti
581 3467 717 3539 dicti
740 3468 977 3539 episcopi
1002 3468 1257 3524 Ecclesiae
1284 3467 1737 3523 Silvae-Candida:
1767 3470 1815 3522 et
1849 3466 2252 3539 bibliothecarii
2283 3465 2337 3520 8.
2371 3466 2429 3520 R.
2462 3467 2513 3519 ei
2542 3466 2711 3534 apost.
2743 3463 2856 3518 sed.
2895 3465 2944 3532 1,
2977 3465 3031 3529 2,
3062 3464 3116 3529 3,
3153 3467 3205 3530 4,
3240 3463 3296 3527 5,
3326 3464 3381 3518 6.

336 3541 423 3607 12,
458 3539 666 3604 13,11,
699 3537 787 3606 45',
824 3537 1031 3607 16,—47,
1066 3541 1148 3603 ιδ,
1184 3540 1268 3602 19,
1300 3540 1391 3605 20,
1424 3540 1512 3609 2t,
1544 3542 1632 3605 22,
1665 3538 1755 3604 31,

1909 3539 1999 3603 33,
2030 3537 2142 3607 34).

260 3610 543 3666 Bernardi
570 3611 810 3683 episcOpi
836 3610 891 3666 8.
926 3611 1179 3665 Ecclesiae
1210 3611 1341 3678 (35).

123 3748 3534 3781 Μ

970 3899 1796 4036 NICOLA!
1854 3904 2002 4028 ΙΙ
2088 3903 2681 4030 ΡΔΡΕ

703 4144 1553 4240 EPISTOL/E
1646 4146 1838 4239 ET
1939 4129 2946 4240 DIPLOMATA.

950 4361 971 4417 Ι

1810 4364 1856 4429 Β
1888 4362 2097 4418 stituta
2112 4365 2170 4417 et
2190 4360 2453 4429 dilatata,
2472 4361 2742 4417 convenit
2756 4360 2840 4417 eis
2861 4361 3193 4418 conﬁrmari
3215 4366 3272 4418 et
3293 4362 3537 4419 detineri

126 4438 350 4495 Nicolus
429 4438 477 4491 11
537 4450 684 4523 pap‘a
730 4434 1053 4523 .co‘nﬁrr‘na't.
1091 4434 1253 4523 lbi-mna
1320 4440 1386 4516 et.
1425 4434 1779 4515 possessiones

1894 4451 2090 4506 omnia
2120 4467 2247 4522 quae
2279 4467 2397 4506 suae
2429 4450 2669 4505 ditionis
2711 4467 2777 4505 ac
2825 4452 3128 4522 potestatis
3171 4451 3543 4523 reperiuntur

443 4507 763 4563 monasterii
792 4506 978 4559 Sancti
1008 4508 1163 4559 Petri
1189 4507 1467 4561 Perusini.

753 4577 943 4648 (Anno
978 4576 1163 4647 1059.)

128 4673 541 4743 [MARGARINLH
577 4666 807 4743 Butler,
862 4666 1056 4743 posin.
1253 4664 1344 4729 02,
1407 4662 1783 4743 ex‘arehivio

203 4738 546 4795 monasterii
572 4742 628 4791 S.
662 4736 810 4792 Petri
844 4737 913 4792 de
941 4736 1174 4792 Perusio
1210 4739 1267 4790 in
1316 4734 1556 4807 capsula
1606 4734 1782 4807 privi-

203 4811 517 4884 legiorum.
554 4826 609 4863 n.
655 4808 765 4878 10.]

205 4900 495 4955 Nicouus
526 4896 831 4969 episcopus
868 4912 1072 4951 servus
1096 4912 1399 4951 servorum
1452 4894 1567 4960 dei,
1617 4910 1786 4950 vene-

131 4987 308 5045 rabili
341 4986 695 5042 monasterio
725 4984 884 5039 Beati
936 4983 1088 5039 Petri
1141 4983 1415 5055 apostoli,
1464 4984 1573 5039 sito
1606 4988 1787 5051 extra,

131 5077 257 5133 imo
277 5079 337 5133 et
349 5078 522 5148 juxta
541 5073 831 5129 civitatem
853 5072 1259 5137 Perusianam,
1284 5071 1341 5127 in
1368 5071 1494 5127 loco
1522 5072 1625 5144 qui
1649 5070 1791 5126 diei-

132 5170 235 5221 tur
256 5162 595 5236 Caprarius,
626 5166 683 5216 et
711 5176 811 5233 per
830 5159 976 5215 illud
1003 5159 1281 5214 Bomzom
1305 5160 1526 5227 abbati,
1556 5162 1794 5231 ejusque

135 5251 588 5311 successoribus
608 5249 823 5306 ibidem
829 5248 993 5318 justo
1017 5251 1074 5302 et
1093 5245 1435 5316 regulariter
1453 5263 1795 5318 promoven-

144 5342 239 5398 dis
269 5342 333 5398 in
364 5343 733 5413 perpetuum.

208 5432 357 5488 Cum
388 5425 739 5484 universalis
767 5433 970 5481 sancta
1003 5427 1190 5479 mater
1240 5421 1499 5481 Ecclesia
1546 5441 1649 5496 per
1677 5425 1802 5497 glo-

136 5521 330 5577 riosos
352 5514 749 5588 apostolorum
771 5511 1085 5584 principes,
1106 5511 1343 5565 Petrum
1378 5511 1599 5567 scilicet
1621 5514 1804 5585 pisca-

135 5615 333 5667 torem
354 5603 684 5670 hominum,
715 5609 769 5657 et
788 5599 1034 5655 Paulum
1057 5600 1349 5655 doctorem
1374 5601 1663 5672 gentium,
1691 5596 1805 5673 prae

1893 4538 2189 4610 specialia.
2207 4540 2570 4610 Quapropter
2582 4539 2652 4594 ad
2670 4538 2850 4610 hujus
2867 4539 3189 4613 supradicti
3203 4539 3543 4597 monasterii

1894 4626 2171 4682 honorem
2206 4643 2438 4697 semper
2469 4627 2826 4699 augendum,
2858 4633 2917 4683 et
2948 4645 3251 4700 nunquam
3275 4630 3545 4685 minuen-

1893 4715 2059 4781 dum,
2091 4714 2469 4770 concedimus
2502 4731 2604 4786 per
2658 4714 2767 4769 hoc
2815 4716 3143 4786 apostolica:
3190 4716 3548 4773 defensionis

1895 4801 2285 4875 privilegium,
2320 4808 2384 4855 ut
2410 4806 2602 4857 teneat
2630 4808 2687 4857 et
2719 4802 2932 4859 habeat
2974 4804 3213 4876 pacifice
3255 4808 3313 4860 et
3344 4804 3542 4876 quiete

1897 4891 2052 4963 quod
2084 4890 2367 4944 hactenus
2410 4890 2600 4945 tenuit
2627 4896 2684 4946 et
2736 4890 2962 4958 habuit,
3012 4896 3068 4947 et
3117 4908 3273 4946 nunc
3304 4895 3464 4947 tenet
3490 4896 3550 4947 et

1899 4980 2092 5045 habet,
2127 4977 2350 5033 scilicet
2378 4978 2553 5033 cellas
2588 4996 2730 5034 suas
2761 4983 2818 5035 et
2846 4978 3141 5047 ecclesias,
3190 4984 3378 5035 certes
3409 4998 3547 5036 suas

1902 5085 1967 5124 ac
2006 5067 2224 5139 plebes,
2257 5066 2469 5121 fundos
2500 5067 2698 5135 etiam,
2731 5073 2788 5123 et
2808 5068 3054 5140 casales,
3077 5068 3306 5140 plebem
3329 5068 3550 5125 scilicet

1904 5155 2097 5213 Sancti
2131 5154 2472 5221 Constantii,
2506 5160 2563 5210 et
2591 5156 2781 5210 Sancti
2816 5156 3036 5236 Rufini,
3068 5160 3125 5210 et
3166 5156 3363 5211 Sancti
3395 5156 3551 5212 Mar-

1904 5245 2034 5308 tini,
2054 5243 2356 5299 ecclesiam
2380 5242 2603 5298 Sanctae
2632 5243 2826 5299 Mariae
2848 5244 2907 5299 in
2933 5243 3244 5317 Agellione,
3268 5261 3402 5300 cum
3425 5246 3552 5302 suis

1908 5332 2310 5407 pertinentiis;
2344 5335 2567 5388 curtem
2615 5333 2688 5387 de
2726 5332 2948 5400 Casale,
3002 5337 3058 5389 et
3102 5336 3325 5388 curtem
3355 5335 3554 5391 Sancti

1909 5422 2164 5488 Justini;
2198 5427 2423 5476 curtem
2469 5422 2539 5477 de
2586 5422 2965 5490 Petronianc;
3016 5420 3322 5477 ecclesiam
3354 5424 3556 5480 Sancti

1912 5512 2155 5567 Andreae
2189 5510 2259 5566 de
2282 5510 2510 5576 Alieno,
2543 5526 2675 5566 cum
2708 5526 2815 5565 sua
2845 5510 3227 5582 pertinentia';
3252 5510 3565 5569 ecclesiam

1918 5604 2272 5674 quaaSanctze
2296 5600 2486 5657 Mariae
2510 5600 2568 5656 in
2591 5598 2936 5670 Petithiano,
2960 5603 3017 5656 et
3036 5598 3343 5657 ecclesiam
3366 5603 3560 5661 Sancti

136 5695 366 5756 caeteris
396 5689 870 5764 cooperatoribus
901 5688 1153 5744 maxime
1185 5686 1263 5741 sit
1320 5687 1677 5758 coadunata,
1710 5690 1808 5746 in-
1918 5690 2445 5764 Clementis,atque
2466 5690 2836 5749 medietatem
2858 5690 3112 5749 ecclesia:
3134 5692 3330 5749 Sancti
3352 5687 3563 5753 Donati
