3970 6218
433 349 592 419 1303

1789 358 2099 425 NICOLAI
2140 352 2195 423 ῙῙ
2235 358 2488 426 ΡΑΡΛΕ.

3672 342 3846 414 ωσι

433 487 495 545 in
522 491 798 560 civitella;
852 510 957 548 nec
1002 510 1116 549 non
1158 497 1214 549 et
1259 496 1474 550 terram
1532 494 1798 567 Hugonis
1845 495 2075 569 nepotis
2103 494 2159 562 Α
2187 494 2300 552 bus
2328 494 2491 552 nulla
2520 509 2583 552 se
2612 491 2915 552 occasione
2961 489 3328 568 permisceat.
3375 487 3662 548 Abbazem
3691 501 3840 546 vero

435 579 715 637 Bernouis
748 583 816 636 de
849 582 1228 652 Monteuigro.
1263 586 1618 656 lnsuperque
1661 584 2076 641 conﬁrmamus

436 668 622 722 eidem
675 671 1028 725 monasterio
1076 673 1132 726 in
1180 677 1528 744 perpetuum
1581 691 1809 729 massas
1855 678 1972 729 tres
2017 675 2075 729 in

437 758 718 812 comitatu
787 759 1063 815 Perusino
1123 762 1384 833 positas:
1438 780 1614 817 unam
1664 780 1789 834 qua
1840 767 2081 818 vocatur

436 842 672 909 Pusulo,
705 846 946 901 alteram
980 849 1242 917 Filomio,
1289 856 1344 905 et
1391 852 1563 906 aliam
1614 870 1741 924 qua
1784 868 2082 922 nuncupa-

436 938 530 986 tur
559 933 829 1003 Casalini,
864 956 995 991 cum
1030 939 1313 1007 ccclesiis,
1356 942 1528 1007 casis,
1574 942 1779 1009 vineis,
1832 941 2078 1011 campis,

436 1019 644 1087 hortis,
680 1027 999 1091 montibus,
1052 1029 1223 1083 cultis
1274 1036 1329 1084 et
1384 1030 1641 1095 incultis,
1690 1030 2080 1099 omnibusque

440 1110 565 1163 suis
598 1112 997 1181 pertinentiis;
1044 1118 1461 1172 monasterium
1496 1134 1725 1190 quoque
1752 1118 1941 1172 Sancti
1975 1118 2080 1170 An-

439 1197 552 1268 geli
576 1199 631 1253 in
658 1202 932 1257 comitatu
968 1205 1195 1269 Arisati,
1229 1206 1286 1260 in
1314 1206 1435 1261 loco
1460 1207 1557 1278 qui
1580 1206 1792 1260 dicitur
1813 1204 2078 1260 Tolliauo

440 1289 496 1339 et
520 1286 836 1354 Lunisano,
890 1310 1022 1347 cum
1072 1294 1232 1347 cellis
1279 1299 1334 1347 et
1382 1294 1621 1365 capellis
1667 1294 1811 1358 suis,
1861 1296 1914 1345 et
1945 1308 2077 1345 cum

441 1377 717 1431 omnibus
775 1380 899 1433 suis
962 1382 1407 1451 pertinentibus.
1465 1382 1579 1437 Nec
1627 1398 1739 1434 non
1789 1379 2074 1450 quidquid

440 1464 715 1536 deinceps
748 1469 1049 1536 pral'atum
1083 1470 1273 1523 Sancti
1294 1468 1443 1522 Petri
1466 1468 1907 1536 monasterium,
1933 1484 2074 1539 quo-

438 1551 725 1618 vismodo,
781 1556 993 1609 divinis
1053 1557 1135 1610 vel
1204 1557 1479 1612 humanis
1548 1558 1776 1629 legibus
1826 1558 2077 1628 cognito,

437 1638 735 1707 acquirere
756 1644 1029 1711 potuerit,
1054 1644 1231 1714 hujus
1255 1645 1435 1699 nostri
1467 1645 1768 1717 apostolici
1796 1645 2078 1719 privilegii

435 1729 633 1780 tenore
663 1730 1102 1786 conﬁrmamus.
1140 1733 1456 1789 Licentiam
1489 1751 1721 1807 quoque
1743 1736 1953 1790 damus
1974 1734 2081 1790 tibi

439 1816 509 1870 de
540 1816 814 1873 omnibus
845 1819 1093 1886 clericis,
1128 1826 1246 1877 tam
1280 1823 1337 1877 in
1361 1826 1711 1881 monasterio
1732 1823 2080 1897 degentibus

439 1920 733 1978 quamque
746 1908 920 1964 etiam
935 1910 1072 1965 foris
1087 1911 1144 1966 in
1160 1915 1629 1984 possessionibus
1642 1916 1770 1986 ejus
1790 1912 2078 1969 manenti-

441 1992 573 2063 bus,
608 2013 641 2051 a
658 2012 1005 2070 quocunque
1027 2000 1278 2058 volueris
1302 2004 1506 2060 idoneo
1527 2008 1584 2060 et
1607 2001 2083 2059 canonicelocato

443 2083 714 2157 episcopo
734 2104 799 2143 eo
822 2090 1150 2157 ordinandi,
1165 2097 1219 2148 et
1234 2093 1565 2150 chrismain
1580 2094 1698 2149 tuis
1718 2091 2086 2165 plebibusac-

442 2171 653 2243 cipere.
676 2176 732 2229 Si
763 2181 959 2233 autem
978 2180 1051 2234 ab
1074 2182 1342 2255 episcopo
1366 2183 1423 2239 in
1447 2185 1615 2255 cujus
1636 2182 1867 2238 diacesi
1887 2179 2086 2253 prafa—

443 2268 568 2317 tum
602 2267 1020 2322 monasterium
1053 2271 1232 2325 situm
1263 2276 1369 2341 est,
1403 2289 1508 2329 nec
1538 2272 1955 2340 ordinationes,
1979 2283 2084 2324 nec

445 2351 697 2447 chrisma
746 2356 1004 2425 potueris
1048 2360 1322 2416 canonice
1374 2366 1429 2417 et
1473 2362 1654 2433 gratis
1694 2360 1955 2416 obtinere
1986 2360 2087 2413 aut

444 2444 777 2509 impetrare,
813 2450 866 2497 et
895 2444 965 2499 de
995 2446 1257 2501 ecclesiis
1289 2449 1698 2505 consecrandis
1728 2448 1929 2503 eodem
1962 2461 2085 2500 mo-

443 2525 518 2581 do
540 2547 559 2594 ;
582 2532 639 2583 et
660 2528 858 2586 nullus
878 2533 1187 2604 episcopus
1210 2536 1281 2590 ad
1316 2536 1470 2592 idem
1510 2536 1932 2592 monasterium
1962 2550 2088 2606 per-

443 2616 728 2675 tinentem
780 2624 1301 2691 excommunicare,
1367 2634 1467 2682 aut
1528 2627 1805 2682 damnare
1854 2625 2082 2691 audeat,

446 2707 496 2762 si
540 2707 600 2763 in
649 2727 826 2767 causa
874 2730 981 2769 sua
1019 2720 1307 2781 nostrum,
1370 2734 1435 2772 ac
1493 2721 1705 2772 sancta
1756 2713 2085 2787 apostolica

446 2798 599 2853 sedis
630 2803 1016 2870 patrocinium
1058 2809 1113 2859 et
1145 2822 1383 2861 examen
1416 2806 1658 2878 flagitat.
1708 2803 1951 2861 Romani
1982 2819 2087 2858 au-

444 2888 562 2940 tem
611 2891 903 2958 pontiﬁcis
952 2894 1170 2949 donum
1224 2896 1467 2951 abbatia
1516 2901 1574 2951 et
1622 2896 1804 2951 abbas
1852 2894 1999 2965 ipse,
2032 2896 2088 2948 et

446 2978 803 3034 consecratio
834 2981 1064 3038 abbatis
1096 2985 1172 3039 sit
1201 2984 1260 3039 in
1292 2989 1657 3057 perpetuum.
1692 2985 1759 3039 Et
1806 2980 1966 3038 omni
1998 2998 2085 3036 re-

448 3068 607 3120 mota
654 3070 1044 3140 excusatione,
1108 3074 1223 3130 nisi
1291 3076 1592 3143 canonica,
1650 3074 1721 3129 ad
1773 3071 2085 3145 synodum,

447 3155 916 3230 quandocunque
948 3178 983 3216 a
1022 3178 1254 3219 summo
1303 3164 1573 3236 pontiﬁce
1619 3165 1859 3218 vocatus
1891 3158 2083 3227 fuerit,

2184 585 2372 641 eidem
2406 585 2778 651 monasterio,
2811 600 2926 641 non
2958 582 3160 652 alium,
3208 582 3310 639 sed
3359 596 3533 654 quem
3577 568 3844 653 dignum

2185 675 2469 745 moribus,
2502 679 2675 746 atque
2704 681 2907 746 aptum
2938 672 3259 745 disciplina
3279 669 3634 738 monastica,
3667 683 3845 725 com-

2188 764 2351 818 muni
2384 770 2693 834 con’seusu,
2726 762 3091 836 congregatio
3122 765 3245 817 tota
3290 760 3638 833 poposcerit,
3674 758 3730 814 si
3769 773 3848 813 ex

2187 870 2249 908 se
2280 853 2569 919 habuerit,
2597 852 2684 908 vel
2716 853 2764 907 si
2797 853 2871 908 ab
2904 852 3018 907 alia
3038 848 3484 924 congregatione
3505 847 3616 904 sibi
3637 847 3847 919 elege-

2189 941 2283 1007 rit,
2318 943 2538 1011 absque
2582 941 2777 1012 aliqua
2824 939 3154 1007 venalitate,
3186 956 3220 995 a
3265 938 3524 994 Romano
3555 936 3851 1009 pontifice

2188 1030 2669 1084 consecrandum.
2708 1029 3085 1084 Decernimus
3114 1028 3289 1084 etiam
3312 1031 3378 1082 ut
3404 1042 3608 1082 omnes
3636 1024 3853 1081 eidem

2188 1117 2522 1172 monasterii
2557 1116 2768 1171 cartha
2799 1116 3100 1172 contraria
3131 1120 3188 1173 et
3216 1115 3429 1172 nociva
3465 1114 3704 1172 omnino
3736 1129 3854 1168 va-

2186 1224 2305 1261 cua
2331 1210 2388 1259 et
2413 1206 2617 1260 inanes
2647 1204 2918 1260 existant.
2949 1208 3234 1261 Praeterea
3282 1204 3604 1277 apostolica
3632 1206 3861 1259 nostra

2185 1293 2523 1349 auctoritate
2554 1292 2967 1348 constituimus
2996 1296 3053 1348 et
3081 1293 3504 1349 conﬁrmamus
3534 1298 3603 1350 ut
3631 1289 3863 1348 nullus

2186 1382 2522 1454 imperator,
2554 1397 2672 1449 rex,
2704 1380 3037 1452 episc0pus,
3086 1380 3225 1444 dux,
3277 1380 3561 1447 marchio,
3611 1394 3862 1444 comes,

2183 1471 2525 1533 vicecomes,
2576 1468 2925 1541 guastaldio,
2988 1472 3089 1523 aut
3137 1467 3252 1523 alia
3293 1466 3567 1539 qualibet
3615 1482 3869 1539 magna

2187 1577 2479 1633 parvaque
2508 1576 2775 1631 persona,
2807 1561 2864 1613 te
2892 1557 3232 1629 pradictum
3254 1556 3545 1622 abbatem,
3576 1558 3868 1626 tuosque

2190 1665 2556 1705 successores
2587 1647 2863 1703 canonice
2891 1646 3195 1713 intrantes,
3237 1645 3309 1700 de
3347 1645 3474 1715 jam
3522 1644 3676 1698 dicto
3707 1658 3863 1699 mo-

2192 1739 2471 1805 nasterio,
2503 1737 2591 1793 vel
2621 1738 2692 1792 de
2723 1736 2998 1791 omnibus
3027 1734 3153 1791 suis
3185 1733 3381 1798 rebus,
3414 1736 3472 1788 et
3517 1731 3865 1804 proprieta-

2192 1829 2352 1884 tibus
2370 1825 2687 1882 mobilibus
2709 1828 2766 1881 et
2786 1821 3209 1889 immobilibus,
3230 1838 3297 1877 ac
3314 1837 3443 1877 sese
3465 1819 3860 1876 moventibus

2195 1915 2503 1973 molestare
2534 1932 2601 1971 ac
2645 1914 2945 1978 divertere,
2997 1914 3101 1967 aut
3138 1910 3467 1983 inquietare
3515 1908 3749 1965 audeat.
3789 1909 3861 1963 Si

2194 2006 2329 2079 quis
2358 2021 2494 2078 ergo
2527 2007 2729 2061 contra
2756 2002 2937 2073 hujus
2970 2000 3157 2057 nostri
3203 1997 3506 2072 apostolici
3547 1996 3861 2070 privilegii

2196 2094 2545 2151 decretalem
2567 2098 2784 2148 temere
2804 2106 2971 2163 agere
2990 2088 3317 2155 tentaverit,
3338 2087 3425 2143 vel
3446 2102 3858 2159 prasumpse-

2196 2184 2356 2250 serit,
2389 2182 2731 2239 auctoritate
2770 2182 2984 2236 sancta
3006 2181 3062 2234 et
3083 2176 3397 2232 individua
3432 2174 3763 2246 Trinitatis,
3789 2178 3860 2231 et

2199 2274 2496 2328 beatorum
2548 2268 2943 2343 apostolorum
2992 2266 3146 2323 Petri
3200 2270 3257 2321 et
3300 2263 3467 2320 Pauli
3511 2270 3569 2320 et
3614 2268 3855 2333 nostra,

2196 2366 2485 2435 perpetua
2532 2356 2960 2416 maledictionis
3018 2353 3377 2412 anathemati
3425 2368 3487 2409 se
3532 2353 3857 2425 subjacere

2195 2450 2436 2516 noverit,
2462 2450 2643 2505 donec
2659 2447 3009 2520 resipiscens
3030 2443 3394 2501 satisfecerit.
3421 2442 3668 2515 Insuper
3686 2458 3856 2499 com-

2195 2541 2499 2613 positurus
2521 2538 2732 2594 existat
2751 2535 3059 2593 duodecim
3081 2532 3262 2589 libras
3283 2531 3431 2599 auri,
3464 2529 3854 2588 medietatem

2197 2631 2396 2685 nostro
2418 2643 2583 2684 sacro
2611 2624 2851 2699 palatio,
2880 2623 3253 2680 medietatem
3301 2620 3415 2693 ipsi
3459 2620 3851 2677 monasterio.

2197 2718 2303 2783 Qui
2350 2733 2484 2773 vero
2534 2716 2629 2789 pio
2678 2714 2871 2771 studio
2919 2713 3071 2769 hanc
3115 2711 3421 2768 observare
3470 2707 3738 2778 voluerit,
3792 2714 3856 2766 et

2198 2807 2505 2879 prafatum
2550 2804 2972 2861 monasterium
3022 2802 3081 2857 in
3132 2799 3292 2856 nulla
3338 2815 3447 2854 sua
3483 2797 3721 2869 justitia
3750 2798 3853 2879 vel

2196 2898 2372 2953 rebus
2420 2894 2544 2951 suis
2593 2892 2968 2960 fraudaverit,
3018 2890 3137 2948 sive
3184 2888 3307 2962 qui,
3358 2885 3410 2943 ei
3457 2878 3853 2944 reverentiam

2196 2985 2442 3053 habens,
2474 3000 2579 3057 pro
2608 2983 2724 3039 Deo
2754 2982 2825 3038 de
2855 2979 2980 3038 suis
3028 2976 3249 3051 aliquid
3298 2972 3629 3043 contulerit,
3662 2976 3853 3032 bene-

2196 3073 2470 3130 dictionis
2509 3071 2757 3146 gratiam
2801 3087 2835 3125 a
2880 3067 3125 3125 Domino
3174 3065 3291 3122 Deo
3337 3067 3757 3137 consequatur,
3790 3069 3856 3121 et

2198 3179 2300 3235 per
2315 3162 2668 3234 clavigerum
2686 3157 3010 3232 principem
3030 3154 3380 3227 calijanuas
3400 3154 3565 3226 regni
3588 3151 3850 3211 calcatis

444 3241 656 3298 veniat.
684 3244 855 3303 Porro
888 3250 1232 3321 oblationes,
1262 3253 1451 3309 eidem
1485 3252 1837 3308 monasterio
1869 3248 2086 3305 collata
2117 3237 2160 3305 C
2200 3252 2489 3308 introduci
2518 3253 2831 3305 mereatur.

449 3332 572 3386 tam
601 3351 706 3406 pro
734 3340 880 3395 vivis
913 3357 1088 3412 quam
1120 3360 1224 3415 pro
1250 3344 1565 3411 defunctis,
1616 3359 1648 3397 a
1679 3340 1837 3396 nullo
1866 3338 2091 3410 episco-

451 3436 657 3491 POPUm
686 3439 1095 3508 pervadantur,
1130 3438 1230 3495 scd
1261 3455 1329 3493 ex
1357 3436 1583 3507 integro
1622 3431 1931 3505 proﬁciant
1960 3444 2091 3482 mo-

446 3530 685 3586 nasterii
708 3528 1062 3585 utilitatibus
1083 3546 1148 3585 ac
1171 3529 1420 3583 fratrum
1443 3521 1907 3580 necessitatibus.
1928 3517 2089 3574 Deci-

440 3636 548 3675 ma
606 3623 803 3676 autem
860 3620 1124 3691 ejusdem
1198 3614 1535 3672 monasterii
1595 3613 1655 3667 in
1715 3608 2086 3681 susceptione

439 3709 739 3781 hospitum
765 3713 821 3765 et
849 3708 1291 3782 peregrinorum
1339 3704 1411 3760 ad
1464 3706 1688 3775 portam
1737 3698 1925 3772 ipsius
1956 3713 2082 3752 mo-

439 3800 680 3855 nasterii
712 3798 1105 3854 conferantur.
1148 3794 1464 3851 Servitium
1517 3806 1770 3864 quoque,
1818 3792 1875 3845 et
1925 3786 2081 3858 quod

436 3888 755 3959 vulgariter
775 3888 975 3943 dicunt
996 3887 1285 3955 foderum,
1306 3899 1411 3939 nec
1431 3878 1788 3954 imperatori,
1810 3892 1915 3932 nec
1937 3875 2078 3949 regi,

438 3994 545 4035 nec
595 3976 942 4042 marchioni,
1001 3992 1106 4031 nec
1170 3973 1344 4030 alicui
1414 3969 1722 4026 hominum
1781 3966 1955 4022 liceat
2011 3982 2081 4021 ex

435 4069 638 4126 eodem
669 4065 1047 4133 monasterio,
1079 4069 1181 4120 aut
1210 4079 1279 4118 ex
1325 4058 1675 4133 pertinentia
1721 4057 1851 4127 ejus
1882 4054 2078 4127 requi-

438 4172 586 4222 cere,
617 4157 728 4212 nisi
761 4154 870 4210 soli
909 4158 1120 4210 nostra
1153 4149 1483 4223 apostolica
1533 4146 1679 4202 sedi.
1726 4147 1990 4217 Insuper,
2023 4146 2080 4199 et

435 4244 515 4301 ibi
538 4244 770 4316 sepeliri
791 4257 1161 4315 nequaquam
1187 4238 1491 4312 prohibeat
1504 4238 1821 4291 mortuum.
1840 4235 2077 4304 Episco-

436 4351 547 4407 pus
576 4350 709 4390 vero
740 4330 1007 4404 publicas
1038 4329 1271 4394 missas,
1304 4331 1362 4381 et
1398 4324 1708 4380 stationem
1741 4321 1959 4378 ibidem
1992 4321 2075 4377 fa-

436 4439 563 4481 cere
594 4440 711 4479 non
741 4420 972 4487 audeat,
1006 4417 1120 4473 nisi
1149 4417 1221 4472 ab
1251 4415 1462 4471 abbate
1499 4412 1686 4486 ipsius
1735 4409 2077 4467 monasterii

435 4512 609 4571 fuerit
637 4510 938 4576 invitatus,
972 4524 1064 4574 ne,
1098 4507 1251 4563 sicut
1291 4506 1497 4561 beatus
1543 4500 1857 4574 Gregorius
1881 4500 1983 4566 ait,
2015 4499 2074 4554 in

436 4617 736 4661 servorum
786 4598 887 4655 Dei
936 4596 1266 4654 secessibus
1310 4592 1428 4650 ulla
1474 4590 1699 4649 occasio
1747 4591 2075 4663 prabeatur
2103 4608 2149 4673 Β

432 4691 815 4767 popularibus
864 4686 1282 4753 conventibus;
1329 4688 1386 4739 et
1431 4679 1818 4752 simpliciores
1866 4694 1935 4734 ex
1963 4678 2073 4733 hoc

433 4783 631 4839 anima
660 4780 1004 4854 plerumque
1035 4773 1196 4847 (quod
1220 4774 1363 4829 absit
1390 4772 1429 4843 !)
1466 4770 1527 4825 in
1579 4767 1920 4825 scandalum
1951 4772 2071 4822 tra-

432 4873 533 4929 hat
564 4868 917 4944 frequentior
946 4881 1178 4939 quoque
1210 4862 1524 4918 mulierum
1569 4858 1866 4914 introitus.
1907 4857 2070 4923 Quod

430 4964 479 5020 si
510 4961 810 5027 invitante,
834 4956 921 5013 vel
950 4960 1241 5012 annuente
1269 4951 1497 5015 abbate,
1520 4948 1829 5020 episcopus
1853 4946 2069 5000 ibidem

429 5051 644 5108 missas
664 5047 929 5122 publicas
962 5045 1149 5101 facere
1178 5040 1442 5106 voluerit,
1476 5038 1570 5094 his
1596 5040 1826 5093 tantum
1861 5034 2070 5089 diebus

426 5142 487 5197 id
516 5144 672 5213 agat,
695 5137 918 5194 scilicet
939 5132 1196 5191 secunda
1224 5128 1367 5186 feria
1405 5126 1660 5193 Pascha,
1681 5129 1738 5182 et
1766 5126 2069 5213 beatorum

426 5212 578 5286 Petri
608 5233 666 5284 et
693 5225 855 5282 Pauli
881 5222 1173 5280 Natalitiis
1197 5239 1211 5289 ;
1236 5219 1336 5276 sed
1367 5216 1561 5273 nullas
1582 5216 1718 5270 inde
1746 5212 2071 5269 oblationes

424 5316 594 5373 tollat
647 5316 793 5387 ipse,
852 5317 951 5369 aut
1006 5311 1219 5383 aliquis
1278 5307 1617 5364 clericorum
1675 5303 1826 5373 ejus,
1887 5301 2068 5358 invito

427 5404 655 5470 abbate,
690 5420 756 5459 ac
775 5402 1076 5458 fratribus.
1110 5398 1436 5456 Statuimus
1457 5408 1688 5467 quoque
1710 5394 1796 5462 ut,
1817 5391 2069 5447 obeunte

428 5489 999 5559 abbate‘jmonasterii
1022 5489 1232 5562 ipsius,
1256 5502 1359 5542 nec
1382 5484 1832 5556 episcopus,nec
1855 5480 2069 5553 aliquis

428 5576 775 5632 clericorum
804 5579 931 5646 ejus
980 5579 1039 5631 in
1091 5573 1513 5640 describendis,
1563 5570 2069 5642 pravidendisque

428 5659 753 5727 acquisitis,
786 5662 1272 5733 acquirendisque
1302 5660 1566 5731 ejusdem
1615 5659 1953 5716 monasterii
1977 5675 2067 5716 re-

2272 3340 2563 3412 Scriptum
2594 3353 2696 3409 per
2724 3350 2965 3390 manum
2998 3331 3297 3389 Octaviani
3327 3329 3639 3397 scriniarii,
3674 3334 3854 3388 nota-

2198 3430 2385 3502 riique
2415 3430 2626 3485 sancta
2659 3426 2931 3481 Romana
2962 3420 3251 3487 Ecclesia,
3273 3418 3334 3474 in
3357 3433 3559 3474 mense
3587 3418 3855 3477 Februa-

2198 3520 2304 3586 rio,
2332 3522 2391 3574 et
2418 3515 2735 3572 indictione
2761 3528 2864 3569 xu.
2897 3513 3049 3569 Bene
3076 3508 3281 3567 valete.

2265 3610 2477 3664 Datum
2509 3606 2704 3661 Roma
2732 3606 2931 3659 octavo
2955 3598 3156 3657 Kalen.
3190 3595 3405 3666 Martii,
3427 3611 3584 3651 anno
3608 3595 3851 3652 Domini

2192 3696 2407 3754 Christi
2442 3695 2598 3761 1059,
2630 3709 2733 3765 per
2780 3707 2992 3748 manus
3038 3684 3347 3767 Humberti
3390 3683 3532 3740 dicti
3575 3683 3849 3757 episcopi

2194 3790 2407 3843 sancta
2430 3780 2698 3840 Ecclesia
2739 3780 2907 3837 Silva
2952 3777 3246 3842 Candida,
3304 3777 3363 3831 et
3408 3770 3848 3829 bibliothecarii

2192 3879 2404 3933 sancta
2434 3875 2708 3930 Romana
2747 3875 2806 3928 et
2833 3867 3165 3942 apostolica
3214 3863 3391 3932 sedis,
3442 3877 3597 3918 anno
3642 3860 3845 3933 primo

2189 3964 2566 4038 pontiﬁcatus
2595 3959 2797 4017 domui
2827 3974 2990 4032 papa
3019 3953 3241 4012 Nicolai
3274 3953 3346 4020 II,
3384 3950 3703 4007 indictione
3729 3966 3841 4007 xu.

2979 4065 3046 4119 ΙΙ.

2189 4161 2409 4217 Nicolai
2440 4161 2491 4215 II
2541 4158 2747 4214 summi
2794 4152 3069 4227 pontiﬁcis
3126 4147 3279 4204 bulla
3308 4160 3441 4227 qua
3498 4146 3840 4227 magisteria

2255 4216 2448 4290 Sancti
2480 4229 2745 4286 Vincentiz'
2772 4216 2842 4281 (id
2876 4216 3220 4284 Vulturnum,
3268 4223 3318 4273 el
3356 4216 3561 4290 Ιορηηί
3587 4216 3681 4284 ιν,
3715 4216 3839 4288 ejus

2258 4286 2466 4371 abbati,
2494 4302 2682 4358 omnia
2711 4298 2866 4352 illzus
2898 4295 3037 4350 bona
3058 4299 3109 4348 et
3130 4291 3269 4362 jura
3293 4286 3608 4357 conﬁrmat.

2803 4385 2990 4457 (Anno
3027 4377 3210 4450 1059.)

2374 4480 2724 4552 [Memnon],
2758 4474 2881 4529 Rer.
2913 4470 3038 4527 Ital.
3070 4468 3268 4540 Scripl.
3302 4466 3345 4532 Ι,
3378 4481 3441 4536 ιι,
3472 4465 3528 4532 5,
3560 4462 3639 4533 4.]

2255 4589 2539 4644 ΝιοοιΑυε
2568 4582 2897 4655 episcopus,
2929 4592 3133 4633 servus
3180 4587 3481 4630 servorum
3521 4569 3645 4637 Dei,
3679 4568 3835 4626 dile-

2183 4681 2273 4734 cto
2305 4675 2420 4731 ﬁlio
2449 4674 2681 4738 JOANNI,
2714 4667 2910 4725 abbati
2931 4662 3277 4722 venerabilis
3295 4657 3638 4718 monasterii
3659 4657 3832 4715 Chri-

2182 4766 2257 4821 sti
2288 4761 2559 4835 martyris
2573 4755 2859 4813 Vincentii
2885 4770 3060 4827 super
3082 4753 3280 4826 ipsum
3308 4750 3528 4806 fontem
3548 4745 3834 4803 Vulturni

2181 4851 2449 4910 ﬂuminis
2477 4846 2813 4914 censtructi,
2847 4849 2905 4902 et
2932 4861 3035 4918 per
3064 4858 3199 4899 eum
3224 4838 3452 4897 cunctis
3473 4836 3831 4894 successori-

2178 4943 2290 4998 bus
2315 4942 2444 5012 ejus
2490 4935 2836 5009 regulariter
2882 4933 2953 4990 ad
3006 4931 3263 5004 regimen
3316 4924 3730 5002 promovendis
3763 4923 3826 4982 in

2180 5032 2549 5103 perpetuum.

2248 5114 2675 5174 Etsi-omnibus
2704 5111 3158 5170 sollicitudinem
3205 5110 3469 5164 nostram
3499 5106 3557 5160 et
3587 5105 3829 5175 aposto-

2176 5209 2298 5265 lica
2329 5206 2488 5263 sedis
2518 5204 2955 5261 munimentum
2987 5198 3333 5274 protendere
3372 5193 3678 5261 debemus,
3710 5193 3827 5266 piis

2174 5304 2373 5355 tamen
2402 5295 2568 5364 locis,
2599 5298 2656 5350 et
2684 5294 2973 5366 praecipue
3013 5289 3296 5362 religione
3343 5280 3669 5341 monastica
3698 5282 3823 5357 pol-

2177 5389 2454 5457 lentibus,
2490 5383 2886 5443 abundantius
2907 5377 3193 5454 quidquid
3216 5373 3450 5450 pietatis
3470 5376 3529 5429 et
3549 5370 3822 5430 utilitatis

2177 5492 2517 5554 possumus,
2539 5477 2831 5546 quatenus
2850 5487 2919 5527 ex
2940 5468 3035 5543 pia
3052 5466 3380 5541 provisione
3397 5459 3821 5519 canobitarum

2178 5548 2237 5626 in
2270 5570 2466 5624 futuro
2490 5562 2723 5635 plenam
2748 5559 3083 5617 mercedum
3108 5572 3242 5614 cum
3267 5554 3373 5623 eis,
3397 5555 3456 5608 et
3478 5565 3581 5624 pro
3600 5548 3687 5606 eis
3707 5548 3821 5606 Deo

2177 5658 2510 5724 miserante,
2556 5667 2907 5710 mercamus.
2959 5646 3207 5705 Proinde
3268 5639 3548 5702 benevola
3595 5640 3811 5699 conde-4
