3970 6218
237 381 396 454 1308

1409 381 1814 449 EPISTOL/E
1853 379 1954 444 ET
1999 377 2480 444 DIPLOMATA.

3486 379 3642 446 I306

239 521 550 582 scansione
578 521 903 577 annuentes
954 519 1333 592 petitionibus
1361 519 1501 586 tuis,
1543 517 1887 574 charissime
1915 515 1970 582 Α
2000 514 2166 571 ritate
2225 519 2572 583 restruxere,
2633 519 2690 570 et
2743 514 3060 592 privilegiis
3109 517 3442 591 apostolicis
3483 518 3643 575 sedis

239 613 352 679 ﬁli,
382 615 440 668 et
468 612 621 667 abba
643 610 900 666 Joannes
931 627 1033 682 per
1088 610 1239 665 hanc
1269 609 1597 680 apostolicaa
1630 606 1884 662 auctori-

240 703 381 760 tatis
402 699 750 758 decretalem
769 697 1394 771 paginam,secundum
1417 698 1572 768 quod
1592 697 1710 750 tuis
1732 700 1888 750 ante-

245 791 581 850 cessoribus
611 788 794 844 nostri
828 788 1030 843 fecisse
1063 791 1403 851 noscuntur,
1436 785 1812 842 concedimus
1833 789 1890 840 et

246 861 668 938 confirmamus
699 877 824 943 tibi,
859 878 1091 948 tuisque
1120 875 1556 932 successoribus
1580 881 1710 946 post
1732 880 1786 929 te
1809 889 1892 928 re-

246 969 532 1044 gulariter
552 965 962 1039 promovendis
984 965 1042 1018 in
1077 971 1418 1036 perpetuum
1441 966 1743 1036 praefatum
1767 981 1890 1017 mo-

249 1057 574 1115 nasterium
608 1053 766 1109 Beati
815 1052 1106 1107 Vincentii
1161 1053 1432 1124 martyris
1493 1054 1670 1107 situm
1719 1068 1895 1123 super

249 1148 447 1222 ipsum
477 1146 698 1200 fontem
731 1142 1078 1198 Vulturnum
1108 1141 1164 1196 in
1195 1141 1483 1197 territorio
1499 1142 1894 1196 Beneventano

251 1236 314 1291 in
346 1233 614 1307 partibus
642 1229 890 1288 Samnize
923 1247 1056 1284 cum
1079 1231 1354 1285 omnibus
1378 1229 1504 1284 suis
1529 1229 1896 1300 pertinentiis

252 1328 310 1381 et
337 1318 796 1390 cellis,videlicet
827 1319 1246 1374 monasterium
1279 1319 1434 1373 Beati
1468 1318 1618 1372 Petri
1650 1317 1895 1390 apostoli

253 1412 512 1488 positum
535 1411 706 1482 juxta
735 1409 978 1463 ﬂuvium
1009 1408 1266 1474 Sabbati,
1302 1406 1723 1462 monasterium
1756 1423 1898 1476 quo-

255 1518 369 1575 que
391 1499 756 1556 SanctiAdeo
775 1497 892 1552 dati
919 1497 1069 1551 intra
1090 1497 1566 1562 Beneventum,et
1593 1494 1900 1550 ecclesiam

255 1590 452 1647 Sancti
483 1586 764 1660 Stephani
814 1604 827 1652 ;
888 1584 1095 1640 cellam
1155 1585 1376 1640 Sancta:
1435 1585 1627 1639 Mariae
1658 1583 1718 1638 in
1778 1583 1902 1639 loco

259 1679 436 1747 Sano,
468 1681 574 1733 etc.
607 1675 992 1731 Concedimus
1037 1673 1333 1728 licentiam
1364 1673 1529 1728 vobis
1578 1672 1906 1744 vestrisque

260 1767 513 1842 posteris
533 1766 603 1820 ad
620 1763 824 1821 altaria
853 1763 1248 1819 consecranda
1276 1767 1331 1818 et
1355 1762 1595 1819 clericos
1624 1764 1682 1818 in
1716 1762 1907 1834 quoli—

1996 604 2199 659 merito
2229 605 2451 661 caeteris
2479 604 2752 661 caenobiis
2785 607 3172 677 pretulerunt,
3231 613 3405 680 atque
3437 614 3641 665 contra

1997 693 2683 766 quorunlibetsuspectas
2698 696 2940 766 injurias
2953 699 3642 758 efﬁcacitermunierunt.

1997 784 2253 847 Quorum
2287 800 2394 837 nos
2425 801 2597 839 sacrae
2619 786 2945 841 auctoritati
2969 789 3121 842 sicut
3150 793 3408 861 tempore
3441 796 3497 846 et
3518 792 3643 848 loco

2000 872 2482 939 succedimus,sic
2515 889 2712 928 eorum
2743 876 3022 946 exemplo,
3061 882 3126 932 ut
3157 883 3404 948 oportet,
3437 879 3640 935 inniti-

2002 968 2225 1028 mur,et
2250 961 2352 1015 her
2373 961 2549 1031 hujus
2574 968 2780 1016 nostra:
2804 965 3110 1020 decretalis
3134 969 3358 1038 paginas
3381 973 3642 1024 tenorem

2003 1051 2129 1118 tibi,
2154 1049 2530 1104 dilectissime
2562 1051 2641 1105 illi
2675 1052 2950 1119 Desideri,
2994 1071 3172 1125 quem
3205 1057 3475 1112 abbatem
3508 1075 3645 1114 con-

2005 1138 2382 1206 secravimus,
2406 1141 2782 1196 concedimus
2806 1145 3130 1200 secundum
3163 1146 3465 1218 privilegia
3494 1153 3652 1204 ante-

2006 1243 2304 1284 cessorum
2331 1233 2664 1283 nostrorum
2696 1234 2870 1301 atque
2910 1235 3412 1301 consuetudinem,
3448 1253 3652 1294 mona-

2009 1315 2254 1371 sterium
2285 1315 2421 1370 almi
2458 1317 2642 1372 Patris
2674 1320 2982 1386 Benedicti,
3035 1323 3214 1377 situm
3246 1329 3443 1380 monte
3475 1326 3650 1382 castri

2009 1404 2225 1469 Casini,
2259 1409 2647 1476 cunctamque
2676 1406 2865 1478 ipsius
2899 1412 3237 1466 monasterii
3270 1414 3655 1483 abbatiam,in

2010 1493 2236 1564 integro
2267 1510 2402 1548 cum
2435 1493 2597 1550 cellis
2629 1495 2774 1563 suis,
2835 1497 3110 1564 castellis,
3145 1501 3379 1571 pradiis
3410 1508 3467 1557 et
3497 1505 3657 1560 omni

2013 1599 2122 1639 sua
2151 1583 2518 1654 pertinentia,
2552 1589 2608 1638 et
2630 1585 2736 1639 hac
2771 1591 2972 1640 nostra
2994 1591 3336 1646 auctoritate
3357 1594 3662 1649 conﬁrma-

2015 1688 2148 1727 mus
2180 1676 2299 1727 tam
2332 1671 2388 1726 in
2424 1671 2639 1728 ﬁnibus
2672 1674 3231 1745 Beneventanorum,
3255 1679 3575 1751 Apulorum
3607 1686 3664 1738 et

2015 1760 2417 1826 Calabrorum,
2441 1778 2618 1832 quam
2641 1761 2814 1817 etiam
2841 1763 2898 1817 in
2924 1765 3140 1820 ﬁnibus
3167 1767 3491 1824 Marsorum
3527 1774 3583 1826 et
3603 1771 3662 1826 in

255 1858 357 1913 bet
383 1855 570 1928 gradu
600 1852 954 1908 ordinandos
985 1851 1232 1907 invitare
1253 1867 1429 1922 quem
1459 1851 1758 1907 volueritis
1785 1851 1902 1922 epi-
1938 1883 1986 1949 Β
2017 1849 2313 1949 marcbiis,
2347 1849 2466 1948 sive
2499 1850 2830 1949 ubicunque
2862 1852 3033 1949 longe
3080 1859 3136 1909 et
3167 1873 3346 1928 prope
3377 1857 3662 1915 hactenus

258 1960 525 2017 scopum.
543 1941 951 1998 Interdicimus
969 1940 1144 1995 etiam
1169 1957 1239 1994 ne
1257 1941 1390 2011 quis
1411 1941 1818 2011 episcoporum
1837 1957 1906 1996 ex

261 2033 467 2091 eodem
499 2029 850 2087 monasterio
883 2029 1152 2084 abbatem
1182 2028 1271 2084 vel
1306 2029 1660 2084 monachum
1694 2030 1908 2084 audeat

263 2123 336 2180 ad
369 2137 538 2177 suam
576 2119 866 2192 synodum
891 2134 1221 2190 provocare,
1251 2117 1337 2173 vel
1383 2117 1906 2173 excommunicare.

261 2212 549 2270 Jubemus
601 2223 836 2282 quoque
883 2207 1250 2262 concedendo
1298 2207 1461 2261 vobis
1509 2208 1914 2278 cujuscunque

264 2298 534 2356 Ecclesiae
567 2296 866 2362 clericum,
901 2295 951 2350 si
984 2296 1205 2350 venerit
1241 2297 1313 2350 ad
1358 2295 1816 2361 conversionem,
1850 2299 1915 2350 ut

266 2387 562 2462 recipiatis
618 2385 942 2442 secundum
1000 2385 1389 2440 monasticam
1420 2383 1910 2456 disciplinam.....

267 2477 612 2544 chrisma,et
635 2474 829 2531 oleum
852 2477 1122 2529 sanctum
1149 2473 1468 2544 acquiratis
1490 2491 1523 2528 a
1552 2472 1914 2544 beneplacito

268 2565 436 2623 vobis
467 2563 876 2637 episcopo,etc.
909 2562 966 2618 Si
1001 2562 1135 2633 quis
1165 2566 1384 2627 autem,
1417 2562 1570 2632 quod
1604 2578 1718 2616 non
1751 2566 1916 2634 opta-

271 2672 428 2720 mus,
461 2659 570 2710 etc.

341 2741 637 2814 Scriptum
657 2755 984 2813 permanus
1015 2738 1310 2795 Octaviani
1337 2738 1626 2794 scriniarii
1657 2740 1714 2795 S.
1752 2739 1817 2794 R.
1852 2740 1914 2794 Ε.

270 2831 504 2901 notarii,
538 2846 738 2886 mense
770 2828 998 2895 Martio,
1021 2832 1078 2884 et
1108 2827 1423 2882 indictione
1453 2844 1551 2883 xu.
1613 2829 1764 2883 Bene
1821 2845 1917 2884 va-

271 2922 405 2979 lete.

342 3011 556 3068 Datum
587 3006 803 3081 Spoleti
833 3025 887 3063 vx
919 3011 1114 3062 Nonas
1135 3005 1345 3074 Martii,
1379 3022 1531 3061 anno
1580 3005 1722 3061 Jesu
1753 3005 1918 3061 Chri-

273 3101 350 3158 sti
380 3099 539 3169 1059,
563 3113 667 3170 per
682 3113 894 3152 manus
913 3095 1219 3151 Humberti
1241 3099 1454 3150 sancta:
1467 3095 1735 3150 Ecclesia:
1755 3093 1919 3149 Silvae

270 3188 541 3247 Candidas
570 3184 847 3259 episcopi,
881 3201 1034 3240 anno
1065 3202 1082 3238 ι
1114 3185 1496 3240 Pontificatus
1527 3184 1724 3240 domni
1759 3201 1918 3255 papae

273 3277 497 3335 Nicolai
527 3274 790 3342 secundi,
819 3273 1134 3329 indictione
1163 3291 1263 3328 xu.

1043 3398 1139 3453 Ill.
1673 3447 1676 3450 .

272 3493 529 3551 Nicotaus
579 3492 634 3546 II
681 3506 829 3563 papa
867 3489 1168 3563 confirmat
1199 3487 1367 3563 bona,
1388 3503 1451 3542 ac
1477 3488 1772 3563 privilegia
1804 3503 1921 3541 om-

346 3566 447 3620 nia
511 3579 546 3616 a
602 3559 780 3618 Leone
810 3561 920 3616 PP.
954 3561 1021 3614 IX
1077 3559 1368 3614 Casinelzsz'
1422 3561 1760 3614 monasterio
1792 3575 1922 3614 con-

344 3651 512 3692 οδδεα.

881 3721 1071 3791 (Anno
1109 3720 1289 3786 1059.)

276 3813 731 3886 [(Ξοιιρυιι;ι.ιιι‹ε8,Δ
751 3809 1060 3886 Βαιιανηλζ,
1088 3809 1212 3886 4‘01,
1245 3823 1312 3886 ex
1353 3811 1578 3886 regesto
1595 3807 1758 3886 ‘Petri
1792 3807 1924 3864 Dia-

606 3880 756 3950 coni,
792 3897 955 3936 num.
990 3881 1076 3948 18,
1109 3879 1208 3936 lol.
1250 3880 1309 3932 t7
1341 3895 1374 3933 a
1403 3879 1609 3949 tergo.]

346 3989 636 4048 Nicouvs
662 3987 993 4062 episcopus,
1039 4002 1240 4043 servus
1271 4000 1572 4040 servorum
1604 3983 1723 4050 Dei,
1766 3985 1924 4040 DESI-

276 4096 448 4138 πηιο
474 4077 684 4135 dilecto
715 4077 834 4132 filio
874 4075 1071 4132 abbati
1099 4073 1449 4131 venerabilis
1491 4073 1735 4128 coenobii
1785 4073 1925 4128 almi

276 4168 465 4226 Patris
490 4166 809 4233 Benedicti,
838 4165 994 4237 quod
1054 4167 1431 4236 nuncupatur
1459 4162 1626 4217 Mons
1656 4161 1925 4230 Casinus,

272 4255 626 4328 cunctisque
655 4254 1095 4311 successoribus
1143 4253 1271 4324 ejus
1317 4250 1438 4306 illic
1478 4250 1823 4321 regulariter
1852 4251 1922 4306 ad

270 4345 535 4418 regimen
567 4342 1005 4416 promovendis,
1038 4341 1097 4396 in
1129 4346 1492 4414 perpetuum.

344 4432 660 4490 Pastoralis
691 4430 1110 4488 sollicitudinis
1143 4435 1354 4486 nostrae
1412 4430 1632 4485 bonum
1664 4427 1713 4482 si
1753 4428 1927 4484 debet

270 4522 602 4596 perspicere
631 4525 688 4578 et
717 4520 997 4593 proficere
1027 4520 1305 4576 omnibus
1335 4518 1511 4574 etiam
1543 4516 1836 4572 extraneis
1867 4521 1926 4572 et

2008 1941 2142 2011 jure
2167 1939 2284 1995 sibi
2310 1939 2559 2010 pertinet
2589 1939 2830 2010 aliquid,
2865 1942 2986 1998 sive
3045 1944 3330 2015 quidquid
3385 1947 3661 2020 deinceps

2018 2027 2233 2083 ubivis
2281 2029 2441 2098 juste
2491 2027 2847 2098 acquisierit.
2908 2031 2988 2085 Ad
3045 2031 3164 2086 haec
3216 2034 3530 2103 justitiam,
3574 2036 3663 2092 vel

2018 2115 2317 2188 quodlibet
2338 2116 2599 2172 debitum
2621 2117 2774 2188 quod
2797 2118 3261 2176 ofﬁcialesnostri
3291 2124 3440 2178 sacri
3463 2123 3666 2195 palatii

2020 2206 2258 2277 exigunt
2279 2223 2312 2260 a
2334 2206 2576 2261 navibus
2599 2207 2669 2260 ad
2696 2207 3045 2264 Romamum
3069 2215 3304 2280 portum
3325 2212 3667 2285 applieanti-

2021 2296 2162 2351 bus?
2188 2295 2363 2350 vestri
2392 2295 2628 2350 caenobii
2661 2295 2789 2350 navi
2849 2296 3126 2368 peculiari
3157 2305 3451 2370 gratanter
3510 2302 3661 2358 rela-

2022 2401 2231 2439 xamus
2254 2401 2266 2449 ;
2290 2388 2348 2438 et
2368 2383 2830 2456 quotiescunque
2857 2387 3098 2442 Romam
3114 2389 3183 2442 ad
3200 2390 3501 2445 servitium
3527 2409 3662 2446 san-

2024 2477 2128 2529 cta:
2157 2473 2426 2527 Romana:
2450 2472 2713 2528 Ecclesiae
2735 2475 3090 2541 veneritis,in
3117 2482 3318 2532 sancta
3339 2478 3666 2535 Jerusalem

2025 2560 2225 2633 palatii
2246 2559 2582 2616 Susurriani
2615 2561 2933 2634 hospitium
2962 2564 3266 2633 habeatis;
3311 2570 3368 2622 et
3399 2567 3668 2624 defuncto

2029 2649 2234 2705 abbate
2265 2649 2503 2716 ibidem,
2536 2656 2725 2706 vestra
2775 2651 2862 2706 vel
2889 2658 3216 2709 vestrorum
3261 2671 3669 2713 successorum

2028 2737 2306 2792 electione
2337 2738 2518 2793 abbas
2567 2739 2975 2810 constituatur,
3009 2759 3041 2796 a
3089 2743 3347 2799 Romano
3397 2745 3672 2816 pontifice

2031 2825 2483 2896 consecrandus,
2516 2833 2856 2884 conservato
2886 2829 3050 2885 vobis
3084 2832 3410 2904 vestrisque
3441 2851 3672 2890 succes-

2030 2915 2264 2970 soribus
2295 2914 2686 2986 privilegium,
2705 2921 2824 2972 tam
2855 2921 3009 2990 quod
3032 2937 3100 2974 ex
3121 2921 3251 2975 navi
3275 2926 3670 2995 vestra,quam

2032 3003 2184 3075 quod
2215 3019 2284 3058 ex
2312 3003 2440 3074 ipsa
2469 3003 2763 3060 destructa
2779 3005 3114 3074 ecelesia,ut
3143 3009 3229 3064 vel
3257 3011 3340 3066 sic
3365 3017 3674 3069 restruere-

2030 3093 2454 3163 tur,proximus
2484 3095 2756 3150 decessor
2785 3100 2982 3152 noster
3011 3103 3250 3154 sanctus
3281 3101 3390 3156 Leo
3423 3102 3678 3157 firmavit

2032 3181 2228 3235 abbati
2261 3181 2547 3237 Richerio.
2583 3183 2763 3239 Usum
2784 3202 3016 3257 quoque
3040 3187 3438 3244 sandaliorum
3471 3194 3527 3245 et
3557 3189 3677 3245 dal-

1953 3249 1995 3315 (ἶ
2035 3271 2256 3325 matica:
2279 3272 2548 3341 quamvis
2568 3273 2703 3343 jure
2725 3249 3118 3332 cardinalatus
3140 3278 3224 3332 tui
3255 3279 3326 3334 ab
3359 3277 3678 3350 apostolica

2031 3359 2168 3414 sede
2199 3360 2545 3431 perceperis,
2571 3377 2604 3414 a
2625 3361 2792 3416 nobis
2814 3365 3008 3418 tamen
3032 3365 3136 3418 tibi
3170 3371 3225 3420 et
3245 3365 3371 3420 loco
3401 3368 3678 3439 deinceps

2031 3447 2090 3501 in
2125 3447 2544 3519 principalibus
2569 3449 2731 3504 festis
2753 3455 2983 3506 tantum
3002 3453 3380 3509 concedimus
3406 3456 3476 3510 ad
3501 3456 3678 3511 hono-

2031 3534 2377 3590 rificentiam
2410 3540 2529 3590 tam
2561 3539 2905 3594 venerabilis
2935 3541 3201 3607 eoenobii,
3235 3546 3292 3596 et
3322 3543 3395 3596 ob
3422 3543 3678 3600 dilectio-

2033 3639 2165 3678 nem
2198 3623 2303 3689 tui,
2336 3625 2659 3680 secundum
2693 3627 2847 3698 quod
2877 3629 3151 3699 praefatus
3173 3631 3446 3686 decessor
3478 3637 3678 3689 noster

2031 3715 2130 3768 tuo
2158 3712 2393 3784 pratfato
2424 3714 2731 3769 concessit.

2105 3803 2383 3857 Prazterea
2406 3803 2855 3862 corroboramus
2867 3805 2968 3862 tibi
2983 3807 3218 3880 tuisque
3234 3811 3679 3869 successoribus

2031 3890 2092 3947 in
2124 3891 2284 3947 omni
2314 3897 2596 3947 conventu
2627 3893 3034 3966 episcoporum
3065 3900 3121 3952 et
3143 3897 3472 3970 principum
3505 3915 3680 3971 supe-

2034 3981 2247 4037 riorem
2279 3981 2338 4036 in
2369 3980 2642 4037 omnibus
2674 3983 2982 4040 abbatibus
3020 3987 3238 4053 sedem,
3263 3987 3393 4042 etin
3417 3987 3680 4044 conciliis

2035 4073 2091 4125 et
2116 4069 2352 4141 judiciis
2402 4070 2652 4142 priorem
2685 4072 2768 4126 tui
2819 4074 3041 4130 ordinis
3074 4075 3414 4132 hominibus
3446 4080 3678 4132 senten-

2037 4158 2176 4218 tiam
2210 4176 2313 4231 pro
2344 4161 2662 4216 reverentia
2691 4163 2835 4216 tanti
2868 4161 3000 4231 loci,
3021 4163 3119 4236 qui
3151 4165 3408 4236 primum
3438 4170 3495 4220 et
3515 4181 3677 4221 sum-

2036 4265 2202 4304 mum
2236 4248 2570 4304 monasticae
2602 4248 2994 4323 legislatorem
3028 4254 3220 4309 vivum
3270 4260 3327 4310 et
3379 4258 3679 4310 mortuum

2036 4335 2284 4392 retinere
2308 4339 2627 4408 promeruit
2649 4357 2662 4407 ;
2683 4339 2901 4412 quique
2919 4342 3105 4413 ipsius
3128 4342 3518 4415 legislatorem
3543 4344 3683 4399 scri-

2036 4429 2156 4497 pto,
2189 4427 2362 4481 verbo
2394 4430 2452 4481 et
2481 4428 2742 4500 exemplo
2773 4430 3089 4486 coenobiale
3118 4432 3482 4504 propositum
3503 4448 3682 4504 appe-

2034 4513 2297 4580 tendo,in
2329 4518 2448 4570 toto
2471 4517 2692 4570 mundo
2715 4517 2834 4572 sole
2859 4518 3072 4575 clarius
3095 4520 3388 4577 evibravit.
3403 4519 3680 4577 Defuncto

266 4609 630 4684 longinquis,
665 4608 853 4665 multo
885 4609 1076 4680 magis
1103 4606 1442 4663 domesticis
1464 4611 1522 4661 et
1551 4605 1921 4677 propinquis.
1957 4620 2004 4684 D
2037 4606 2234 4657 autem
2266 4603 2496 4670 abbate,
2530 4621 2596 4660 ex
2619 4623 2746 4661 sese
2770 4607 2898 4679 ipsa
2927 4612 3317 4682 congregatio,
3353 4611 3680 4666 secundum

268 4699 421 4774 Ipsis
453 4698 670 4772 quippe
698 4703 833 4771 post
862 4697 1178 4753 Dominum
1212 4695 1467 4751 secundo
1507 4693 1692 4766 gradu
1723 4693 1923 4748 admo-

265 4787 456 4846 venda
475 4792 566 4844 est
593 4785 910 4843 invisibilis
933 4786 1214 4853 charitas,
1247 4789 1310 4840 ut
1329 4799 1430 4856 per
1459 4800 1559 4839 eos
1587 4781 1745 4838 velut
1769 4799 1924 4853 quae--

270 4878 407 4934 dam
419 4875 664 4933 visibilis
676 4876 910 4932 ﬂamma
925 4875 1214 4947 gradatim
1232 4874 1302 4930 ad
1318 4871 1925 4943 remotiorcsquosque

271 4965 586 5022 discurrat.
616 4964 734 5021 Piis
763 4980 900 5036 ergo
931 4963 1073 5020 locis
1104 4967 1160 5019 et
1203 4963 1396 5019 divina
1426 4960 1704 5034 religione
1751 4976 1925 5016 vene-

267 5054 556 5112 rabilibus
587 5054 792 5110 debitae
813 5051 1231 5109 consolationis
1253 5055 1310 5107 et
1338 5049 1696 5106 defensionis
1725 5065 1923 5122 porre-

267 5144 418 5202 cturi
447 5159 679 5212 manus,
709 5141 877 5198 illum
901 5142 1124 5198 caeteris
1147 5141 1573 5213 przsferendum
1596 5156 1710 5196 non
1744 5138 1926 5193 ambi-

267 5233 466 5308 gimus
496 5248 671 5304 quem
703 5230 1040 5287 monasticae
1061 5246 1278 5286 normae
1305 5233 1533 5285 constat
1553 5245 1682 5284 esse
1713 5227 1926 5300 princi-

266 5321 398 5395 pale
427 5320 824 5395 gymnasium,
858 5324 916 5376 et
943 5324 1157 5376 sanctae
1190 5319 1462 5374 Romanas
1493 5322 1549 5374 et
1588 5315 1922 5388 apostolica:

269 5411 396 5469 sedi
427 5410 809 5483 contiguum;
844 5425 1019 5481 quem
1047 5409 1200 5466 cives
1231 5406 1499 5472 Romani,
1542 5411 1734 5479 patres
1763 5407 1922 5463 vide-

267 5499 406 5556 licet
434 5497 629 5555 eximii
660 5498 1035 5568 Benedictus,
1095 5498 1334 5552 Maurus
1365 5500 1423 5550 et
1479 5495 1750 5552 Placidus
1789 5513 1924 5552 cum

270 5586 572 5645 nonnullis
587 5586 720 5644 allis
751 5586 1095 5655 fundarunt,
1115 5600 1426 5657 quemque,
1452 5601 1486 5639 a
1515 5583 1791 5656 gentibus
1823 5586 1924 5642 de-

270 5680 586 5746 structum,
604 5675 852 5737 Romani
873 5675 1180 5748 pontiﬁces
1197 5672 1584 5731 nihilominus
1597 5690 1708 5733 sua
1729 5678 1924 5735 aucto-

2035 4691 2240 4746 sanius
2261 4692 2574 4747 consilium
2607 4696 2941 4766 sapientum
2969 4704 3026 4754 et
3081 4701 3380 4756 seniorum
3409 4701 3675 4768 fratrum,

2036 4777 2147 4834 sibi
2179 4778 2450 4834 abbatem
2489 4779 2684 4851 eligat,
2739 4788 2796 4836 et
2843 4786 3170 4854 apostolica:
3202 4788 3357 4844 sedis
3415 4787 3679 4860 pontiﬁci

2036 4865 2394 4921 ﬁrmandum
2439 4871 2496 4921 et
2525 4872 2987 4928 consecrandum
3022 4875 3310 4933 exhibeat.
3370 4877 3483 4934 Nec
3515 4876 3685 4934 aliter

2034 4955 2113 5010 ibi
2153 4954 2335 5010 abbas
2357 4955 2769 5023 constituatur,
2795 4964 2896 5014 aut
2917 4960 3306 5021 aliundeilluc
3331 4967 3684 5022 intromitta-

2035 5043 2272 5112 tur,nisi
2304 5043 2449 5098 forte
2470 5060 2539 5098 ex
2563 5061 2626 5100 se
2648 5045 2902 5117 aliquem
2925 5053 3090 5105 tanto
3114 5053 3384 5124 regimini
3404 5055 3680 5112 idoneum

2035 5150 2151 5190 non
2181 5131 2514 5200 habuerint,
2537 5138 2594 5188 et
2623 5134 2694 5188 ob
2727 5135 2783 5189 id
2809 5137 3026 5192 saniori
3067 5139 3309 5196 consilio
3339 5147 3679 5199 extraneum

2035 5223 2148 5280 sibi
2203 5221 2503 5294 elegerint.
2562 5223 2972 5294 Porro,prazter
3019 5242 3318 5282 summum
3349 5230 3678 5300 apostolicis

2035 5312 2190 5370 sedis
2224 5309 2553 5384 praesulem,
2587 5311 2899 5382 cujuslibet
2927 5313 3194 5371 Ecclesia:
3225 5317 3564 5390 episcopum
3589 5318 3676 5372 vel

2035 5402 2394 5460 sacerdotem
2440 5402 2498 5457 in
2556 5401 2794 5474 praefato
2852 5405 3206 5462 monasterio
3262 5406 3352 5463 vel
3409 5407 3467 5462 in
3517 5406 3677 5462 cellis

2035 5493 2223 5566 ipsius
2241 5491 2596 5548 deditionem
2619 5492 2940 5564 quamlibet
2960 5495 3070 5551 sibi
3087 5514 3436 5569 prmsumere
3460 5498 3566 5552 bac
3582 5515 3675 5550 no-

2035 5589 2157 5642 stra
2186 5583 2594 5641 interdicimus
2626 5583 3004 5642 auctoritate:
3031 5587 3109 5642 ita
3138 5593 3202 5644 ut
3229 5588 3341 5644 nisi
3373 5589 3444 5644 ab
3469 5588 3674 5642 abba'e

2035 5675 2211 5735 fuerit
2256 5675 2556 5750 invitatus,
2581 5691 2685 5734 nec
2735 5673 3054 5737 missarum
3084 5678 3370 5738 solemnia
3403 5679 3496 5736 init
3529 5679 3537 5688 ‘
