3970 6218
1130 302 1161 322 κ

287 350 315 416 1
327 351 442 420 307

1615 353 1932 420 NICOLAI
1973 352 2028 419 ῙῙ
2073 355 2320 420 ΡΛΡΕ.

3523 344 3692 417 1308

282 492 418 548 deat
446 490 756 555 celebrare,
787 488 910 560 sed,
959 493 1180 546 remota
1210 493 1265 546 et
1295 491 1633 564 propulsata
1661 491 1920 564 qualibet
1948 493 2001 558 Α
2031 492 2306 549 omnibus
2336 492 2736 565 pertinentiis;
2791 509 2895 551 nec
2951 509 3064 550 non
3121 493 3178 550 et
3232 487 3538 549 castellum
3572 487 3686 562 qui

283 580 660 652 oppressione
701 579 1226 636 ecclesiasticarum
1260 580 1346 636 vel
1398 581 1765 637 saecularium
1792 597 1922 652 per-

282 687 581 734 sonarum,
613 669 763 723 sicut
786 669 1066 725 hactenus
1099 672 1333 737 mansit,
1356 689 1388 726 a
1421 672 1687 742 praesenti
1713 672 1925 726 duode-

279 759 431 812 cima
460 757 774 812 indictione
798 759 905 813 hoc
933 764 1129 816 nostro
1154 761 1451 832 privilegio
1485 761 1542 815 in
1578 768 1920 832 perpetuum

278 847 540 919 quietum
589 854 644 901 et
677 848 951 914 liberum,
1002 851 1068 904 ad
1106 851 1400 905 servitium
1435 857 1490 906 et
1523 851 1767 923 gloriam
1823 851 1923 906 Dei

278 943 530 1000 maneat,
571 938 680 991 sub
713 938 1046 993 defensione
1077 945 1132 993 et
1157 942 1288 1009 jure
1322 947 1532 994 sancta:-
1568 941 1836 995 ltomanac
1869 947 1925 996 et

275 1026 606 1098 apostolica:
640 1026 816 1089 sedis,
850 1044 981 1080 cum
1013 1029 1136 1080 suis
1171 1029 1464 1082 omnibus.

349 1116 426 1169 Ex
449 1114 662 1185 quibus
685 1117 1025 1169 summatim
1051 1122 1105 1170 et
1129 1118 1479 1187 generaliter
1503 1120 1778 1172 omnibus
1802 1118 1921 1173 hmo

276 1205 623 1259 nominatim
657 1208 711 1257 et
744 1205 1076 1276 specialiter
1109 1211 1333 1260 tantum
1368 1207 1496 1260 istic
1525 1208 1916 1277 digessimus:

277 1295 336 1348 In
372 1293 577 1365 primis
612 1294 1029 1348 monasterium
1056 1294 1282 1348 Domini
1319 1295 1633 1350 Salvatoris
1665 1295 1916 1365 positum

273 1383 343 1438 ad
371 1384 556 1454 ipsius
580 1383 782 1454 pedem
802 1384 1043 1449 montis;
1065 1389 1240 1453 atque
1258 1383 1677 1437 monasterium
1694 1385 1918 1438 Sancta:

273 1473 366 1528 Dei
398 1471 696 1544 genitricis
727 1476 783 1526 et
814 1471 1052 1540 virginis
1076 1472 1285 1537 Marim,
1321 1473 1417 1542 qui
1456 1478 1692 1526 vocatur
1725 1471 1919 1527 Plum-

2033 587 2272 637 vocatur
2302 583 2727 649 Lastinianum,
2759 589 2815 640 et
2840 584 2953 640 alia
2982 585 3094 639 tria
3120 582 3372 648 castella,
3417 583 3682 636 montem

2032 671 2300 739 Alberici,
2324 673 2633 740 Mucelam,
2669 675 2726 730 8.
2751 673 2963 740 Quirici
2986 691 3116 729 cum
3152 676 3318 746 portu
3343 673 3541 727 decem
3577 686 3685 724 na-

2034 761 2212 827 vium,
2248 779 2378 833 quze
2423 764 2537 818 duo
2567 763 2997 818 Trasimundus
3039 779 3234 818 comes
3265 761 3422 816 ﬁlius
3452 757 3682 814 Altonis

2035 850 2201 904 beato
2234 852 2541 907 Benedicto
2573 853 2630 906 in
2666 859 2861 907 monte
2905 851 3109 907 Casi‘no
3141 850 3309 922 legali
3368 847 3681 903 donatione

2033 944 2086 992 et
2111 940 2444 995 chartarum
2479 943 2877 996 monumentis
2899 941 3174 1006 contulit;
3211 939 3449 994 tertium
3483 941 3682 991 autem

2035 1028 2339 1082 castellum
2358 1029 2762 1098 Frisam,quod
2781 1028 3403 1100 praefatiTransmundi
3423 1039 3680 1095 uxorpro

2032 1117 2228 1172 anima
2257 1135 2382 1182 sua,
2417 1118 2814 1172 consentiente
2844 1117 2964 1171 viro
2998 1134 3127 1182 suo,
3155 1118 3211 1172 S.
3239 1118 3550 1173 Benedicto
3581 1117 3682 1170 ob-

2033 1205 2204 1270 tulit;
2241 1207 2297 1260 8.
2329 1207 2497 1260 Justa
2529 1206 2742 1260 ibidem
2768 1205 2971 1260 cellam
3000 1207 3056 1259 8.
3095 1207 3286 1261 Focati
3322 1207 3380 1261 in
3413 1205 3674 1271 Alarino,

2028 1294 2083 1347 8.
2119 1294 2343 1365 Georgii
2374 1294 2430 1347 in
2490 1293 2791 1360 Termole;
2828 1293 3035 1348 cellam
3085 1294 3143 1348 8.
3204 1294 3558 1349 Liberatoris
3619 1294 3680 1348 in

2030 1381 2288 1436 Marchia
2343 1399 2476 1436 cum
2509 1381 2898 1453 quadraginta
2954 1381 3135 1448 cellis,
3170 1382 3228 1435 8.
3270 1381 3584 1437 Salvatoris
3616 1382 3679 1436 in

2027 1472 2202 1535 Tabe,
2265 1472 2323 1525 8.
2370 1471 2736 1526 Scholasticze
2787 1471 2845 1525 in
2913 1469 3116 1537 Pinne,
3175 1471 3232 1525 S.
3296 1470 3533 1525 Martini
3613 1470 3673 1524 in

272 1559 474 1617 barola
501 1579 513 1625 ;
550 1562 648 1614 sed
683 1565 741 1615 et
784 1561 1088 1615 castellum
1121 1561 1178 1621 S.
1217 1561 1368 1615 Petri
1404 1561 1472 1615 ad
1501 1563 1702 1632 pedem
1735 1562 1921 1633 ipsius
2030 1559 2246 1623 Salina,
2269 1561 2326 1614 8.
2351 1560 2569 1614 Nicolai
2601 1560 2659 1614 in
2691 1563 2940 1630 Apruxo,
2969 1560 3025 1613 8.
3052 1558 3255 1629 Angeli
3286 1559 3345 1613 in
3368 1559 3675 1625 Maranuo,

273 1649 674 1720 montis,quod
699 1649 1047 1721 abantiquis
1071 1650 1290 1704 dictum
1317 1655 1404 1704 est
1426 1655 1681 1705 castrum
1705 1651 1919 1717 Casini,

273 1755 375 1792 nec
409 1754 520 1792 non
549 1742 604 1792 et
630 1737 934 1792 castellum
971 1739 1028 1791 S.
1064 1737 1266 1809 Angcli
1311 1757 1323 1806 ;
1357 1739 1661 1794 castellum
1697 1739 1795 1810 qui
1827 1757 1923 1793 vo-

2033 1664 2167 1703 cum
2199 1649 2473 1703 omnibus
2529 1647 2690 1702 cellis
2749 1648 2874 1702 suis
2929 1651 3263 1702 sanctorum
3307 1651 3530 1718 septem
3561 1647 3684 1702 fra-

2034 1744 2231 1804 trum;
2289 1738 2348 1791 S.
2406 1737 2724 1804 Laurentii,
2774 1741 2828 1790 et
2868 1738 2922 1788 8.
2974 1734 3267 1790 Benedicti
3319 1735 3378 1789 in
3434 1736 3678 1805 Truuto,

274 1830 440 1882 catur
471 1826 1202 1893 Piniataro,etJunctura;
1237 1827 1538 1883 castellum
1579 1830 1637 1882 8.
1673 1829 1925 1898 Georgii,
1960 1861 2005 1925 Β
2036 1828 2094 1882 8.
2130 1825 2479 1898 Apollinaris
2513 1826 2569 1879 in
2606 1826 2820 1889 Firmo,
2856 1824 2914 1879 S.
2951 1821 3247 1925 Benedicti
3273 1822 3337 1925 in
3367 1823 3588 1925 Tisino,
3624 1829 3686 1924 et

271 1919 326 1970 et
358 1915 414 1970 8.
468 1915 840 1986 Apollinaris,
873 1919 928 1969 et
959 1917 1015 1970 8.
1044 1916 1363 1982 Ambrosii,
1399 1921 1453 1971 et
1560 1918 1798 1972 Andreae
1827 1933 1839 1970 :
1874 1921 1931 1971 et
1960 1915 2003 1925 “’
2037 1917 2096 1971 8.
2132 1915 2323 1971 Maria:
2355 1915 2411 1970 in
2462 1915 2774 1970 Arboscola
2825 1931 2836 1980 ;

272 2003 580 2059 castellum
608 2004 707 2076 qui
742 2011 984 2060 vocatur
1022 2004 1454 2077 Vallisfrigida:
1494 2005 1794 2061 castellum
1830 2007 1930 2076 qui

231 2121 234 2124 ~
274 2092 486 2148 dicitur
517 2095 747 2158 Bantra,
782 2098 837 2148 et
860 2094 916 2148 8.
945 2094 1103 2148 Petri
1135 2095 1191 2148 in
1226 2096 1332 2149 Hia
1358 2114 1369 2162 ;
1398 2100 1452 2149 8.
1487 2095 1933 2159 Victoris,Toro-

276 2181 496 2248 culum,
532 2183 807 2250 Cervaru,
847 2184 902 2237 S.
940 2183 1094 2248 Elize,
1129 2183 1686 2246 Vallemrotundam,
1748 2184 1933 2237 Bocca

275 2271 345 2325 de
381 2271 612 2337 Bontra,
647 2287 780 2325 cum
815 2271 1097 2324 omnibus
1130 2272 1255 2326 suis
1283 2271 1686 2342 pertinentiis;
1719 2270 1930 2324 castel-

282 2357 404 2412 lum
438 2359 536 2428 qui
571 2358 786 2412 dicitur
817 2357 1277 2422 Saraslniscum,
1310 2363 1365 2411 et
1386 2358 1685 2412 castellum
1714 2359 1770 2410 8.
1806 2359 1931 2412 Ste~

275 2447 448 2517 phani
480 2463 491 2510 ;
528 2443 734 2497 cellam
768 2444 995 2498 Sancta:
1018 2445 1208 2497 Maria:
1241 2444 1297 2497 in
1324 2444 1602 2498 Albaneta
1626 2463 1637 2508 ;
1665 2449 1719 2498 et
1749 2445 1806 2499 8.
1832 2445 1928 2498 Ni-

274 2533 417 2588 colai
445 2532 502 2586 in
549 2530 800 2596 Ciconia,
831 2533 888 2586 S.
926 2531 1212 2585 Benedicti
1244 2531 1303 2585 in
1354 2530 1495 2595 Clia,
1529 2533 1585 2587 S.
1619 2531 1819 2602 Angeli
1868 2531 1926 2587 in

276 2619 613 2686 Vallelucis,
646 2624 702 2675 et
732 2619 880 2675 cella
901 2619 1096 2674 Sancti
1142 2619 1444 2674 Michaelis
1489 2638 1502 2687 ;
1537 2620 1593 2674 in
1646 2621 1927 2675 comitatu

276 2709 600 2781 Aquinensi
637 2707 842 2764 cellam
872 2710 929 2763 S.
964 2708 1246 2780 Gregorii,
1281 2709 1336 2762 8.
1375 2709 1625 2764 Mauritii
1659 2714 1711 2764 et
1743 2713 1798 2762 8.
1834 2709 1930 2763 Ni-

274 2799 418 2854 colai
453 2800 509 2852 in
544 2798 693 2860 Pica,
745 2799 802 2852 S.
843 2798 1045 2870 Angeli
1082 2798 1136 2851 in
1171 2797 1516 2863 Cannuccio,
1551 2798 1608 2852 8.
1646 2799 1839 2852 Maria:
1872 2799 1930 2854 in

283 2887 501 2954 Barole,
530 2891 584 2942 et
624 2888 681 2940 8.
718 2887 866 2941 Petri
913 2887 970 2940 in
1003 2885 1234 2942 Ascleto
1281 2905 1293 2952 ;
1346 2888 1484 2941 item
1523 2888 1580 2941 in
1641 2888 1793 2943 Luca
1821 2888 1932 2943 cel-

280 2975 395 3031 lam
412 2977 468 3030 S.
485 2975 713 3046 Georgii
731 2991 908 3046 prope
930 2975 1290 3030 Posterulam
1319 2975 1933 3048 ;Wiriwalam,quam

285 3066 341 3120 S.
370 3065 675 3119 Benedicto
699 3063 995 3119 contulere
1019 3064 1263 3119 Enricus
1287 3069 1342 3120 et
1375 3065 1676 3121 Rolandus
1704 3067 1932 3134 fratres,

283 3159 497 3210 sanctm
531 3152 990 3208 conversationis
1025 3153 1292 3208 habitum
1329 3161 1693 3226 quaerentes:
1730 3155 1933 3212 cellam

2892 1911 3098 1967 cellam
3156 1914 3210 1963 S.
3273 1911 3563 1967 Benedicti
3623 1913 3680 1968 in

2041 2005 2375 2071 Marii,etS.
2407 2003 2658 2058 Cosmati
2686 2021 2698 2069 ;
2734 2000 2938 2056 cellam
2957 2000 3014 2053 8.
3040 1997 3242 2070 Angeli
3274 2000 3330 2053 in
3363 2000 3684 2074 Valleregia

2040 2111 2172 2149 cum
2206 2092 2460 2146 castellis
2493 2096 2546 2145 et
2576 2091 2851 2145 omnibus
2873 2088 2995 2142 suis
3020 2087 3418 2158 pertinentiis;
3446 2107 3546 2145 nec
3569 2107 3683 2145 non

2039 2187 2096 2236 et
2125 2179 2362 2235 castella
2395 2180 2452 2232 in
2486 2178 2763 2232 comitatu
2795 2178 3080 2233 Asculano
3124 2178 3180 2232 id
3215 2183 3304 2234 est
3332 2181 3601 2246 Octavus,
3630 2183 3689 2234 et

2039 2273 2169 2340 post
2191 2272 2446 2322 montem
2477 2266 2785 2321 Cinianum
2810 2272 2865 2322 et
2894 2269 3421 2336 Trivivillanum,et
3449 2268 3687 2334 Cavino,

2039 2357 2191 2428 quod
2227 2354 2523 2410 Bolandus
2556 2355 2613 2408 in
2639 2356 2874 2426 praefato
2896 2359 3249 2414 monasterio
3283 2374 3416 2413 cum
3450 2357 3574 2413 suis
3596 2373 3691 2412 ne-

2040 2444 2273 2516 potibus
2304 2443 2603 2511 obtulere;
2638 2443 2840 2499 cellam
2866 2447 2921 2500 S.
2955 2447 3156 2502 Jacobi
3191 2447 3247 2502 in
3281 2445 3524 2502 Tremiti
3551 2462 3686 2500 cum

2039 2531 2186 2604 ipsis
2219 2531 2470 2600 insulis;
2501 2533 2560 2587 in
2593 2531 2835 2588 Comino
2864 2533 3169 2590 castellum
3201 2536 3300 2606 qui
3333 2534 3548 2590 dicitur
3583 2534 3688 2588 Vi-

2039 2620 2226 2688 calbo,
2259 2637 2391 2676 cum
2425 2621 2701 2677 omnibus
2735 2623 2858 2678 suis
2888 2623 3279 2695 pertinentiis.

2114 2710 2212 2766 His
2244 2709 2423 2782 igitur
2451 2714 2506 2764 et
2537 2711 2810 2767 omnibus
2835 2729 2961 2783 qua:
2987 2715 3222 2784 praefato
3247 2713 3688 2785 coenobiojuste

2043 2800 2335 2865 pertinent
2388 2816 2702 2870 nunc,qua3
2733 2801 2791 2854 in
2845 2801 3039 2857 futuro
3082 2803 3243 2873 juste
3291 2803 3688 2875 pertinebunt,

2043 2889 2151 2944 sub
2178 2888 2360 2943 tutela
2391 2893 2446 2943 et
2476 2889 2737 2944 Romana
2768 2889 3032 2946 libertate
3081 2891 3188 2947 hoc
3219 2891 3518 2964 privilegio
3564 2908 3692 2964 per-

2043 2977 2369 3050 petualiter,
2385 2978 2455 3032 ad
2479 2978 2856 3049 temporalem
2877 2996 3176 3035 servorum
3190 2981 3288 3035 Dei
3312 2981 3691 3052 praesentium

2042 3066 2263 3122 scilicet
2293 3071 2467 3138 atque
2498 3067 2827 3122 futurorum
2882 3067 3159 3139 quietem,
3203 3070 3460 3138 statutis,
3515 3074 3692 3142 atque

2042 3155 2437 3220 conﬁrmatis;
2470 3154 2786 3225 apostolica
2809 3172 3076 3223 censura,
3111 3158 3221 3212 sub
3246 3158 3694 3230 interpositione

278 3245 334 3298 8.
385 3240 698 3307 Benedicti,
732 3246 788 3296 et
820 3242 876 3296 8.
937 3241 1308 3296 Scholasticze
1367 3244 1424 3297 in
1484 3245 1660 3299 Gaeta
1691 3246 1746 3299 8.
1807 3245 1927 3300 Ste-
1958 3227 2001 3294 C
2040 3243 2280 3298 districti
2307 3243 2694 3297 anathematis
2719 3247 2776 3297 et
2805 3244 2981 3298 divini
3014 3227 3431 3301 contestatione
3455 3247 3691 3317 judicii,

278 3330 454 3403 phani
483 3331 540 3385 in
570 3330 918 3397 Terracina;
970 3333 1028 3386 8.
1066 3331 1274 3397 Luciar,
1311 3333 1367 3387 8.
1403 3334 1552 3388 Petri
1599 3334 1653 3386 in
1689 3332 1927 3401 Curuli;

278 3421 336 3476 S.
371 3419 669 3492 Sylvestri,
703 3424 759 3474 et
797 3422 855 3476 8.
895 3421 1082 3475 Lucize
1116 3420 1174 3475 in
1208 3421 1426 3492 Arpino
1469 3439 1481 3476 :
1541 3423 1598 3476 8.
1635 3421 1928 3476 Benedicti

277 3508 336 3564 in
368 3508 514 3564 colle
544 3509 614 3564 de
671 3501 870 3564 Insula
899 3527 912 3577 ;
944 3514 1000 3562 8.
1036 3509 1307 3564 Germani
1364 3509 1423 3563 in
1485 3511 1669 3577 Sura;
1703 3515 1928 3565 curtem

278 3598 336 3652 8.
371 3597 586 3653 Urbani
619 3597 676 3652 in
711 3598 989 3665 Comino;
1025 3597 1230 3652 cellam
1291 3598 1349 3652 S.
1413 3599 1574 3653 Pauli
1626 3598 1844 3654 ibidem
1876 3604 1932 3654 et

277 3691 332 3740 S.
365 3687 612 3752 Nazarii,
637 3692 692 3742 et
711 3692 766 3742 8.
791 3686 1147 3754 Venlentini,
1177 3703 1241 3741 ac
1273 3688 1331 3742 S.
1351 3687 1668 3744 Salvatoris
1693 3705 1705 3755 ;
1726 3687 1930 3742 cellam

279 3776 337 3830 S.
374 3776 668 3831 Benedicti
695 3776 751 3831 in
789 3777 1064 3843 Venafro;
1100 3780 1158 3830 et
1185 3777 1241 3832 8.
1278 3776 1527 3843 Nazarii,
1559 3781 1616 3832 et
1643 3780 1699 3831 S.
1740 3776 1929 3831 Marias

277 3864 339 3918 in
371 3863 538 3932 Sala;
572 3867 796 3919 curtem
828 3865 887 3920 8.
922 3863 1218 3919 Benedicti
1254 3864 1499 3919 minoris
1548 3865 1802 3932 ibidem;
1837 3882 1933 3920 ca-

279 3953 490 4009 stelum
523 3954 677 4026 quod
735 3954 948 4009 dicitur
1005 3953 1274 4025 Capriata
1328 3959 1384 4008 et
1450 3953 1830 4021 Francilonis,
1878 3958 1935 4009 et

280 4047 336 4098 8.
368 4042 651 4110 Joannis;
679 4047 904 4097 curtem
935 4041 1204 4096 S.l"elicis
1231 4059 1244 4107 ;
1280 4040 1590 4096 castellum
1622 4043 1722 4112 qui
1767 4059 1932 4099 voca-

280 4135 383 4186 tur
411 4131 634 4197 Conca;
668 4130 873 4186 cellam
904 4131 963 4185 8.
998 4129 1294 4184 Benedicti
1329 4129 1385 4182 in
1432 4133 1712 4197 Cesama;
1745 4130 1802 4184 8.
1838 4131 1938 4186 Be-

280 4218 494 4274 nedicti
527 4219 586 4271 in
618 4219 850 4284 Teano;
885 4222 942 4272 et
1000 4217 1058 4271 8.
1096 4216 1386 4271 Benedicti
1445 4217 1504 4270 in
1545 4218 1794 4284 Suessa;
1832 4235 1935 4273 nec

279 4323 394 4362 non
413 4310 468 4361 et
487 4304 692 4360 cellam
707 4306 765 4360 8.
793 4304 1084 4360 Benedicti
1109 4305 1170 4358 in
1194 4309 1388 4375 Capua
1408 4321 1541 4358 cum
1569 4306 1694 4376 ipso
1715 4305 1936 4362 Gualdo

280 4396 352 4450 de
380 4395 588 4467 Ligure
617 4394 829 4449 et‘cum
848 4393 1122 4447 omnibus
1145 4393 1270 4448 suis
1295 4392 1662 4464 pertinentiis
1687 4411 1698 4460 ;
1727 4393 1933 4450 cellam

279 4485 343 4544 3.
364 4484 606 4540 Joannis
637 4481 981 4538 ancillarum
1013 4481 1112 4536 Dei
1138 4481 1194 4535 in
1219 4481 1418 4536 eadem
1443 4482 1669 4537 civitate
1696 4502 1708 4551 ;
1743 4484 1799 4538 S.
1819 4483 1937 4538 Ma-

2039 3332 2494 3387 interminamus
2511 3330 2787 3385 omnibus
2803 3336 2919 3386 tam
2936 3334 3322 3403 praesentibus
3338 3350 3514 3405 quam
3531 3335 3690 3390 iutu-

2037 3421 2120 3476 ris
2145 3436 2214 3474 ne
2238 3419 2391 3474 ullus
2413 3418 2718 3473 hominum
2743 3421 3149 3492 cujuscunque
3173 3421 3415 3487 ordinis,
3439 3421 3694 3492 dignita-

2039 3511 2136 3573 tis,
2169 3506 2631 3572 conditionis,vel
2665 3509 3068 3580 cuiuscunque
3115 3510 3311 3578 ofﬁcii,
3347 3527 3449 3565 seu
3481 3509 3693 3580 quaeli-

2041 3599 2136 3654 bet
2191 3597 2277 3653 vel
2311 3595 2742 3668 quantumlibet
2801 3614 2978 3668 parva
3027 3601 3130 3653 aut
3173 3615 3386 3671 magna
3417 3614 3690 3670 persona,

2042 3688 2490 3759 quibuscunque
2523 3685 2697 3741 rebus
2726 3685 2814 3741 vel
2849 3687 3110 3758 personis
3133 3687 3369 3760 praefata
3396 3691 3691 3744 monaste-

2042 3776 2125 3831 rio
2149 3777 2310 3846 juste
2341 3774 2770 3846 pertinentibus
2803 3775 3061 3847 aliquam
3092 3776 3426 3832 violentiam
3457 3776 3695 3846 inferat,

2042 3869 2142 3919 aut
2197 3863 2602 3919 calumniosus
2633 3862 2864 3932 existat,
2926 3865 3013 3920 vel
3069 3864 3392 3922 incumbat.
3453 3867 3700 3940 Insuper

2043 3953 2181 4024 quia
2194 3951 2553 4007 monasticus
2565 3968 2775 4008 cursus
2788 3954 3469 4028 secundumpraeceptum
3485 3955 3696 4028 regula:

2043 4041 2181 4095 almi
2214 4039 2402 4096 Patris
2433 4040 2724 4096 Benedicti
2756 4041 2971 4097 aestivis
3007 4047 3066 4098 et
3095 4043 3448 4101 hiemalibus
3477 4049 3699 4117 tempo-

2045 4129 2208 4184 ribus
2240 4130 2514 4201 przefixus
2545 4134 2655 4197 est,
2690 4131 3032 4187 auctoritate
3076 4133 3399 4204 apostolica
3430 4134 3698 4190 concedi-

2046 4234 2178 4273 mus
2208 4222 2273 4272 ut
2300 4217 2470 4273 liceat
2493 4217 2772 4274 fratribus
2806 4219 3043 4291 signum
3101 4221 3336 4292 pulsare
3382 4222 3442 4276 in
3491 4223 3696 4279 eodem

2048 4305 2400 4361 monasterio
2443 4305 2578 4360 etin
2611 4306 2772 4361 cellis
2803 4308 2948 4377 ejus,
2983 4312 3101 4362 tam
3135 4310 3206 4364 ad
3239 4310 3482 4366 diurnas
3516 4327 3695 4383 quam

2048 4396 2120 4450 ad
2143 4394 3163 4468 nocturnas,horas,quandocunque
3177 4398 3484 4455 voluerint.
3502 4400 3699 4457 Liceat

2049 4500 2282 4556 quoque
2313 4482 2500 4555 ipsius
2550 4485 2890 4539 monasterii
2911 4489 2967 4540 et
2987 4485 3233 4542 ellarum
3255 4489 3384 4559 ejus
3418 4488 3699 4545 fratribus

283 4575 379 4628 riae
413 4573 470 4627 in
502 4571 710 4640 Calvo;
749 4572 808 4626 S.
845 4569 1038 4626 Mariae
1062 4570 1122 4625 in
1146 4569 1422 4642 Cingola;
1463 4571 1520 4626 8.
1555 4571 1855 4641 Adjutoris
1879 4573 1936 4627 in
1968 4594 2016 4659 D
2049 4573 2321 4629 clericum
2345 4573 2748 4644 cujuscunque
2765 4573 3086 4641 ordinis,de
3104 4593 3456 4649 quocunque
3472 4577 3698 4649 episco-

283 4662 466 4717 Alifas
506 4680 518 4729 ;
578 4662 636 4715 S.
697 4659 932 4715 Caeciliae
968 4659 1025 4714 in
1067 4657 1270 4730 Napoli
1316 4677 1328 4725 ;
1366 4659 1679 4716 Ecclesiam
1712 4661 1936 4716 Sanctae

283 4751 482 4807 Crusis
515 4749 572 4805 in
604 4748 822 4805 Ancalﬁ
849 4766 860 4802 :
890 4748 1097 4804 cellam
1150 4747 1209 4802 8.
1247 4748 1540 4804 Benedicti
1561 4749 1620 4804 in
1655 4749 1928 4819 Salerno;

283 4844 339 4896 et
355 4839 559 4896 cellam
592 4840 648 4895 S.
681 4837 907 4911 SOphia:
938 4838 1087 4892 infra
1107 4836 1404 4892 civitatem
1427 4838 1928 4908 Beneventanam;

285 4927 491 4985 cellam
525 4929 584 4983 S.
620 4927 913 4983 Benedicti
947 4927 1004 4982 in
1042 4926 1288 4992 Asculo;
1325 4925 1537 4981 collum
1571 4928 1931 4984 S.Benedicti

286 5018 344 5072 in
367 5019 553 5073 Trans
583 5035 595 5085 ;
629 5022 685 5072 et
714 5019 772 5073 8.
799 5015 1089 5071 Benedicti
1113 5016 1170 5070 in
1197 5015 1328 5069 Bari
1364 5033 1376 5081 ;
1412 5015 1623 5071 collam
1657 5017 1714 5071 S.
1739 5018 1931 5073 Mariae

285 5105 629 5162 ancillarum
664 5105 762 5161 Dei
781 5105 839 5160 in
864 5105 1092 5160 civitate
1115 5104 1384 5160 Cosentia
1407 5123 1420 5172 ;
1445 5103 1649 5160 cellam
1674 5111 1727 5161 S.
1762 5107 1932 5162 Bene-

287 5195 425 5250 dicti
457 5195 516 5249 in
549 5195 868 5258 Pectinaro,
902 5199 957 5248 8.
994 5193 1186 5249 Mariae
1215 5193 1272 5248 in
1307 5193 1580 5262 Bause,S.
1633 5194 1930 5251 Benedicti

287 5282 346 5337 in
381 5282 636 5338 Alarimo
663 5301 675 5350 ;
699 5281 899 5338 cellam
926 5283 984 5338 8.
1016 5281 1265 5338 Eustasii
1302 5299 1479 5354 quam
1512 5283 1569 5339 S.
1625 5284 1931 5341 Benedicto

291 5369 500 5424 obtulit
525 5371 907 5442 Adelpherius
940 5370 1230 5436 Pantasia,
1265 5371 1471 5427 cellam
1527 5376 1583 5425 8.
1629 5372 1818 5429 Mariae
1869 5375 1932 5431 in

291 5456 552 5522 Murone,
588 5459 645 5512 S.
681 5459 928 5514 Eustatii
981 5459 1040 5513 in
1071 5460 1238 5514 Petra
1267 5461 1611 5516 abundanti.
1648 5462 1706 5528 S,
1741 5464 1931 5520 Marias

293 5541 349 5593 in
387 5543 710 5610 Batratano,
745 5547 803 5600 8.
838 5547 1030 5600 Maria:
1064 5547 1123 5601 in
1181 5553 1447 5604 Casmeta
1469 5551 1638 5620 juxta
1690 5551 1931 5610 ﬂuvium

297 5627 582 5680 Triuium.
640 5631 697 5684 8.
755 5633 1045 5687 Benedicti
1099 5634 1154 5686 in
1213 5635 1354 5704 Ripa
1441 5637 1584 5694 Ursa
1643 5656 1775 5696 cum
1809 5644 1933 5698 suis

2047 4666 2184 4734 patu
2216 4660 2408 4727 fuerit,
2443 4661 2766 4716 secundum
2809 4662 3187 4719 traditionem
3221 4670 3557 4722 sanctorum
3589 4671 3700 4722 Pa-

2041 4757 2197 4806 trum
2231 4749 2525 4822 suscipere
2552 4750 2868 4806 cumrebus
2901 4752 3024 4808 suis
3055 4754 3126 4808 ad
3160 4755 3625 4810 conversandum
3645 4758 3704 4810 et

2043 4839 2454 4895 monachicum
2480 4837 2749 4894 habitum
2783 4841 3251 4914 suscipiendum,
3287 4842 3705 4914 absqueinter-

2048 4929 2305 4984 dictione
2323 4926 2722 4999 quorumlibet
2741 4929 3181 5003 episcoporum;
3207 4935 3270 4987 ut
3289 4931 3458 4986 liceat
3477 4931 3704 4988 eisdem

2042 5017 2321 5089 subjectis
2343 5017 2680 5073 monasterii
2714 5035 2914 5074 eorum
2933 5021 3202 5091 judicare
3233 5025 3354 5076 tam
3379 5019 3704 5078 monachos

2042 5122 2218 5180 quam
2236 5110 2291 5161 et
2313 5106 2748 5162 sactimoniales
2775 5108 3275 5180 feminas,absque
3298 5107 3692 5181 prohibitione

2041 5202 2097 5252 el;
2143 5195 2600 5251 contradictione
2659 5195 2974 5267 cujuslibet
3029 5197 3328 5253 saecularis
3388 5199 3700 5269 potestatis

2039 5303 2142 5342 scu
2170 5283 2595 5340 ecclesiasticae.
2624 5286 2692 5340 Et
2727 5286 2868 5357 quia
2887 5287 3160 5358 cupimus
3177 5291 3300 5342 tam
3322 5286 3704 5358 praesentium

2043 5391 2221 5447 quam
2255 5373 2583 5429 futurorum
2615 5373 2888 5447 maliguaa
2922 5373 3178 5430 avaritia;
3210 5379 3266 5431 et
3296 5374 3571 5448 nequitia:
3601 5376 3707 5433 ob-

2043 5464 2216 5530 viare,
2250 5463 2359 5517 hoc
2390 5465 2589 5516 nostra
2619 5462 2938 5534 apostolica
2988 5463 3332 5520 auctoritate
3363 5463 3585 5536 pariter
3613 5465 3708 5521 in-

2039 5553 2380 5609 terdicimus
2411 5549 2748 5621 seditiones,
2776 5568 2924 5623 quas
2945 5552 3148 5608 dicunt
3177 5552 3464 5622 levas,seu
3499 5553 3711 5626 depre-

2044 5639 2566 5708 dationes,neﬁant
2586 5641 2782 5713 aliquo
2804 5641 3046 5698 modoin
3064 5642 3473 5714 cujuscunque
3486 5641 3718 5712 abbati,
