3970 6218
203 387 230 453 Ι
246 387 368 455 309

1376 381 1780 451 EPISTOL/E
1823 381 1924 448 ET
1965 381 2446 451 DlPLOMATA.

3457 387 3612 458 1310

199 530 312 584 aut
341 521 582 582 rectoris
613 527 800 584 morte
831 528 932 583 aut
955 522 1252 581 electione.
1286 523 1365 578 Ad
1391 521 1477 576 ha:
1501 521 1671 578 liceat
1691 522 1855 577 vobis
1887 526 1934 588 Α
1969 522 2128 576 fratri
2159 527 2407 591 Axnom,
2433 523 2869 598 archiepiscopo
2893 522 3241 595 Coloniensi,
3269 532 3608 601 perpetuam

199 630 443 672 sacrum
473 613 754 682 chrisma,
784 619 842 670 et
870 612 1293 670 ecclesiasticos
1337 611 1591 676 ordines,
1623 615 1678 666 et
1708 611 1857 666 alta-

200 705 363 761 rium
397 705 866 760 consecrationes
898 704 970 759 ab
1001 701 1272 775 episeopo
1305 699 1561 773 quolibet
1584 701 1857 754 canonice

199 797 477 867 promoto
528 793 808 866 accipere,
841 797 898 846 et
926 791 1440 846 Christianismum
1489 789 1548 844 in
1599 787 1858 844 ecclesiis

198 883 416 939 vestris
447 898 616 955 agere
648 899 751 954 per
780 880 1019 937 clericos
1040 884 1282 943 vestros,
1306 884 1362 933 et
1383 879 1668 951 hymnum
1692 894 1859 949 ange-

200 971 391 1029 licum
424 989 528 1044 per
557 971 679 1025 dies
712 970 1045 1025 Dominicos
1077 974 1133 1022 et
1171 968 1511 1022 festivitates
1543 969 1613 1022 ad
1646 967 1857 1022 missa—

201 1079 340 1120 rum
371 1059 659 1117 solemnia
690 1061 797 1114 rite
829 1060 1158 1113 decantare.
1194 1059 1260 1112 Et
1301 1056 1497 1111 nullus
1551 1057 1858 1127 episcopus

202 1154 528 1224 praesumat
557 1148 616 1203 in
643 1148 769 1220 jam
823 1148 976 1202 dicto
1026 1145 1381 1201 monasterio
1429 1145 1645 1211 venire,
1679 1145 1765 1200 vel
1802 1145 1859 1199 in

205 1239 473 1298 ecclesiis
504 1238 615 1294 sibi
639 1237 922 1306 subjectis
943 1236 1302 1291 sacerdotem
1329 1234 1856 1302 excommunicare,

205 1329 299 1386 vel
329 1329 401 1385 ad
433 1327 722 1400 synodum
755 1341 1082 1397 provocare,
1118 1328 1219 1380 aut
1261 1323 1531 1380 abbatem
1572 1329 1627 1379 et
1659 1341 1860 1378 mona-

211 1418 352 1474 chos
385 1416 484 1489 qui
514 1415 613 1470 illo
645 1415 703 1469 in
727 1419 990 1486 tempore
1013 1413 1248 1468 fuerint.

281 1507 460 1562 Porro
492 1503 792 1576 cupientes
850 1501 1152 1558 consulere
1203 1501 1537 1556 monasticae
1572 1501 1857 1572 religioni,

213 1612 341 1667 qua:
391 1593 643 1666 peccatis
693 1592 1059 1663 exigentibus
1121 1591 1342 1662 passim
1399 1591 1769 1662 depravatur,
1805 1594 1860 1644 te

213 1681 624 1738 tantummodo
649 1681 854 1735 diebus
872 1680 1000 1734 vita:
1025 1685 1137 1734 tua:
1161 1679 1438 1734 vicarium
1458 1679 1626 1735 nobis
1648 1681 1718 1735 ad
1742 1697 1863 1735 eor—

211 1771 529 1827 rectionem
555 1770 814 1825 omnium
845 1769 1332 1824 monasteriorum
1357 1774 1412 1823 et
1440 1769 1860 1824 monachorum

210 1861 284 1918 ab
313 1860 440 1932 ipso
473 1859 644 1914 fluvio
675 1858 950 1923 Piscaria,
986 1859 1138 1913 sicut
1169 1857 1357 1912 influit
1398 1858 1454 1912 in
1489 1875 1666 1924 mare,
1701 1858 1858 1912 seili—
1895 1891 1940 1954 Β

209 1954 303 2005 eet
336 1965 437 2020 per
467 1952 648 2003 totam
672 1947 1072 2018 Campaniam,
1099 1947 1499 2018 Principatum
1525 1964 1773 2018 quoque,
1805 1952 1861 2001 et

208 2037 504 2110 Apuliam,
537 2041 713 2106 atque
744 2034 1098 2099 Calabriam,
1139 2050 1436 2089 assumere
1469 2035 1856 2103 decrevimus,

211 2127 294 2182 ita
325 2130 388 2180 ut
417 2124 736 2197 capitulum
770 2125 825 2177 in
860 2125 942 2178 eis
976 2123 1213 2188 habeas,
1247 2128 1302 2178 et
1333 2123 1454 2178 vice
1486 2129 1684 2178 nostra
1716 2125 1862 2179 indi-

212 2214 573 2287 sciplinatos,
629 2230 762 2268 cum
820 2213 1108 2282 adjutorio
1159 2212 1564 2284 episc0porum
1599 2214 1668 2268 ad
1711 2231 1857 2284 quos

212 2302 569 2359 monasteria
621 2302 747 2373 ipsa
794 2301 1107 2373 pertinent,
1161 2300 1436 2372 corrigas,
1471 2305 1527 2356 et
1566 2318 1691 2372 quae
1724 2307 1861 2357 sunt

210 2391 598 2457 emendanda,
621 2389 668 2444 si
695 2390 970 2461 potueris,
993 2390 1314 2444 secundum
1336 2389 1650 2444 Dominum
1671 2407 1866 2446 cmen-

211 2482 338 2548 dcs,
374 2485 473 2535 aut
493 2479 822 2550 apostolica:
846 2479 1003 2533 sedis
1027 2477 1283 2550 pontifici
1311 2478 1609 2533 renunties
1633 2481 1703 2533 ad
1732 2497 1860 2550 per-

211 2574 448 2642 petuam
481 2569 691 2624 animm
723 2572 927 2622 vestra:
959 2568 1306 2630 mercedem,
1332 2572 1387 2622 et
1418 2568 1750 2622 monasticae
1781 2587 1858 2624 re-

210 2657 450 2731 ligionis
476 2656 942 2712 emendationem
985 2661 1040 2711 et
1089 2657 1608 2722 conservationem,
1645 2658 1861 2728 pariter

212 2763 449 2820 quoque
461 2747 531 2802 ad
547 2745 631 2800 tui
646 2745 1046 2801 cardinalatus
1059 2745 1400 2816 dignitatem
1419 2750 1475 2799 et
1496 2746 1768 2801 sanctissi
1781 2747 1857 2801 mi

209 2825 508 2893 Benedicti
541 2833 1064 2901 honorificentiam,
1097 2851 1163 2889 ea
1193 2834 1381 2905 gratia
1410 2839 1470 2888 ut
1498 2835 1858 2890 monasticus

208 2926 352 2982 ordo
384 2924 709 2996 corrigatur
737 2923 854 2978 illis
877 2923 933 2977 in
958 2921 1218 2994 partibus
1243 2939 1344 2994 per
1367 2927 1417 2976 te
1442 2921 1779 2993 religiosum
1803 2929 1859 2978 et

211 3011 740 3086 prudentissimum
788 3027 1185 3066 successorem
1232 3009 1412 3065 illius.
1449 3011 1507 3066 Si
1540 3011 1671 3084 quis
1704 3028 1857 3080 vero,

214 3101 368 3174 quod
401 3118 514 3156 non
541 3105 834 3171 optamus,
869 3098 1047 3170 hujus
1081 3098 1262 3154 nostri
1295 3098 1578 3170 privilegii
1612 3100 1860 3155 decreta-

213 3191 330 3246 lem
364 3189 636 3262 paginam
671 3188 978 3244 temerario
1023 3205 1168 3243 ausu
1211 3188 1270 3242 in
1320 3187 1513 3259 aliquo
1546 3189 1858 3260 infringere

1966 611 2022 666 in
2057 612 2300 668 Domino
2332 613 2602 670 salutem.

2040 701 2320 757 Pontificii
2356 704 2715 775 apostolatus
2747 705 2932 760 nostri
2982 710 3087 772 cst,
3116 706 3430 762 universali
3462 706 3609 778 vigi-

1967 791 2148 846 lantia
2175 793 2450 847 omnibus
2481 793 2888 849 ecclesiasticis
2939 795 3185 866 negotiis
3227 795 3448 850 utiliter
3476 813 3608 867 pro-

1967 881 2226 951 spicere;
2260 881 2664 951 religiosorum
2719 888 2912 938 tamcn
2964 884 3224 940 locorum
3257 885 3610 940 utilitatibus

1969 986 2259 1024 summam
2291 970 2743 1025 sollicitudinem
2781 972 2872 1042 pia
2903 973 3202 1028 devotione
3250 974 3606 1044 impendere.

1969 1060 2151 1122 Quam
2202 1074 2335 1112 cum
2383 1058 2656 1113 omnibus
2706 1061 3053 1130 generaliter
3095 1063 3434 1126 debeamus,
3478 1079 3608 1134 spe-

1969 1147 2191 1201 cialiter
2241 1154 2431 1201 tamen
2481 1165 2785 1203 assensum
2847 1151 3232 1221 prmrogativa:
3281 1151 3609 1206 dilectionis

1970 1251 2108 1305 erga
2137 1236 2517 1290 reverentiam
2551 1237 2931 1293 fraternitatis
2978 1244 3088 1293 tua:
3136 1256 3368 1312 semper
3397 1241 3612 1297 habere

1970 1328 2262 1395 optamus.

2041 1413 2342 1478 Quocirca,
2375 1414 2513 1467 dum
2556 1415 2826 1469 omnibus
2869 1417 3052 1485 justis
3107 1419 3483 1489 petitionibus
3514 1422 3610 1477 de-

1970 1502 2176 1557 beatur
2193 1501 2379 1556 facilis
2395 1520 2692 1568 assensus,
2712 1505 3082 1575 suggestione
3098 1506 3478 1578 benignitatis
3500 1513 3611 1564 tua:

1973 1595 2278 1663 promptus
2309 1591 2609 1646 charitatis
2645 1598 2852 1647 nostra:
2884 1593 3189 1649 exhibetur
3210 1596 3469 1652 affectus.
3503 1598 3612 1652 Ita-

1971 1697 2083 1750 que
2116 1681 2441 1734 secundum
2470 1698 2727 1735 amorem
2758 1683 3054 1752 petitionis
3082 1688 3191 1737 tua:
3216 1685 3518 1740 ecclesiam
3550 1687 3609 1742 Β.

1971 1769 2162 1824 Mariae
2188 1769 2392 1824 matris
2416 1771 2644 1824 Domini
2671 1771 2849 1825 nostri
2867 1772 3003 1825 Jesu
3025 1772 3257 1838 Christi,
3275 1773 3447 1829 sitam
3465 1774 3617 1830 inter

1972 1875 2171 1912 muros
2195 1858 2356 1912 urbis
2380 1858 2624 1912 Colonize
2650 1859 2705 1913 in
2730 1859 2854 1914 loco
2879 1861 2977 1930 qui
3002 1866 3238 1915 vocatur
3262 1863 3332 1916 ad
3366 1864 3614 1930 Gradus,

1971 1963 2142 2015 quam
2169 1947 2261 2017 pia
2291 1947 2516 2001 devotio
2549 1951 2647 2001 tua
2675 1949 2998 2004 construxit
3030 1954 3084 2003 et
3106 1950 3176 2004 ad
3199 1952 3617 2024 omnipotentis

1972 2035 2070 2090 Dei
2107 2036 2408 2100 honorem,
2442 2041 2613 2106 atque
2646 2037 2857 2092 anima:
2890 2042 3228 2110 perpetuam
3263 2042 3612 2109 mercedem,

1973 2125 2440 2196 possessionibus
2468 2142 2531 2178 ac
2555 2126 2728 2179 rebus
2751 2125 2995 2180 interius
3019 2131 3074 2181 et
3105 2129 3357 2184 exterius
3388 2129 3610 2198 ditavit,

1970 2212 2079 2266 sub
2112 2211 2437 2281 apostolica:
2470 2213 2827 2266 defensionis
2857 2213 3040 2268 tutela
3072 2216 3408 2286 recipimus.

2041 2299 2374 2371 Apostoliea
2406 2300 2787 2354 nihilominus
2821 2302 3162 2358 auctoritate
3193 2305 3614 2363 confirmamus

1971 2387 2157 2442 eidem
2181 2388 2434 2442 ecclesia:
2459 2389 2742 2459 quidquid
2765 2394 2820 2443 et
2843 2394 2952 2443 tum
2972 2390 3187 2445 devota:
3213 2392 3508 2465 religionis
3531 2397 3614 2451 in-

1971 2477 2151 2530 tentio
2183 2477 2362 2530 divini
2393 2477 2496 2531 zeli
2533 2478 2750 2533 fervore
2780 2478 3061 2533 hactenus
3093 2481 3357 2550 contulit,
3393 2484 3616 2541 scilicet

1971 2565 2264 2635 Blisenna,
2284 2566 3614 2637 Wissa,Unckelo,Heigenbach,Elinkc,Flam-

1971 2654 2326 2720 nersheimb,
2362 2659 2418 2709 et
2457 2659 2791 2710 antecessor
2839 2661 2975 2711 tuus
3022 2657 3392 2714 Hermannus
3424 2663 3615 2717 archi-

1969 2744 2279 2814 episcopus
2311 2743 2498 2797 eidem
2529 2743 2783 2798 ecclesia:
2817 2745 3260 2813 exaedificandae,
3284 2747 3354 2803 de
3375 2755 3616 2806 caetero-

1968 2849 2098 2886 rum
2149 2832 2624 2903 possessionibus
2669 2833 2999 2904 acquisivit,
3034 2839 3090 2889 et
3121 2837 3272 2907 quod
3307 2840 3410 2892 tua
3438 2838 3614 2896 indu-

1968 2921 2130 2982 stria,
2167 2921 2422 2976 Richesa:
2467 2925 2524 2976 et
2571 2922 2937 2978 cohaeredum
2979 2923 3288 2994 acquisivit
3319 2927 3614 2984 Meekcni-

1968 3009 2158 3073 ehem,
2191 3009 2446 3075 Cloteno,
2479 3012 2938 3078 Demunderedo,
2975 3013 3196 3076 Assela,
3257 3018 3313 3069 et
3361 3015 3614 3074 decima-

1969 3099 2187 3154 tionem
2220 3099 2278 3153 in
2329 3101 2598 3170 Saxonia,
2653 3118 2777 3172 qua:
2837 3101 3073 3156 feudnm
3130 3102 3354 3158 Henrici
3406 3105 3531 3172 fuit,
3561 3113 3617 3163 et

1973 3189 2259 3260 quidquid
2291 3190 2349 3243 in
2383 3190 2644 3244 futurum
2695 3207 3042 3262 quocunque
3085 3192 3254 3247 modo
3287 3191 3499 3248 divinis
3530 3198 3616 3252 vei

217 3279 544 3346 tentaverit,
564 3283 788 3334 zeternze
808 3277 1593 3333 maledictionisinnodatum
1611 3277 1860 3334 vinculis
1891 3255 1934 3321 δ
1975 3276 2250 3332 humanis
2281 3277 2511 3349 legibus
2539 3296 2795 3350 congruo
2826 3284 2928 3334 tua
2957 3279 3211 3335 charitas
3240 3284 3296 3334 et
3335 3298 3615 3352 quorum-

218 3384 282 3426 se
311 3369 553 3432 noverit,
576 3371 634 3424 et
663 3372 941 3439 perpetua
962 3366 1250 3438 supplicia
1269 3367 1554 3422 luiturum
1577 3383 1711 3421 eum
1739 3368 1859 3422 dia-

216 3457 350 3515 bolo
379 3461 434 3513 et
462 3455 686 3528 angelis
717 3458 861 3526 ejus,
897 3455 1010 3511 nisi
1033 3457 1179 3510 forte
1201 3455 1364 3526 prius
1392 3455 1746 3527 resipiscens
1779 3474 1863 3511 sa-

215 3545 594 3602 tisfecerit.At
625 3545 726 3616 qui
757 3544 988 3617 pictatis
1010 3544 1222 3599 intuitu
1255 3545 1496 3599 devotus
1527 3545 1863 3600 observator

212 3633 524 3699 exstiterit,
557 3634 743 3705 ipsius
787 3634 1113 3689 interventu
1162 3632 1299 3687 almi
1347 3631 1534 3686 Patris
1566 3633 1861 3688 Benedicti

212 3724 722 3797 perfectorumque
743 3723 1086 3794 sequacium
1109 3720 1518 3792 sociorumque
1539 3723 1688 3792 ejus,
1709 3738 1861 3778 sem-

209 3813 454 3886 piterna:
487 3811 904 3867 benedictionis
935 3811 1244 3882 particeps,
1280 3814 1336 3864 et
1367 3809 1622 3881 paradisi
1653 3811 1860 3868 beatus

211 3917 519 3975 possessor
542 3900 844 3957 efﬁciatur.
881 3902 1084 3954 Amen.

281 3989 577 4062 Scriptum
610 4006 711 4061 per
741 4006 983 4044 manum
1033 3987 1328 4042 Octaviani
1379 3987 1590 4042 notarii
1623 3993 1680 4044 et
1709 3990 1858 4045 scri-

210 4077 384 4134 niarii
435 4081 650 4134 saneta:
699 4078 971 4133 Romana:
1020 4075 1285 4131 Ecclesia:
1317 4076 1647 4147 apostolica:
1680 4080 1856 4149 sedis,

209 4183 366 4223 anno
396 4167 585 4239 primo
617 4166 990 4238 pontificatus
1049 4165 1246 4221 domni
1305 4180 1466 4236 papa:
1509 4166 1729 4222 Nicolai
1763 4186 1857 4224 se-

209 4255 410 4322 cundi,
445 4255 764 4310 indictione
790 4254 1156 4310 duodecima.

281 4344 493 4399 Datum
526 4342 758 4398 Auximi
816 4347 1013 4398 octavo
1073 4343 1209 4397 ldus
1269 4342 1478 4410 Martii,
1534 4360 1685 4398 anno
1716 4346 1856 4402 Jesu

207 4431 427 4490 Christi
453 4431 764 4488 millesimo
787 4431 1274 4504 quinquagesimo
1298 4448 1471 4495 nono,
1492 4449 1593 4504 per
1617 4451 1856 4492 manum

207 4521 515 4577 Humberti
548 4524 760 4576 sancta:
791 4519 1058 4576 Ecclesia:
1087 4520 1250 4574 Silvae
1274 4520 1546 4576 Candida:
1577 4522 1854 4594 episcopi,

207 4614 267 4667 et
287 4609 713 4666 bibliothecarii
746 4609 1076 4680 apostolicae
1108 4608 1284 4665 sedis.

988 4697 1083 4753 VI.

204 4788 464 4844 Nicotaus
519 4789 571 4842 II
621 4787 1215 4859 ponti/exiconﬁrmat
1255 4789 1591 4859 creationem
1629 4789 1859 4858 capituli

282 4863 346 4914 Β.
399 4859 590 4915 Maria?
623 4857 785 4927 ‘Virg.’
837 4858 906 4912 ad
954 4857 1178 4924 Gradus,
1234 4858 1474 4914 Colonia?
1513 4857 1853 4930 Agrippinae,

311 4930 420 4985 uad
448 4933 528 4984 est
566 4947 638 4984 xx
669 4931 1054 4985 canonicorum
1087 4931 1402 4997 collegium,
1443 4947 1477 4984 a
1523 4930 1577 4985 S.
1625 4939 1858 4987 Annone

319 5002 591 5057 oloniensi
618 5001 1368 5074 archiepiscopofundatum,
1399 5002 1693 5074 multisque
1711 5020 1855 5073 prae-

277 5074 385 5128 diis
414 5089 447 5126 a
473 5074 534 5126 Β.
566 5073 806 5128 Rieheza
837 5073 908 5144 (1)
943 5073 1184 5127 Ροιοηίίε
1215 5074 1409 5142 regina
1428 5073 1714 5129 donatum.

835 5161 1018 5232 (Anno
1050 5160 1234 5231 4059.)

555 5231 818 5298 [Μιῐιιευε
844 5231 982 5304 Opp.
1012 5233 1271 5304 diplom.,
1307 5231 1398 5296 ιν,
1429 5233 1508 5304 3.]

276 5318 569 5376 NICOLAUS
595 5320 924 5393 episcopus,
950 5336 1152 5377 servus
1173 5337 1474 5376 servorum
1498 5321 1622 5392 Dei,
1647 5322 1856 5380 dilecto

277 5535 356 5612 (οι)
389 5535 451 5590 Β.
487 5535 752 5612 Ricbega,
794 5536 1133 5612 aliasljitza
1161 5536 1248 5612 ‘S.
1305 5537 1564 5612 Annonis
1596 5538 1854 5612 archiep.

204 5606 410 5678 Colon.
433 5605 650 5678 neptis,
671 5607 956 5662 Mieceslai
979 5607 1397 5678 Polonizsregis
1420 5609 1654 5678 conjux,
1673 5605 1859 5666 mater

205 5676 318 5731 fuit
349 5677 390 5730 B
421 5676 710 5746 Casimiri,
761 5695 828 5734 ex
875 5677 1239 5770 Cluniacensi
1292 5676 1577 5736 monacho
1621 5685 1682 5738 et
1725 5683 1855 5739 dia-

1973 3383 2223 3437 eumque
2258 3367 2513 3421 ficrielium
2549 3367 2846 3437 acquirere
2877 3367 3106 3438 poterit.

2043 3453 2371 3508 Statuimus
2401 3455 2615 3525 itaque,
2650 3470 2750 3524 per
2777 3453 2956 3524 hujus
2989 3457 3171 3510 nostri
3196 3457 3479 3529 privilegii
3515 3460 3616 3515 de-

1971 3541 2242 3596 cretalem
2277 3541 2571 3614 paginam,
2607 3547 2669 3596 ut
2701 3541 2862 3596 nulla
2901 3559 3160 3614 unquam
3206 3544 3614 3618 cujuscunque

1969 3631 2294 3702 dignitatis,
2328 3631 2546 3701 gradus
2576 3630 2658 3684 vel
2693 3630 2914 3685 ordinis
2939 3647 3152 3702 magna
3173 3648 3464 3704 parvaque
3487 3653 3614 3706 per-

1969 3737 2112 3775 sona
2145 3720 2355 3774 audeat
2385 3724 2440 3773 et
2471 3723 2786 3790 przesumat
2815 3719 3003 3790 ipsam
3026 3720 3329 3776 ecclesiam
3359 3727 3458 3778 aut
3481 3723 3612 3780 reli-

1969 3809 2127 3882 giose
2158 3807 2508 3862 famulantes
2551 3807 2601 3862 ei
2646 3807 2766 3862 ullo
2817 3809 2987 3864 modo
3018 3808 3400 3881 inquietando
3434 3813 3612 3870 mole-

1969 3901 2142 3961 stare,
2173 3901 2271 3950 aut
2293 3897 2362 3950 de
2385 3897 2508 3951 suis
2536 3897 2851 3952 mobilibus
2873 3897 2960 3952 vel
2979 3897 3402 3966 immobilibus,
3436 3905 3614 3957 teme-

1970 3986 2121 4043 rario
2153 4003 2299 4042 ausu
2333 3987 2646 4053 discutere,
2697 3986 2974 4058 quoniam
3023 3986 3266 4059 dignum
3298 3993 3386 4043 est
3416 3994 3480 4044 ut
3511 3991 3612 4062 qui

1968 4076 2244 4132 continuo
2275 4076 2556 4148 obsequio
2586 4075 2644 4130 in
2677 4074 2889 4130 Christi
2921 4075 3103 4131 solius
3146 4075 3354 4131 militia
3392 4079 3613 4132 exerci-

1968 4169 2187 4230 tantur,
2205 4164 2588 4220 indefieientis
2617 4168 2824 4221 nostra:
2849 4163 3228 4237 inspectionis
3248 4165 3465 4221 salubri
3490 4183 3615 4222 mu-

1968 4254 2192 4309 nimine
2218 4258 2616 4326 protegantur.

2040 4342 2201 4398 Unde
2224 4342 2567 4398 auctoritate
2593 4342 2868 4412 Patris,et
2891 4342 3102 4409 Filii,et
3124 4342 3379 4415 Spiritus
3401 4347 3612 4414 sancti,

1968 4435 2024 4487 et
2053 4432 2355 4486 beatorum
2391 4431 2787 4503 apostolorum
2819 4431 3150 4504 principum
3175 4433 3324 4488 Petri
3349 4438 3405 4488 et
3427 4434 3611 4501 Pauli,

1969 4521 2196 4575 effectui
2219 4525 2429 4576 sancta:
2453 4521 2777 4576 devotionis
2796 4525 2926 4587 tuze,
2942 4522 3288 4578 charissima
3304 4523 3612 4595 confrater,

1892 4629 1934 4692 Ι)
1967 4609 2221 4681 gratanti
2253 4611 2449 4664 animo
2481 4616 2826 4678 annuentes,
2848 4611 3186 4678 statuimus,
3211 4617 3267 4666 et
3296 4613 3404 4667 sub
3437 4613 3614 4669 inter-

1967 4697 2252 4769 positione
2282 4699 2543 4769 perpetui
2578 4699 2968 4754 anathematis
2991 4716 3057 4754 ac
3079 4699 3482 4771 divinijudicii
3511 4703 3614 4756 ob-

1967 4787 2290 4841 servatione
2322 4786 2692 4858 praecipimus
2723 4791 2787 4840 ut
2809 4791 2910 4841 tua
2931 4792 2986 4841 et
3005 4787 3126 4842 hac
3157 4792 3356 4842 nostra
3385 4789 3611 4857 eadem,

1967 4875 2038 4929 ad
2061 4879 2441 4945 augmentum
2475 4875 2722 4945 praafata:
2754 4873 3012 4929 ecclesia:
3043 4874 3453 4946 perpetualiter
3483 4892 3616 4931 con-

1968 4964 2274 5029 ﬁrmanda,
2311 4967 2548 5030 statuta,
2582 4962 2858 5017 inviolata
2888 4967 3286 5033 permaneant.

2038 5053 2095 5107 Si
2131 5052 2262 5124 quis
2294 5052 2490 5123 igitur,
2527 5053 2679 5124 quod
2713 5069 2824 5106 non
2858 5056 3155 5123 optamus.
3189 5052 3369 5122 hujus
3402 5057 3614 5108 nostras

1967 5140 2271 5197 decretalis
2296 5138 2576 5212 privilegii
2603 5139 2826 5212 pagina:
2850 5139 3160 5193 temerario
3191 5155 3342 5193 ausu
3372 5139 3617 5195 violator

1966 5231 2293 5296 existere,et
2315 5233 2526 5284 saneta:
2551 5229 2706 5283 sedis
2729 5227 3058 5300 apostolica
3078 5227 3407 5283 contumaci
3433 5227 3611 5282 rebel-

1966 5321 2117 5377 lione
2136 5320 2364 5376 decreta
2381 5334 2753 5390 corrumpere
2766 5316 3383 5390 praesumpserit,sciat
3405 5333 3465 5372 se
3487 5332 3615 5388 per-

1967 5553 2134 5605 cono,
2166 5536 2542 5606 dispensante
2573 5551 2743 5608 papa,
2775 5532 3020 5608 Poloniee
3053 5533 3227 5608 regis.
3262 5533 3490 5608 Mortua
3521 5536 3612 5608 est

1967 5627 2118 5667 anno
2150 5604 2309 5677 1057,
2344 5604 2667 5680 sepulta—in
2691 5604 2935 5680 ecclesia
2963 5605 3248 5680 altaria
3270 5604 3513 5678 virginis
3537 5604 3605 5658 ad

1965 5683 2191 5740 Gradus
2223 5677 2490 5738 Coloni-3:.
2524 5679 2742 5737 Colitur
2771 5679 2861 5734 dic
2893 5696 2965 5734 xx
2996 5677 3208 5734 Martii.
