3970 6218
318 343 465 409 1311

1642 327 1957 393 NICOLAI
1998 320 2055 393 Π
2096 323 2349 391 PAPE.

3566 324 3727 395 1313

314 486 500 558 petum
550 473 977 536 maledictionis
1023 467 1394 529 anathemate
1441 464 1953 558 damnandum,_et
1978 461 2037 531 Α
2065 462 2421 558 auctoritate
2434 461 2496 521 B.
2531 462 2689 558 Petri
2716 461 3001 537 principis
3021 460 3442 558 apostolorum,
3467 478 3575 522 nec
3596 480 3720 521 non

316 551 447 629 cum
473 568 703 625 diabolo
721 571 776 620 et
798 562 1149 620 satellitibus
1162 560 1289 630 ejus
1304 556 1501 611 aeterni
1516 554 1669 627 ignis
1686 551 1954 609 incendio

315 659 716 722 cremandum,
737 654 848 708 nisi
873 654 1015 708 forte
1034 647 1363 721 resipuerit,
1388 650 1443 701 et
1464 645 1579 700 Deo
1598 647 1653 698 et
1671 642 1954 714 praedictae

314 747 573 804 ecclesiae
605 744 891 815 condigne
931 737 1296 795 satisfecerit.
1350 733 1458 798 Qui
1492 749 1623 789 vero
1658 732 1755 803 pia
1782 730 1955 785 devo-

311 836 491 893 tionis
517 831 836 889 intentione
862 832 1232 885 conservator
1257 822 1561 887 exstiterit,
1587 825 1955 893 peccatorum

314 942 555 983 suorum
588 922 875 985 omnium,
908 918 1178 991 precibus
1223 915 1523 970 beatorum
1556 907 1955 981 apostolorum

314 1014 669 1087 principum,
711 1012 1103 1078 consequatur
1150 1002 1399 1068 veniam,
1434 1006 1491 1055 et
1519 1015 1654 1053 cum
1682 996 1955 1053 omnibus

313 1086 519 1159 divinae
539 1101 683 1174 legis
703 1095 1196 1158 observatoribus,
1220 1097 1443 1146 aeternae
1467 1086 1801 1143 beatudinis
1822 1101 1953 1156 pro-

314 1195 606 1269 mereatur
635 1187 904 1262 gloriam.

380 1260 674 1353 Scriptum
702 1294 803 1348 per
833 1289 1073 1329 manum
1103 1268 1421 1332 Octaviani,
1470 1264 1619 1319 sacri
1664 1260 1863 1317 scrinii
1896 1263 1953 1315 et

315 1348 527 1428 sancta;
551 1370 823 1424 Romana:
846 1361 1113 1417 Ecclesia:
1140 1355 1369 1419 notarii,
1388 1352 1661 1407 Kalendis
1685 1349 1843 1412 Maii,
1866 1348 1950 1403 in-

312 1460 565 1516 dictione
592 1474 695 1520 xu,
726 1468 877 1509 anno
909 1446 1139 1505 Domini
1166 1443 1350 1500 nostri
1378 1442 1518 1497 Jesu
1551 1438 1759 1494 Christi
1792 1438 1948 1503 1058,

2067 568 2201 608 cum
2233 552 2463 610 diabolo
2494 556 2551 610 et
2578 552 2732 609 Juda
2762 552 3039 609 traditore
3069 552 3135 609 D.
3168 550 3237 609 N.
3268 551 3324 610 J.
3356 552 3574 610 Christi
3617 568 3724 609 eos

2064 641 2122 695 in
2158 641 2408 698 incendii
2440 641 2797 698 concremari
2829 640 3134 714 supplicio,
3191 645 3248 697 et
3294 640 3539 715 insuper
3567 641 3722 697 sciat

2066 746 2127 786 se
2144 732 2421 786 daturum
2443 749 2479 786 κ
2499 730 2623 786 auri
2647 730 2855 787 libras:
2881 729 3099 786 scilicet
3118 730 3493 787 medietatem
3517 733 3723 787 nostro

2066 837 2230 875 sacro
2276 819 2507 891 palatio,
2541 825 2597 875 et
2645 820 3018 875 medietatem
3074 819 3351 891 praedicto
3395 818 3717 892 episcopio.

2066 908 2173 975 Qui
2209 926 2342 965 vero
2375 909 2591 964 intuitu
2612 909 2704 980 pio
2735 909 3069 965 observator
3087 908 3147 964 in
3169 908 3445 965 omnibus
3474 908 3713 964 exstite-

2066 998 2160 1062 rit,
2193 997 2572 1053 custodiendo
2606 997 2787 1066 hujus
2819 995 3003 1051 nostri
3034 994 3323 1070 privilegii
3355 996 3725 1053 constitutio-

2064 1101 2219 1153 nem,
2279 1084 2365 1141 vel
2424 1083 2647 1139 cultum
2685 1084 2782 1139 Dei
2844 1084 3233 1157 respiciendo,
3294 1084 3722 1141 benedictionis

2061 1172 2309 1250 gratiam
2342 1189 2376 1228 a
2404 1171 2952 1227 misericordissimo
2985 1172 3235 1228 Domino
3263 1173 3379 1229 Deo
3405 1172 3636 1242 habeat,
3660 1175 3727 1229 et

2059 1261 2185 1315 vita:
2218 1264 2441 1316 aeterna:
2476 1259 2765 1331 particeps
2794 1260 2894 1323 sit,
2928 1265 2986 1315 et
3031 1260 3381 1317 misereatur
3410 1262 3469 1317 in
3502 1260 3725 1320 saecula

2061 1347 2428 1405 saeculorum.

2131 1437 2345 1492 Datum
2376 1437 2573 1491 Romae
2604 1453 2660 1492 v1
2690 1436 2834 1492 Non.
2890 1435 3049 1503 Maii,
3101 1452 3253 1492 anno
3304 1440 3471 1492 Dom.
3524 1438 3719 1494 nostri

310 1566 415 1621 per
432 1561 643 1603 manus
664 1538 964 1598 Humberti
989 1540 1201 1591 sanctae
1221 1530 1487 1621 Ecclesiae
1503 1528 1664 1621 Silva:
1683 1525 1950 1621 Candida
2057 1525 2442 1621 Jesu-Christi
2473 1524 2635 1621 lﬁﬁﬁ,
2682 1542 2783 1621 per
2828 1542 3041 1621 manus
3086 1523 3390 1621 Humberti
3438 1524 3498 1581 S.
3526 1524 3715 1621 eccle-

309 1612 562 1709 episcopi
612 1635 668 1685 et
713 1625 1041 1700 apostolicae
1097 1622 1255 1678 sedis
1314 1615 1756 1709 bibrliotbecarii,
1797 1631 1950 1709 anno
2189 1613 2354 1709 Silvae
2385 1614 2653 1709 Candidas
2686 1614 2967 1687 episcopi,
2997 1618 3054 1670 et
3083 1612 3603 1709 apostolicaensedis
3625 1613 3716 1669 bi-

310 1699 894 1797 primo-pontiﬁcatus
916 1711 1147 1769 Domini
1171 1727 1330 1783 papa:
1356 1706 1572 1763 Nicolai
1596 1703 1952 1775 secundi,in-
2058 1702 2446 1773 bliothecarii,
2470 1720 2623 1760 anno
2655 1721 2672 1759 1
2708 1703 3085 1776 pontiﬁcatus
3114 1702 3180 1759 D.
3205 1718 3369 1774 papas
3391 1699 3616 1758 Nicolai
3636 1701 3715 1769 II,

310 1793 563 1869 dictione
583 1805 950 1864 duodecima.
1108 1891 1154 1945 ν

2114 1793 2183 1850 id.
2217 1809 2318 1848 XII.

2839 1882 2914 1936 VI

310 1991 564 2047 Nicotaus
593 1990 643 2045 11
670 1985 925 2044 Ecclesia:
964 1982 1268 2037 Pennensi:
1318 1978 1476 2040 bona.
1505 1979 1719 2049 petente
1746 1976 1951 2031 Joanne
2059 1971 2317 2028 Nicotaus
2368 1973 2424 2027 II
2475 1970 2733 2049 Ecclesiae
2764 1971 3053 2049 ΔἸίικιζίηαπέ⁸
3077 1970 3419 2049 possesiones
3448 1969 3711 2042 ﬁnesque,

826 2058 1089 2130 episcopo,
1122 2053 1429 2123 conﬁrmat.

930 2145 1113 2215 (Anno
1152 2137 1350 2207 1059.)}

630 2238 925 2311 [UGHELLI,
956 2232 1117 2287 Italia
1156 2246 1331 2295 sacra,
1366 2227 1409 2293 Ι,
1442 2224 1625 2295 1116.]

380 2350 670 2405 NICOLAUS
691 2344 1022 2415 episcopus,
1046 2353 1249 2393 servus
1269 2348 1572 2389 servorum
1596 2328 1714 2399 Dei,
1740 2327 1951 2383 dilecto

311 2436 583 2494 confratri
612 2414 819 2488 JOAnNI
848 2425 1134 2482 Pennensi
1165 2423 1436 2494 episcopo
1468 2424 1524 2475 et
1554 2435 1656 2491 per
1683 2421 1735 2472 te
1764 2414 1951 2472 eccle-

312 2528 409 2584 sia:
440 2527 497 2581 S.
536 2521 729 2579 Mariae
760 2522 818 2574 et
846 2513 1083 2589 gloriosi
1112 2509 1327 2567 Christi
1370 2508 1643 2580 martyris
1674 2522 1739 2561 ac
1770 2503 1951 2560 levitze

310 2613 567 2681 Maximi,
598 2610 834 2680 tuisque
868 2601 1308 2661 successoribus
1339 2599 1397 2653 in
1438 2600 1806 2669 perpetuum.

382 2702 565 2761 Ofﬁcii
581 2697 763 2756 nostri
777 2691 1151 2751 estomnibus
1167 2686 1578 2744 ecclesiasticis
1600 2683 1952 2740 utilitatibus

311 2792 631 2867 providere,
657 2791 716 2842 et
732 2783 911 2856 justis
933 2778 1239 2837 desideriis
1262 2793 1328 2832 ac
1349 2775 1729 2867 petitionibus
1756 2789 1948 2867 prom-

314 2860 412 2956 pto
444 2880 638 2936 animo
688 2872 1009 2944 indulgere.
1063 2869 1245 2934 Unde,
1299 2865 1440 2956 quia
1469 2861 1665 2956 petisti
1697 2860 1951 2956 annobis,

310 2949 653 3028 charissime
682 2962 989 3027 confrater,
1024 2962 1090 3013 ut
1120 2973 1222 3028 per
1251 2953 1432 3010 nostri
1469 2950 1753 3025 privilegii
1784 2949 1952 3023 pagi-

310 3075 446 3115 nam
478 3061 590 3112 tuaa
620 3051 895 3116 ecclesiae,
947 3052 1004 3104 et
1050 3046 1179 3113 tibi,
1234 3043 1469 3114 tuisque
1513 3039 1952 3097 successoribus

311 3143 726 3222 perpetualiter
756 3140 1239 3197 conﬁrmaremus
1270 3132 1468 3188 omnia
1507 3147 1634 3202 qua:
1667 3127 1950 3202 praedictis

309 3218 563 3296 ecclesiae
587 3235 747 3305 juste
776 3234 834 3285 et
864 3226 1126 3299 legaliter
1155 3225 1511 3294 competunt,
1542 3218 1805 3291 petitioni
1838 3222 1951 3273 tua;

310 3330 609 3402 gratanter
619 3324 967 3385 annuentes,
985 3333 1089 3389 per
1099 3314 1278 3385 hujus
1293 3316 1503 3368 nostra;
1516 3307 1951 3366 constitutionis

311 3397 607 3473 decretum
639 3416 696 3468 et
719 3407 1044 3484 apostolicae
1067 3403 1223 3460 sedis
1245 3402 1501 3459 edictum
1524 3397 1874 3455 concedinus
1896 3400 1952 3453 et

311 3507 729 3563 conﬁrmamus
760 3498 886 3565 tibi,
910 3497 1064 3552 sicut
1093 3492 1362 3565 superius
1392 3488 1624 3561 legitur,
1651 3486 1710 3541 in
1743 3501 1952 3559 perpe-

311 3600 483 3651 tuum
514 3588 801 3664 quidquid
828 3587 885 3641 in
912 3581 1341 3658 praenominataa
1368 3576 1624 3633 ecclesiae
1658 3574 1952 3647 episcopio

312 3685 375 3739 B.
411 3662 605 3739 Mariae
634 3683 691 3735 et
715 3674 951 3751 gloriosi
981 3670 1195 3729 Christi
1216 3666 1490 3739 martyris
1515 3670 1574 3720 et
1595 3662 1799 3720 Levitae
1832 3663 1953 3718 Ma-

312 3771 454 3830 ximi
474 3771 533 3826 in
558 3765 1000 3842 praesentiarum
1024 3759 1310 3835 possides,
1335 3771 1581 3829 quaeque
1603 3755 1663 3809 in
1688 3753 1954 3809 futurum

314 3841 662 3936 quocunque
684 3855 856 3912 modo
873 3851 1106 3918 divinis,
1126 3852 1184 3905 et
1199 3844 1479 3903 humanis
1497 3843 1726 3915 legibus
1755 3841 1956 3913 cogni—

313 3932 390 4009 tis
420 3948 719 4022 acquirere
750 3942 987 4017 poteris,
1038 3937 1261 3996 scilicet
1306 3935 1502 4007 ipsum
1551 3932 1955 4005 episcopatum

317 4057 452 4098 cum
483 4021 759 4096 omnibus
790 4033 965 4090 rebus
996 4033 1053 4085 et
1081 4023 1552 4100 possessionibus
1583 4021 1731 4088 suis,
1756 4025 1813 4076 et
1836 4037 1960 4093 per-

317 4128 602 4194 tinentiis,
627 4122 945 4180 mobilibus
964 4122 1023 4175 et
1040 4111 1445 4173 immobilibus
1465 4125 1708 4181 seseque
1731 4124 1960 4164 moven-

317 4219 495 4284 tibus,
529 4213 758 4277 castris,
780 4209 935 4264 villis
962 4211 1019 4263 et
1047 4202 1377 4269 territoriis,
1401 4198 1662 4256 ecclesiis
1684 4214 1820 4254 cum
1842 4197 1959 4270 pri-

321 4306 505 4365 mitiis
534 4308 591 4359 et
619 4298 1025 4363 decimalibus,
1048 4298 1106 4349 et
1130 4307 1264 4347 cum
1290 4289 1565 4345 omnibus
1596 4304 1723 4359 qua:
1754 4286 1834 4342 ibi
1867 4286 1963 4358 pia

314 4393 548 4453 devotio
578 4387 841 4446 ﬁdelium
873 4383 1058 4442 sacris
1107 4376 1354 4436 contulit
1390 4374 1806 4442 oblationibus,
1839 4379 1961 4430 tam

321 4502 427 4560 pro
440 4481 631 4540 salute
642 4479 905 4535 vivorum
923 4487 1100 4545 quam
1121 4467 1299 4525 etiam
1313 4482 1414 4539 pro
1430 4468 1817 4520 mortuorum.
1832 4464 1961 4520 Sta-

2362 2050 2554 2113 rogatu
2584 2043 2798 2097 Arionis
2816 2041 3407 2114 episcopi,"conﬁrmat.

2683 2132 2868 2203 (Anno
2900 2130 3085 2203 1059.)

2383 2220 2680 2292 [Πῦηεῐιω⁹
2710 2221 2875 2275 Italia
2901 2237 3080 2291 sacra,
3111 2218 3205 2291 VI,
3239 2220 3391 2290 676.]

2131 2329 2420 2384 NICOLAUS
2450 2327 2783 2400 episcopus,
2819 2343 3022 2383 servus
3054 2342 3358 2383 servorum
3388 2325 3513 2394 Dei,
3561 2324 3714 2383 dile-

2061 2422 2152 2474 cto
2182 2416 2458 2472 confratri
2487 2418 2704 2473 Acrom
2731 2420 2943 2472 sanctis
2969 2416 3274 2472 Teatensis
3298 2414 3565 2473 Ecclesiae
3589 2415 3714 2488 epi-

2061 2523 2257 2579 scopo,
2292 2505 2697 2579 universisque
2728 2505 3169 2562 successoribus
3218 2505 3336 2560 tuis
3368 2504 3426 2559 in
3460 2504 3718 2561 Ecclesia

2059 2597 2264 2652 eadem
2296 2597 2576 2651 canonice
2607 2594 3020 2667 promovendis
3051 2594 3110 2649 in
3140 2596 3510 2666 perpetuum.

2130 2685 2252 2740 Etsi
2267 2684 2719 2756 jubemur,dum
2744 2687 2980 2756 tempus
3002 2683 3315 2754 habemus,
3339 2682 3411 2738 ad
3438 2698 3587 2754 opus
3607 2682 3713 2739 bo-

2058 2790 2200 2829 num
2236 2771 2743 2846 operari,maxime
2797 2775 2995 2827 tamen
3025 2772 3094 2827 ad
3149 2769 3501 2827 domesticos
3530 2769 3714 2832 ﬁdei:

2062 2864 2217 2919 unde
2244 2862 2520 2919 omnibus
2551 2860 2828 2917 Ecclesiis
2859 2860 3094 2929 Christi,
3126 2876 3232 2933 pro
3262 2876 3350 2928 ea,
3382 2858 3509 2933 quae
3543 2860 3716 2917 nobis

2059 2951 2281 3008 credita
2309 2954 2398 3008 est
2442 2949 2904 3023 dispensatione,
2954 2948 3414 3007 sollicitudinem
3447 2953 3713 3006 nostram

2061 3041 2359 3109 debentes,
2394 3039 2479 3096 sic
2511 3039 2794 3096 debemus
2826 3038 3131 3112 invigilare
3161 3037 3525 3111 longinquis,
3556 3053 3631 3094 ne
3650 3037 3714 3094 in

2066 3130 2263 3202 aliquo
2280 3128 2542 3185 absimus
2564 3128 2934 3200 propinquis.
2951 3128 3155 3199 Itaque
3175 3128 3246 3183 ad
3269 3127 3715 3200 suggestionem

1984 3198 2029 3268 C
2066 3198 2252 3286 tua—m,
2303 3198 2647 3272 charissime
2676 3198 2985 3271 icon—frater
3041 3198 3099 3271 et
3152 3198 3493 3287 coepiscope
3544 3217 3713 3286 Acto,

2062 3322 2237 3379 quem
2270 3323 2305 3361 a
2332 3322 2447 3361 rev.
2483 3320 2659 3360 mem.
2712 3303 2950 3360 domino
3000 3308 3199 3360 nostro
3227 3304 3458 3359 Victore
3488 3320 3558 3359 ex
3587 3305 3714 3377 epi-

2061 3398 2304 3467 scopatu
2334 3391 2661 3449 Marsicano
2701 3394 2775 3449 ad
2824 3393 3164 3449 Teatensem
3199 3395 3533 3464 promotum
3561 3407 3718 3464 gau-

2061 3484 2288 3553 demus,
2324 3487 2381 3539 et
2407 3481 2875 3539 antecessoribus
2906 3480 3123 3537 nostris
3155 3484 3332 3551 atque
3365 3479 3536 3535 nobis
3568 3479 3718 3535 ﬁde-

2059 3573 2193 3629 liter
2219 3572 2519 3645 etjugiter
2547 3570 2841 3627 deservire
2889 3570 2951 3625 in
3000 3569 3059 3626 S.
3112 3570 3386 3626 Romanae
3436 3567 3715 3625 Ecclesiae

2063 3679 2204 3719 cura
2233 3659 2663 3735 cognoscimus,
2723 3658 3123 3732 episcopatum
3180 3658 3527 3714 Teatensem
3576 3673 3717 3713 cum

2063 3750 2222 3808 omni
2254 3767 2362 3806 sua
2389 3746 2720 3822 integritate
2758 3752 2817 3803 et
2862 3746 3235 3820 pertinentia,
3267 3747 3423 3802 sicut
3451 3744 3716 3818 antiquis

2064 3845 2121 3897 et
2145 3839 2325 3912 justis
2344 3837 2635 3894 limitibus
2656 3836 3098 3905 determinatur,
3123 3836 3543 3893 conﬁrmamus
3570 3853 3583 3891 ε
3608 3833 3718 3892 sci-

2065 3928 2200 3985 licet
2228 3945 2262 3984 a
2291 3926 2515 3984 Stafﬁlo
2542 3925 2695 3982 inter
2724 3932 2974 3991 montes,
2997 3929 3054 3981 et
3082 3925 3211 3998 ipso
3233 3927 3431 3981 monte
3450 3924 3522 3980 de
3544 3923 3713 3995 Ursa,

2066 4022 2125 4075 et
2153 4018 2443 4091 quomodo
2475 4015 2664 4089 pergit
2692 4015 2753 4070 in
2783 4015 2954 4088 Coya,
2989 4017 3047 4071 et
3088 4014 3253 4087 ponit
3304 4012 3622 4070 terminum
3651 4012 3715 4068 in

2067 4124 2242 4180 aqua,
2274 4106 2484 4162 subtus
2531 4109 2687 4161 terra
2729 4120 2917 4176 usque
2964 4104 3036 4159 ad
3086 4119 3299 4175 aquam
3331 4101 3628 4170 sonulam,
3660 4104 3720 4157 et

2069 4196 2360 4269 quomodo
2390 4195 2581 4267 pergit
2600 4209 2788 4265 usque
2809 4192 2869 4248 in
2892 4195 3149 4248 montem
3174 4191 3246 4247 de
3267 4192 3459 4262 Teste,
3483 4194 3541 4248 et
3558 4188 3724 4246 vadit

2070 4302 2171 4358 per
2198 4285 2356 4340 Vinae
2387 4288 2670 4353 montem,
2713 4286 2771 4337 et
2816 4280 3068 4354 qualiter
3112 4279 3303 4353 pergit
3332 4295 3521 4353 usque
3549 4295 3725 4335 mons

2069 4373 2247 4442 Clavi,
2280 4377 2338 4431 et
2375 4371 2668 4445 quomodo
2725 4369 2917 4443 pergit
2966 4369 3094 4440 ipso
3154 4369 3332 4425 ﬂuvio
3392 4368 3470 4425 de
3526 4366 3729 4424 Trinio

2071 4479 2259 4536 usque
2288 4462 2347 4518 in
2376 4460 2675 4517 littoribus
2706 4459 2909 4528 maris,
2961 4463 3018 4514 et
3054 4460 3227 4530 juxta
3254 4474 3415 4514 mare
3446 4473 3634 4530 usque
3664 4456 3728 4512 in

322 4545 556 4633 tuentes
586 4587 688 4643 per
702 4567 853 4622 hanc
883 4562 1062 4633 hujus
1080 4560 1291 4615 sancta:
1314 4553 1469 4611 sedis
1491 4551 1841 4625 apostolicae,
1867 4552 1961 4607 cui
1998 4569 2042 4633 ι)
2076 4550 2414 4643 Piscariam,
2447 4553 2503 4605 et
2535 4548 2685 4605 redit
2709 4547 2767 4603 in
2790 4546 3044 4620 priorem
3066 4547 3271 4643 ﬁnem,
3295 4547 3453 4619 quod
3477 4550 3568 4603 est
3594 4545 3728 4618 ipso

324 4640 617 4722 annuente
653 4658 768 4714 Deo
819 4667 1067 4728 praeesse
1114 4644 1538 4720 dignoscimur,
1572 4640 1967 4698 inviolabilem

323 4749 820 4812 constitutionem,
852 4747 918 4798 ut
950 4738 1147 4797 nullus
1178 4738 1517 4807 imperator,
1551 4731 1833 4799 marchio,
1867 4748 1967 4787 co-

326 4860 472 4911 mes,
508 4841 851 4899 vicecomes,
885 4836 986 4889 aut
1038 4828 1152 4885 alia
1199 4823 1473 4898 quaelibet
1502 4837 1735 4894 magna,
1768 4837 1968 4892 parva,

326 4934 728 5004 cujuscunque
761 4920 1063 4997 dignitatis
1095 4916 1180 4973 vel
1212 4913 1436 4971 ordinis
1469 4928 1739 5004 persona,
1772 4914 1975 4966 contra

326 4999 436 5079 hoc
453 4999 719 5077 nostrum
742 5010 1111 5088 privilegium
1135 5006 1454 5079 praesumat
1463 5002 1591 5073 jam
1616 4999 1839 5055 dictum
1859 4999 1975 5071 epi-

326 5110 691 5184 c0pium,aut
703 5098 1131 5170 te,charissime
1157 5092 1520 5184 ﬁli,tuosque
1540 5089 1598 5144 in
1622 5093 1973 5184 perpetuum

328 5176 697 5256 successores
728 5194 799 5249 de
826 5190 998 5247 bonis
1024 5185 1150 5244 suis
1181 5180 1472 5245 divestire,
1504 5176 1853 5250 inquietare,
1875 5180 1978 5233 aut

328 5285 549 5358 aliquid
582 5285 662 5340 ibi
692 5286 894 5339 contra
939 5292 1136 5334 sacros
1190 5286 1442 5328 canones
1499 5265 1977 5358 constituerevel

330 5354 620 5430 ordinare.
653 5372 715 5428 Si
744 5369 877 5443 quis
898 5368 1080 5440 igitur
1098 5363 1173 5430 ei,
1200 5360 1355 5418 sicut
1377 5376 1411 5414 a
1431 5361 1635 5413 nostra
1656 5354 1980 5427 apostolica

332 5460 674 5516 auctoritate
704 5471 1071 5521 concessum,
1105 5456 1162 5507 et
1207 5463 1486 5506 concessa
1530 5486 1543 5500 .
1602 5487 1613 5498 .
1672 5484 1686 5501 .
1740 5485 1753 5498 .
1801 5444 1977 5517 perti-

334 5562 470 5601 nere
498 5563 615 5600 non
648 5543 995 5619 permiserit,
1030 5541 1177 5596 sciat
1219 5556 1281 5594 se
1329 5532 1720 5592 anathematis
1748 5532 1980 5589 vinculo

343 5631 682 5686 innodatum
718 5650 751 5686 a
790 5633 975 5693 Patre,
1032 5632 1087 5684 et
1134 5625 1300 5689 Filio,
1331 5629 1389 5680 et
1417 5622 1636 5694 Spiritu
1668 5626 1894 5693 sancto,
1925 5626 1981 5679 et

2076 4638 2321 4697 Stafﬁlo.
2344 4638 2531 4710 Igitur
2546 4639 2872 4693 statuentes
2886 4634 3213 4708 apostolica
3234 4636 3575 4692 auctoritate
3600 4651 3736 4690 con-

2080 4730 2389 4785 ﬁrmamus
2414 4725 2541 4794 tibi,
2567 4723 3006 4781 successoribus
3027 4724 3167 4794 tuis,
3191 4741 3294 4780 nec
3317 4741 3433 4781 non
3462 4720 3733 4779 Ecclesia

2082 4824 2195 4874 tuae
2227 4816 2523 4872 civitatem
2571 4814 2933 4883 Teatensem,
2966 4816 3024 4870 et
3052 4812 3361 4870 castellum
3410 4810 3734 4869 Tribullia—

2083 4924 2248 4975 num,
2282 4908 2339 4960 et
2366 4907 2590 4959 curtem
2643 4902 2941 4973 Cisternas,
2975 4907 3320 4976 curtemque
3366 4903 3439 4957 de
3484 4900 3738 4956 Patron-

2084 4994 2248 5062 cello,
2284 5009 2388 5049 nec
2419 5009 2534 5049 non
2566 4990 2875 5048 castellum
2919 4993 2991 5048 de
3036 4991 3372 5049 Genestrale
3401 5005 3536 5047 cum
3566 4988 3740 5062 plebe

2085 5086 2141 5142 S.
2174 5080 2474 5139 Michaelis
2505 5085 2765 5136 montem
2816 5096 3049 5153 quoque
3097 5080 3310 5137 Filardi
3341 5095 3476 5136 cum
3508 5077 3741 5151 capella

2082 5175 2305 5231 Sanctae
2337 5169 2668 5237 Trinitatis,
2700 5170 2930 5243 plebem
2977 5170 3033 5225 S.
3082 5168 3316 5226 Martini
3347 5169 3420 5225 de
3449 5167 3646 5237 Turri,
3681 5170 3742 5223 et

2086 5265 2312 5337 partem
2356 5261 2426 5317 de
2465 5261 2680 5316 Aterno
2728 5275 2863 5316 cum
2911 5258 3078 5331 plebe
3126 5262 3470 5315 sanctorum
3500 5256 3743 5330 Langu-

2083 5352 2229 5409 tiani
2259 5355 2317 5408 et
2347 5348 2688 5418 Domitiani,
2718 5353 2775 5404 et
2821 5352 3045 5421 partem
3094 5348 3165 5404 de
3193 5347 3395 5414 Portu,
3425 5363 3493 5404 ac
3526 5344 3745 5403 castel-

2087 5442 2214 5498 lum
2245 5442 2317 5497 de
2345 5443 2555 5495 Sancta
2583 5438 2807 5494 Joanne
2843 5454 2978 5493 cum
3011 5454 3121 5494 sua
3151 5436 3396 5510 capella,
3429 5433 3743 5493 castellum

2088 5546 2320 5604 quoque
2342 5529 2413 5585 de
2445 5526 2615 5600 plebe
2642 5530 2699 5581 S.
2730 5525 2936 5583 Hilarii
2968 5542 3102 5583 cum
3134 5526 3339 5583 eadem
3366 5524 3553 5599 plebe,
3577 5526 3637 5580 et
3655 5538 3747 5585 ca-

2093 5619 2331 5678 stellum
2381 5618 2452 5673 de
2498 5614 2871 5690 Villamagna
2914 5631 3050 5673 cum
3098 5614 3265 5688 plebe
3307 5614 3368 5671 S.
3419 5610 3747 5682 Michaelis,
