3970 6218
364 260 517 321 1315

1733 254 2045 316 NICOLAI
2091 252 2145 313 ΙΙ
2192 254 2284 313 PA
2299 251 2443 313 P/E.

3617 244 3778 310 l3l6

362 395 583 449 sanctis
616 391 885 446 Patribus
917 392 1202 442 statutum
1254 391 1361 447 est,
1414 386 1728 439 statuimus
1761 386 1838 439 ita
1867 404 1879 439 :
1940 385 2011 440 Ut
2039 388 2092 453 Α
2123 384 2466 440 auctoritate
2518 385 2822 439 beatorum
2870 382 3265 455 apostolorum
3317 382 3465 437 Petri
3497 384 3554 436 et
3585 375 3781 446 Pauli,

360 484 549 552 major
579 479 821 534 ecclesia
854 494 954 548 per
986 476 1298 530 circuitum
1328 474 1630 543 sexaginta
1661 488 1872 544 passus
1906 475 2009 528 ha-

360 571 512 635 beat,
546 567 779 639 capellae
812 581 963 629 vero,
998 564 1119 618 sive
1142 564 1400 617 minores
1431 561 1708 625 ecclesiae,
1747 562 2008 632 triginta.

360 658 466 723 Qui
499 662 692 711 autem
725 653 1043 709 confinium
1077 668 1279 706 eorum
1334 651 1649 721 infringere
1682 651 2009 719 tentaverit,

357 744 444 799 vel
480 760 784 815 personam
820 741 1075 795 hominis
1104 745 1202 793 aut
1236 740 1385 793 bona
1407 740 1535 808 ejus
1560 739 1692 792 inde
1716 740 2009 793 abstraxe-

361 836 455 902 rit,
484 834 595 887 nisi
626 831 894 903 publicus
917 829 1063 883 latro
1090 829 1279 894 fuerit,
1306 845 1612 898 quousque
1634 830 1923 894 emendet,
1955 833 2013 883 et

358 923 515 994 quod
553 920 811 992 rapuerit
840 919 1061 983 reddat,
1095 918 1654 972 exconimunicetur.
1685 940 1710 964 η

428 1012 557 1066 Haec
578 1011 756 1081 igitur
780 1013 835 1063 et
866 1012 1073 1062 cmtera
1096 1005 2007 1077 hujusmodi,quaacunqueinsa-

356 1101 471 1155 eris
502 1098 825 1153 canonibus
851 1096 1165 1161 habentur,
1189 1094 1594 1148 authenticuln
1622 1099 2009 1163 sanctasyno-

355 1190 467 1244 dus
498 1187 741 1260 praefata
776 1187 893 1240 fore
922 1183 1150 1239 censuit
1182 1183 1634 1237 observandum.

1126 1289 1248 1344 VIII

355 1385 617 1440 Nicolaus
648 1384 694 1438 II
726 1382 979 1437 omnibus
1025 1381 1285 1450 episcOpis
1315 1386 1609 1447 cunctaque
1647 1378 1789 1431 clero
1828 1381 1881 1431 et
1906 1393 2001 1448 po-

518 1457 649 1527 pulo
679 1454 891 1509 decreta
917 1452 1116 1522 synodi
1146 1452 1401 1505 Romanae
1433 1450 1508 1519 (I)
1538 1450 1841 1519 prescribit.

978 1543 1167 1608 (Anno
1201 1540 1382 1605 1059.)

766 1636 995 1701 μαινίδι,
1028 1629 1230 1684 Concil.
1266 1628 1409 1695 XIX,
1442 1627 1593 1696 897.]

424 1723 710 1777 NICOLAUS
744 1720 1073 1792 cpiscopus,
1108 1734 1309 1772 servus
1341 1732 1639 1770 servorum
1669 1714 1788 1782 Dei,
1813 1711 2000 1769 omni-

355 1813 466 1867 bus
499 1811 792 1883 episcopis
815 1808 1140 1873 catholicis,
1160 1811 1484 1875 cunctoque
1515 1805 1664 1859 clero
1688 1809 1743 1858 et
1767 1802 1999 1876 populo,

356 1900 607 1956 salutem
658 1898 1069 1954 charissimam
1117 1901 1172 1951 et
1218 1893 1601 1967 apostolicam
1660 1891 2005 1947 benedictio-

354 2007 514 2045 nem.

419 2078 736 2151 Vigilantia
768 2076 1117 2133 universalis
1140 2073 1441 2145 regiminis
1472 2072 1772 2127 assiduam
1797 2068 2005 2124 sollici-

350 2168 613 2223 tudinem
643 2167 922 2221 omnibus
954 2165 1261 2227 debentes,
1296 2161 1470 2216 saluti
1520 2174 1754 2231 quoque
1802 2161 2006 2213 vestrae

356 2256 748 2329 providentes,
783 2271 909 2324 qum
940 2252 999 2306 in
1046 2256 1305 2305 Romana
1345 2250 1567 2320 synodo
1617 2262 1803 2317 nuper
1851 2244 2002 2300 cele-

354 2346 539 2409 brata,
572 2361 766 2399 coram
792 2346 1027 2395 centum
1050 2338 1327 2393 tredecim
1352 2335 1663 2408 episcopis,
1680 2334 1848 2389 nobis
1871 2332 2005 2387 licet

349 2432 660 2487 immeritis
694 2427 1159 2501 prazsidentibus,
1188 2431 1329 2479 sunt
1376 2424 1655 2479 canonice
1685 2422 2004 2478 constituta

349 2520 512 2574 vobis
543 2518 843 2573 notificare
877 2514 1329 2585 curamus,quia
1361 2513 1432 2567 ad
1465 2512 1713 2568 salutem
1745 2514 2000 2564 vestram

347 2612 719 2664 exsecutores
748 2621 951 2661 eorum
982 2621 1083 2659 vos
1114 2618 1242 2659 esse
1267 2607 1562 2674 aptemus,
1594 2607 1650 2656 et
1680 2598 1999 2673 apostolica

348 2695 697 2752 auctoritate
720 2693 984 2765 jubendo
1017 2692 1389 2747 mandamus.

422 2787 460 2839 Ι.
498 2784 689 2839 Primo
735 2799 1014 2854 namque,
1064 2782 1390 2852 inspectore
1421 2780 1555 2846 Deo,
1590 2783 1678 2834 est
1707 2781 1996 2833 statutum

346 2878 412 2928 ut
444 2873 646 2927 electio
680 2872 927 2927 Romani
980 2870 1274 2942 pontificis
1324 2870 1383 2924 in
1417 2872 1701 2941 potestate
1732 2866 1997 2922 cardina-

346 2962 489 3016 Iium
514 2961 923 3032 episcoporum
950 2958 1045 3023 sit;
1084 2958 1162 3011 ita
1193 2962 1256 3011 ut
1278 2957 1325 3011 si
1357 2958 1491 3028 quis
1523 2956 1852 3027 apostolicae
1874 2953 1997 3010 sedi

347 3050 473 3107 sine
488 3049 790 3124 praemissa
805 3047 1076 3103 cancordi
1094 3051 1151 3100 et
1171 3046 1450 3101 canonica
1468 3045 1747 3100 electione
1768 3060 1994 3109 eorum,

2124 473 2524 544 praecipimus,
2553 478 2610 527 et
2652 472 2890 529 omnino
2920 471 3401 536 contradicimus,
3436 474 3499 524 ut
3528 469 3784 525 missam

2128 578 2245 617 non
2287 567 2503 629 cantet,
2554 579 2741 634 neque
2785 562 3161 635 Evangelium
3205 560 3295 617 vel
3332 558 3657 633 Epistolam
3703 558 3782 613 ad

2128 650 2372 705 missam
2408 650 2581 723 legat,
2615 667 2803 723 neque
2834 651 2891 705 in
2923 650 3284 723 presbyterio
3314 650 3385 705 ad
3408 648 3606 704 divina
3640 646 3784 703 ofﬁ-

2121 738 2211 793 cia
2248 756 2381 794 cum
2428 739 2500 794 iis
2547 740 2646 811 qui
2698 740 2945 811 praefatae
3003 737 3402 794 constitutioni
3438 736 3788 792 obedientes

2122 828 2339 883 fuerint
2369 833 2816 900 maneat,neque
2844 833 3066 900 partem
3088 830 3160 884 ab
3178 826 3434 883 Ecclesia
3465 825 3786 897 suscipiat,

2124 932 2432 987 quousque
2462 934 2495 972 a
2522 917 2691 972 nobis
2724 917 3013 973 sententia
3050 934 3227 989 super
3256 914 3623 988 hujusmodi,
3654 913 3785 970 Deo

2122 1006 2491 1066 concedente.
2528 1006 2821 1077 procedat.

2192 1110 2282 1165 IV.
2307 1111 2374 1164 Et
2404 1111 2800 1182 prcecipientes
2834 1112 3151 1168 statuimus
3187 1117 3249 1167 ut
3276 1112 3314 1166 ii
3347 1111 3780 1184 praedictorum

2118 1199 2740 1270 ordinum,qui,eidem
2756 1200 3169 1271 praedecessori
3186 1206 3385 1256 nostro
3407 1200 3784 1265 obedientes,

2116 1288 2442 1342 castitatem
2463 1293 2857 1355 servaverunt,
2871 1289 3038 1359 juxta
3056 1288 3332 1344 ecclesias
3370 1288 3588 1360 quibus
3609 1287 3791 1344 ordi—

2115 1376 2233 1430 nati
2267 1380 2425 1443 sunt,
2460 1377 2613 1432 sicut
2655 1380 2881 1447 oportet
2931 1376 3233 1447 religiosos
3284 1376 3545 1443 clericos,
3580 1374 3781 1432 simul

2115 1466 2476 1520 manducent
2505 1470 2561 1521 et
2589 1465 2967 1519 dormiantzet
2989 1464 3276 1537 quidquid
3301 1463 3385 1519 eis
3406 1464 3481 1519 ab
3500 1464 3709 1519 ecclesi
3719 1463 3787 1517 is

2113 1553 2288 1619 venit,
2322 1554 2715 1609 communiter
2752 1552 3025 1608 habeant.
3059 1553 3124 1607 Et
3145 1557 3418 1625 rogantes
3451 1567 3785 1608 monemus

2116 1644 2181 1694 ut
2210 1640 2281 1695 ad
2316 1641 3102 1712 apostolicam,communem
3136 1639 3564 1708 scilicet,vitam
3595 1654 3784 1695 sum-

2115 1745 2347 1801 mopere
2379 1730 2683 1801 pervenire
2715 1730 3010 1785 studeant.

2186 1836 2252 1890 V.
2288 1837 2534 1904 Deinde,
2566 1841 2632 1893 ut
2662 1836 2899 1892 decima:
2922 1840 2980 1892 et
3002 1835 3405 1908 primitias,seu
3439 1833 3775 1890 oblationes

2113 1926 2375 1981 vivorum
2409 1934 2460 1982 et
2493 1931 2882 1993 mortuorum,
2932 1924 3193 1981 ecclesiis
3233 1923 3333 1980 Dei
3366 1922 3614 1979 fideliter
3642 1923 3777 1979 red-

2115 2015 2332 2069 dantur
2360 2031 2394 2070 a
2425 2014 2614 2082 laicis,
2641 2020 2697 2071 et
2727 2018 2791 2070 ut
2829 2016 2886 2069 in
2937 2013 3320 2086 dispositione
3351 2012 3769 2085 episcoporum

2114 2103 2417 2169 sint.Quas
2449 2105 2548 2176 qui
2582 2104 2947 2171 retinuerint,
3001 2120 3035 2157 a
3066 2106 3282 2159 sanctas
3312 2100 3581 2158 Ecclesia;
3604 2118 3769 2158 com-

2115 2192 2393 2248 munione
2426 2203 2790 2264 separentur.

2183 2296 2277 2352 VI.
2314 2298 2383 2353 Ut
2427 2316 2530 2370 per
2578 2298 2755 2354 laicos
2809 2299 2968 2355 nullo
3018 2299 3190 2355 modo
3224 2297 3471 2370 quilibet
3513 2296 3771 2355 clericus

2112 2389 2214 2440 aut
2242 2387 2546 2458 presbyter
2583 2387 2845 2442 obtineat
2884 2387 3212 2459 ecclesiam,
3265 2404 3369 2443 nec
3421 2386 3625 2460 gratis,
3656 2401 3768 2443 nec
3859 2387 3863 2390 ’

2111 2474 2317 2546 pretio.

2180 2581 2298 2636 VII.
2332 2581 2404 2637 Ut
2435 2582 2633 2639 nullus
2666 2584 2933 2640 habitum
2968 2584 3240 2640 monachi
3271 2583 3762 2657 suscipiat,spem

2108 2676 2211 2726 aut
2239 2671 2689 2743 promissionem
2719 2672 2944 2729 habens
2976 2678 3041 2728 ut
3069 2674 3251 2729 abbas
3281 2674 3400 2729 ﬁat.

2180 2778 2329 2834 VIII.
2358 2779 2471 2834 Nec
2503 2778 2718 2851 aliquis
2750 2780 3051 2853 presbyter
3080 2781 3229 2836 duas
3270 2779 3546 2837 ecclesias
3577 2776 3761 2837 simul

2108 2868 2391 2923 obtineat.

2181 2973 2270 3028 IX.
2301 2974 2371 3029 Ut
2402 2991 2503 3046 per
2542 2975 2934 3031 Simoniacam
2980 2975 3249 3031 haeresim
3300 2993 3471 3032 nemo
3520 2976 3758 3033 ordine-

2106 3064 2202 3115 tur
2231 3062 2315 3117 vel
2351 3067 2759 3133 promoveatur
2786 3065 2858 3119 ad
2887 3064 3189 3135 quodlibet
3202 3063 3665 3122 ecclesiasticum
3678 3065 3764 3122 of-

349 3156 413 3195 ac
442 3120 654 3193 deinde
711 3136 1082 3208 sequentium
1113 3134 1385 3190 ordinum
1422 3132 1848 3202 religiosorum,
1881 3130 1992 3186 cle-
2026 3120 2070 3187 C
2109 3150 2329 3204 ﬁcium.

346 3228 604 3283 ricorum
651 3230 708 3281 et
756 3225 1039 3280 laicorum
1084 3239 1394 3286 consensu,
1446 3221 1893 3288 inthronizatur,
1944 3220 1996 3274 is

346 3332 459 3371 non
494 3331 645 3387 papa
674 3313 763 3369 vel
813 3311 1191 3385 apostolicus,
1243 3312 1343 3366 sed
1394 3310 1751 3382 apostaticus
1784 3310 1995 3365 habea-

352 3408 469 3460 tur.

421 3494 489 3548 ll.
526 3494 597 3549 Ut
628 3492 910 3548 moriente
943 3492 1203 3546 Romano
1236 3490 1526 3563 pontifice,
1558 3488 1643 3544 vel
1681 3490 1999 3558 cujuscun-

348 3600 462 3655 que
518 3582 790 3652 civitatis,
836 3579 1035 3635 nullus
1076 3584 1393 3652 praesumat
1440 3578 1744 3633 facultates
1795 3594 1994 3632 eorum

348 3672 642 3739 invadere,
678 3672 778 3727 sed
813 3670 1254 3725 successoribus
1282 3685 1484 3724 eorum
1518 3671 1884 3723 reserventur
1912 3667 1999 3721 in-

349 3766 547 3832 tegraa.

421 3850 516 3904 III.
551 3848 623 3903 Ut
673 3847 877 3903 nullus
923 3848 1168 3903 missam
1223 3847 1423 3903 audiat
1469 3846 1791 3919 presbyteri
1822 3861 1996 3916 quem

346 3938 458 3994 scit
487 3938 873 3993 concubinam
907 3936 1307 3992 indubitanter
1340 3935 1681 4002 habere,aut
1709 3935 2000 3990 subintro-

347 4027 584 4081 ductam
620 4024 1122 4081 mulierem.Unde
1151 4024 1327 4079 etiam
1361 4024 1488 4094 ipsa
1506 4027 1710 4077 sancta
1740 4023 1998 4093 synodus

348 4114 457 4170 hoc
488 4114 812 4185 capitulum
838 4114 947 4168 sub
987 4113 1595 4168 excommunicatione
1648 4112 1874 4178 statuit,
1906 4112 2000 4165 di-

347 4220 484 4258 cens
519 4219 531 4256 :
560 4223 588 4250 «
620 4202 963 4272 Quicunque
997 4202 1387 4267 sacerdotum,
1421 4200 1823 4266 diaconorum,
1857 4200 1995 4254 sub-

347 4291 893 4360 diaconorum.post
923 4288 1306 4343 constitutum
1338 4289 1520 4343 beata:
1542 4288 1834 4342 memoria:
1853 4305 1995 4359 prae-

348 4378 673 4435 decessoris
697 4376 883 4432 nostri
925 4376 1281 4431 sanctissimi
1314 4393 1475 4448 papa:
1510 4377 1714 4431 Leonis
1736 4377 1807 4430 de
1828 4375 1997 4431 casti-

2178 3260 2245 3312 Χ.
2282 3255 2353 3311 Ut
2383 3257 2700 3328 cujuslibet
2741 3258 2967 3315 ordinis
3019 3259 3260 3316 clericos
3291 3259 3423 3316 laici
3456 3260 3759 3332 nonjudi-

2104 3348 2254 3399 cent.

2176 3432 2267 3488 XI.
2302 3433 2376 3488 Ut
2405 3434 2475 3490 de
2505 3434 3009 3508 consanguinitate
3032 3454 3140 3491 sua
3156 3435 3354 3492 nullus
3384 3453 3625 3492 uxorem
3652 3439 3763 3494 du-

2105 3527 2198 3578 cat
2228 3539 2414 3595 usque
2436 3525 2507 3579 ad
2531 3525 2963 3597 generationem
2987 3525 3419 3598 septimam,vel
3443 3541 3759 3599 quousque

2107 3616 2351 3683 parenta
2382 3613 2652 3685 cognosci
2685 3613 2912 3685 poterit.

2188 3721 2305 3776 XII.
2341 3718 2413 3774 Ut
2433 3718 2617 3775 laicus
2648 3736 2887 3776 uxorem
2919 3719 3098 3776 simul
3128 3725 3184 3776 et
3215 3720 3603 3776 concubinam
3652 3720 3761 3778 ha-

2106 3816 2253 3871 bens
2284 3828 2399 3867 non
2433 3808 2829 3865 communicet
2859 3809 3146 3866 Ecclesiae.

2177 3921 2321 3977 XIII.
2338 3918 2411 3974 Ut
2440 3916 2640 3972 nullus
2666 3915 2852 3972 laicus
2870 3917 2941 3971 ad
2974 3916 3299 3989 quemlibet
3314 3917 3563 3990 gradum
3576 3915 3758 3973 eccle-

2106 4010 2408 4067 siasticum
2437 4010 2671 4078 repente
2707 4010 3137 4078 promoveatur,
3167 4005 3442 4077 nisi,post
3459 4009 3757 4062 mutatum

2106 4098 2373 4155 habitum
2407 4094 2766 4163 saecularem,
2810 4094 3092 4151 diuturna
3138 4094 3571 4150 conversatione
3602 4094 3760 4151 inter

2106 4186 2345 4242 clericos
2379 4183 2553 4239 fuerit
2583 4185 3015 4254 comprobatus.

2176 4294 2292 4348 Vos
2321 4307 2457 4363 ergo
2486 4294 2545 4345 et
2573 4289 2693 4344 haec
2722 4288 2839 4344 alia
2867 4286 3207 4345 sanctorum
3245 4290 3485 4346 Patrum
3534 4293 3759 4348 statuta

2106 4382 2354 4437 ﬁdeliter
2382 4384 2439 4436 et
2467 4378 2800 4433 Christiana
2830 4379 3150 4434 reverentia
3179 4378 3559 4446 observate,si
3579 4378 3760 4436 vultis

346 4473 465 4525 tate
482 4466 847 4535 clericorum,
881 4464 1268 4520 concubinam
1300 4464 1492 4537 palam
1514 4464 1862 4531 duxerit,vel
1890 4466 1997 4519 du-
2026 4486 2073 4550 D
2105 4472 2176 4526 de
2224 4473 2445 4524 Sancta:
2494 4472 2767 4522 Romanae
2812 4465 3076 4522 Ecclesiae
3120 4473 3179 4523 et
3224 4467 3555 4540 apostolicae
3599 4467 3759 4526 sedis

346 4561 504 4613 ctam
538 4573 653 4612 non
707 4554 1030 4626 reliquerit,
1091 4571 1160 4610 ex
1204 4558 1367 4626 parte
1424 4553 1844 4625 omnipotentis
1870 4553 1994 4625 Dei,

420 4682 496 4753 (2)
527 4680 851 4737 Concilium
874 4680 990 4753 hoc
1024 4695 1224 4753 mense
1248 4677 1433 4753 Aprili
1452 4678 1587 4753 etin
1613 4677 1782 4753 tertia
1823 4678 1995 4753 septi-

353 4750 529 4809 mana
561 4757 691 4826 post
721 4752 947 4826 Pascha
973 4751 1240 4826 habitum
1270 4750 1337 4806 ex
1369 4750 1585 4805 Nicolai
1619 4750 1858 4826 llp‘apae
1879 4751 1996 4822 epi-

347 4826 498 4882 stola
529 4821 601 4880 ad
634 4824 1138 4896 archiepiscopum
1175 4824 1521 4896 Remensem
1551 4821 1848 4896 colligitur
1870 4840 1891 4896 ς,
1927 4838 1996 4877 ex

348 4897 597 4969 epistola
623 4893 901 4967 autem—ej
914 4893 1119 4969 usdem
1143 4895 1214 4950 ad
1244 4894 1548 4969 episcopos
1561 4893 1997 4969 Galliaedicitur

348 4965 507 5023 a'SS.
542 4969 802 5023 Patribus
834 4965 1083 5022 videlicet
1114 4983 1245 5022 cxm
1276 4967 1802 5036 episcopis,exceplis
1833 4965 1999 5019 abba—

349 5039 515 5103 tibus,
539 5048 591 5093 et
618 5040 834 5095 clericis
872 5039 1143 5108 religiosis
1189 5052 1253 5092 ac
1301 5036 1460 5108 [uicis
1496 5038 1805 5102 celebra-ta;
1840 5036 1994 5108 quod

350 5109 563 5180 repetit
592 5110 864 5165 Nicolaus
895 5106 1060 5164 initio
1094 5114 1369 5180 Actorum
1421 5106 1601 5179 hujus
1631 5106 1903 5163 concilii:
1937 5111 1998 5163 in

350 5179 598 5237 Romana
626 5181 830 5252 synodo
859 5179 1321 5252 nupercelebrata
1350 5195 1535 5252 coram
1555 5197 1691 5252 CXIII
1711 5180 1994 5252 episcopis.

349 5252 569 5307 Verum
600 5250 669 5306 ex
696 5250 966 5308 Vaticano
998 5252 1195 5307 codice
1217 5250 1370 5306 infra
1399 5251 1641 5307 exhibiti
1662 5250 2001 5306 in’suhscri-

351 5321 651 5395 ptionibus
683 5322 861 5395 hujus
893 5322 1116 5395 concilii
1150 5339 1265 5378 non
1289 5323 1662 5395 reperiuntur
1685 5320 1999 5395 subscripti

352 5390 470 5447 nisi
502 5407 635 5472 Lxui
664 5390 920 5477 episcopi
948 5394 1132 5477 ;.hin_c
1178 5395 1325 5477 forte
1354 5390 1695 5477 legendum
1713 5411 1845 5449 Lxm
1872 5390 1999 5477 loco

353 5462 814 5547 caruepiscopis
850 5462 912 5521 in
942 5463 1137 5547 citatis
1166 5464 1353 5547 locis.
1373 5462 1636 5547 Nicolai;
1669 5465 2002 5542 frequenter

356 5533 519 5589 enim
546 5533 670 5589 hec
696 5533 835 5593 nota
863 5551 902 5594 ι.
934 5534 1284 5597 exscribitur
1337 5533 1464 5599 loco
1490 5553 1543 5609 ο,
1570 5540 1628 5599 et
1656 5552 1688 5598 ο
1717 5533 1994 5600 converso

2105 4575 2247 4632 pace
2277 4563 2335 4614 et
2363 4555 2777 4613 communione
2804 4564 2981 4626 atque
3012 4556 3416 4614 benedictione
3444 4556 3720 4631 gaudere.

2106 4685 2167 4739 In
2187 4682 2295 4738 hoc
2329 4679 2576 4737 concilio
2606 4679 2911 4752 Widonem
2961 4679 3218 4752 archiep.
3260 4680 3758 4737 Mediolanensem

2104 4756 2176 4809 ab
2208 4753 2444 4808 Arialdo
2474 4758 2531 4807 et
2567 4750 2906 4822 Landgulpho
2925 4752 3093 4807 Gotta
3115 4750 3460 4808 Simoniacte
3491 4752 3644 4808 labis
3666 4752 3760 4807 in-

2105 4822 2623 4896 simulatum,01do
2644 4820 2734 4876 vel
2757 4820 2885 4896 Atto
2899 4823 3272 4896 Novariensis
3292 4825 3604 4896 episcopus
3618 4839 3758 4879 cum

2103 4894 2802 4967 Astensiiet‘Taurinensi
2832 4895 3125 4967 episcopis
3174 4894 3759 4967 defendere'conatus

2106 4972 2213 5033 est,
2246 4984 2315 5022 ex
2346 4964 2607 5038 Ughello,
2636 4972 2781 5038 tom.
2806 4964 2908 5038 _I_V
2952 4964 3150 5038 de—ep.
3198 4966 3528 5038 Novariam,
3571 4984 3629 5038 n.
3666 4966 3757 5021 48.

2104 5039 2331 5111 Asserit
2352 5035 2594 5111 insuper
2608 5037 2685 5111 de
2705 5035 3165 5111 archiepiscopis
3186 5036 3568 5111 Mediolanen.
3599 5036 3760 5111 hunc

2107 5110 2417 5165 Widonem
2444 5108 2778 5165 interfuisse
2794 5108 2931 5163 huic
2953 5108 3404 5180 conéilio,atque
3425 5108 3759 5180 primoloco

2107 5181 2551 5254 subscripsisse,
2586 5181 2685 5254 uti»
2706 5180 2949 5254 exactis
2979 5181 3134 5254 apud
3156 5180 3500 5254 Vaticanum
3524 5196 3759 5254 ,verum

2107 5270 2177 5310 ex
2207 5249 2359 5309 actis
2386 5253 2541 5308 infra
2561 5252 2835 5308 exhibitis
2852 5249 3041 5323 primo
3062 5252 3191 5323 loco
3212 5251 3566 5323 subscripsit
3584 5249 3760 5323 V.ar-

2110 5324 2519 5409 chiepiscopus
2541 5322 3028 5409 Domegradensis
3046 5322 3523 5409 patriarchamou
3544 5322 3760 5409 Medio-

2108 5394 2368 5452 lanensis
2398 5394 2677 5468 archiep.,
2714 5394 2812 5468 qui
2851 5394 3083 5468 pullihi,
3135 5394 3287 5452 sicut
3335 5409 3441 5452 nec
3488 5394 3759 5457 Astensis

2109 5464 2821 5545 episcopus,subscriptus
2850 5464 3083 5547 legitur.
