3970 6218
476 395 627 457 132⁸1

1830 392 2146 455 NICOLAI
2190 392 2243 454 II
2286 389 2516 454 PAP/E

478 526 623 581 berti
655 530 870 581 sanctae
932 525 1197 581 Ecclesia:
1247 525 1413 580 Silva:
1454 526 1724 581 Candidze
1751 525 2030 599 episcopi,
2063 531 2119 581 ct
2147 528 2200 593 Α
2231 541 2365 583 mus
2396 531 2459 582 ut
2484 525 2674 582 locum
2706 527 2960 584 avaritiae
2988 527 3362 589 secludamus
3381 528 3839 603 nullusnest-egi-

472 613 820 689 Apostolicae
852 614 1009 669 sedis
1063 613 1511 681 bibliothecarii,
1546 631 1699 670 anno
1746 615 2120 686 pontificatus

474 704 665 775 primo
695 702 914 757 domini
947 702 1055 757 PP.
1089 701 1310 758 Nicolai
1359 703 1622 772 secundi,
1653 703 1968 761 indictione
1995 721 2117 761 xm.

1229 809 1374 865 XIII.

474 899 692 954 Nicotai
717 900 765 953 ll
789 899 1145 970 privilegium
1173 914 1271 970 pro
1296 902 1626 956 monasterio
1679 900 1733 956 S.
1760 901 1982 957 Martini
2006 901 2119 956 Au-

1077 971 1520 1039 gustodunemis.

1093 1060 1285 1130 (Anno
1318 1062 1498 1127 1059.)

473 1149 764 1219 [Βυιιῐοτκ
796 1150 953 1204 Essai
982 1149 1280 1219 historique
1308 1165 1406 1203 sur
1447 1148 1830 1204 Saint-Hartin
1858 1148 2115 1214 d’Autun,

1072 1224 1193 1274 tom
1230 1220 1296 1280 II.
1329 1236 1386 1290 p.
1420 1220 1531 1283 30.]

544 1327 833 1383 NICOLAUS
859 1326 1189 1397 episcopus,
1239 1340 1442 1380 servus
1490 1339 1786 1378 servorum
1818 1321 1939 1389 Dei,
1973 1321 2113 1378 dile—

474 1416 583 1472 ctis
616 1415 751 1470 filiis
782 1415 839 1468 in
872 1414 1427 1478 Christo,Gaan0mo
1454 1410 1765 1465 venerabili
1789 1409 1983 1464 abbati
2007 1427 2115 1464 cce-

478 1503 633 1558 nobii
678 1508 733 1557 S.
795 1502 1024 1556 Martini
1061 1501 1369 1566 Eduensis,
1430 1499 1707 1569 omnique
1761 1496 2113 1553 monasterio

471 1592 734 1661 ejusdem
766 1586 1230 1659 congregationis
1270 1587 1323 1642 in
1358 1590 1724 1658 perpetuum.

539 1678 774 1742 Quoties
800 1693 834 1730 a
865 1676 1034 1731 nobis
1064 1675 1163 1731 illa
1192 1674 1369 1731 tribui
1423 1678 1700 1746 optantur
1733 1693 1860 1747 qua:
1892 1675 2108 1732 dationi

468 1768 874 1823 incunctanter
902 1763 1256 1821 conveniunt
1284 1764 1511 1831 animae,
1538 1781 1645 1820 nos
1670 1765 1837 1821 decet
1866 1764 2114 1821 libenter

466 1854 801 1919 concedere,
826 1858 882 1908 et
916 1853 1242 1925 petentium
1286 1853 1592 1909 desideriis
1640 1869 1971 1925 congruens
1998 1854 2106 1909 im-

466 1944 679 2018 pertire
701 1942 1251 2013 suﬂ‘ragium,atque
1273 1942 1400 1997 ideo
1420 1941 1521 2013 qui
1540 1942 1884 2014 postulastis
1897 1960 1931 1998 a
1945 1942 2113 1999 nobis

468 2031 832 2106 privilegium
855 2031 1013 2087 sedis
1044 2030 1371 2103 apostolica:
1405 2031 1759 2087 monasterio
1790 2032 1847 2087 S.
1881 2031 2115 2088 Martini

469 2124 527 2178 in
561 2120 843 2178 suburbio
876 2121 1048 2175 Edua:
1081 2119 1334 2176 civitatis
1366 2119 1599 2190 sito,cui
1631 2136 1880 2191 praeesse
1911 2120 2116 2192 digno-

471 2211 671 2278 sceris,
702 2210 858 2281 quod
886 2212 1113 2264 constat
1145 2227 1178 2263 a
1226 2208 1492 2281 piissimo
1544 2208 1893 2282 imperatore
1915 2210 2116 2265 Carolo

472 2304 734 2373 Augusto
765 2300 838 2355 ob
871 2315 1129 2355 amorem
1155 2298 1619 2369 Cunctipotentis
1649 2302 1706 2353 et
1738 2299 2116 2354 reverentiam

472 2391 658 2464 ipsius
673 2388 1024 2445 confessoris
1036 2387 1361 2443 beatissimi
1378 2387 1611 2442 Martini
1627 2391 1860 2459 propter
1872 2404 2117 2443 suorum

478 2478 903 2551 indulgentiam
936 2477 1342 2548 peccaminum
1394 2476 1640 2547 vitaeque
1671 2481 1894 2531 aeternae
1925 2493 2118 2531 remu-

476 2569 837 2626 nerationem
870 2566 1249 2621 reformatum
1278 2570 1453 2636 atque
1482 2565 2120 2631 remditicatum,facere

475 2661 823 2716 deberemus
852 2672 866 2712 :
886 2653 1145 2710 inclinati
1172 2654 1350 2725 igitur
1371 2654 1577 2709 vestris
1600 2652 2116 2726 postulationibus,

476 2749 790 2804 clementer
821 2744 1139 2799 annuimus
1178 2747 1236 2798 et
1264 2744 1571 2814 praefatum
1605 2743 2026 2798 monasterium
2062 2744 2118 2798 in

476 2855 590 2909 quo
614 2834 807 2890 divino
830 2832 1149 2904 nuncupati
1186 2832 1330 2887 estis
1368 2831 1648 2903 obsequio
1680 2831 2004 2903 apostolicae
2035 2848 2121 2888 se-

475 2927 568 2983 dis
589 2923 911 2997 patrocinio
935 2926 991 2976 et
1012 2920 1310 2993 priviiegio
1340 2920 1799 2977 communimus.
1816 2920 2117 2990 Volumus,

476 3012 875 3079 concedimus,
911 3010 1249 3075 statuimus,
1282 3014 1346 3063 ut
1395 3009 1547 3064 idem
1605 3010 2025 3065 monasterium
2058 3011 2120 3066 in

482 3104 644 3162 nullo
665 3101 837 3158 alicui
865 3100 975 3155 nisi
994 3103 1221 3154 tantum
1245 3098 1576 3170 apostolica:
1590 3097 1856 3154 Ecclesia:
1879 3116 2121 3171 respon-

479 3197 615 3251 dere
637 3194 924 3259 teneatur,
957 3193 1015 3245 et
1035 3189 1108 3244 ab
1136 3188 1293 3243 omni
1331 3186 1870 3259 aliajurisdictione
1894 3193 1950 3244 et
1979 3189 2117 3244 sub-

2229 615 2362 683 bus,
2402 614 2474 669 de
2507 615 2899 687 episcopis,de
2928 617 3330 675 sacerdotibus
3348 617 3497 675 velle
3522 618 3597 675 de
3624 618 3841 692 quibus-

2229 719 2460 775 cunque
2491 703 2763 760 ﬁdelibus
2784 721 2886 777 per
2914 722 2976 763 se
3008 707 3447 780 suppositamve
3467 707 3845 781 personamde

2229 792 2595 850 ordinatione
2614 794 2880 864 ejusdem
2896 794 3124 852 abbatis
3142 794 3230 852 vel
3253 795 3597 855 clericorum
3616 800 3719 854 aut
3737 812 3847 869 pne-

2229 881 2713 953 sbyterorum,vcl
2735 883 2807 940 de
2830 883 3137 956 largitione
3167 884 3504 943 chrismatis
3534 889 3638 943 aut
3662 901 3846 942 conse-

2228 970 2484 1026 cratione
2516 971 2789 1039 basilicae,
2824 972 2911 1029 vel
2950 973 3022 1029 de
3078 974 3528 1046 quibuscunque
3564 973 3761 1032 causis
3784 974 3849 1030 ad

2226 1058 2382 1114 idem
2406 1060 2826 1115 monasterium
2850 1061 3589 1132 pertinentibus,audersin
3608 1061 3854 1134 qualibet

2226 1147 2667 1217 specie,praemii
2690 1147 3167 1222 loci-,quidquam
3178 1150 3854 1227 accipers,neque-eidem

2226 1233 2418 1289 abbati
2444 1250 2547 1305 pro
2569 1235 2935 1294 ordinatione
2954 1254 3063 1297 sua
3090 1238 3313 1311 aliquid
3335 1240 3493 1298 dare.
3517 1240 3718 1313 Neque
3746 1237 3855 1310 cpi.

2225 1337 2441 1392 scopus
2462 1322 2713 1379 civitatis
2754 1324 2939 1395 ipsius
2968 1326 3082 1381 nisi
3110 1327 3183 1382 ab
3213 1328 3425 1385 abbate
3452 1328 3642 1401 ipsius
3671 1341 3861 1385 mens-

2223 1410 2380 1463 sterii
2404 1408 2704 1479 invitatus,
2723 1411 2942 1468 ibidem
2968 1414 3180 1470 missas
3202 1419 3338 1486 agat
3357 1416 3643 1486 publicas,
3673 1430 3862 1487 neque

2223 1497 2504 1553 stationes
2525 1498 2611 1553 vel
2653 1499 3013 1556 visitationes
3044 1501 3102 1557 in
3133 1502 3336 1560 eodem
3366 1504 3630 1561 cmnobio
3651 1503 3867 1561 indicet

2222 1585 2307 1640 vel
2342 1585 2534 1650 faciat,
2560 1604 2632 1643 ne
2654 1605 2953 1645 servorum
2988 1590 3088 1646 Dei
3117 1591 3283 1662 quies
3304 1607 3658 1664 quocunque
3690 1594 3867 1650 modo

2223 1674 2488 1746 populari
2522 1680 2810 1733 conventu
2842 1678 3032 1734 valeat
3081 1680 3448 1751 perturbari;
3481 1697 3673 1752 neque
3695 1698 3869 1754 pan-

2221 1768 2429 1820 tasaut
2474 1768 2918 1835 mansionaticos,
2963 1766 3053 1823 vel
3096 1771 3505 1840 procurationes
3550 1775 3871 1841 praesumat

2221 1850 2467 1923 exigere.
2489 1854 2928 1925 Susceptionem
2960 1859 3155 1912 autem
3186 1856 3450 1914 ﬁdelium
3480 1863 3538 1913 et
3568 1858 3869 1932 religioso-

2224 1957 2355 1995 rum
2375 1945 2547 2012 atque
2567 1942 3012 2000 beneﬁcentiam
3037 1946 3873 2019 quamjubetApostnluscun—

2224 2029 2334 2084 etis
2354 2029 2741 2086 exhibendam
2764 2047 2867 2102 pro
2890 2032 3277 2103 possibilitate
3297 2032 3409 2090 loci
3424 2039 3483 2091 et
3522 2035 3867 2095 facultatum

2226 2134 2340 2173 non
2366 2119 2537 2174 modo
2558 2119 2682 2175 fieri
2709 2119 2924 2175 ibidem
2951 2138 3067 2177 non
3080 2122 3668 2196 denegamus,verum
3689 2126 3867 2185 etiam

2227 2208 2565 2262 suademus.
2599 2208 2659 2263 Si
2691 2208 2827 2280 quis
2857 2226 2990 2266 vero
3021 2210 3449 2284 episcoporum,
3468 2216 3870 2284 sacerdotum,

2226 2297 2818 2367 abbatum,judicum,
2839 2299 3117 2355 comitum
3151 2305 3252 2356 aut
3280 2301 3650 2361 secularium
3675 2320 3872 2377 perso-

2229 2403 2435 2440 narum
2459 2390 2660 2442 contra
2681 2386 2830 2442 hanc
2851 2392 3064 2445 nostra;
3083 2389 3765 2465 institutionispaginam
3780 2411 3873 2453 ve-

2228 2475 2353 2529 nire
2386 2476 2714 2546 tentaverit,
2748 2491 3065 2546 percussus
3109 2478 3429 2550 apostolico
3475 2481 3869 2552 anathemate,

2230 2564 2537 2634 potestatis
2560 2564 2872 2621 honorisve
2903 2567 2994 2622 sui
3027 2567 3309 2639 dignitate
3341 2574 3554 2639 careat,
3587 2588 3870 2645 reumtu

2231 2669 2291 2707 se
2321 2668 2515 2708 coram
2548 2652 2742 2710 divino
2776 2655 3000 2725 judicio
3038 2661 3370 2729 cognoscat.
3403 2659 3469 2714 Et
3500 2659 3611 2716 nisi
3642 2677 3869 2733 eaque

2230 2740 2382 2797 male
2413 2746 2551 2797 sunt
2580 2748 2707 2798 acta
2754 2743 3069 2815 deﬂeverit,
3102 2762 3137 2802 a
3189 2746 3589 2804 sacratissimo
3630 2765 3871 2823 corpore

2231 2831 2331 2887 Dci
2353 2837 2410 2887 et
2436 2832 2659 2889 Domini
2687 2833 2872 2889 nostri
2892 2834 3030 2890 Jesu
3055 2834 3269 2891 Christi
3291 2835 3515 2893 alienus
3546 2839 3668 2905 fiat,
3694 2844 3870 2912 atque

2230 2924 2444 2976 aeterno
2464 2921 2715 2977 examini
2739 2922 3014 2978 districtis
3047 2922 3285 2980 ultionis
3306 2925 3870 2997 subjaceatﬂuncﬁs

2231 3012 2422 3065 autem
2448 3010 2636 3075 eidem
2658 3008 2784 3066 loco
2798 3011 2936 3081 jura
2975 3012 3362 3080 servantibus,
3394 3014 3472 3070 sit
3494 3031 3607 3086 pax
3636 3016 3871 3074 Domini

2229 3098 2410 3154 nostri
2430 3100 2580 3165 J-C.,
2597 3104 2855 3171 quaestus
2875 3105 2931 3155 et
2947 3099 3040 3155 hic
3055 3100 3308 3157 fructum
3331 3102 3494 3159 bona:
3515 3105 3768 3163 actionis
3784 3124 3872 3164 ac-

2229 3186 2466 3259 cipiant,
2500 3192 2557 3243 et
2585 3189 2736 3259 apud
2774 3188 3108 3244 districtum
3143 3190 3406 3261 judicem
3440 3193 3871 3264 praeminatu-

469 3282 721 3355 jectione
742 3280 991 3335 liberum
1012 3278 1087 3333 sit
1106 3282 1163 3332 et
1181 3282 1536 3349 exemptum,
1568 3283 1625 3333 et
1654 3277 1808 3349 quod
1842 3276 1988 3332 nulli
2011 3277 2119 3333 im-
2148 3262 2190 3328 C
2230 3292 2315 3331 nte
2349 3276 2509 3347 pacis
2538 3276 2855 3332 inveniant.
2885 3280 3087 3332 Amen.

480 3368 900 3447 peratori,nulli
925 3365 1303 3439 regum,nulli
1329 3365 2121 3438 antistitum,nulliquacun-

480 3478 594 3535 que
608 3457 1160 3533 praeditodignitate,
1187 3455 1341 3511 nulli.
1368 3472 1628 3527 unquam
1660 3455 1831 3511 liceat
1865 3456 2122 3512 derebus

483 3549 799 3608 mobilibus
838 3545 927 3602 vei
959 3544 1360 3602 immobilibus
1401 3561 1529 3617 quae
1561 3544 1751 3600 eidem
1768 3545 2122 3601 monasterio

482 3659 585 3716 per
597 3641 882 3713 praecepta
896 3653 931 3691 a
937 3637 1061 3707 jam
1082 3634 1238 3690 dicto
1261 3633 1528 3706 piissimo
1560 3634 1907 3705 imperatore
1918 3633 2123 3690 Carolo

483 3733 604 3791 sive
636 3729 709 3785 ab
726 3726 855 3783 aliis
894 3724 1348 3796 imperatoribus
1391 3739 1492 3779 seu
1526 3721 1782 3795 regibus,
1808 3722 1976 3778 velab
1990 3722 2122 3779 aliis

483 3819 991 3895 qualibuscunque
1002 3813 1267 3887 personis
1284 3811 1567 3867 hactenus
1579 3827 1857 3867 concessa
1868 3811 2122 3880 sunt,vel

480 3912 541 3967 in
558 3911 822 3965 futurum
857 3922 891 3960 a
926 3904 1376 3976 quibuscunque
1397 3901 1470 3956 de
1490 3901 1741 3973 prepriis
1762 3901 1976 3956 fuerint
1990 3902 2124 3972 jure

480 3998 836 4063 condon‘atm,
861 3994 971 4049 sub
988 3992 1078 4064 caj
1091 3990 1304 4047 uslibet
1323 4006 1501 4046 causa
1522 3989 1845 4045 occasionis
1873 3990 1960 4046 vel
1990 4007 2120 4064 spe-

479 4090 564 4146 cie
596 4102 836 4144 munere
866 4081 1198 4155 (minuere),
1231 4080 1477 4149 auferre,
1528 4094 1718 4151 neque
1761 4080 1886 4136 suis
1915 4080 2122 4138 usibus

480 4177 794 4251 applicare,
818 4178 875 4228 et
904 4176 1114 4227 cuncta
1137 4186 1265 4242 quin
1295 4168 1375 4223 ibi
1407 4172 1548 4223 sunt
1584 4168 1777 4224 oblata
1806 4168 1893 4225 vel
1926 4169 2120 4225 oii'erri

481 4263 790 4337 contigerit
810 4279 844 4316 a
862 4259 1132 4332 prmsenti
1167 4257 1338 4314 tertia
1370 4257 1599 4312 decima
1616 4257 1956 4314 indictionis
1980 4262 2122 4315 tem-

479 4370 800 4428 pore........
835 4354 891 4404 et
948 4348 1073 4403 sine
1110 4345 1513 4419 inquietudine
1560 4346 1619 4401 in
1657 4348 2123 4405 substentatione

474 4446 599 4516 jam
631 4440 769 4496 dicti
802 4437 1139 4494 monasterii
1173 4443 1232 4492 et
1262 4435 1467 4491 usibus
1504 4434 1806 4501 abbatum,
1839 4440 1897 4490 et
1926 4453 2123 4493 mona-

480 4533 724 4589 chorum
748 4528 858 4584 sub
878 4526 1079 4598 regula
1095 4525 1283 4581 Patris
1312 4517 1605 4579 Benedicti
1631 4522 1707 4578 ibi
1730 4523 1846 4580 Deo
1869 4524 2121 4582 militan-

2304 3370 2513 3420 Datum
2547 3365 2845 3420 Florentia:
2888 3373 3099 3437 quarto
3146 3369 3537 3428 Kalendarum
3583 3376 3873 3442 Januarii,

2231 3470 2384 3509 anno
2416 3453 2487 3509 ab
2522 3453 2922 3511 Incarnatione
2976 3455 3207 3513 Domini
3261 3460 3419 3525 1059,
3472 3477 3576 3531 per
3626 3479 3875 3520 manum

2232 3542 2557 3610 Humberti,
2615 3547 2828 3598 sanctas
2886 3543 3152 3602 Ecclesiae
3205 3546 3369 3602 Silvas
3414 3547 3694 3605 Candidas
3756 3554 3875 3626 epi-

2231 3631 2389 3702 scopi
2422 3635 2478 3685 et
2506 3630 2838 3702 apostolica:
2869 3633 3025 3689 sedis
3055 3633 3720 3704 bibliothecarii,anno~1
3741 3657 3872 3714 pon-

2229 3720 2485 3776 tiﬁcatus
2516 3718 2738 3776 domini
2772 3737 2933 3793 papa:
2966 3721 3186 3778 Nicolai
3219 3725 3290 3792 II,
3323 3724 3646 3783 indictione
3678 3746 3808 3787 vm.

2976 3828 3119 3884 XIV.

2233 3919 2597 3988 Privilegium
2622 3918 3215 4047 monasterilov
3239 3920 3538 3977 Felicitatis
3564 3938 3877 3982 concessum

2857 4006 2892 4045 a
2964 4005 3048 4046 τεο
3221 4032 3235 4047 .

2857 4006 2892 4045 a
2919 4005 3137 4047 ινιεοιαο
3167 4005 3235 4047 ll.

2848 4079 3037 4149 (Anno
3066 4078 3251 4152 loco.)

2640 4168 2873 4239 [MANSI,
2907 4169 3111 4225 Concil.
3142 4168 3289 4233 XIX,
3319 4172 3470 4238 870.]

2301 4258 2589 4313 NICOLAUS
2642 4257 2970 4329 episcopus,
3004 4273 3208 4315 servus
3257 4275 3558 4317 servorum
3591 4261 3718 4332 Dei,
3752 4265 3882 4321 Tm-

2230 4363 2428 4403 ssaca:
2449 4346 2758 4402 abbatissae
2773 4346 3109 4401 monasterii
3134 4347 3356 4404 Sancta:
3372 4348 3884 4424 Felicitatisjuxta

2230 4434 2581 4491 Florentium
2612 4434 2731 4500 siti,
2768 4434 3000 4505 sibique
3049 4437 3435 4506 successuris,
3467 4442 3524 4495 et
3568 4440 3626 4495 in
3676 4446 3879 4499 metu

2231 4523 2527 4596 proposito
2554 4522 2979 4594 permansuris,
3011 4523 3070 4578 in
3102 4529 3470 4598 perpetuum.

480 4618 928 4685 tium,volumus
950 4620 1007 4671 et
1027 4614 1399 4687 praecipimus
1412 4611 1697 4684 possideri
1722 4630 1736 4680 ;
1760 4629 1829 4669 ea
1855 4614 2123 4672 videlicet
2154 4632 2198 4697 ο
2299 4612 2584 4679 Quoniam
2608 4610 3041 4683 Omnipotentis
3054 4613 3314 4687 dignatio
3336 4633 3443 4673 suo
3465 4618 3724 4690 gratuito
3751 4636 3876 4676 mu—

480 4708 811 4767 conditione
838 4705 990 4778 quod
1034 4702 1231 4759 nullus
1281 4701 1592 4773 episcopus
1637 4701 1802 4756 dictae
1853 4702 2120 4772 civitatis,

480 4815 669 4872 neque
702 4812 917 4863 comes,
949 4794 1009 4847 in
1042 4791 1279 4865 praefato
1312 4790 1665 4845 monasterio
1696 4807 1828 4845 cum
1847 4792 2122 4848 omnibus

478 4890 550 4945 ad
582 4904 645 4945 se
676 4882 1105 4959 pertinentibus
1125 4879 1248 4935 suis
1280 4878 1454 4934 rebus
1485 4879 1697 4934 audeat
1713 4879 2006 4952 applicare
2035 4886 2121 4937 at-

477 4995 591 5050 que
616 4977 674 5031 in
697 4973 895 5044 aliquo
917 4969 1256 5042 usurpando
1281 4967 1619 5041 adjungere.
1651 4969 1759 5024 Sed
1803 4968 1975 5025 liceat
2002 4987 2121 5025 ser-

476 5068 562 5123 vis
586 5066 684 5121 Dei
713 5063 929 5119 ibidem
950 5059 1318 5133 degentibus,
1339 5057 1464 5113 sine
1485 5056 1736 5128 alicujus
1765 5056 2121 5129 inquietudi-

476 5155 568 5210 nis
601 5152 891 5216 molestia,
926 5148 1105 5205 libere
1138 5152 1194 5204 et
1223 5147 1419 5220 quiete
1439 5146 1667 5202 Christo
1699 5138 2121 5204 miiitareJtem

478 5243 894 5299 constituimus
924 5244 981 5295 et
1009 5238 1278 5294 volumus
1317 5236 1569 5292 obeunte
1618 5235 1829 5291 abbate
1858 5237 2121 5307 ejusdem

480 5330 838 5397 monasterii,
872 5329 1034 5384 illum
1082 5327 1207 5383 dari
1252 5325 1415 5381 vobis
1471 5325 1530 5380 in
1590 5324 1859 5381 abbatem
1891 5330 1946 5381 et
1976 5343 2123 5398 pra:-

480 5419 615 5491 poni
647 5435 818 5491 quem
852 5420 1057 5472 fratres
1078 5414 1376 5472 communi
1397 5429 1687 5470 consensu
1716 5412 2126 5486 elegerint,aut

481 5508 783 5561 Romanus
816 5505 1073 5577 pontifex
1097 5503 1413 5576 providerit
1433 5501 1955 5570 ordinandum,aut
1984 5503 2122 5559 sub-

474 5592 730 5661 jectione
761 5593 1183 5647 monachorum
1210 5593 1474 5663 ejusdem
1507 5591 1615 5647 loci
1639 5591 2003 5648 consenserit
2031 5609 2122 5648 or-

484 5677 770 5737 dinatum.
803 5678 920 5737 Hoc
945 5694 1177 5753 quoque
1208 5678 1461 5753 capitulo
1510 5679 1784 5755 presenti
1823 5680 2126 5758 subjungi-

2234 4700 2556 4771 nere,nullo
2582 4700 2758 4772 digno
2791 4702 3147 4772 praecedente
3168 4720 3358 4774 opere,
3376 4706 3446 4761 ad
3478 4705 3590 4762 hoc
3614 4713 3880 4766 nostram

2232 4788 2623 4846 humilitatem
2663 4789 2903 4861 dignata
2946 4794 3036 4846 est
3070 4794 3406 4863 provehere,
3441 4799 3738 4866 quatenus
3783 4813 3884 4872 per

2232 4897 2338 4935 nos
2370 4877 2586 4950 ubique
2612 4882 2901 4934 terrarum
2945 4880 3178 4952 proprio
3237 4884 3523 4956 sanguine
3562 4886 3881 4960 redemptae

2230 4966 2718 5024 Ecclesiaelumen
2742 4967 3182 5027 administraret
3217 4970 3587 5041 indeﬁciens;
3622 4977 3882 5048 profecto

2231 5055 2578 5112 rationabile
2597 5055 2892 5122 ducimus,
2923 5066 3271 5130 cooperante
3300 5061 3448 5132 ipso,
3473 5062 3545 5119 de
3564 5079 3692 5136 quo
3722 5064 3882 5138 loqui

2232 5144 2643 5218 prmsuminus,
2677 5145 2997 5201 secundum
3044 5147 3308 5220 proprias
3353 5150 3506 5207 vires
3558 5152 3882 5226 unicuique

2231 5238 2534 5306 acceptum
2556 5232 2843 5289 talentum
2865 5234 3662 5311 distribuere,ne,apparente
3692 5242 3881 5315 ipsius

2233 5324 2557 5395 majestate,
2591 5322 2744 5394 quod
2777 5322 2961 5378 absit!
2997 5324 3122 5380 sine
3178 5326 3468 5398 acquisita
3518 5328 3688 5387 lucro
3726 5332 3883 5389 velut

2232 5413 2462 5470 inutilis
2479 5429 2682 5469 servus
2706 5412 3010 5469 videamur
3031 5430 3308 5471 remeare.
3340 5416 3505 5480 Quod
3538 5420 3752 5493 utique
3779 5435 3886 5493 per

2232 5504 2490 5560 divinam
2522 5501 2983 5559 misericordiam
3032 5506 3310 5578 consequi
3340 5523 3515 5578 posse
3543 5525 3881 5582 speramus,

2233 5594 2281 5649 si
2314 5591 2594 5648 membris
2623 5591 2752 5663 ejus
2776 5591 2965 5648 adhuc
3005 5608 3108 5664 per
3127 5592 3304 5649 ﬁdem
3334 5595 3393 5651 in
3433 5600 3592 5655 terra
3621 5598 3886 5657 scelestis

2234 5679 2944 5756 anhelantibus,pra:sidia
2965 5696 3092 5755 qua:
3106 5699 3434 5758 possumus
3454 5688 3884 5751 serenoalfsctu
