3970 6218
120 336 285 406 θεοῦ

1301 335 1708 403 ΕΡῙΞΤΟιιΕ
1747 333 1848 400 E'l‘
1893 330 2367 402 DI’PLOMA'I‘A.

3377 338 3534 406 4330

116 471 506 548 suppeditare
527 486 826 530 curamus.
861 469 956 528 Sic
984 470 1253 539 enim,sic
1285 471 1537 545 profecto
1564 486 1767 543 super-
1799 471 1854 538 Α
1954 469 2071 542 Ego
2130 469 2480 538 Bonifacius,
2559 467 2910 528 Albanensis
2979 470 3311 546 episcopus,
3390 475 3529 532 sub-

121 580 274 620 num
323 567 538 619 nostras
595 561 894 634 fragilitati
947 561 1330 618 conciliamus
1373 561 1679 627 auxilium,
1713 564 1772 616 et

118 669 274 724 pura
303 653 460 708 intra
488 651 681 707 cordis
737 651 1060 722 hospitium
1123 656 1390 707 manente
1423 650 1766 716 intentione,

118 741 437 798 hominum
494 739 916 811 consequimur
973 741 1222 794 favorem
1255 740 1600 795 honestum:
1635 756 1768 794 cum

118 829 262 887 licet
295 829 584 886 universis
632 829 921 884 debitores
969 828 1154 883 simus
1184 829 1476 899 gentibus,
1511 828 1644 882 fidei
1679 826 1769 882 lu-

116 921 284 975 mine
315 919 674 974 clarentibus
699 936 713 984 ;
737 917 1072 973 domesticis
1093 933 1324 988 quoque
1352 919 1566 972 nostris
1596 918 1766 972 bene-

117 1008 390 1065 volentiae
447 993 640 1062 studio
697 1005 1058 1078 singularem
1117 1023 1315 1062 curam
1351 1006 1765 1077 impendimus,

121 1097 473 1170 magistrum
515 1095 779 1168 gentium
823 1098 1155 1166 sequentes,
1213 1094 1312 1164 qui
1370 1095 1589 1148 bonum
1621 1111 1768 1164 opus

121 1183 436 1261 adimpleri
492 1184 752 1256 praecipit
781 1184 838 1238 in
872 1200 1096 1248 omnes,
1130 1185 1199 1238 ad
1233 1183 1586 1238 domesticos
1636 1184 1766 1238 fidei

121 1275 398 1332 maxime.
459 1272 874 1328 Monasterium
924 1272 1120 1342 itaque
1174 1276 1394 1326 Sanctzn
1455 1271 1768 1326 Felicitatis

119 1379 260 1420 cum
291 1362 566 1418 omnibus
589 1360 702 1415 sibi
726 1360 1151 1432 pertinentibus
1174 1361 1368 1426 rebus,
1391 1360 1544 1431 quod
1569 1364 1770 1415 nostra

123 1449 472 1524 episcopalis
493 1448 741 1520 simplex
764 1447 955 1505 adhuc
985 1448 1343 1520 dispensatio
1375 1449 1768 1519 quorumdam

122 1540 620 1611 praedecessorum
645 1540 978 1594 nostrorum
1003 1536 1356 1608 negligentia
1376 1537 1765 1604 destructum,

117 1630 395 1700 coaptato
409 1624 690 1682 nobilium
705 1625 1243 1682 sanctimonialium
1258 1625 1578 1696 plurimaru
1590 1642 1646 1680 m
1658 1626 1769 1681 col-

118 1715 301 1788 legio,
335 1715 685 1771 reedificare
727 1715 1046 1770 curavit~ex
1094 1714 1354 1786 integro:
1402 1730 1560 1772 nunc
1588 1714 1763 1772 etiam

121 1805 452 1862 secundum
482 1802 810 1876 apostolica:
843 1802 1020 1871 sedis,
1045 1803 1137 1857 oui
1159 1804 1539 1871 deservimus,
1571 1805 1762 1860 valen-
1795 1843 1842 1907 Β

119 1894 400 1966 tiam,per
418 1897 648 1950 nostras
669 1909 880 1948 manus
910 1893 1262 1961 dedicatum,
1294 1893 1604 1950 stabilitate
1637 1910 1764 1966 per-

122 1983 414 2041 severanti
467 1983 838 2052 rohoramus,
894 1986 951 2037 et
1001 1982 1421 2050 confirmanus,
1482 1989 1655 2054 atque
1705 1986 1769 2038 ut

123 2076 403 2144 perpetua
431 2071 620 2144 vigeat
642 2070 940 2143 religione,
963 2074 1328 2141 sequestrata
1350 2088 1658 2142 pravorum
1685 2073 1769 2126 in-

120 2161 452 2227 festatione,
486 2159 900 2232 omnipotentis
940 2159 1041 2215 Dei
1092 2161 1516 2216 committimus
1547 2161 1763 2217 tutelae.

119 2248 226 2306 Cui
257 2249 453 2318 etiam,
488 2249 639 2304 sicut
667 2249 910 2320 dignum
935 2249 1104 2304 nobis
1124 2248 1515 2321 videtur,quia
1542 2251 1768 2306 incuria

117 2337 581 2394 Florentinorum
643 2339 1049 2410 episcoporum
1107 2353 1217 2392 sua
1257 2339 1472 2409 praedia
1502 2340 1768 2410 nequiter

120 2431 265 2483 sunt
293 2426 654 2493 distracta,et
674 2426 1092 2498 sacrilegorum
1116 2429 1508 2496 quorumdam
1531 2429 1766 2484 temeri-

121 2519 245 2572 tate
274 2515 498 2581 invasa,
528 2515 926 2583 concedimus,
988 2519 1044 2570 et
1075 2516 1395 2587 apostolica
1425 2517 1768 2572 auctoritate

117 2603 460 2663 stabilimus
491 2621 730 2660 mansos
787 2608 845 2660 et
900 2605 1113 2660 fundos
1171 2605 1485 2660 venerabili
1517 2606 1640 2661 loco
1673 2605 1767 2677 pia

117 2692 427 2749 devotione
455 2691 702 2761 oblatos,
734 2697 792 2748 et
823 2694 1169 2760 offerendos,
1215 2694 1549 2766 ubicunque
1577 2696 1766 2750 veraci

116 2783 402 2839 relatione
447 2783 577 2853 ejus
609 2781 831 2837 nomini
884 2782 1102 2837 fuerint
1129 2781 1365 2847 titulati,
1398 2799 1620 2854 suoque
1645 2784 1766 2854 juri

117 2871 397 2944 religiosa
426 2871 820 2927 sollicitudine
878 2872 1132 2927 investiti
1190 2876 1362 2943 atque
1395 2872 1764 2927 investiendi.

193 2960 470 3016 Liberum
504 2963 780 3030 preterea
811 2960 964 3014 idem
988 2959 1290 3016 reddimus
1323 2959 1764 3026 monasterium,

117 3052 298 3120 atque
331 3047 664 3104 absolutum
723 3048 796 3102 ab
854 3048 1013 3103 omni
1072 3047 1334 3104 saeculari
1383 3052 1438 3102 et
1468 3050 1769 3105 mundana

113 3136 472 3204 conditione,
497 3136 618 3192 sive
637 3135 1018 3200 districtione,
1045 3153 1117 3191 ne
1147 3135 1317 3191 liceat
1337 3135 1510 3191 alicui
1543 3151 1765 3208 magna:

1881 574 2116 631 scripSi.

1951 649 2066 720 Ego
2097 650 2372 718 Joannes,
2435 650 2773 707 Portuensis
2829 652 3159 723 episcopus,
3205 653 3521 726 subcripsi.

1950 738 2066 809 Ego
2101 739 2320 805 Petrus,
2360 740 2763 796 Lavicanensis
2793 741 3123 812 episcopus,
3172 743 3520 814 subscripsi.

1949 827 2066 898 Ego
2099 828 2349 894 Brunus,
2385 829 2776 884 Praenestinus
2806 829 3133 903 episcopus,
3169 831 3510 903 subscripsi.

1949 916 2065 985 Ego
2100 916 2323 983 Petrus,
2357 924 2622 988 peccator
2655 920 2998 988 monachus,
3034 922 3379 994 subscripsi.

1948 1005 2157 1059 Datum
2204 1006 2502 1061 Florentim
2549 1011 2712 1063 sexto
2744 1008 2880 1062 Idus
2926 1009 3212 1076 Januarii,
3264 1028 3418 1066 anno
3453 1012 3527 1066 al»

1877 1092 2278 1149 Incarnatione
2311 1096 2542 1150 Domini
2591 1097 2774 1151 nostri
2805 1097 2940 1152 Jesu
2987 1098 3198 1153 Christi
3230 1101 3387 1166 1059,
3424 1117 3526 1171 per

1878 1196 2089 1236 manus
2136 1184 2436 1238 Humbcrti
2489 1190 2702 1240 sanctae
2753 1185 3014 1242 Ecclesiae
3050 1188 3515 1244 SilveCandidee

1876 1270 2151 1341 episcopi,
2186 1278 2242 1326 et
2300 1272 2632 1342 apostolica:
2691 1275 2845 1329 sedis
2885 1275 3330 1344 bibliothecarii,
3365 1295 3517 1333 anno

1876 1361 2066 1432 primo
2095 1361 2469 1432 pontiﬁcatus
2519 1362 2741 1418 domini
2808 1380 2967 1435 papae
3020 1365 3238 1421 Nicolai
3271 1366 3337 1434 ΙΙ,
3375 1366 3525 1422 indi-

1877 1449 2064 1506 ctione
2095 1449 2322 1505 decima
2352 1451 2535 1506 tertia.

2646 1558 2764 1612 XV.

1876 1646 2238 1716 Privilegium
2269 1648 2481 1702 Nicnlai
2514 1649 2564 1702 II
2604 1662 2766 1718 papae
2817 1663 2916 1718 pro
2946 1649 3173 1704 ecclesia
3205 1649 3259 1703 S.
3294 1648 3528 1705 Michae-

2304 1719 2370 1772 lis
2410 1723 2459 1775 et
2487 1723 2547 1774 S.
2581 1719 2801 1775 Eusebii
2830 1721 3096 1775 Poiemis.

2499 1809 2689 1878 (Anno
2725 1809 2906 1879 1060),

2053 1897 2272 1966 [LAMI.,
2307 1897 2509 1952 Eccles.
2546 1899 2784 1953 Florent.
2818 1899 3056 1953 Monum.
3091 1899 3162 1964 ll,
3194 1899 3346 1969 946.]

1945 1984 2230 2040 NICOLAUS
2263 1985 2801 2056 episcopus,servus
2824 2002 3125 2041 servorum
3161 1988 3277 2053 Dei,
3314 1987 3528 2045 dilecto

1877 2073 1935 2128 in
1966 2073 2210 2129 Domino
2233 2073 2349 2129 ﬁlio
2377 2074 2582 2138 Psrao,
2617 2073 2883 2130 Ecclesiaa
2914 2076 3110 2131 Sancti
3137 2075 3438 2133 Michaelis
3471 2082 3529 2133 et

1874 2163 2068 2218 Sancti
2119 2162 2368 2226 Eusebii,
2425 2163 2548 2217 sitm
2608 2164 2665 2217 in
2702 2161 2825 2218 loco
2853 2163 2951 2234 qui
2985 2165 3323 2235 nominatur
3366 2165 3522 2234 Poio,

1874 2251 2382 2321 rectori,§suisque
2402 2253 2806 2308 sucessoribus
2833 2253 3108 2315 canonice
3127 2254 3345 2311 ibidem
3368 2254 3523 2310 ordi-

1876 2339 2104 2404 nandis,
2167 2340 2440 2396 omnibus
2497 2340 2947 2412 quibuscunque
2993 2343 3382 2399 communiter
3411 2344 3525 2399 vic-

1874 2428 2023 2483 turis
2053 2428 2112 2483 in
2144 2433 2518 2500 perpetuum.

1945 2517 2231 2580 Quoniam
2293 2516 2728 2589 Omnipotentis
2786 2519 3048 2590 dignatio
3106 2536 3212 2576 suo
3272 2521 3527 2592 gratuito

1876 2622 2118 2662 munere
2169 2607 2239 2662 ad
2291 2606 2399 2661 hoc
2443 2612 2708 2663 nostram
2745 2607 3138 2665 humilitatem
3172 2609 3412 2682 dignata
3437 2615 3527 2666 est

1876 2695 2211 2767 provehere,
2262 2700 2556 2766 quatenus
2583 2713 2684 2767 per
2715 2713 2820 2751 nos
2847 2697 3062 2768 ubique
3093 2703 3382 2754 terrarum
3417 2699 3528 2754 dif-

1877 2785 2016 2839 fusa:
2039 2783 2305 2840 Ecclesiae
2329 2784 2527 2840 lumen
2552 2785 2926 2841 administrat
2953 2785 3316 2853 indeficiens,
3350 2787 3527 2844 ratio-

1879 2873 2071 2928 nabile
2127 2873 2366 2929 omnino
2397 2873 2670 2929 ducimus
2718 2874 2970 2945 speciale
3019 2876 3280 2947 regimen
3314 2882 3524 2934 nostris

1876 2979 2025 3018 cura:
2055 2962 2381 3018 commissae
2447 2961 2786 3017 Florentinis
2845 2963 3114 3020 Ecclesiae
3167 2971 3529 3038 congruente

1875 3051 2204 3123 provisione
2234 3051 2571 3122 impendere
2595 3051 2841 3122 jugiter,
2871 3052 2954 3106 sic
2986 3069 3241 3125 namque
3262 3055 3526 3111 Doctoris

1875 3140 2136 3210 gentium
2196 3139 2409 3194 imitari
2473 3137 2797 3196 valebimus
2844 3139 3079 3197 salubre
3107 3142 3525 3199 documentum

116 3241 431 3299 parvaeque
469 3241 750 3297 personas,
775 3242 808 3279 a
829 3225 996 3281 nobis
1014 3226 1282 3281 restituta
1313 3225 1546 3297 praedia,
1583 3225 1763 3280 firmi-
1795 3209 1836 3276 ει
1878 3209 1979 3300 pro
2008 3228 2228 3283 viribus
2260 3227 2496 3295 nostris,
2547 3228 2647 3299 qui
2681 3229 2898 3284 bonum
2930 3230 3214 3301 impertiri
3247 3233 3522 3288 omnibus

114 3319 325 3386 terque
353 3312 631 3379 stabilita,
661 3312 976 3368 decimales
996 3314 1332 3386 (proventus
1363 3314 1606 3386 scilicet)
1629 3331 1766 3386 quo-

115 3420 230 3475 que
288 3403 576 3475 quosdam
633 3419 667 3458 a
723 3402 892 3457 nobis
923 3419 1235 3459 concessas
1295 3403 1494 3475 aliquo
1532 3403 1764 3475 ingenio

114 3492 383 3559 evadere,
417 3494 520 3546 aut
576 3490 775 3562 aliqua
827 3491 1027 3546 fraude
1085 3492 1409 3563 subripere,
1442 3492 1560 3546 sive
1587 3491 1764 3546 dimi-

121 3597 324 3649 nuere,
373 3581 584 3637 fiscum
633 3580 886 3651 denique
917 3596 1020 3635 seu
1044 3580 1297 3635 debitam
1341 3580 1764 3650 subjectionem

116 3670 345 3743 exigere
369 3687 382 3736 ;
412 3670 513 3726 sed
543 3673 774 3724 maneat
796 3667 1144 3724 venerabilis
1164 3667 1328 3723 locus
1356 3673 1556 3724 nostra
1587 3667 1767 3724 tutela

117 3760 392 3814 ﬁrmatus
421 3756 482 3812 in
513 3761 743 3813 sanctos
766 3755 1090 3830 pr0posito;
1122 3756 1385 3828 nullique
1409 3756 1507 3811 alii
1557 3757 1633 3812 sit
1659 3758 1764 3812 ob—

116 3848 350 3913 noxius,
383 3845 496 3902 nisi
519 3846 849 3902 Florentino
871 3845 1165 3918 episcopo,
1185 3846 1284 3918 qui
1308 3862 1532 3901 memor
1553 3850 1764 3901 nostra)

111 3935 444 3992 devotionis
473 3951 712 4006 sumque
741 3933 1096 4006 fragilitatis,
1123 3935 1366 4004 justitiaa
1402 3951 1610 3990 norma
1643 3952 1764 3990 ser-

110 4029 266 4091 vata,
332 4025 657 4080 secundum
723 4023 986 4078 Doctoris
1052 4021 1312 4095 gentium
1385 4027 1764 4095 praeceptum,

111 4114 338 4170 eisdem
363 4111 910 4168 sanctimonialibus
939 4111 1218 4167 honorem
1251 4127 1576 4183 congruum
1610 4112 1766 4168 exhi-

110 4203 327 4268 bendo,
363 4201 442 4257 nil
472 4205 680 4273 prater
722 4201 1005 4256 blandum
1036 4200 1364 4256 dominium
1409 4200 1670 4272 requirat
1697 4217 1766 4256 ex

109 4289 330 4346 debito.
355 4289 414 4345 Si
446 4293 662 4358 autem,
687 4289 841 4361 quod
866 4305 979 4345 non
1003 4289 1316 4354 credimus,
1341 4289 1556 4360 aliquis
1583 4293 1762 4344 teme-

109 4379 308 4435 rarius
338 4378 491 4434 hanc
521 4377 902 4450 apostolicam
935 4377 1296 4434 sanctionem
1319 4377 1538 4433 crudeli
1571 4382 1765 4434 mente

111 4467 424 4525 tentaverit
449 4467 785 4540 refringere,
811 4472 1190 4538 nostramque
1208 4467 1634 4522 institutionem
1668 4483 1761 4522 se-

1866 3317 2038 3388 jubet
2066 3333 2213 3389 opus
2245 3317 2317 3372 ad
2350 3315 2699 3372 domesticos
2750 3317 2906 3384 fidei,
2960 3319 3211 3375 maxime
3256 3338 3389 3376 cum
3423 3339 3528 3394 pro

1875 3406 2092 3461 nostris
2139 3404 2362 3460 viribus
2418 3403 2612 3459 divino
2673 3403 2835 3458 cultu
2893 3405 3036 3462 locis
3095 3406 3305 3462 dicatis
3348 3410 3529 3479 digna

1874 3492 2299 3566 providorimus
2329 3491 2630 3562 obsequia,
2655 3496 2718 3546 ut
2741 3492 3032 3549 indefessa
3061 3493 3322 3550 laudatio
3355 3496 3412 3550 in
3435 3498 3521 3552 eis

1874 3581 2196 3637 celebretur
2254 3597 2354 3652 per
2411 3581 2609 3634 omnia
2666 3581 2897 3635 saecula.
2961 3582 3075 3636 Sed
3134 3583 3272 3652 quia
3304 3582 3521 3655 lapidei

1875 3670 2122 3742 parietes
2151 3685 2264 3724 non
2297 3670 2368 3724 ad
2404 3667 2512 3723 hoc
2544 3672 2683 3723 sunt
2713 3670 3036 3725 constructi
3062 3674 3123 3725 ut
3149 3671 3265 3726 Deo
3291 3672 3521 3743 possint

1875 3759 2082 3830 dignas
2113 3772 2376 3829 promere
2407 3755 2963 3828 laudes,congruum
3007 3758 3262 3830 profecto
3291 3760 3523 3817 videtur

1874 3848 1947 3904 ad
1977 3846 2157 3902 divini
2179 3845 2370 3918 operis
2393 3844 2804 3916 perfectionem
2823 3845 3166 3903 clericorum
3184 3847 3338 3904 circa
3356 3866 3524 3907 vene-

1872 3934 2079 3992 rabilia
2129 3934 2255 3991 loca
2311 3933 2583 3989 ordinare
2641 3932 2907 3990 sedulam
2950 3936 3517 4007 frequentationem:

1873 4027 1975 4096 qui
2006 4023 2243 4096 quidem
2275 4023 2390 4079 nisi
2420 4022 2666 4078 terrenis
2708 4022 3086 4095 corporaliter
3117 4029 3524 4081 sustententur

1873 4112 2200 4185 stipendiis,
2257 4111 2450 4168 idonei
2510 4111 2602 4165 vix
2665 4116 2914 4183 possunt
2971 4113 3218 4169 existere
3261 4113 3523 4171 cultibus

1873 4203 2123 4270 divinis;
2159 4218 2293 4258 cum
2327 4201 2452 4273 ipse
2482 4200 2688 4256 mundi
2739 4201 3014 4258 Conditor
3048 4203 3377 4259 secundum
3409 4203 3518 4258 hu-

1874 4308 2107 4348 manam
2139 4291 2364 4346 unitam
2397 4289 2506 4345 sibi
2531 4291 2838 4346 materiam
2868 4290 3143 4364 dignatus
3169 4292 3246 4348 sit
3272 4292 3526 4364 perferre

1872 4380 2033 4436 sitim
2056 4385 2113 4436 et
2132 4380 2405 4436 esuriem.
2436 4379 2522 4434 Ad
2545 4379 2791 4452 gloriam
2814 4379 3008 4451 itaque
3030 4381 3324 4454 iilius,per
3348 4397 3523 4454 quem

1873 4470 2122 4525 vivimus
2153 4475 2211 4526 et
2242 4485 2472 4532 sumus,
2498 4469 2912 4539 pretiosissimi
2946 4470 3244 4526 Michaelis
3274 4470 3521 4526 archan-

111 4557 375 4614 cundum
407 4556 598 4612 locum
661 4555 922 4612 laedendo
971 4573 1221 4622 cassare,
1284 4554 1397 4610 nisi
1428 4555 1762 4611 admonitus
1791 4577 1838 4643 Ι)
1873 4557 1986 4630 geli
2020 4564 2198 4629 atque
2231 4557 2464 4613 Eusebii
2509 4557 2811 4614 basilicam
2844 4563 3042 4614 nostro
3065 4559 3304 4630 quidem
3327 4560 3524 4616 horta-

109 4645 521 4717 resipuerit,ac
543 4645 716 4718 digne
729 4643 1546 4710 emendaverit,anathematis
1568 4643 1761 4716 gladio

109 4734 478 4807 percutiatur
493 4733 564 4789 ab
587 4733 973 4806 omnipotenti
995 4732 1318 4799 divinitate,
1342 4731 1606 4802 jaculata
1651 4732 1763 4788 sibi

106 4825 188 4879 de
215 4822 358 4878 ccelo
390 4822 614 4878 ultione
637 4822 696 4877 in
720 4822 826 4876 hac
848 4822 1119 4894 praesenti
1144 4837 1315 4877 carne
1337 4821 1763 4892 interficiatque

108 4927 256 4966 eum
287 4915 439 4966 Deus
471 4909 682 4982 spiritu
727 4909 846 4966 oris
877 4911 990 4977 sui,
1046 4911 1188 4965 dum
1240 4909 1459 4965 venerit
1498 4910 1765 4980 judicare

108 4998 421 5057 saeculum.
455 4998 562 5065 Qui
593 5015 724 5055 vero
779 5003 988 5054 nostra:
1040 4998 1427 5053 roborationis
1466 4998 1598 5070 pius
1629 5015 1764 5054 con-

108 5092 380 5145 servator
427 5087 729 5155 exstiterit,
790 5087 850 5142 in
904 5087 1160 5142 secundo
1193 5087 1443 5142 adventu
1476 5091 1768 5142 mereatur

109 5177 280 5234 illam
343 5176 683 5232 mellifluam
740 5193 937 5232 vocem
967 5175 1208 5232 audire:
1250 5177 1450 5242 Venite,
1504 5176 1768 5232 benedicti

109 5265 304 5320 Patris
329 5265 459 5330 mei,
507 5265 768 5335 percipite
795 5280 1024 5335 regnum
1071 5262 1276 5333 (Matth.
1329 5281 1457 5319 xxv.
1491 5264 1768 5319 Praeterea

112 5359 183 5410 ut
221 5353 348 5410 haec
379 5352 594 5424 pagina
624 5352 796 5407 fidem
829 5352 1159 5425 legentibus
1181 5356 1493 5418 astruat,et
1522 5354 1767 5424 propriaa

112 5457 334 5499 manus
363 5439 816 5512 subscriptione,
875 5445 932 5496 et
981 5439 1285 5512 apostolici
1325 5439 1502 5512 sigilli
1536 5441 1769 5497 munire

112 5530 462 5599 studuimus
490 5527 894 5600 impressione.

185 5626 216 5688 ,ι
252 5617 520 5690 Sigillum
547 5616 760 5674 Nicolaz'
782 5631 966 5690 papae.

1875 4647 2054 4711 mine,
2127 4646 2593 4702 Florentinorum
2672 4663 2804 4701 vero
2875 4647 3086 4702 civium
3165 4649 3523 4720 sumptibus,

1874 4735 2118 4808 pulchra
2133 4735 2328 4806 specie
2347 4735 2758 4801 instauratam,
2779 4734 3186 4806 episcoporum
3212 4743 3525 4808 aggregato

1873 4829 2042 4892 coetu,
2078 4823 2328 4895 propriis
2379 4822 2650 4877 manibus
2702 4823 3108 4894 episcoporum
3155 4824 3420 4878 Perusini
3471 4830 3527 4880 et

1876 4910 2167 4971 Rosellani
2191 4910 2555 4966 reddidimus
2584 4910 3122 4976 dedicatam.Quam
3149 4911 3368 4966 nudam
3397 4911 3524 4968 sine

1874 5003 2005 5058 dote
2035 4999 2328 5055 dimittere
2351 4997 2661 5069 indignum
2688 4996 3268 5068 valdejudicavimus
3291 5003 3524 5070 aposto-

1875 5090 1986 5144 lica
2041 5087 2371 5152 sedulitate,
2431 5085 2523 5139 cui
2582 5084 2868 5156 przecipue
2921 5086 3203 5157 competit
3231 5086 3526 5142 honestati

1876 5177 2164 5233 studendo
2194 5173 2714 5238 omnibus,nedum
2739 5173 3015 5244 injuriam
3039 5174 3526 5246 patientibus,pia

1876 5264 2267 5323 sollicitudine
2299 5261 2624 5318 subvenire.
2659 5260 3074 5317 Assistentium
3108 5278 3244 5334 ergo
3277 5262 3523 5318 fratrum

1878 5351 2368 5425 hortatu,proprio
2399 5366 2630 5421 quoque
2654 5348 3202 5420 consilio,roborati,
3239 5361 3524 5422 praasenle

1878 5442 2204 5500 Florentino
2239 5439 2470 5512 populo,
2532 5456 2633 5511 pro
2681 5439 2931 5509 peccatis
2971 5440 3237 5512 ejusdem
3273 5441 3524 5498 civitatis

1881 5530 2297 5606 prmsulummb
2330 5533 2588 5584 nostram
2620 5545 2851 5600 quoque
2875 5529 3526 5602 devotionem,denique

1882 5627 2116 5697 propter
2137 5620 2314 5678 totius
2337 5617 2534 5693 populi
2558 5617 2828 5685 salutem,
2855 5620 3213 5680 consecratis
3245 5619 3526 5681 altaribus
