  <div class='ocr_page' id='page_1' title='image "/cluster/home/n/w/nwhite01/storage/ocr_20150623/143/uva.x000829790/691.png"; bbox 0 0 3970 6218; ppageno 0'>
   <div class='ocr_carea' id='block_1_1' title="bbox 403 316 556 392">
    <p class='ocr_par' dir='ltr' id='par_1_1' title="bbox 403 316 556 392">
     <span class='ocr_line' id='line_1_1' title="bbox 403 316 556 392; baseline 0.007 -2"><span class='ocrx_word' id='word_1_1' title='bbox 403 316 556 392; x_wconf 69' lang='grc'>1331</span> 
     </span>
    </p>
   </div>
   <div class='ocr_carea' id='block_1_2' title="bbox 1761 317 2445 394">
    <p class='ocr_par' dir='ltr' id='par_1_2' title="bbox 1761 317 2445 394">
     <span class='ocr_line' id='line_1_2' title="bbox 1761 317 2445 394; baseline 0.001 -1"><span class='ocrx_word' id='word_1_2' title='bbox 1761 317 2074 393; x_wconf 77' lang='lat' dir='ltr'>NIGOLAI</span> <span class='ocrx_word' id='word_1_3' title='bbox 2117 325 2169 393; x_wconf 88' lang='lat' dir='ltr'>ll</span> <span class='ocrx_word' id='word_1_4' title='bbox 2214 322 2445 394; x_wconf 73' lang='grc' dir='ltr'>ΡΑΡΑΞ</span> 
     </span>
    </p>
   </div>
   <div class='ocr_carea' id='block_1_3' title="bbox 3655 325 3790 396">
    <p class='ocr_par' dir='ltr' id='par_1_3' title="bbox 3655 325 3790 396">
     <span class='ocr_line' id='line_1_3' title="bbox 3655 325 3790 396; baseline -0.015 0"><span class='ocrx_word' id='word_1_5' title='bbox 3655 325 3790 396; x_wconf 70' lang='grc'><strong>1332</strong></span> 
     </span>
    </p>
   </div>
   <div class='ocr_carea' id='block_1_4' title="bbox 402 457 3790 539">
    <p class='ocr_par' dir='ltr' id='par_1_4' title="bbox 402 457 3790 539">
     <span class='ocr_line' id='line_1_4' title="bbox 402 457 3790 539; baseline 0.001 -23"><span class='ocrx_word' id='word_1_6' title='bbox 402 460 754 534; x_wconf 82' lang='lat' dir='ltr'>pradiorum</span> <span class='ocrx_word' id='word_1_7' title='bbox 788 464 844 516; x_wconf 90' lang='lat' dir='ltr'>et</span> <span class='ocrx_word' id='word_1_8' title='bbox 872 457 1134 518; x_wconf 89' lang='lat' dir='ltr'>omnium</span> <span class='ocrx_word' id='word_1_9' title='bbox 1167 477 1408 518; x_wconf 89' lang='lat' dir='ltr'>suarum</span> <span class='ocrx_word' id='word_1_10' title='bbox 1440 477 1812 534; x_wconf 90' lang='lat' dir='ltr'>rerum,quas</span> <span class='ocrx_word' id='word_1_11' title='bbox 1835 461 2044 517; x_wconf 82' lang='lat' dir='ltr'>saltem</span> <span class='ocrx_word' id='word_1_12' title='bbox 2076 463 2132 529; x_wconf 81' lang='grc' dir='ltr'><strong>Α</strong></span> <span class='ocrx_word' id='word_1_13' title='bbox 2160 461 2424 519; x_wconf 84' lang='lat' dir='ltr'>Ecclesia</span> <span class='ocrx_word' id='word_1_14' title='bbox 2437 463 2601 520; x_wconf 88' lang='lat' dir='ltr'>Silva</span> <span class='ocrx_word' id='word_1_15' title='bbox 2617 464 2888 522; x_wconf 83' lang='lat' dir='ltr'>Candida</span> <span class='ocrx_word' id='word_1_16' title='bbox 2904 461 3182 539; x_wconf 84' lang='lat' dir='ltr'>episcopi,</span> <span class='ocrx_word' id='word_1_17' title='bbox 3210 468 3268 521; x_wconf 88' lang='lat' dir='ltr'>et</span> <span class='ocrx_word' id='word_1_18' title='bbox 3297 461 3626 538; x_wconf 85' lang='lat' dir='ltr'>apostolica</span> <span class='ocrx_word' id='word_1_19' title='bbox 3649 463 3790 521; x_wconf 83' lang='lat' dir='ltr'>sedis</span> 
     </span>
    </p>
   </div>
   <div class='ocr_carea' id='block_1_5' title="bbox 408 550 2050 623">
    <p class='ocr_par' dir='ltr' id='par_1_5' title="bbox 408 550 2050 623">
     <span class='ocr_line' id='line_1_5' title="bbox 408 550 2050 623; baseline 0.001 -18"><span class='ocrx_word' id='word_1_20' title='bbox 408 551 477 606; x_wconf 88' lang='lat' dir='ltr'>ad</span> <span class='ocrx_word' id='word_1_21' title='bbox 501 567 756 620; x_wconf 87' lang='lat' dir='ltr'>prasens</span> <span class='ocrx_word' id='word_1_22' title='bbox 789 550 1492 620; x_wconf 89' lang='lat' dir='ltr'>potuimus,investituras</span> <span class='ocrx_word' id='word_1_23' title='bbox 1516 551 1866 623; x_wconf 90' lang='lat' dir='ltr'>apostolicas</span> <span class='ocrx_word' id='word_1_24' title='bbox 1887 551 2050 607; x_wconf 90' lang='lat' dir='ltr'>obtu-</span> 
     </span>
    </p>
   </div>
   <div class='ocr_carea' id='block_1_6' title="bbox 405 637 2049 711">
    <p class='ocr_par' dir='ltr' id='par_1_6' title="bbox 405 637 2049 711">
     <span class='ocr_line' id='line_1_6' title="bbox 405 637 2049 711; baseline 0.001 -19"><span class='ocrx_word' id='word_1_25' title='bbox 405 637 604 692; x_wconf 87' lang='lat' dir='ltr'>limus.</span> <span class='ocrx_word' id='word_1_26' title='bbox 640 639 880 710; x_wconf 82' lang='lat' dir='ltr'>Suscipe</span> <span class='ocrx_word' id='word_1_27' title='bbox 941 639 1138 710; x_wconf 79' lang='lat' dir='ltr'>igitur,</span> <span class='ocrx_word' id='word_1_28' title='bbox 1173 640 1542 695; x_wconf 89' lang='lat' dir='ltr'>sanctissime</span> <span class='ocrx_word' id='word_1_29' title='bbox 1595 639 1840 695; x_wconf 81' lang='lat' dir='ltr'>Michael</span> <span class='ocrx_word' id='word_1_30' title='bbox 1874 643 2049 711; x_wconf 90' lang='lat' dir='ltr'>atque</span> 
     </span>
    </p>
   </div>
   <div class='ocr_carea' id='block_1_7' title="bbox 404 726 2048 801">
    <p class='ocr_par' dir='ltr' id='par_1_7' title="bbox 404 726 2048 801">
     <span class='ocr_line' id='line_1_7' title="bbox 404 726 2048 801; baseline 0.001 -20"><span class='ocrx_word' id='word_1_31' title='bbox 404 726 639 794; x_wconf 78' lang='lat' dir='ltr'>Eusebi,</span> <span class='ocrx_word' id='word_1_32' title='bbox 671 727 776 781; x_wconf 91' lang='lat' dir='ltr'>tibi</span> <span class='ocrx_word' id='word_1_33' title='bbox 826 729 1180 798; x_wconf 83' lang='lat' dir='ltr'>jamdudum</span> <span class='ocrx_word' id='word_1_34' title='bbox 1237 729 1595 784; x_wconf 89' lang='lat' dir='ltr'>devotissimi</span> <span class='ocrx_word' id='word_1_35' title='bbox 1638 747 1798 801; x_wconf 84' lang='lat' dir='ltr'>papa</span> <span class='ocrx_word' id='word_1_36' title='bbox 1830 727 2048 784; x_wconf 88' lang='lat' dir='ltr'>Nicolai</span> 
     </span>
    </p>
   </div>
   <div class='ocr_carea' id='block_1_8' title="bbox 405 815 2051 890">
    <p class='ocr_par' dir='ltr' id='par_1_8' title="bbox 405 815 2051 890">
     <span class='ocr_line' id='line_1_8' title="bbox 405 815 2051 890; baseline 0.001 -20"><span class='ocrx_word' id='word_1_37' title='bbox 405 815 801 870; x_wconf 83' lang='lat' dir='ltr'>voluntarium</span> <span class='ocrx_word' id='word_1_38' title='bbox 858 833 1095 881; x_wconf 90' lang='lat' dir='ltr'>munus,</span> <span class='ocrx_word' id='word_1_39' title='bbox 1156 822 1513 890; x_wconf 88' lang='lat' dir='ltr'>tuarumque</span> <span class='ocrx_word' id='word_1_40' title='bbox 1568 835 1763 872; x_wconf 87' lang='lat' dir='ltr'>rerum</span> <span class='ocrx_word' id='word_1_41' title='bbox 1827 834 1932 889; x_wconf 92' lang='lat' dir='ltr'>per</span> <span class='ocrx_word' id='word_1_42' title='bbox 1958 832 2051 872; x_wconf 77' lang='lat' dir='ltr'>Ine</span> 
     </span>
    </p>
   </div>
   <div class='ocr_carea' id='block_1_9' title="bbox 409 904 2051 978">
    <p class='ocr_par' dir='ltr' id='par_1_9' title="bbox 409 904 2051 978">
     <span class='ocr_line' id='line_1_9' title="bbox 409 904 2051 978; baseline 0.001 -20"><span class='ocrx_word' id='word_1_43' title='bbox 409 904 618 958; x_wconf 85' lang='lat' dir='ltr'>amodo</span> <span class='ocrx_word' id='word_1_44' title='bbox 651 908 706 958; x_wconf 89' lang='lat' dir='ltr'>et</span> <span class='ocrx_word' id='word_1_45' title='bbox 737 922 919 976; x_wconf 86' lang='lat' dir='ltr'>usque</span> <span class='ocrx_word' id='word_1_46' title='bbox 944 905 1001 959; x_wconf 91' lang='lat' dir='ltr'>in</span> <span class='ocrx_word' id='word_1_47' title='bbox 1035 907 1460 977; x_wconf 89' lang='lat' dir='ltr'>sempiternum</span> <span class='ocrx_word' id='word_1_48' title='bbox 1509 906 1802 978; x_wconf 84' lang='lat' dir='ltr'>singulare</span> <span class='ocrx_word' id='word_1_49' title='bbox 1819 911 1874 960; x_wconf 89' lang='lat' dir='ltr'>et</span> <span class='ocrx_word' id='word_1_50' title='bbox 1904 906 2051 960; x_wconf 90' lang='lat' dir='ltr'>inte-</span> 
     </span>
    </p>
   </div>
   <div class='ocr_carea' id='block_1_10' title="bbox 407 993 2051 1067">
    <p class='ocr_par' dir='ltr' id='par_1_10' title="bbox 407 993 2051 1067">
     <span class='ocr_line' id='line_1_10' title="bbox 407 993 2051 1067; baseline 0.002 -22"><span class='ocrx_word' id='word_1_51' title='bbox 407 1005 578 1062; x_wconf 87' lang='lat' dir='ltr'>grum</span> <span class='ocrx_word' id='word_1_52' title='bbox 603 993 726 1048; x_wconf 87' lang='lat' dir='ltr'>sine</span> <span class='ocrx_word' id='word_1_53' title='bbox 751 993 944 1065; x_wconf 90' lang='lat' dir='ltr'>aliqua</span> <span class='ocrx_word' id='word_1_54' title='bbox 964 996 1352 1050; x_wconf 76' lang='lat' dir='ltr'>controversia</span> <span class='ocrx_word' id='word_1_55' title='bbox 1373 996 1685 1067; x_wconf 85' lang='lat' dir='ltr'>aggredere</span> <span class='ocrx_word' id='word_1_56' title='bbox 1702 993 2051 1060; x_wconf 89' lang='lat' dir='ltr'>dominium,</span> 
     </span>
    </p>
   </div>
   <div class='ocr_carea' id='block_1_11' title="bbox 411 1081 2052 1154">
    <p class='ocr_par' dir='ltr' id='par_1_11' title="bbox 411 1081 2052 1154">
     <span class='ocr_line' id='line_1_11' title="bbox 411 1081 2052 1154; baseline 0.001 -18"><span class='ocrx_word' id='word_1_57' title='bbox 411 1089 701 1154; x_wconf 77' lang='lat' dir='ltr'>quatenus</span> <span class='ocrx_word' id='word_1_58' title='bbox 719 1086 816 1137; x_wconf 91' lang='lat' dir='ltr'>tuo</span> <span class='ocrx_word' id='word_1_59' title='bbox 833 1084 1051 1138; x_wconf 89' lang='lat' dir='ltr'>nomini</span> <span class='ocrx_word' id='word_1_60' title='bbox 1077 1084 1130 1138; x_wconf 90' lang='lat' dir='ltr'>in</span> <span class='ocrx_word' id='word_1_61' title='bbox 1148 1083 1279 1138; x_wconf 90' lang='lat' dir='ltr'>aula</span> <span class='ocrx_word' id='word_1_62' title='bbox 1293 1085 1557 1138; x_wconf 85' lang='lat' dir='ltr'>dedicata</span> <span class='ocrx_word' id='word_1_63' title='bbox 1591 1083 1900 1154; x_wconf 87' lang='lat' dir='ltr'>religiosus</span> <span class='ocrx_word' id='word_1_64' title='bbox 1939 1081 2052 1137; x_wconf 92' lang='lat' dir='ltr'>cle-</span> 
     </span>
    </p>
   </div>
   <div class='ocr_carea' id='block_1_12' title="bbox 413 1170 2052 1242">
    <p class='ocr_par' dir='ltr' id='par_1_12' title="bbox 413 1170 2052 1242">
     <span class='ocr_line' id='line_1_12' title="bbox 413 1170 2052 1242; baseline -0.002 -16"><span class='ocrx_word' id='word_1_65' title='bbox 413 1188 514 1226; x_wconf 88' lang='lat' dir='ltr'>rus</span> <span class='ocrx_word' id='word_1_66' title='bbox 545 1172 658 1225; x_wconf 91' lang='lat' dir='ltr'>Deo</span> <span class='ocrx_word' id='word_1_67' title='bbox 687 1172 1070 1242; x_wconf 80' lang='lat' dir='ltr'>omnipotenti</span> <span class='ocrx_word' id='word_1_68' title='bbox 1102 1172 1343 1226; x_wconf 87' lang='lat' dir='ltr'>laudum</span> <span class='ocrx_word' id='word_1_69' title='bbox 1379 1173 1572 1226; x_wconf 90' lang='lat' dir='ltr'>reboet</span> <span class='ocrx_word' id='word_1_70' title='bbox 1613 1172 1856 1224; x_wconf 89' lang='lat' dir='ltr'>cantica.</span> <span class='ocrx_word' id='word_1_71' title='bbox 1891 1170 2052 1224; x_wconf 91' lang='lat' dir='ltr'>Desi-</span> 
     </span>
    </p>
   </div>
   <div class='ocr_carea' id='block_1_13' title="bbox 413 1255 2054 1333">
    <p class='ocr_par' dir='ltr' id='par_1_13' title="bbox 413 1255 2054 1333">
     <span class='ocr_line' id='line_1_13' title="bbox 413 1255 2054 1333; baseline -0.002 -19"><span class='ocrx_word' id='word_1_72' title='bbox 413 1265 665 1333; x_wconf 88' lang='lat' dir='ltr'>gnentur</span> <span class='ocrx_word' id='word_1_73' title='bbox 722 1265 916 1314; x_wconf 88' lang='lat' dir='ltr'>autem</span> <span class='ocrx_word' id='word_1_74' title='bbox 951 1265 1049 1314; x_wconf 87' lang='lat' dir='ltr'>tua</span> <span class='ocrx_word' id='word_1_75' title='bbox 1103 1260 1316 1330; x_wconf 60' lang='lat' dir='ltr'>praedia</span> <span class='ocrx_word' id='word_1_76' title='bbox 1346 1275 1449 1329; x_wconf 90' lang='lat' dir='ltr'>per</span> <span class='ocrx_word' id='word_1_77' title='bbox 1480 1259 1745 1327; x_wconf 90' lang='lat' dir='ltr'>subjecta</span> <span class='ocrx_word' id='word_1_78' title='bbox 1776 1255 2054 1312; x_wconf 74' lang='lat' dir='ltr'>vocabula</span> 
     </span>
    </p>
   </div>
   <div class='ocr_carea' id='block_1_14' title="bbox 411 1345 2052 1417">
    <p class='ocr_par' dir='ltr' id='par_1_14' title="bbox 411 1345 2052 1417">
     <span class='ocr_line' id='line_1_14' title="bbox 411 1345 2052 1417; baseline -0.004 -11"><span class='ocrx_word' id='word_1_79' title='bbox 411 1349 654 1415; x_wconf 77' lang='lat' dir='ltr'>scilicet,</span> <span class='ocrx_word' id='word_1_80' title='bbox 689 1353 843 1403; x_wconf 85' lang='lat' dir='ltr'>totus</span> <span class='ocrx_word' id='word_1_81' title='bbox 875 1348 1154 1402; x_wconf 89' lang='lat' dir='ltr'>circuitus</span> <span class='ocrx_word' id='word_1_82' title='bbox 1182 1347 1502 1417; x_wconf 89' lang='lat' dir='ltr'>adjacentis</span> <span class='ocrx_word' id='word_1_83' title='bbox 1534 1345 1874 1400; x_wconf 85' lang='lat' dir='ltr'>Ecclesiain</span> <span class='ocrx_word' id='word_1_84' title='bbox 1906 1345 2052 1399; x_wconf 89' lang='lat' dir='ltr'>inte-</span> 
     </span>
    </p>
   </div>
   <div class='ocr_carea' id='block_1_15' title="bbox 414 1433 2058 1508">
    <p class='ocr_par' dir='ltr' id='par_1_15' title="bbox 414 1433 2058 1508">
     <span class='ocr_line' id='line_1_15' title="bbox 414 1433 2058 1508; baseline -0.003 -17"><span class='ocrx_word' id='word_1_85' title='bbox 414 1453 720 1508; x_wconf 88' lang='lat' dir='ltr'>grum,nec</span> <span class='ocrx_word' id='word_1_86' title='bbox 741 1454 852 1490; x_wconf 91' lang='lat' dir='ltr'>non</span> <span class='ocrx_word' id='word_1_87' title='bbox 874 1440 1073 1506; x_wconf 89' lang='lat' dir='ltr'>portus</span> <span class='ocrx_word' id='word_1_88' title='bbox 1095 1440 1149 1489; x_wconf 90' lang='lat' dir='ltr'>et</span> <span class='ocrx_word' id='word_1_89' title='bbox 1166 1436 1640 1501; x_wconf 86' lang='lat' dir='ltr'>vitrecetum,nec</span> <span class='ocrx_word' id='word_1_90' title='bbox 1665 1451 1778 1488; x_wconf 92' lang='lat' dir='ltr'>non</span> <span class='ocrx_word' id='word_1_91' title='bbox 1798 1437 1853 1488; x_wconf 88' lang='lat' dir='ltr'>et</span> <span class='ocrx_word' id='word_1_92' title='bbox 1874 1433 2058 1487; x_wconf 87' lang='lat' dir='ltr'>domi-</span> 
     </span>
    </p>
   </div>
   <div class='ocr_carea' id='block_1_16' title="bbox 417 1522 2051 1594">
    <p class='ocr_par' dir='ltr' id='par_1_16' title="bbox 417 1522 2051 1594">
     <span class='ocr_line' id='line_1_16' title="bbox 417 1522 2051 1594; baseline -0.002 -14"><span class='ocrx_word' id='word_1_93' title='bbox 417 1526 608 1580; x_wconf 89' lang='lat' dir='ltr'>nicata</span> <span class='ocrx_word' id='word_1_94' title='bbox 622 1529 677 1579; x_wconf 90' lang='lat' dir='ltr'>et</span> <span class='ocrx_word' id='word_1_95' title='bbox 690 1525 1008 1594; x_wconf 80' lang='lat' dir='ltr'>vinea,qua</span> <span class='ocrx_word' id='word_1_96' title='bbox 1024 1523 1283 1578; x_wconf 87' lang='lat' dir='ltr'>detinent</span> <span class='ocrx_word' id='word_1_97' title='bbox 1299 1523 1399 1577; x_wconf 82' lang='lat' dir='ltr'>lilii</span> <span class='ocrx_word' id='word_1_98' title='bbox 1415 1523 1660 1578; x_wconf 89' lang='lat' dir='ltr'>Joannis</span> <span class='ocrx_word' id='word_1_99' title='bbox 1683 1523 1784 1576; x_wconf 83' lang='lat' dir='ltr'>ﬁlii</span> <span class='ocrx_word' id='word_1_100' title='bbox 1807 1522 2014 1577; x_wconf 88' lang='lat' dir='ltr'>Bonize</span> <span class='ocrx_word' id='word_1_101' title='bbox 2039 1539 2051 1588; x_wconf 90' lang='lat'><strong>;</strong></span> 
     </span>
    </p>
   </div>
   <div class='ocr_carea' id='block_1_17' title="bbox 414 1612 2054 1684">
    <p class='ocr_par' dir='ltr' id='par_1_17' title="bbox 414 1612 2054 1684">
     <span class='ocr_line' id='line_1_17' title="bbox 414 1612 2054 1684; baseline -0.002 -16"><span class='ocrx_word' id='word_1_102' title='bbox 414 1618 471 1668; x_wconf 90' lang='lat' dir='ltr'>et</span> <span class='ocrx_word' id='word_1_103' title='bbox 499 1614 665 1668; x_wconf 89' lang='lat' dir='ltr'>vinea</span> <span class='ocrx_word' id='word_1_104' title='bbox 694 1629 870 1684; x_wconf 87' lang='lat' dir='ltr'>quam</span> <span class='ocrx_word' id='word_1_105' title='bbox 901 1612 1120 1666; x_wconf 87' lang='lat' dir='ltr'>detinet</span> <span class='ocrx_word' id='word_1_106' title='bbox 1153 1619 1296 1667; x_wconf 84' lang='lat' dir='ltr'>Aczo</span> <span class='ocrx_word' id='word_1_107' title='bbox 1329 1612 1646 1684; x_wconf 83' lang='lat' dir='ltr'>presbyteri</span> <span class='ocrx_word' id='word_1_108' title='bbox 1694 1612 1884 1667; x_wconf 89' lang='lat' dir='ltr'>Cresci</span> <span class='ocrx_word' id='word_1_109' title='bbox 1923 1626 2054 1666; x_wconf 91' lang='lat' dir='ltr'>cum</span> 
     </span>
    </p>
   </div>
   <div class='ocr_carea' id='block_1_18' title="bbox 415 1699 2059 1773">
    <p class='ocr_par' dir='ltr' id='par_1_18' title="bbox 415 1699 2059 1773">
     <span class='ocr_line' id='line_1_18' title="bbox 415 1699 2059 1773; baseline -0.001 -17"><span class='ocrx_word' id='word_1_110' title='bbox 415 1701 630 1757; x_wconf 90' lang='lat' dir='ltr'>salecto</span> <span class='ocrx_word' id='word_1_111' title='bbox 663 1702 816 1773; x_wconf 89' lang='lat' dir='ltr'>quod</span> <span class='ocrx_word' id='word_1_112' title='bbox 875 1702 1137 1756; x_wconf 84' lang='lat' dir='ltr'>detinent</span> <span class='ocrx_word' id='word_1_113' title='bbox 1194 1701 1296 1754; x_wconf 82' lang='lat' dir='ltr'>lilii</span> <span class='ocrx_word' id='word_1_114' title='bbox 1359 1701 1643 1767; x_wconf 88' lang='lat' dir='ltr'>Morandi,</span> <span class='ocrx_word' id='word_1_115' title='bbox 1707 1701 1829 1755; x_wconf 83' lang='lat' dir='ltr'>hac</span> <span class='ocrx_word' id='word_1_116' title='bbox 1860 1699 2059 1755; x_wconf 88' lang='lat' dir='ltr'>omnia</span> 
     </span>
    </p>
   </div>
   <div class='ocr_carea' id='block_1_19' title="bbox 415 1789 2058 1862">
    <p class='ocr_par' dir='ltr' id='par_1_19' title="bbox 415 1789 2058 1862">
     <span class='ocr_line' id='line_1_19' title="bbox 415 1789 2058 1862; baseline -0.002 -17"><span class='ocrx_word' id='word_1_117' title='bbox 415 1790 592 1862; x_wconf 89' lang='lat' dir='ltr'>hujus</span> <span class='ocrx_word' id='word_1_118' title='bbox 614 1789 882 1845; x_wconf 83' lang='lat' dir='ltr'>Ecclesia</span> <span class='ocrx_word' id='word_1_119' title='bbox 912 1791 1204 1846; x_wconf 87' lang='lat' dir='ltr'>habentur</span> <span class='ocrx_word' id='word_1_120' title='bbox 1251 1791 1505 1862; x_wconf 85' lang='lat' dir='ltr'>propria,</span> <span class='ocrx_word' id='word_1_121' title='bbox 1538 1794 1595 1844; x_wconf 91' lang='lat' dir='ltr'>et</span> <span class='ocrx_word' id='word_1_122' title='bbox 1622 1789 1774 1860; x_wconf 88' lang='lat' dir='ltr'>petia</span> <span class='ocrx_word' id='word_1_123' title='bbox 1805 1789 1874 1843; x_wconf 92' lang='lat' dir='ltr'>de</span> <span class='ocrx_word' id='word_1_124' title='bbox 1905 1792 2058 1843; x_wconf 88' lang='lat' dir='ltr'>terra</span> 
     </span>
    </p>
   </div>
   <div class='ocr_carea' id='block_1_20' title="bbox 414 1878 2056 1952">
    <p class='ocr_par' dir='ltr' id='par_1_20' title="bbox 414 1878 2056 1952">
     <span class='ocr_line' id='line_1_20' title="bbox 414 1878 2056 1952; baseline -0.001 -18"><span class='ocrx_word' id='word_1_125' title='bbox 414 1879 606 1952; x_wconf 88' lang='lat' dir='ltr'>posita</span> <span class='ocrx_word' id='word_1_126' title='bbox 635 1880 692 1934; x_wconf 89' lang='lat' dir='ltr'>in</span> <span class='ocrx_word' id='word_1_127' title='bbox 723 1880 910 1950; x_wconf 88' lang='lat' dir='ltr'>capite</span> <span class='ocrx_word' id='word_1_128' title='bbox 957 1879 1152 1951; x_wconf 89' lang='lat' dir='ltr'>pontis</span> <span class='ocrx_word' id='word_1_129' title='bbox 1172 1879 1278 1933; x_wconf 87' lang='lat' dir='ltr'>rivi</span> <span class='ocrx_word' id='word_1_130' title='bbox 1310 1878 1494 1934; x_wconf 88' lang='lat' dir='ltr'>sancti</span> <span class='ocrx_word' id='word_1_131' title='bbox 1515 1879 1776 1946; x_wconf 84' lang='lat' dir='ltr'>Andrea,</span> <span class='ocrx_word' id='word_1_132' title='bbox 1805 1881 1861 1933; x_wconf 90' lang='lat' dir='ltr'>et</span> <span class='ocrx_word' id='word_1_133' title='bbox 1892 1894 2056 1932; x_wconf 89' lang='lat' dir='ltr'>man-</span> 
     </span>
    </p>
   </div>
   <div class='ocr_carea' id='block_1_21' title="bbox 411 1969 975 2024">
    <p class='ocr_par' dir='ltr' id='par_1_21' title="bbox 411 1969 975 2024">
     <span class='ocr_line' id='line_1_21' title="bbox 411 1969 975 2024; baseline -0.002 0"><span class='ocrx_word' id='word_1_134' title='bbox 411 1972 540 2024; x_wconf 86' lang='lat' dir='ltr'>tum</span> <span class='ocrx_word' id='word_1_135' title='bbox 576 1969 631 2023; x_wconf 92' lang='lat' dir='ltr'>in</span> <span class='ocrx_word' id='word_1_136' title='bbox 665 1969 975 2024; x_wconf 81' lang='lat' dir='ltr'>Rusciano.</span> 
     </span>
    </p>
   </div>
   <div class='ocr_carea' id='block_1_22' title="bbox 488 2055 2060 2122">
    <p class='ocr_par' dir='ltr' id='par_1_22' title="bbox 488 2055 2060 2122">
     <span class='ocr_line' id='line_1_22' title="bbox 488 2055 2060 2122; baseline -0.003 -9"><span class='ocrx_word' id='word_1_137' title='bbox 488 2059 617 2113; x_wconf 85' lang='lat' dir='ltr'>Hac</span> <span class='ocrx_word' id='word_1_138' title='bbox 647 2074 781 2112; x_wconf 91' lang='lat' dir='ltr'>vero</span> <span class='ocrx_word' id='word_1_139' title='bbox 813 2058 1010 2113; x_wconf 86' lang='lat' dir='ltr'>omnia</span> <span class='ocrx_word' id='word_1_140' title='bbox 1043 2061 1450 2112; x_wconf 88' lang='lat' dir='ltr'>summotenus</span> <span class='ocrx_word' id='word_1_141' title='bbox 1480 2055 1955 2122; x_wconf 88' lang='lat' dir='ltr'>memoravimus,</span> <span class='ocrx_word' id='word_1_142' title='bbox 1988 2070 2060 2108; x_wconf 90' lang='lat' dir='ltr'>ne</span> 
     </span>
    </p>
   </div>
   <div class='ocr_carea' id='block_1_23' title="bbox 421 2143 2060 2219">
    <p class='ocr_par' dir='ltr' id='par_1_23' title="bbox 421 2143 2060 2219">
     <span class='ocr_line' id='line_1_23' title="bbox 421 2143 2060 2219; baseline -0.003 -18"><span class='ocrx_word' id='word_1_143' title='bbox 421 2147 552 2219; x_wconf 89' lang='lat' dir='ltr'>quis</span> <span class='ocrx_word' id='word_1_144' title='bbox 574 2147 801 2201; x_wconf 89' lang='lat' dir='ltr'>dubitet</span> <span class='ocrx_word' id='word_1_145' title='bbox 819 2146 1003 2200; x_wconf 90' lang='lat' dir='ltr'>multo</span> <span class='ocrx_word' id='word_1_146' title='bbox 1027 2145 1311 2217; x_wconf 88' lang='lat' dir='ltr'>ampliora</span> <span class='ocrx_word' id='word_1_147' title='bbox 1336 2145 1551 2217; x_wconf 84' lang='lat' dir='ltr'>pradia</span> <span class='ocrx_word' id='word_1_148' title='bbox 1583 2144 1732 2199; x_wconf 90' lang='lat' dir='ltr'>hanc</span> <span class='ocrx_word' id='word_1_149' title='bbox 1754 2143 2060 2198; x_wconf 88' lang='lat' dir='ltr'>ecclesiam</span> 
     </span>
    </p>
   </div>
   <div class='ocr_carea' id='block_1_24' title="bbox 420 2231 2061 2305">
    <p class='ocr_par' dir='ltr' id='par_1_24' title="bbox 420 2231 2061 2305">
     <span class='ocr_line' id='line_1_24' title="bbox 420 2231 2061 2305; baseline -0.004 -14"><span class='ocrx_word' id='word_1_150' title='bbox 420 2252 534 2291; x_wconf 91' lang='lat' dir='ltr'>non</span> <span class='ocrx_word' id='word_1_151' title='bbox 584 2235 859 2290; x_wconf 87' lang='lat' dir='ltr'>detinere.</span> <span class='ocrx_word' id='word_1_152' title='bbox 937 2234 1309 2289; x_wconf 88' lang='lat' dir='ltr'>Absolvimus</span> <span class='ocrx_word' id='word_1_153' title='bbox 1367 2237 1644 2305; x_wconf 87' lang='lat' dir='ltr'>praterea</span> <span class='ocrx_word' id='word_1_154' title='bbox 1696 2231 2061 2300; x_wconf 89' lang='lat' dir='ltr'>liberumque</span> 
     </span>
    </p>
   </div>
   <div class='ocr_carea' id='block_1_25' title="bbox 419 2320 2062 2392">
    <p class='ocr_par' dir='ltr' id='par_1_25' title="bbox 419 2320 2062 2392">
     <span class='ocr_line' id='line_1_25' title="bbox 419 2320 2062 2392; baseline -0.004 -13"><span class='ocrx_word' id='word_1_155' title='bbox 419 2325 693 2380; x_wconf 90' lang='lat' dir='ltr'>eumdem</span> <span class='ocrx_word' id='word_1_156' title='bbox 722 2323 1109 2377; x_wconf 86' lang='lat' dir='ltr'>venerabilem</span> <span class='ocrx_word' id='word_1_157' title='bbox 1168 2323 1360 2377; x_wconf 91' lang='lat' dir='ltr'>locum</span> <span class='ocrx_word' id='word_1_158' title='bbox 1418 2321 1736 2392; x_wconf 89' lang='lat' dir='ltr'>apostolica</span> <span class='ocrx_word' id='word_1_159' title='bbox 1763 2320 2062 2376; x_wconf 86' lang='lat' dir='ltr'>sanctione</span> 
     </span>
    </p>
   </div>
   <div class='ocr_carea' id='block_1_26' title="bbox 424 2409 2063 2483">
    <p class='ocr_par' dir='ltr' id='par_1_26' title="bbox 424 2409 2063 2483">
     <span class='ocr_line' id='line_1_26' title="bbox 424 2409 2063 2483; baseline -0.004 -17"><span class='ocrx_word' id='word_1_160' title='bbox 424 2412 734 2483; x_wconf 89' lang='lat' dir='ltr'>persistere</span> <span class='ocrx_word' id='word_1_161' title='bbox 750 2413 1050 2481; x_wconf 90' lang='lat' dir='ltr'>jubemus,</span> <span class='ocrx_word' id='word_1_162' title='bbox 1078 2426 1181 2464; x_wconf 91' lang='lat' dir='ltr'>nec</span> <span class='ocrx_word' id='word_1_163' title='bbox 1202 2410 1373 2464; x_wconf 89' lang='lat' dir='ltr'>liceat</span> <span class='ocrx_word' id='word_1_164' title='bbox 1395 2409 1565 2464; x_wconf 90' lang='lat' dir='ltr'>alicui</span> <span class='ocrx_word' id='word_1_165' title='bbox 1591 2425 1778 2479; x_wconf 85' lang='lat' dir='ltr'>parva</span> <span class='ocrx_word' id='word_1_166' title='bbox 1811 2424 2063 2480; x_wconf 81' lang='lat' dir='ltr'>magna-</span> 
     </span>
    </p>
   </div>
   <div class='ocr_carea' id='block_1_27' title="bbox 424 2496 2064 2573">
    <p class='ocr_par' dir='ltr' id='par_1_27' title="bbox 424 2496 2064 2573">
     <span class='ocr_line' id='line_1_27' title="bbox 424 2496 2064 2573; baseline -0.004 -17"><span class='ocrx_word' id='word_1_167' title='bbox 424 2518 538 2573; x_wconf 90' lang='lat' dir='ltr'>que</span> <span class='ocrx_word' id='word_1_168' title='bbox 567 2517 824 2572; x_wconf 82' lang='lat' dir='ltr'>persona</span> <span class='ocrx_word' id='word_1_169' title='bbox 856 2500 1071 2555; x_wconf 85' lang='lat' dir='ltr'>ibidem</span> <span class='ocrx_word' id='word_1_170' title='bbox 1130 2498 1404 2555; x_wconf 87' lang='lat' dir='ltr'>canonice</span> <span class='ocrx_word' id='word_1_171' title='bbox 1449 2502 1791 2569; x_wconf 89' lang='lat' dir='ltr'>aggregatos</span> <span class='ocrx_word' id='word_1_172' title='bbox 1824 2496 2064 2552; x_wconf 88' lang='lat' dir='ltr'>clericos</span> 
     </span>
    </p>
   </div>
   <div class='ocr_carea' id='block_1_28' title="bbox 425 2585 2062 2660">
    <p class='ocr_par' dir='ltr' id='par_1_28' title="bbox 425 2585 2062 2660">
     <span class='ocr_line' id='line_1_28' title="bbox 425 2585 2062 2660; baseline -0.003 -15"><span class='ocrx_word' id='word_1_173' title='bbox 425 2590 828 2653; x_wconf 88' lang='lat' dir='ltr'>dehonestare,</span> <span class='ocrx_word' id='word_1_174' title='bbox 857 2593 914 2644; x_wconf 90' lang='lat' dir='ltr'>et</span> <span class='ocrx_word' id='word_1_175' title='bbox 941 2587 1310 2660; x_wconf 88' lang='lat' dir='ltr'>plancitando</span> <span class='ocrx_word' id='word_1_176' title='bbox 1342 2587 1617 2642; x_wconf 83' lang='lat' dir='ltr'>infestare</span> <span class='ocrx_word' id='word_1_177' title='bbox 1666 2586 1753 2641; x_wconf 88' lang='lat' dir='ltr'>vel</span> <span class='ocrx_word' id='word_1_178' title='bbox 1801 2585 2062 2640; x_wconf 87' lang='lat' dir='ltr'>debitum</span> 
     </span>
    </p>
   </div>
   <div class='ocr_carea' id='block_1_29' title="bbox 423 2674 2063 2750">
    <p class='ocr_par' dir='ltr' id='par_1_29' title="bbox 423 2674 2063 2750">
     <span class='ocr_line' id='line_1_29' title="bbox 423 2674 2063 2750; baseline -0.004 -16"><span class='ocrx_word' id='word_1_179' title='bbox 423 2680 713 2735; x_wconf 89' lang='lat' dir='ltr'>tributum</span> <span class='ocrx_word' id='word_1_180' title='bbox 740 2680 812 2733; x_wconf 89' lang='lat' dir='ltr'>ab</span> <span class='ocrx_word' id='word_1_181' title='bbox 843 2679 927 2733; x_wconf 88' lang='lat' dir='ltr'>eis</span> <span class='ocrx_word' id='word_1_182' title='bbox 959 2677 1206 2750; x_wconf 84' lang='lat' dir='ltr'>exigere,</span> <span class='ocrx_word' id='word_1_183' title='bbox 1242 2693 1342 2732; x_wconf 88' lang='lat' dir='ltr'>seu</span> <span class='ocrx_word' id='word_1_184' title='bbox 1391 2675 1589 2747; x_wconf 88' lang='lat' dir='ltr'>aliqua</span> <span class='ocrx_word' id='word_1_185' title='bbox 1619 2675 1921 2731; x_wconf 89' lang='lat' dir='ltr'>occasione</span> <span class='ocrx_word' id='word_1_186' title='bbox 1951 2674 2063 2728; x_wconf 90' lang='lat' dir='ltr'>sibi</span> 
     </span>
    </p>
   </div>
   <div class='ocr_carea' id='block_1_30' title="bbox 427 2764 2062 2837">
    <p class='ocr_par' dir='ltr' id='par_1_30' title="bbox 427 2764 2062 2837">
     <span class='ocr_line' id='line_1_30' title="bbox 427 2764 2062 2837; baseline -0.004 -14"><span class='ocrx_word' id='word_1_187' title='bbox 427 2785 461 2823; x_wconf 89' lang='lat' dir='ltr'>a</span> <span class='ocrx_word' id='word_1_188' title='bbox 490 2769 657 2823; x_wconf 90' lang='lat' dir='ltr'>nobis</span> <span class='ocrx_word' id='word_1_189' title='bbox 689 2772 789 2823; x_wconf 88' lang='lat' dir='ltr'>aut</span> <span class='ocrx_word' id='word_1_190' title='bbox 819 2769 889 2822; x_wconf 91' lang='lat' dir='ltr'>ab</span> <span class='ocrx_word' id='word_1_191' title='bbox 923 2766 1218 2837; x_wconf 89' lang='lat' dir='ltr'>aliquibus</span> <span class='ocrx_word' id='word_1_192' title='bbox 1267 2764 1538 2821; x_wconf 80' lang='lat' dir='ltr'>fidelibus</span> <span class='ocrx_word' id='word_1_193' title='bbox 1596 2781 1686 2819; x_wconf 91' lang='lat' dir='ltr'>res</span> <span class='ocrx_word' id='word_1_194' title='bbox 1734 2779 2062 2828; x_wconf 88' lang='lat' dir='ltr'>concessas,</span> 
     </span>
    </p>
   </div>
   <div class='ocr_carea' id='block_1_31' title="bbox 426 2851 2061 2919">
    <p class='ocr_par' dir='ltr' id='par_1_31' title="bbox 426 2851 2061 2919">
     <span class='ocr_line' id='line_1_31' title="bbox 426 2851 2061 2919; baseline -0.004 -9"><span class='ocrx_word' id='word_1_195' title='bbox 426 2856 544 2910; x_wconf 89' lang='lat' dir='ltr'>sive</span> <span class='ocrx_word' id='word_1_196' title='bbox 565 2855 1281 2919; x_wconf 88' lang='lat' dir='ltr'>concedendas,invadere,</span> <span class='ocrx_word' id='word_1_197' title='bbox 1307 2853 1667 2918; x_wconf 89' lang='lat' dir='ltr'>subtrahere,</span> <span class='ocrx_word' id='word_1_198' title='bbox 1697 2851 2022 2906; x_wconf 88' lang='lat' dir='ltr'>diminuere</span> <span class='ocrx_word' id='word_1_199' title='bbox 2048 2868 2061 2917; x_wconf 93' lang='lat'><strong>;</strong></span> 
     </span>
    </p>
   </div>
   <div class='ocr_carea' id='block_1_32' title="bbox 427 2939 2062 3016">
    <p class='ocr_par' dir='ltr' id='par_1_32' title="bbox 427 2939 2062 3016">
     <span class='ocr_line' id='line_1_32' title="bbox 427 2939 2062 3016; baseline -0.004 -16"><span class='ocrx_word' id='word_1_200' title='bbox 427 2946 619 3016; x_wconf 89' lang='lat' dir='ltr'>sitque</span> <span class='ocrx_word' id='word_1_201' title='bbox 650 2945 936 2998; x_wconf 90' lang='lat' dir='ltr'>immunis</span> <span class='ocrx_word' id='word_1_202' title='bbox 964 2943 1273 3014; x_wconf 79' lang='lat' dir='ltr'>praedictus</span> <span class='ocrx_word' id='word_1_203' title='bbox 1305 2941 1467 2996; x_wconf 91' lang='lat' dir='ltr'>locus</span> <span class='ocrx_word' id='word_1_204' title='bbox 1489 2941 1558 2995; x_wconf 88' lang='lat' dir='ltr'>ab</span> <span class='ocrx_word' id='word_1_205' title='bbox 1583 2940 1740 2994; x_wconf 90' lang='lat' dir='ltr'>omni</span> <span class='ocrx_word' id='word_1_206' title='bbox 1765 2939 2062 3011; x_wconf 83' lang='lat' dir='ltr'>pensione,</span> 
     </span>
    </p>
   </div>
   <div class='ocr_carea' id='block_1_33' title="bbox 429 3028 2062 3094">
    <p class='ocr_par' dir='ltr' id='par_1_33' title="bbox 429 3028 2062 3094">
     <span class='ocr_line' id='line_1_33' title="bbox 429 3028 2062 3094; baseline -0.004 -5"><span class='ocrx_word' id='word_1_207' title='bbox 429 3034 539 3089; x_wconf 91' lang='lat' dir='ltr'>sub</span> <span class='ocrx_word' id='word_1_208' title='bbox 571 3032 756 3088; x_wconf 85' lang='lat' dir='ltr'>sancti</span> <span class='ocrx_word' id='word_1_209' title='bbox 813 3031 1112 3086; x_wconf 90' lang='lat' dir='ltr'>Michaelis</span> <span class='ocrx_word' id='word_1_210' title='bbox 1165 3035 1221 3085; x_wconf 90' lang='lat' dir='ltr'>et</span> <span class='ocrx_word' id='word_1_211' title='bbox 1279 3029 1464 3084; x_wconf 89' lang='lat' dir='ltr'>sancti</span> <span class='ocrx_word' id='word_1_212' title='bbox 1523 3028 1756 3083; x_wconf 90' lang='lat' dir='ltr'>Eusebii</span> <span class='ocrx_word' id='word_1_213' title='bbox 1797 3028 2062 3094; x_wconf 88' lang='lat' dir='ltr'>tuitione,</span> 
     </span>
    </p>
   </div>
   <div class='ocr_carea' id='block_1_34' title="bbox 431 3117 2064 3192">
    <p class='ocr_par' dir='ltr' id='par_1_34' title="bbox 431 3117 2064 3192">
     <span class='ocr_line' id='line_1_34' title="bbox 431 3117 2064 3192; baseline -0.004 -16"><span class='ocrx_word' id='word_1_214' title='bbox 431 3121 766 3192; x_wconf 89' lang='lat' dir='ltr'>nulliusque</span> <span class='ocrx_word' id='word_1_215' title='bbox 825 3119 1170 3190; x_wconf 84' lang='lat' dir='ltr'>subjiciatur</span> <span class='ocrx_word' id='word_1_216' title='bbox 1225 3118 1505 3184; x_wconf 90' lang='lat' dir='ltr'>dominio,</span> <span class='ocrx_word' id='word_1_217' title='bbox 1567 3117 1678 3171; x_wconf 89' lang='lat' dir='ltr'>nisi</span> <span class='ocrx_word' id='word_1_218' title='bbox 1736 3117 2064 3172; x_wconf 84' lang='lat' dir='ltr'>Florentino</span> 
     </span>
    </p>
   </div>
   <div class='ocr_carea' id='block_1_35' title="bbox 2157 551 3792 627">
    <p class='ocr_par' dir='ltr' id='par_1_35' title="bbox 2157 551 3792 627">
     <span class='ocr_line' id='line_1_35' title="bbox 2157 551 3792 627; baseline 0.001 -21"><span class='ocrx_word' id='word_1_219' title='bbox 2157 551 2762 622; x_wconf 87' lang='lat' dir='ltr'>bibliothecarii,anno</span> <span class='ocrx_word' id='word_1_220' title='bbox 2791 556 2979 626; x_wconf 91' lang='lat' dir='ltr'>primo</span> <span class='ocrx_word' id='word_1_221' title='bbox 3004 555 3380 627; x_wconf 85' lang='lat' dir='ltr'>pontificatus</span> <span class='ocrx_word' id='word_1_222' title='bbox 3401 553 3626 610; x_wconf 88' lang='lat' dir='ltr'>domini</span> <span class='ocrx_word' id='word_1_223' title='bbox 3644 570 3792 626; x_wconf 77' lang='lat' dir='ltr'>papa</span> 
     </span>
    </p>
   </div>
   <div class='ocr_carea' id='block_1_36' title="bbox 2158 640 3165 710">
    <p class='ocr_par' dir='ltr' id='par_1_36' title="bbox 2158 640 3165 710">
     <span class='ocr_line' id='line_1_36' title="bbox 2158 640 3165 710; baseline 0.004 -16"><span class='ocrx_word' id='word_1_224' title='bbox 2158 640 2374 696; x_wconf 90' lang='lat' dir='ltr'>Nicolai</span> <span class='ocrx_word' id='word_1_225' title='bbox 2403 643 2664 710; x_wconf 88' lang='lat' dir='ltr'>secundi,</span> <span class='ocrx_word' id='word_1_226' title='bbox 2700 643 3017 700; x_wconf 88' lang='lat' dir='ltr'>indictione</span> <span class='ocrx_word' id='word_1_227' title='bbox 3041 661 3165 700; x_wconf 82' lang='lat' dir='ltr'>XIII.</span> 
     </span>
    </p>
   </div>
   <div class='ocr_carea' id='block_1_37' title="bbox 2158 836 3803 896">
    <p class='ocr_par' dir='ltr' id='par_1_37' title="bbox 2158 836 3803 896">
     <span class='ocr_line' id='line_1_37' title="bbox 2158 836 3803 896; baseline 0.001 -6"><span class='ocrx_word' id='word_1_228' title='bbox 2158 836 2411 891; x_wconf 74' lang='lat' dir='ltr'>Nicotaus</span> <span class='ocrx_word' id='word_1_229' title='bbox 2457 839 2508 892; x_wconf 88' lang='grc' dir='ltr'>ΙΙ</span> <span class='ocrx_word' id='word_1_230' title='bbox 2550 839 2789 894; x_wconf 65' lang='lat' dir='ltr'>ecclesiae</span> <span class='ocrx_word' id='word_1_231' title='bbox 2834 842 2892 895; x_wconf 93' lang='lat' dir='ltr'>S.</span> <span class='ocrx_word' id='word_1_232' title='bbox 2925 839 3176 896; x_wconf 64' lang='lat' dir='ltr'>&#39;Andreaz</span> <span class='ocrx_word' id='word_1_233' title='bbox 3215 840 3803 895; x_wconf 61' lang='lat' dir='ltr'>Mussianensiabona</span> 
     </span>
    </p>
   </div>
   <div class='ocr_carea' id='block_1_38' title="bbox 2616 912 3345 982">
    <p class='ocr_par' dir='ltr' id='par_1_38' title="bbox 2616 912 3345 982">
     <span class='ocr_line' id='line_1_38' title="bbox 2616 912 3345 982; baseline 0.004 -19"><span class='ocrx_word' id='word_1_234' title='bbox 2616 926 2680 964; x_wconf 83' lang='lat' dir='ltr'>ac</span> <span class='ocrx_word' id='word_1_235' title='bbox 2703 912 2998 980; x_wconf 80' lang='lat' dir='ltr'>privilegia</span> <span class='ocrx_word' id='word_1_236' title='bbox 3037 913 3345 982; x_wconf 79' lang='lat' dir='ltr'>conﬁrmat.</span> 
     </span>
    </p>
   </div>
   <div class='ocr_carea' id='block_1_39' title="bbox 2783 999 3188 1070">
    <p class='ocr_par' dir='ltr' id='par_1_39' title="bbox 2783 999 3188 1070">
     <span class='ocr_line' id='line_1_39' title="bbox 2783 999 3188 1070; baseline 0.007 -19"><span class='ocrx_word' id='word_1_237' title='bbox 2783 999 2970 1070; x_wconf 87' lang='lat' dir='ltr'>(Anno</span> <span class='ocrx_word' id='word_1_238' title='bbox 3005 999 3188 1070; x_wconf 84' lang='grc'>1060.)</span> 
     </span>
    </p>
   </div>
   <div class='ocr_carea' id='block_1_40' title="bbox 2493 1084 3464 1159">
    <p class='ocr_par' dir='ltr' id='par_1_40' title="bbox 2493 1084 3464 1159">
     <span class='ocr_line' id='line_1_40' title="bbox 2493 1084 3464 1159; baseline 0.005 -21"><span class='ocrx_word' id='word_1_239' title='bbox 2493 1084 2784 1154; x_wconf 80' lang='lat' dir='ltr'>[UGHELLI,</span> <span class='ocrx_word' id='word_1_240' title='bbox 2817 1087 2982 1141; x_wconf 80' lang='lat' dir='ltr'>Italia</span> <span class='ocrx_word' id='word_1_241' title='bbox 3010 1103 3190 1155; x_wconf 81' lang='lat' dir='ltr'>sacra,</span> <span class='ocrx_word' id='word_1_242' title='bbox 3223 1087 3318 1154; x_wconf 88' lang='lat' dir='ltr'>III,</span> <span class='ocrx_word' id='word_1_243' title='bbox 3348 1089 3464 1159; x_wconf 90' lang='lat'>63.]</span> 
     </span>
    </p>
   </div>
   <div class='ocr_carea' id='block_1_41' title="bbox 2233 1171 3807 1245">
    <p class='ocr_par' dir='ltr' id='par_1_41' title="bbox 2233 1171 3807 1245">
     <span class='ocr_line' id='line_1_41' title="bbox 2233 1171 3807 1245; baseline 0.006 -21"><span class='ocrx_word' id='word_1_244' title='bbox 2233 1171 2518 1226; x_wconf 79' lang='lat' dir='ltr'>NICOLAUS</span> <span class='ocrx_word' id='word_1_245' title='bbox 2548 1174 3089 1245; x_wconf 86' lang='lat' dir='ltr'>episcopus,servus</span> <span class='ocrx_word' id='word_1_246' title='bbox 3119 1192 3420 1232; x_wconf 89' lang='lat' dir='ltr'>servorum</span> <span class='ocrx_word' id='word_1_247' title='bbox 3454 1177 3572 1244; x_wconf 88' lang='lat' dir='ltr'>Uei,</span> <span class='ocrx_word' id='word_1_248' title='bbox 3598 1176 3807 1233; x_wconf 87' lang='lat' dir='ltr'>dilecto</span> 
     </span>
    </p>
   </div>
   <div class='ocr_carea' id='block_1_42' title="bbox 2161 1257 3809 1334">
    <p class='ocr_par' dir='ltr' id='par_1_42' title="bbox 2161 1257 3809 1334">
     <span class='ocr_line' id='line_1_42' title="bbox 2161 1257 3809 1334; baseline 0.005 -23"><span class='ocrx_word' id='word_1_249' title='bbox 2161 1257 2219 1312; x_wconf 93' lang='lat' dir='ltr'>in</span> <span class='ocrx_word' id='word_1_250' title='bbox 2252 1258 2498 1314; x_wconf 91' lang='lat' dir='ltr'>Domino</span> <span class='ocrx_word' id='word_1_251' title='bbox 2553 1260 2670 1315; x_wconf 84' lang='lat' dir='ltr'>filio</span> <span class='ocrx_word' id='word_1_252' title='bbox 2712 1262 2921 1317; x_wconf 74' lang='lat' dir='ltr'>JOANNI</span> <span class='ocrx_word' id='word_1_253' title='bbox 2953 1264 3130 1334; x_wconf 88' lang='lat' dir='ltr'>priori</span> <span class='ocrx_word' id='word_1_254' title='bbox 3163 1263 3433 1320; x_wconf 86' lang='lat' dir='ltr'>Ecclesia</span> <span class='ocrx_word' id='word_1_255' title='bbox 3487 1266 3544 1321; x_wconf 90' lang='lat' dir='ltr'>S.</span> <span class='ocrx_word' id='word_1_256' title='bbox 3596 1266 3809 1320; x_wconf 82' lang='lat' dir='ltr'>Andra</span> 
     </span>
    </p>
   </div>
   <div class='ocr_carea' id='block_1_43' title="bbox 2159 1346 3812 1424">
    <p class='ocr_par' dir='ltr' id='par_1_43' title="bbox 2159 1346 3812 1424">
     <span class='ocr_line' id='line_1_43' title="bbox 2159 1346 3812 1424; baseline 0.005 -24"><span class='ocrx_word' id='word_1_257' title='bbox 2159 1346 2442 1401; x_wconf 91' lang='lat' dir='ltr'>Musciani</span> <span class='ocrx_word' id='word_1_258' title='bbox 2474 1347 2596 1402; x_wconf 83' lang='lat' dir='ltr'>sita</span> <span class='ocrx_word' id='word_1_259' title='bbox 2620 1349 2796 1421; x_wconf 88' lang='lat' dir='ltr'>digno</span> <span class='ocrx_word' id='word_1_260' title='bbox 2818 1352 3399 1424; x_wconf 85' lang='lat' dir='ltr'>praposito,suisque</span> <span class='ocrx_word' id='word_1_261' title='bbox 3417 1353 3812 1409; x_wconf 79' lang='lat' dir='ltr'>confratribus</span> 
     </span>
    </p>
   </div>
   <div class='ocr_carea' id='block_1_44' title="bbox 2161 1435 3812 1510">
    <p class='ocr_par' dir='ltr' id='par_1_44' title="bbox 2161 1435 3812 1510">
     <span class='ocr_line' id='line_1_44' title="bbox 2161 1435 3812 1510; baseline 0.005 -22"><span class='ocrx_word' id='word_1_262' title='bbox 2161 1435 2438 1490; x_wconf 88' lang='lat' dir='ltr'>canonice</span> <span class='ocrx_word' id='word_1_263' title='bbox 2450 1436 2610 1491; x_wconf 90' lang='lat' dir='ltr'>viven</span> <span class='ocrx_word' id='word_1_264' title='bbox 2620 1436 3123 1510; x_wconf 87' lang='lat' dir='ltr'>tibus,eorumque</span> <span class='ocrx_word' id='word_1_265' title='bbox 3136 1440 3812 1498; x_wconf 87' lang='lat' dir='ltr'>successoribusibidem</span> 
     </span>
    </p>
   </div>
   <div class='ocr_carea' id='block_1_45' title="bbox 2163 1523 3332 1599">
    <p class='ocr_par' dir='ltr' id='par_1_45' title="bbox 2163 1523 3332 1599">
     <span class='ocr_line' id='line_1_45' title="bbox 2163 1523 3332 1599; baseline 0.004 -21"><span class='ocrx_word' id='word_1_266' title='bbox 2163 1523 2438 1579; x_wconf 88' lang='lat' dir='ltr'>canonice</span> <span class='ocrx_word' id='word_1_267' title='bbox 2470 1527 2847 1582; x_wconf 90' lang='lat' dir='ltr'>manentibus</span> <span class='ocrx_word' id='word_1_268' title='bbox 2877 1526 2935 1581; x_wconf 90' lang='lat' dir='ltr'>in</span> <span class='ocrx_word' id='word_1_269' title='bbox 2963 1532 3332 1599; x_wconf 90' lang='lat' dir='ltr'>perpetuum.</span> 
     </span>
    </p>
   </div>
   <div class='ocr_carea' id='block_1_46' title="bbox 2233 1612 3817 1689">
    <p class='ocr_par' dir='ltr' id='par_1_46' title="bbox 2233 1612 3817 1689">
     <span class='ocr_line' id='line_1_46' title="bbox 2233 1612 3817 1689; baseline 0.006 -24"><span class='ocrx_word' id='word_1_270' title='bbox 2233 1612 2519 1674; x_wconf 85' lang='lat' dir='ltr'>Quoniam</span> <span class='ocrx_word' id='word_1_271' title='bbox 2550 1614 2977 1686; x_wconf 87' lang='lat' dir='ltr'>Omnipotentis</span> <span class='ocrx_word' id='word_1_272' title='bbox 2999 1615 3258 1688; x_wconf 80' lang='lat' dir='ltr'>dignatio</span> <span class='ocrx_word' id='word_1_273' title='bbox 3281 1633 3387 1672; x_wconf 91' lang='lat' dir='ltr'>suo</span> <span class='ocrx_word' id='word_1_274' title='bbox 3406 1619 3660 1689; x_wconf 87' lang='lat' dir='ltr'>gratuito</span> <span class='ocrx_word' id='word_1_275' title='bbox 3683 1635 3817 1674; x_wconf 89' lang='lat' dir='ltr'>mu-</span> 
     </span>
    </p>
   </div>
   <div class='ocr_carea' id='block_1_47' title="bbox 2168 1701 3818 1779">
    <p class='ocr_par' dir='ltr' id='par_1_47' title="bbox 2168 1701 3818 1779">
     <span class='ocr_line' id='line_1_47' title="bbox 2168 1701 3818 1779; baseline 0.005 -24"><span class='ocrx_word' id='word_1_276' title='bbox 2168 1717 2302 1756; x_wconf 89' lang='lat' dir='ltr'>nere</span> <span class='ocrx_word' id='word_1_277' title='bbox 2323 1702 2393 1756; x_wconf 91' lang='lat' dir='ltr'>ad</span> <span class='ocrx_word' id='word_1_278' title='bbox 2413 1701 2563 1756; x_wconf 86' lang='lat' dir='ltr'>hanc</span> <span class='ocrx_word' id='word_1_279' title='bbox 2590 1709 2848 1758; x_wconf 88' lang='lat' dir='ltr'>nostram</span> <span class='ocrx_word' id='word_1_280' title='bbox 2874 1704 3267 1760; x_wconf 79' lang='lat' dir='ltr'>humilitatem</span> <span class='ocrx_word' id='word_1_281' title='bbox 3309 1705 3549 1778; x_wconf 85' lang='lat' dir='ltr'>dignata</span> <span class='ocrx_word' id='word_1_282' title='bbox 3567 1711 3656 1761; x_wconf 90' lang='lat' dir='ltr'>est</span> <span class='ocrx_word' id='word_1_283' title='bbox 3679 1724 3818 1779; x_wconf 89' lang='lat' dir='ltr'>pro-</span> 
     </span>
    </p>
   </div>
   <div class='ocr_carea' id='block_1_48' title="bbox 2167 1790 3817 1865">
    <p class='ocr_par' dir='ltr' id='par_1_48' title="bbox 2167 1790 3817 1865">
     <span class='ocr_line' id='line_1_48' title="bbox 2167 1790 3817 1865; baseline 0.004 -20"><span class='ocrx_word' id='word_1_284' title='bbox 2167 1790 2394 1856; x_wconf 89' lang='lat' dir='ltr'>vehere,</span> <span class='ocrx_word' id='word_1_285' title='bbox 2426 1795 2718 1861; x_wconf 88' lang='lat' dir='ltr'>quatenus</span> <span class='ocrx_word' id='word_1_286' title='bbox 2771 1809 2870 1864; x_wconf 92' lang='lat' dir='ltr'>per</span> <span class='ocrx_word' id='word_1_287' title='bbox 2900 1810 3005 1849; x_wconf 90' lang='lat' dir='ltr'>nos</span> <span class='ocrx_word' id='word_1_288' title='bbox 3037 1793 3255 1865; x_wconf 89' lang='lat' dir='ltr'>ubique</span> <span class='ocrx_word' id='word_1_289' title='bbox 3277 1798 3567 1850; x_wconf 88' lang='lat' dir='ltr'>terrarum</span> <span class='ocrx_word' id='word_1_290' title='bbox 3587 1795 3817 1852; x_wconf 75' lang='lat' dir='ltr'>diffusa</span> 
     </span>
    </p>
   </div>
   <div class='ocr_carea' id='block_1_49' title="bbox 2167 1878 3819 1950">
    <p class='ocr_par' dir='ltr' id='par_1_49' title="bbox 2167 1878 3819 1950">
     <span class='ocr_line' id='line_1_49' title="bbox 2167 1878 3819 1950; baseline 0.005 -18"><span class='ocrx_word' id='word_1_291' title='bbox 2167 1878 2434 1933; x_wconf 89' lang='lat' dir='ltr'>Ecclesia</span> <span class='ocrx_word' id='word_1_292' title='bbox 2457 1878 2656 1935; x_wconf 88' lang='lat' dir='ltr'>lumen</span> <span class='ocrx_word' id='word_1_293' title='bbox 2680 1880 3051 1937; x_wconf 89' lang='lat' dir='ltr'>administret</span> <span class='ocrx_word' id='word_1_294' title='bbox 3080 1881 3444 1950; x_wconf 81' lang='lat' dir='ltr'>indeﬁciens,</span> <span class='ocrx_word' id='word_1_295' title='bbox 3467 1883 3819 1940; x_wconf 87' lang='lat' dir='ltr'>rationabile</span> 
     </span>
    </p>
   </div>
   <div class='ocr_carea' id='block_1_50' title="bbox 2169 1964 3818 2040">
    <p class='ocr_par' dir='ltr' id='par_1_50' title="bbox 2169 1964 3818 2040">
     <span class='ocr_line' id='line_1_50' title="bbox 2169 1964 3818 2040; baseline 0.005 -23"><span class='ocrx_word' id='word_1_296' title='bbox 2169 1964 2409 2019; x_wconf 89' lang='lat' dir='ltr'>omnino</span> <span class='ocrx_word' id='word_1_297' title='bbox 2465 1966 2739 2022; x_wconf 89' lang='lat' dir='ltr'>ducimus</span> <span class='ocrx_word' id='word_1_298' title='bbox 2790 1967 3025 2039; x_wconf 88' lang='lat' dir='ltr'>speciali</span> <span class='ocrx_word' id='word_1_299' title='bbox 3085 1968 3366 2040; x_wconf 87' lang='lat' dir='ltr'>regimine</span> <span class='ocrx_word' id='word_1_300' title='bbox 3419 1975 3630 2025; x_wconf 87' lang='lat' dir='ltr'>nostra</span> <span class='ocrx_word' id='word_1_301' title='bbox 3661 1987 3818 2027; x_wconf 86' lang='lat' dir='ltr'>cura</span> 
     </span>
    </p>
   </div>
   <div class='ocr_carea' id='block_1_51' title="bbox 2169 2052 3820 2130">
    <p class='ocr_par' dir='ltr' id='par_1_51' title="bbox 2169 2052 3820 2130">
     <span class='ocr_line' id='line_1_51' title="bbox 2169 2052 3820 2130; baseline 0.005 -24"><span class='ocrx_word' id='word_1_302' title='bbox 2169 2052 2493 2108; x_wconf 88' lang='lat' dir='ltr'>commissa</span> <span class='ocrx_word' id='word_1_303' title='bbox 2515 2053 2857 2110; x_wconf 84' lang='lat' dir='ltr'>Florentina</span> <span class='ocrx_word' id='word_1_304' title='bbox 2879 2055 3143 2112; x_wconf 85' lang='lat' dir='ltr'>Ecclesia</span> <span class='ocrx_word' id='word_1_305' title='bbox 3181 2061 3596 2128; x_wconf 86' lang='lat' dir='ltr'>congruentem</span> <span class='ocrx_word' id='word_1_306' title='bbox 3618 2059 3820 2130; x_wconf 89' lang='lat' dir='ltr'>provi-</span> 
     </span>
    </p>
   </div>
   <div class='ocr_carea' id='block_1_52' title="bbox 2170 2141 3818 2217">
    <p class='ocr_par' dir='ltr' id='par_1_52' title="bbox 2170 2141 3818 2217">
     <span class='ocr_line' id='line_1_52' title="bbox 2170 2141 3818 2217; baseline 0.005 -21"><span class='ocrx_word' id='word_1_307' title='bbox 2170 2141 2392 2196; x_wconf 90' lang='lat' dir='ltr'>sionem</span> <span class='ocrx_word' id='word_1_308' title='bbox 2441 2142 2778 2214; x_wconf 90' lang='lat' dir='ltr'>impendere</span> <span class='ocrx_word' id='word_1_309' title='bbox 2799 2145 3056 2216; x_wconf 86' lang='lat' dir='ltr'>jugiter:</span> <span class='ocrx_word' id='word_1_310' title='bbox 3105 2145 3188 2200; x_wconf 90' lang='lat' dir='ltr'>sic</span> <span class='ocrx_word' id='word_1_311' title='bbox 3218 2162 3474 2217; x_wconf 89' lang='lat' dir='ltr'>namque</span> <span class='ocrx_word' id='word_1_312' title='bbox 3503 2147 3818 2204; x_wconf 86' lang='lat' dir='ltr'>Doctorem</span> 
     </span>
    </p>
   </div>
   <div class='ocr_carea' id='block_1_53' title="bbox 2169 2230 3818 2307">
    <p class='ocr_par' dir='ltr' id='par_1_53' title="bbox 2169 2230 3818 2307">
     <span class='ocr_line' id='line_1_53' title="bbox 2169 2230 3818 2307; baseline 0.005 -23"><span class='ocrx_word' id='word_1_313' title='bbox 2169 2230 2430 2301; x_wconf 87' lang='lat' dir='ltr'>gentium</span> <span class='ocrx_word' id='word_1_314' title='bbox 2449 2231 2774 2287; x_wconf 89' lang='lat' dir='ltr'>valebimus</span> <span class='ocrx_word' id='word_1_315' title='bbox 2787 2233 3020 2288; x_wconf 86' lang='lat' dir='ltr'>salubre</span> <span class='ocrx_word' id='word_1_316' title='bbox 3041 2234 3458 2290; x_wconf 89' lang='lat' dir='ltr'>documentum</span> <span class='ocrx_word' id='word_1_317' title='bbox 3473 2252 3576 2307; x_wconf 93' lang='lat' dir='ltr'>pro</span> <span class='ocrx_word' id='word_1_318' title='bbox 3588 2236 3818 2294; x_wconf 89' lang='lat' dir='ltr'>viribus</span> 
     </span>
    </p>
   </div>
   <div class='ocr_carea' id='block_1_54' title="bbox 2169 2319 3818 2397">
    <p class='ocr_par' dir='ltr' id='par_1_54' title="bbox 2169 2319 3818 2397">
     <span class='ocr_line' id='line_1_54' title="bbox 2169 2319 3818 2397; baseline 0.005 -24"><span class='ocrx_word' id='word_1_319' title='bbox 2169 2319 2406 2387; x_wconf 87' lang='lat' dir='ltr'>nostris,</span> <span class='ocrx_word' id='word_1_320' title='bbox 2433 2321 2532 2391; x_wconf 88' lang='lat' dir='ltr'>qui</span> <span class='ocrx_word' id='word_1_321' title='bbox 2555 2321 2770 2377; x_wconf 92' lang='lat' dir='ltr'>bonum</span> <span class='ocrx_word' id='word_1_322' title='bbox 2786 2323 3068 2394; x_wconf 91' lang='lat' dir='ltr'>impertiri</span> <span class='ocrx_word' id='word_1_323' title='bbox 3083 2323 3358 2378; x_wconf 86' lang='lat' dir='ltr'>omnibus</span> <span class='ocrx_word' id='word_1_324' title='bbox 3361 2325 3531 2394; x_wconf 90' lang='lat' dir='ltr'>jubet</span> <span class='ocrx_word' id='word_1_325' title='bbox 3547 2330 3818 2397; x_wconf 88' lang='lat' dir='ltr'>oportere</span> 
     </span>
    </p>
   </div>
   <div class='ocr_carea' id='block_1_55' title="bbox 2173 2408 3820 2484">
    <p class='ocr_par' dir='ltr' id='par_1_55' title="bbox 2173 2408 3820 2484">
     <span class='ocr_line' id='line_1_55' title="bbox 2173 2408 3820 2484; baseline 0.005 -23"><span class='ocrx_word' id='word_1_326' title='bbox 2173 2408 2242 2461; x_wconf 91' lang='lat' dir='ltr'>ad</span> <span class='ocrx_word' id='word_1_327' title='bbox 2265 2408 2618 2465; x_wconf 90' lang='lat' dir='ltr'>domesticos</span> <span class='ocrx_word' id='word_1_328' title='bbox 2641 2411 2772 2465; x_wconf 86' lang='lat' dir='ltr'>fidei</span> <span class='ocrx_word' id='word_1_329' title='bbox 2824 2412 3098 2480; x_wconf 87' lang='lat' dir='ltr'>maxime,</span> <span class='ocrx_word' id='word_1_330' title='bbox 3133 2428 3266 2466; x_wconf 89' lang='lat' dir='ltr'>cum</span> <span class='ocrx_word' id='word_1_331' title='bbox 3291 2428 3395 2484; x_wconf 92' lang='lat' dir='ltr'>pro</span> <span class='ocrx_word' id='word_1_332' title='bbox 3441 2413 3657 2469; x_wconf 89' lang='lat' dir='ltr'>nostris</span> <span class='ocrx_word' id='word_1_333' title='bbox 3678 2415 3820 2470; x_wconf 81' lang='lat' dir='ltr'>viri-</span> 
     </span>
    </p>
   </div>
   <div class='ocr_carea' id='block_1_56' title="bbox 2172 2495 3820 2573">
    <p class='ocr_par' dir='ltr' id='par_1_56' title="bbox 2172 2495 3820 2573">
     <span class='ocr_line' id='line_1_56' title="bbox 2172 2495 3820 2573; baseline 0.007 -25"><span class='ocrx_word' id='word_1_334' title='bbox 2172 2495 2284 2549; x_wconf 91' lang='lat' dir='ltr'>bus</span> <span class='ocrx_word' id='word_1_335' title='bbox 2314 2496 2508 2552; x_wconf 90' lang='lat' dir='ltr'>divino</span> <span class='ocrx_word' id='word_1_336' title='bbox 2541 2497 2727 2553; x_wconf 79' lang='lat' dir='ltr'>cultui</span> <span class='ocrx_word' id='word_1_337' title='bbox 2752 2499 2894 2555; x_wconf 92' lang='lat' dir='ltr'>locis</span> <span class='ocrx_word' id='word_1_338' title='bbox 2926 2499 3135 2556; x_wconf 87' lang='lat' dir='ltr'>dicatis</span> <span class='ocrx_word' id='word_1_339' title='bbox 3170 2499 3346 2573; x_wconf 89' lang='lat' dir='ltr'>digna</span> <span class='ocrx_word' id='word_1_340' title='bbox 3375 2497 3820 2572; x_wconf 76' lang='lat' dir='ltr'>provideremus</span> 
     </span>
    </p>
   </div>
   <div class='ocr_carea' id='block_1_57' title="bbox 2173 2584 3824 2664">
    <p class='ocr_par' dir='ltr' id='par_1_57' title="bbox 2173 2584 3824 2664">
     <span class='ocr_line' id='line_1_57' title="bbox 2173 2584 3824 2664; baseline 0.005 -26"><span class='ocrx_word' id='word_1_341' title='bbox 2173 2584 2474 2656; x_wconf 89' lang='lat' dir='ltr'>obsequia,</span> <span class='ocrx_word' id='word_1_342' title='bbox 2509 2591 2576 2641; x_wconf 90' lang='lat' dir='ltr'>ut</span> <span class='ocrx_word' id='word_1_343' title='bbox 2596 2586 2888 2644; x_wconf 88' lang='lat' dir='ltr'>indefessa</span> <span class='ocrx_word' id='word_1_344' title='bbox 2905 2587 3239 2644; x_wconf 88' lang='lat' dir='ltr'>laudatioin</span> <span class='ocrx_word' id='word_1_345' title='bbox 3257 2590 3342 2644; x_wconf 87' lang='lat' dir='ltr'>eis</span> <span class='ocrx_word' id='word_1_346' title='bbox 3368 2589 3692 2646; x_wconf 88' lang='lat' dir='ltr'>celebretur</span> <span class='ocrx_word' id='word_1_347' title='bbox 3717 2608 3824 2664; x_wconf 88' lang='lat' dir='ltr'>per</span> 
     </span>
    </p>
   </div>
   <div class='ocr_carea' id='block_1_58' title="bbox 2174 2673 3820 2748">
    <p class='ocr_par' dir='ltr' id='par_1_58' title="bbox 2174 2673 3820 2748">
     <span class='ocr_line' id='line_1_58' title="bbox 2174 2673 3820 2748; baseline 0.005 -23"><span class='ocrx_word' id='word_1_348' title='bbox 2174 2673 2371 2726; x_wconf 89' lang='lat' dir='ltr'>omnia</span> <span class='ocrx_word' id='word_1_349' title='bbox 2400 2674 2638 2731; x_wconf 84' lang='lat' dir='ltr'>sacula.</span> <span class='ocrx_word' id='word_1_350' title='bbox 2678 2676 2908 2732; x_wconf 91' lang='lat' dir='ltr'>Scilicet</span> <span class='ocrx_word' id='word_1_351' title='bbox 2936 2675 3306 2748; x_wconf 87' lang='lat' dir='ltr'>quialapidei</span> <span class='ocrx_word' id='word_1_352' title='bbox 3327 2675 3580 2747; x_wconf 86' lang='lat' dir='ltr'>parietes</span> <span class='ocrx_word' id='word_1_353' title='bbox 3606 2695 3723 2733; x_wconf 90' lang='lat' dir='ltr'>non</span> <span class='ocrx_word' id='word_1_354' title='bbox 3745 2679 3820 2736; x_wconf 85' lang='lat' dir='ltr'>ad</span> 
     </span>
    </p>
   </div>
   <div class='ocr_carea' id='block_1_59' title="bbox 2174 2759 3823 2837">
    <p class='ocr_par' dir='ltr' id='par_1_59' title="bbox 2174 2759 3823 2837">
     <span class='ocr_line' id='line_1_59' title="bbox 2174 2759 3823 2837; baseline 0.005 -23"><span class='ocrx_word' id='word_1_355' title='bbox 2174 2759 2283 2815; x_wconf 92' lang='lat' dir='ltr'>hoc</span> <span class='ocrx_word' id='word_1_356' title='bbox 2315 2765 2454 2816; x_wconf 91' lang='lat' dir='ltr'>sunt</span> <span class='ocrx_word' id='word_1_357' title='bbox 2481 2764 2819 2831; x_wconf 88' lang='lat' dir='ltr'>constructi,</span> <span class='ocrx_word' id='word_1_358' title='bbox 2855 2768 2920 2819; x_wconf 89' lang='lat' dir='ltr'>ut</span> <span class='ocrx_word' id='word_1_359' title='bbox 2969 2764 3216 2820; x_wconf 90' lang='lat' dir='ltr'>Domino</span> <span class='ocrx_word' id='word_1_360' title='bbox 3264 2765 3494 2836; x_wconf 89' lang='lat' dir='ltr'>possint</span> <span class='ocrx_word' id='word_1_361' title='bbox 3549 2782 3823 2837; x_wconf 88' lang='lat' dir='ltr'>promere</span> 
     </span>
    </p>
   </div>
   <div class='ocr_carea' id='block_1_60' title="bbox 2173 2849 3824 2927">
    <p class='ocr_par' dir='ltr' id='par_1_60' title="bbox 2173 2849 3824 2927">
     <span class='ocr_line' id='line_1_60' title="bbox 2173 2849 3824 2927; baseline 0.005 -24"><span class='ocrx_word' id='word_1_362' title='bbox 2173 2849 2397 2920; x_wconf 87' lang='lat' dir='ltr'>laudes,</span> <span class='ocrx_word' id='word_1_363' title='bbox 2427 2851 2726 2923; x_wconf 87' lang='lat' dir='ltr'>egregium</span> <span class='ocrx_word' id='word_1_364' title='bbox 2759 2853 3011 2926; x_wconf 90' lang='lat' dir='ltr'>profecto</span> <span class='ocrx_word' id='word_1_365' title='bbox 3052 2853 3282 2909; x_wconf 89' lang='lat' dir='ltr'>videtur</span> <span class='ocrx_word' id='word_1_366' title='bbox 3319 2854 3392 2909; x_wconf 90' lang='lat' dir='ltr'>ad</span> <span class='ocrx_word' id='word_1_367' title='bbox 3424 2853 3824 2927; x_wconf 87' lang='lat' dir='ltr'>divinioperis</span> 
     </span>
    </p>
   </div>
   <div class='ocr_carea' id='block_1_61' title="bbox 2175 2939 3822 3009">
    <p class='ocr_par' dir='ltr' id='par_1_61' title="bbox 2175 2939 3822 3009">
     <span class='ocr_line' id='line_1_61' title="bbox 2175 2939 3822 3009; baseline 0.005 -17"><span class='ocrx_word' id='word_1_368' title='bbox 2175 2939 2587 3009; x_wconf 75' lang='lat' dir='ltr'>perfectionem</span> <span class='ocrx_word' id='word_1_369' title='bbox 2619 2940 2961 2997; x_wconf 90' lang='lat' dir='ltr'>clericorum</span> <span class='ocrx_word' id='word_1_370' title='bbox 3007 2941 3160 2997; x_wconf 90' lang='lat' dir='ltr'>circa</span> <span class='ocrx_word' id='word_1_371' title='bbox 3188 2941 3541 2998; x_wconf 89' lang='lat' dir='ltr'>venerabilia</span> <span class='ocrx_word' id='word_1_372' title='bbox 3569 2942 3692 3000; x_wconf 90' lang='lat' dir='ltr'>loca</span> <span class='ocrx_word' id='word_1_373' title='bbox 3725 2961 3822 3000; x_wconf 90' lang='lat' dir='ltr'>or-</span> 
     </span>
    </p>
   </div>
   <div class='ocr_carea' id='block_1_62' title="bbox 2175 3025 3824 3102">
    <p class='ocr_par' dir='ltr' id='par_1_62' title="bbox 2175 3025 3824 3102">
     <span class='ocr_line' id='line_1_62' title="bbox 2175 3025 3824 3102; baseline 0.005 -22"><span class='ocrx_word' id='word_1_374' title='bbox 2175 3025 2376 3082; x_wconf 90' lang='lat' dir='ltr'>dinare</span> <span class='ocrx_word' id='word_1_375' title='bbox 2407 3028 2672 3084; x_wconf 88' lang='lat' dir='ltr'>sedulam</span> <span class='ocrx_word' id='word_1_376' title='bbox 2705 3030 3248 3101; x_wconf 88' lang='lat' dir='ltr'>frequentationem.</span> <span class='ocrx_word' id='word_1_377' title='bbox 3293 3031 3400 3096; x_wconf 85' lang='lat' dir='ltr'>Qui</span> <span class='ocrx_word' id='word_1_378' title='bbox 3433 3031 3671 3102; x_wconf 88' lang='lat' dir='ltr'>quidem</span> <span class='ocrx_word' id='word_1_379' title='bbox 3703 3032 3824 3088; x_wconf 87' lang='lat' dir='ltr'>nisi</span> 
     </span>
    </p>
   </div>
   <div class='ocr_carea' id='block_1_63' title="bbox 2175 3116 3826 3190">
    <p class='ocr_par' dir='ltr' id='par_1_63' title="bbox 2175 3116 3826 3190">
     <span class='ocr_line' id='line_1_63' title="bbox 2175 3116 3826 3190; baseline 0.005 -21"><span class='ocrx_word' id='word_1_380' title='bbox 2175 3116 2420 3170; x_wconf 86' lang='lat' dir='ltr'>terrenis</span> <span class='ocrx_word' id='word_1_381' title='bbox 2453 3117 2852 3188; x_wconf 86' lang='lat' dir='ltr'>temporaliter</span> <span class='ocrx_word' id='word_1_382' title='bbox 2881 3119 3325 3174; x_wconf 85' lang='lat' dir='ltr'>substententur</span> <span class='ocrx_word' id='word_1_383' title='bbox 3353 3119 3663 3190; x_wconf 89' lang='lat' dir='ltr'>stipendiis</span> <span class='ocrx_word' id='word_1_384' title='bbox 3693 3121 3826 3177; x_wconf 90' lang='lat' dir='ltr'>ido-</span> 
     </span>
    </p>
   </div>
   <div class='ocr_carea' id='block_1_64' title="bbox 429 3195 3829 3282">
    <p class='ocr_par' dir='ltr' id='par_1_64' title="bbox 429 3195 3829 3282">
     <span class='ocr_line' id='line_1_64' title="bbox 429 3195 3829 3282; baseline 0 -17"><span class='ocrx_word' id='word_1_385' title='bbox 429 3210 720 3282; x_wconf 91' lang='lat' dir='ltr'>episcopo.</span> <span class='ocrx_word' id='word_1_386' title='bbox 756 3208 815 3263; x_wconf 83' lang='lat' dir='ltr'>Si</span> <span class='ocrx_word' id='word_1_387' title='bbox 847 3209 978 3279; x_wconf 86' lang='lat' dir='ltr'>quis</span> <span class='ocrx_word' id='word_1_388' title='bbox 1008 3223 1161 3279; x_wconf 89' lang='lat' dir='ltr'>ergo,</span> <span class='ocrx_word' id='word_1_389' title='bbox 1198 3207 1350 3278; x_wconf 90' lang='lat' dir='ltr'>quod</span> <span class='ocrx_word' id='word_1_390' title='bbox 1385 3223 1498 3261; x_wconf 92' lang='lat' dir='ltr'>non</span> <span class='ocrx_word' id='word_1_391' title='bbox 1538 3206 1853 3274; x_wconf 88' lang='lat' dir='ltr'>credimus,</span> <span class='ocrx_word' id='word_1_392' title='bbox 1888 3205 2068 3261; x_wconf 88' lang='lat' dir='ltr'>sacri-</span> <span class='ocrx_word' id='word_1_393' title='bbox 2101 3195 2144 3264; x_wconf 87' lang='lat' dir='ltr'><strong><em>C</em></strong></span> <span class='ocrx_word' id='word_1_394' title='bbox 2185 3203 2428 3270; x_wconf 86' lang='lat' dir='ltr'>neis,vix</span> <span class='ocrx_word' id='word_1_395' title='bbox 2450 3210 2698 3276; x_wconf 89' lang='lat' dir='ltr'>possunt</span> <span class='ocrx_word' id='word_1_396' title='bbox 2719 3206 2991 3261; x_wconf 87' lang='lat' dir='ltr'>assistere</span> <span class='ocrx_word' id='word_1_397' title='bbox 3012 3205 3267 3262; x_wconf 89' lang='lat' dir='ltr'>cultibus</span> <span class='ocrx_word' id='word_1_398' title='bbox 3289 3205 3522 3278; x_wconf 86' lang='lat' dir='ltr'>divinis,</span> <span class='ocrx_word' id='word_1_399' title='bbox 3537 3224 3671 3264; x_wconf 90' lang='lat' dir='ltr'>cum</span> <span class='ocrx_word' id='word_1_400' title='bbox 3694 3209 3829 3282; x_wconf 90' lang='lat' dir='ltr'>ipse</span> 
     </span>
    </p>
   </div>
   <div class='ocr_carea' id='block_1_65' title="bbox 431 3294 2070 3370">
    <p class='ocr_par' dir='ltr' id='par_1_65' title="bbox 431 3294 2070 3370">
     <span class='ocr_line' id='line_1_65' title="bbox 431 3294 2070 3370; baseline -0.002 -17"><span class='ocrx_word' id='word_1_401' title='bbox 431 3299 560 3370; x_wconf 83' lang='lat' dir='ltr'>lega</span> <span class='ocrx_word' id='word_1_402' title='bbox 580 3301 793 3363; x_wconf 88' lang='lat' dir='ltr'>mente,</span> <span class='ocrx_word' id='word_1_403' title='bbox 827 3297 980 3367; x_wconf 88' lang='lat' dir='ltr'>quod</span> <span class='ocrx_word' id='word_1_404' title='bbox 1005 3296 1063 3349; x_wconf 91' lang='lat' dir='ltr'>in</span> <span class='ocrx_word' id='word_1_405' title='bbox 1087 3300 1399 3367; x_wconf 87' lang='lat' dir='ltr'>conspectu</span> <span class='ocrx_word' id='word_1_406' title='bbox 1424 3295 1726 3350; x_wconf 84' lang='lat' dir='ltr'>Humberti</span> <span class='ocrx_word' id='word_1_407' title='bbox 1758 3294 2070 3350; x_wconf 90' lang='lat' dir='ltr'>cardinalis</span> 
     </span>
    </p>
   </div>
   <div class='ocr_carea' id='block_1_66' title="bbox 433 3384 2070 3457">
    <p class='ocr_par' dir='ltr' id='par_1_66' title="bbox 433 3384 2070 3457">
     <span class='ocr_line' id='line_1_66' title="bbox 433 3384 2070 3457; baseline -0.002 -15"><span class='ocrx_word' id='word_1_408' title='bbox 433 3387 600 3442; x_wconf 76' lang='lat' dir='ltr'>Silva</span> <span class='ocrx_word' id='word_1_409' title='bbox 631 3385 922 3451; x_wconf 83' lang='lat' dir='ltr'>Candida,</span> <span class='ocrx_word' id='word_1_410' title='bbox 954 3389 1126 3457; x_wconf 89' lang='lat' dir='ltr'>atque</span> <span class='ocrx_word' id='word_1_411' title='bbox 1148 3384 1521 3439; x_wconf 90' lang='lat' dir='ltr'>Hildebrandi</span> <span class='ocrx_word' id='word_1_412' title='bbox 1557 3387 1768 3439; x_wconf 83' lang='lat' dir='ltr'>sancta</span> <span class='ocrx_word' id='word_1_413' title='bbox 1801 3385 2070 3439; x_wconf 82' lang='lat' dir='ltr'>Romana</span> 
     </span>
    </p>
   </div>
   <div class='ocr_carea' id='block_1_67' title="bbox 433 3472 2072 3545">
    <p class='ocr_par' dir='ltr' id='par_1_67' title="bbox 433 3472 2072 3545">
     <span class='ocr_line' id='line_1_67' title="bbox 433 3472 2072 3545; baseline -0.002 -15"><span class='ocrx_word' id='word_1_414' title='bbox 433 3475 698 3530; x_wconf 87' lang='lat' dir='ltr'>Ecclesia</span> <span class='ocrx_word' id='word_1_415' title='bbox 721 3474 1133 3541; x_wconf 88' lang='lat' dir='ltr'>archidiaconi,</span> <span class='ocrx_word' id='word_1_416' title='bbox 1169 3490 1272 3528; x_wconf 89' lang='lat' dir='ltr'>nec</span> <span class='ocrx_word' id='word_1_417' title='bbox 1303 3490 1417 3527; x_wconf 92' lang='lat' dir='ltr'>non</span> <span class='ocrx_word' id='word_1_418' title='bbox 1457 3472 1863 3545; x_wconf 90' lang='lat' dir='ltr'>episcoporum</span> <span class='ocrx_word' id='word_1_419' title='bbox 1894 3474 2072 3528; x_wconf 82' lang='lat' dir='ltr'>Peru~</span> 
     </span>
    </p>
   </div>
   <div class='ocr_carea' id='block_1_68' title="bbox 430 3561 2068 3632">
    <p class='ocr_par' dir='ltr' id='par_1_68' title="bbox 430 3561 2068 3632">
     <span class='ocr_line' id='line_1_68' title="bbox 430 3561 2068 3632; baseline -0.002 -12"><span class='ocrx_word' id='word_1_420' title='bbox 430 3563 543 3620; x_wconf 89' lang='lat' dir='ltr'>sini</span> <span class='ocrx_word' id='word_1_421' title='bbox 574 3569 630 3620; x_wconf 89' lang='lat' dir='ltr'>et</span> <span class='ocrx_word' id='word_1_422' title='bbox 652 3562 964 3630; x_wconf 84' lang='lat' dir='ltr'>Rosellani,</span> <span class='ocrx_word' id='word_1_423' title='bbox 986 3568 1041 3618; x_wconf 92' lang='lat' dir='ltr'>et</span> <span class='ocrx_word' id='word_1_424' title='bbox 1063 3562 1633 3632; x_wconf 83' lang='lat' dir='ltr'>Furcunensis,juste</span> <span class='ocrx_word' id='word_1_425' title='bbox 1655 3561 2068 3630; x_wconf 88' lang='lat' dir='ltr'>stabilivimus,</span> 
     </span>
    </p>
   </div>
   <div class='ocr_carea' id='block_1_69' title="bbox 427 3649 2066 3724">
    <p class='ocr_par' dir='ltr' id='par_1_69' title="bbox 427 3649 2066 3724">
     <span class='ocr_line' id='line_1_69' title="bbox 427 3649 2066 3724; baseline -0.003 -15"><span class='ocrx_word' id='word_1_426' title='bbox 427 3652 1444 3724; x_wconf 86' lang='lat' dir='ltr'>conatusfueritinfringere,centum</span> <span class='ocrx_word' id='word_1_427' title='bbox 1469 3651 1593 3704; x_wconf 84' lang='lat' dir='ltr'>auri</span> <span class='ocrx_word' id='word_1_428' title='bbox 1617 3649 1795 3704; x_wconf 83' lang='lat' dir='ltr'>libras</span> <span class='ocrx_word' id='word_1_429' title='bbox 1817 3652 2066 3720; x_wconf 83' lang='lat' dir='ltr'>prafata</span> 
     </span>
    </p>
   </div>
   <div class='ocr_carea' id='block_1_70' title="bbox 423 3738 2065 3814">
    <p class='ocr_par' dir='ltr' id='par_1_70' title="bbox 423 3738 2065 3814">
     <span class='ocr_line' id='line_1_70' title="bbox 423 3738 2065 3814; baseline -0.002 -17"><span class='ocrx_word' id='word_1_430' title='bbox 423 3742 679 3797; x_wconf 70' lang='lat' dir='ltr'>basilicae</span> <span class='ocrx_word' id='word_1_431' title='bbox 710 3745 951 3814; x_wconf 81' lang='lat' dir='ltr'>cogatur</span> <span class='ocrx_word' id='word_1_432' title='bbox 981 3741 1324 3812; x_wconf 83' lang='lat' dir='ltr'>persolvere,</span> <span class='ocrx_word' id='word_1_433' title='bbox 1386 3738 1753 3794; x_wconf 90' lang='lat' dir='ltr'>medietatem</span> <span class='ocrx_word' id='word_1_434' title='bbox 1794 3738 2065 3810; x_wconf 90' lang='lat' dir='ltr'>episcopo</span> 
     </span>
    </p>
   </div>
   <div class='ocr_carea' id='block_1_71' title="bbox 425 3826 2063 3897">
    <p class='ocr_par' dir='ltr' id='par_1_71' title="bbox 425 3826 2063 3897">
     <span class='ocr_line' id='line_1_71' title="bbox 425 3826 2063 3897; baseline -0.002 -11"><span class='ocrx_word' id='word_1_435' title='bbox 425 3830 842 3896; x_wconf 88' lang='lat' dir='ltr'>Florentino,et</span> <span class='ocrx_word' id='word_1_436' title='bbox 872 3831 1241 3885; x_wconf 88' lang='lat' dir='ltr'>medietatem</span> <span class='ocrx_word' id='word_1_437' title='bbox 1264 3828 1486 3884; x_wconf 89' lang='lat' dir='ltr'>clericis</span> <span class='ocrx_word' id='word_1_438' title='bbox 1511 3828 1774 3897; x_wconf 87' lang='lat' dir='ltr'>ejusdem</span> <span class='ocrx_word' id='word_1_439' title='bbox 1798 3826 2063 3882; x_wconf 83' lang='lat' dir='ltr'>Ecclesia</span> 
     </span>
    </p>
   </div>
   <div class='ocr_carea' id='block_1_72' title="bbox 417 3919 2063 3988">
    <p class='ocr_par' dir='ltr' id='par_1_72' title="bbox 417 3919 2063 3988">
     <span class='ocr_line' id='line_1_72' title="bbox 417 3919 2063 3988; baseline -0.001 -14"><span class='ocrx_word' id='word_1_440' title='bbox 417 3920 893 3985; x_wconf 87' lang='lat' dir='ltr'>consistentibus,</span> <span class='ocrx_word' id='word_1_441' title='bbox 952 3919 1425 3988; x_wconf 87' lang='lat' dir='ltr'>descendantque</span> <span class='ocrx_word' id='word_1_442' title='bbox 1481 3933 1658 3986; x_wconf 90' lang='lat' dir='ltr'>super</span> <span class='ocrx_word' id='word_1_443' title='bbox 1693 3932 1827 3971; x_wconf 91' lang='lat' dir='ltr'>eum</span> <span class='ocrx_word' id='word_1_444' title='bbox 1859 3932 2063 3974; x_wconf 82' lang='lat' dir='ltr'>omnes</span> 
     </span>
    </p>
   </div>
   <div class='ocr_carea' id='block_1_73' title="bbox 417 4003 2062 4076">
    <p class='ocr_par' dir='ltr' id='par_1_73' title="bbox 417 4003 2062 4076">
     <span class='ocr_line' id='line_1_73' title="bbox 417 4003 2062 4076; baseline 0 -14"><span class='ocrx_word' id='word_1_445' title='bbox 417 4008 529 4064; x_wconf 89' lang='lat' dir='ltr'>illa</span> <span class='ocrx_word' id='word_1_446' title='bbox 554 4007 1132 4074; x_wconf 87' lang='lat' dir='ltr'>maledictiones,nisi</span> <span class='ocrx_word' id='word_1_447' title='bbox 1158 4006 1494 4061; x_wconf 86' lang='lat' dir='ltr'>admonitus</span> <span class='ocrx_word' id='word_1_448' title='bbox 1517 4003 1880 4074; x_wconf 86' lang='lat' dir='ltr'>satisfecerit,</span> <span class='ocrx_word' id='word_1_449' title='bbox 1914 4021 2062 4076; x_wconf 90' lang='lat' dir='ltr'>quas</span> 
     </span>
    </p>
   </div>
   <div class='ocr_carea' id='block_1_74' title="bbox 416 4093 2061 4165">
    <p class='ocr_par' dir='ltr' id='par_1_74' title="bbox 416 4093 2061 4165">
     <span class='ocr_line' id='line_1_74' title="bbox 416 4093 2061 4165; baseline -0.001 -14"><span class='ocrx_word' id='word_1_450' title='bbox 416 4097 474 4152; x_wconf 91' lang='lat' dir='ltr'>in</span> <span class='ocrx_word' id='word_1_451' title='bbox 508 4097 954 4153; x_wconf 90' lang='lat' dir='ltr'>Deuteronomio</span> <span class='ocrx_word' id='word_1_452' title='bbox 987 4100 1225 4151; x_wconf 90' lang='lat' dir='ltr'>sanctus</span> <span class='ocrx_word' id='word_1_453' title='bbox 1274 4093 1547 4164; x_wconf 88' lang='lat' dir='ltr'>ascripsit</span> <span class='ocrx_word' id='word_1_454' title='bbox 1579 4094 1804 4165; x_wconf 83' lang='lat' dir='ltr'>Moyses</span> <span class='ocrx_word' id='word_1_455' title='bbox 1835 4111 1848 4161; x_wconf 93' lang='lat'><strong>;</strong></span> <span class='ocrx_word' id='word_1_456' title='bbox 1882 4098 2061 4164; x_wconf 90' lang='lat' dir='ltr'>utque</span> 
     </span>
    </p>
   </div>
   <div class='ocr_carea' id='block_1_75' title="bbox 413 4182 2058 4254">
    <p class='ocr_par' dir='ltr' id='par_1_75' title="bbox 413 4182 2058 4254">
     <span class='ocr_line' id='line_1_75' title="bbox 413 4182 2058 4254; baseline -0.001 -14"><span class='ocrx_word' id='word_1_457' title='bbox 413 4185 728 4240; x_wconf 81' lang='lat' dir='ltr'>interficiat</span> <span class='ocrx_word' id='word_1_458' title='bbox 755 4201 887 4240; x_wconf 90' lang='lat' dir='ltr'>eum</span> <span class='ocrx_word' id='word_1_459' title='bbox 921 4185 1075 4239; x_wconf 90' lang='lat' dir='ltr'>Deus</span> <span class='ocrx_word' id='word_1_460' title='bbox 1106 4183 1315 4254; x_wconf 89' lang='lat' dir='ltr'>spiritu</span> <span class='ocrx_word' id='word_1_461' title='bbox 1357 4183 1473 4237; x_wconf 94' lang='lat' dir='ltr'>oris</span> <span class='ocrx_word' id='word_1_462' title='bbox 1505 4182 1616 4249; x_wconf 91' lang='lat' dir='ltr'>sui,</span> <span class='ocrx_word' id='word_1_463' title='bbox 1650 4182 1804 4236; x_wconf 90' lang='lat' dir='ltr'>sicut</span> <span class='ocrx_word' id='word_1_464' title='bbox 1833 4182 2058 4239; x_wconf 81' lang='lat' dir='ltr'>Dathan</span> 
     </span>
    </p>
   </div>
   <div class='ocr_carea' id='block_1_76' title="bbox 413 4271 2060 4344">
    <p class='ocr_par' dir='ltr' id='par_1_76' title="bbox 413 4271 2060 4344">
     <span class='ocr_line' id='line_1_76' title="bbox 413 4271 2060 4344; baseline -0.001 -16"><span class='ocrx_word' id='word_1_465' title='bbox 413 4278 472 4328; x_wconf 90' lang='lat' dir='ltr'>et</span> <span class='ocrx_word' id='word_1_466' title='bbox 499 4273 733 4338; x_wconf 89' lang='lat' dir='ltr'>Abiron,</span> <span class='ocrx_word' id='word_1_467' title='bbox 767 4290 915 4344; x_wconf 90' lang='lat' dir='ltr'>quos</span> <span class='ocrx_word' id='word_1_468' title='bbox 943 4273 1101 4327; x_wconf 85' lang='lat' dir='ltr'>vivos</span> <span class='ocrx_word' id='word_1_469' title='bbox 1132 4276 1287 4326; x_wconf 89' lang='lat' dir='ltr'>terra</span> <span class='ocrx_word' id='word_1_470' title='bbox 1333 4271 1655 4342; x_wconf 85' lang='lat' dir='ltr'>deglutivit.</span> <span class='ocrx_word' id='word_1_471' title='bbox 1690 4271 1965 4326; x_wconf 82' lang='lat' dir='ltr'>Pratcrea</span> <span class='ocrx_word' id='word_1_472' title='bbox 1997 4276 2060 4327; x_wconf 90' lang='lat' dir='ltr'>ut</span> 
     </span>
    </p>
   </div>
   <div class='ocr_carea' id='block_1_77' title="bbox 413 4358 2055 4434">
    <p class='ocr_par' dir='ltr' id='par_1_77' title="bbox 413 4358 2055 4434">
     <span class='ocr_line' id='line_1_77' title="bbox 413 4358 2055 4434; baseline -0.001 -16"><span class='ocrx_word' id='word_1_473' title='bbox 413 4363 532 4418; x_wconf 85' lang='lat' dir='ltr'>hac</span> <span class='ocrx_word' id='word_1_474' title='bbox 588 4361 800 4434; x_wconf 86' lang='lat' dir='ltr'>pagina</span> <span class='ocrx_word' id='word_1_475' title='bbox 831 4360 1063 4432; x_wconf 89' lang='lat' dir='ltr'>plenam</span> <span class='ocrx_word' id='word_1_476' title='bbox 1115 4361 1291 4414; x_wconf 88' lang='lat' dir='ltr'>ﬁdem</span> <span class='ocrx_word' id='word_1_477' title='bbox 1326 4359 1712 4430; x_wconf 68' lang='lat' dir='ltr'>praesentibus</span> <span class='ocrx_word' id='word_1_478' title='bbox 1744 4375 1847 4414; x_wconf 91' lang='lat' dir='ltr'>seu</span> <span class='ocrx_word' id='word_1_479' title='bbox 1879 4358 2055 4416; x_wconf 88' lang='lat' dir='ltr'>etiam</span> 
     </span>
    </p>
   </div>
   <div class='ocr_carea' id='block_1_78' title="bbox 410 4447 2058 4524">
    <p class='ocr_par' dir='ltr' id='par_1_78' title="bbox 410 4447 2058 4524">
     <span class='ocr_line' id='line_1_78' title="bbox 410 4447 2058 4524; baseline -0.001 -17"><span class='ocrx_word' id='word_1_480' title='bbox 410 4451 659 4524; x_wconf 87' lang='lat' dir='ltr'>posteris</span> <span class='ocrx_word' id='word_1_481' title='bbox 689 4453 930 4516; x_wconf 87' lang='lat' dir='ltr'>astruat,</span> <span class='ocrx_word' id='word_1_482' title='bbox 969 4452 1024 4504; x_wconf 90' lang='lat' dir='ltr'>et</span> <span class='ocrx_word' id='word_1_483' title='bbox 1047 4448 1290 4520; x_wconf 85' lang='lat' dir='ltr'>propria</span> <span class='ocrx_word' id='word_1_484' title='bbox 1315 4464 1527 4502; x_wconf 89' lang='lat' dir='ltr'>manus</span> <span class='ocrx_word' id='word_1_485' title='bbox 1562 4447 1975 4518; x_wconf 89' lang='lat' dir='ltr'>suscriptione,</span> <span class='ocrx_word' id='word_1_486' title='bbox 2001 4454 2058 4505; x_wconf 90' lang='lat' dir='ltr'>et</span> 
     </span>
    </p>
   </div>
   <div class='ocr_carea' id='block_1_79' title="bbox 409 4535 1767 4612">
    <p class='ocr_par' dir='ltr' id='par_1_79' title="bbox 409 4535 1767 4612">
     <span class='ocr_line' id='line_1_79' title="bbox 409 4535 1767 4612; baseline -0.004 -16"><span class='ocrx_word' id='word_1_487' title='bbox 409 4538 713 4612; x_wconf 88' lang='lat' dir='ltr'>apostolici</span> <span class='ocrx_word' id='word_1_488' title='bbox 747 4536 932 4609; x_wconf 86' lang='lat' dir='ltr'>sigelli</span> <span class='ocrx_word' id='word_1_489' title='bbox 970 4536 1331 4591; x_wconf 88' lang='lat' dir='ltr'>munivimus</span> <span class='ocrx_word' id='word_1_490' title='bbox 1362 4535 1767 4607; x_wconf 88' lang='lat' dir='ltr'>impressione.</span> 
     </span>
    </p>
   </div>
   <div class='ocr_carea' id='block_1_80' title="bbox 481 4623 1870 4700">
    <p class='ocr_par' dir='ltr' id='par_1_80' title="bbox 481 4623 1870 4700">
     <span class='ocr_line' id='line_1_80' title="bbox 481 4623 1870 4700; baseline -0.003 -17"><span class='ocrx_word' id='word_1_491' title='bbox 481 4629 598 4700; x_wconf 87' lang='lat' dir='ltr'>Ego</span> <span class='ocrx_word' id='word_1_492' title='bbox 630 4625 981 4696; x_wconf 86' lang='lat' dir='ltr'>Bonifacius,</span> <span class='ocrx_word' id='word_1_493' title='bbox 1013 4623 1364 4680; x_wconf 87' lang='lat' dir='ltr'>Albanensis</span> <span class='ocrx_word' id='word_1_494' title='bbox 1402 4624 1732 4696; x_wconf 89' lang='lat' dir='ltr'>episcopus,</span> <span class='ocrx_word' id='word_1_495' title='bbox 1768 4625 1870 4681; x_wconf 89' lang='lat' dir='ltr'>SS.</span> 
     </span>
    </p>
   </div>
   <div class='ocr_carea' id='block_1_81' title="bbox 478 4712 2046 4790">
    <p class='ocr_par' dir='ltr' id='par_1_81' title="bbox 478 4712 2046 4790">
     <span class='ocr_line' id='line_1_81' title="bbox 478 4712 2046 4790; baseline -0.002 -17"><span class='ocrx_word' id='word_1_496' title='bbox 478 4719 594 4790; x_wconf 91' lang='lat' dir='ltr'>Ego</span> <span class='ocrx_word' id='word_1_497' title='bbox 625 4717 854 4783; x_wconf 90' lang='lat' dir='ltr'>Petrus,</span> <span class='ocrx_word' id='word_1_498' title='bbox 898 4719 1112 4770; x_wconf 87' lang='lat' dir='ltr'>sancta</span> <span class='ocrx_word' id='word_1_499' title='bbox 1143 4713 1490 4768; x_wconf 89' lang='lat' dir='ltr'>Gabinensis</span> <span class='ocrx_word' id='word_1_500' title='bbox 1521 4712 1789 4768; x_wconf 83' lang='lat' dir='ltr'>Ecclesia</span> <span class='ocrx_word' id='word_1_501' title='bbox 1821 4714 2046 4786; x_wconf 88' lang='lat' dir='ltr'>episco-</span> 
     </span>
    </p>
   </div>
   <div class='ocr_carea' id='block_1_82' title="bbox 402 4807 668 4880">
    <p class='ocr_par' dir='ltr' id='par_1_82' title="bbox 402 4807 668 4880">
     <span class='ocr_line' id='line_1_82' title="bbox 402 4807 668 4880; baseline -0.008 -17"><span class='ocrx_word' id='word_1_502' title='bbox 402 4825 535 4880; x_wconf 88' lang='lat' dir='ltr'>pus,</span> <span class='ocrx_word' id='word_1_503' title='bbox 569 4807 668 4863; x_wconf 90' lang='lat' dir='ltr'>SS.</span> 
     </span>
    </p>
   </div>
   <div class='ocr_carea' id='block_1_83' title="bbox 469 4892 1758 4969">
    <p class='ocr_par' dir='ltr' id='par_1_83' title="bbox 469 4892 1758 4969">
     <span class='ocr_line' id='line_1_83' title="bbox 469 4892 1758 4969; baseline -0.005 -17"><span class='ocrx_word' id='word_1_504' title='bbox 469 4899 588 4969; x_wconf 90' lang='lat' dir='ltr'>Ego</span> <span class='ocrx_word' id='word_1_505' title='bbox 619 4899 833 4963; x_wconf 89' lang='lat' dir='ltr'>Bruno,</span> <span class='ocrx_word' id='word_1_506' title='bbox 868 4894 1259 4949; x_wconf 85' lang='lat' dir='ltr'>Pranestinus</span> <span class='ocrx_word' id='word_1_507' title='bbox 1289 4893 1622 4965; x_wconf 89' lang='lat' dir='ltr'>episcopus,</span> <span class='ocrx_word' id='word_1_508' title='bbox 1659 4892 1758 4948; x_wconf 90' lang='lat' dir='ltr'>SS.</span> 
     </span>
    </p>
   </div>
   <div class='ocr_carea' id='block_1_84' title="bbox 467 4980 2044 5058">
    <p class='ocr_par' dir='ltr' id='par_1_84' title="bbox 467 4980 2044 5058">
     <span class='ocr_line' id='line_1_84' title="bbox 467 4980 2044 5058; baseline -0.003 -18"><span class='ocrx_word' id='word_1_509' title='bbox 467 4987 582 5058; x_wconf 88' lang='lat' dir='ltr'>Ego</span> <span class='ocrx_word' id='word_1_510' title='bbox 611 4984 961 5056; x_wconf 84' lang='lat' dir='ltr'>Stephanus,</span> <span class='ocrx_word' id='word_1_511' title='bbox 995 4980 1323 5055; x_wconf 86' lang='lat' dir='ltr'>apostolica</span> <span class='ocrx_word' id='word_1_512' title='bbox 1346 4981 1501 5037; x_wconf 86' lang='lat' dir='ltr'>sedis</span> <span class='ocrx_word' id='word_1_513' title='bbox 1525 4998 1751 5049; x_wconf 90' lang='lat' dir='ltr'>servus,</span> <span class='ocrx_word' id='word_1_514' title='bbox 1784 4981 1855 5035; x_wconf 92' lang='lat' dir='ltr'>de</span> <span class='ocrx_word' id='word_1_515' title='bbox 1879 4980 2044 5036; x_wconf 89' lang='lat' dir='ltr'>titulo</span> 
     </span>
    </p>
   </div>
   <div class='ocr_carea' id='block_1_85' title="bbox 393 5072 1335 5146">
    <p class='ocr_par' dir='ltr' id='par_1_85' title="bbox 393 5072 1335 5146">
     <span class='ocr_line' id='line_1_85' title="bbox 393 5072 1335 5146; baseline -0.005 -16"><span class='ocrx_word' id='word_1_516' title='bbox 393 5075 450 5130; x_wconf 90' lang='lat' dir='ltr'>S.</span> <span class='ocrx_word' id='word_1_517' title='bbox 485 5073 843 5146; x_wconf 82' lang='lat' dir='ltr'>Chrysogoni</span> <span class='ocrx_word' id='word_1_518' title='bbox 877 5073 1197 5144; x_wconf 87' lang='lat' dir='ltr'>presbyter,</span> <span class='ocrx_word' id='word_1_519' title='bbox 1233 5072 1335 5126; x_wconf 92' lang='lat' dir='ltr'>SS.</span> 
     </span>
    </p>
   </div>
   <div class='ocr_carea' id='block_1_86' title="bbox 462 5159 1748 5234">
    <p class='ocr_par' dir='ltr' id='par_1_86' title="bbox 462 5159 1748 5234">
     <span class='ocr_line' id='line_1_86' title="bbox 462 5159 1748 5234; baseline -0.005 -15"><span class='ocrx_word' id='word_1_520' title='bbox 462 5164 580 5234; x_wconf 86' lang='lat' dir='ltr'>Ego</span> <span class='ocrx_word' id='word_1_521' title='bbox 610 5163 884 5228; x_wconf 89' lang='lat' dir='ltr'>Joannes,</span> <span class='ocrx_word' id='word_1_522' title='bbox 920 5160 1254 5215; x_wconf 87' lang='lat' dir='ltr'>Portuensis</span> <span class='ocrx_word' id='word_1_523' title='bbox 1285 5159 1614 5230; x_wconf 90' lang='lat' dir='ltr'>episcopus,</span> <span class='ocrx_word' id='word_1_524' title='bbox 1647 5160 1748 5215; x_wconf 86' lang='lat' dir='ltr'>SS.</span> 
     </span>
    </p>
   </div>
   <div class='ocr_carea' id='block_1_87' title="bbox 461 5247 1647 5322">
    <p class='ocr_par' dir='ltr' id='par_1_87' title="bbox 461 5247 1647 5322">
     <span class='ocr_line' id='line_1_87' title="bbox 461 5247 1647 5322; baseline -0.002 -18"><span class='ocrx_word' id='word_1_525' title='bbox 461 5253 578 5322; x_wconf 82' lang='lat' dir='ltr'>Ego</span> <span class='ocrx_word' id='word_1_526' title='bbox 610 5252 836 5317; x_wconf 88' lang='lat' dir='ltr'>Petrus,</span> <span class='ocrx_word' id='word_1_527' title='bbox 875 5254 1145 5304; x_wconf 86' lang='lat' dir='ltr'>Peccator</span> <span class='ocrx_word' id='word_1_528' title='bbox 1177 5247 1516 5317; x_wconf 89' lang='lat' dir='ltr'>monachus,</span> <span class='ocrx_word' id='word_1_529' title='bbox 1551 5252 1647 5302; x_wconf 83' lang='lat' dir='ltr'>SS.</span> 
     </span>
    </p>
   </div>
   <div class='ocr_carea' id='block_1_88' title="bbox 460 5335 2040 5409">
    <p class='ocr_par' dir='ltr' id='par_1_88' title="bbox 460 5335 2040 5409">
     <span class='ocr_line' id='line_1_88' title="bbox 460 5335 2040 5409; baseline -0.001 -18"><span class='ocrx_word' id='word_1_530' title='bbox 460 5338 940 5409; x_wconf 87' lang='lat' dir='ltr'>EgoDesiderius,</span> <span class='ocrx_word' id='word_1_531' title='bbox 977 5338 1502 5409; x_wconf 79' lang='lat' dir='ltr'>presbytersancta</span> <span class='ocrx_word' id='word_1_532' title='bbox 1539 5337 1813 5391; x_wconf 77' lang='lat' dir='ltr'>Romana</span> <span class='ocrx_word' id='word_1_533' title='bbox 1856 5335 2040 5391; x_wconf 91' lang='lat' dir='ltr'>Eccle-</span> 
     </span>
    </p>
   </div>
   <div class='ocr_carea' id='block_1_89' title="bbox 391 5422 1298 5489">
    <p class='ocr_par' dir='ltr' id='par_1_89' title="bbox 391 5422 1298 5489">
     <span class='ocr_line' id='line_1_89' title="bbox 391 5422 1298 5489; baseline 0.002 -13"><span class='ocrx_word' id='word_1_534' title='bbox 391 5422 487 5476; x_wconf 80' lang='lat' dir='ltr'>sia</span> <span class='ocrx_word' id='word_1_535' title='bbox 518 5441 586 5478; x_wconf 77' lang='lat' dir='ltr'>ex</span> <span class='ocrx_word' id='word_1_536' title='bbox 617 5423 784 5477; x_wconf 88' lang='lat' dir='ltr'>titulo</span> <span class='ocrx_word' id='word_1_537' title='bbox 817 5425 875 5478; x_wconf 91' lang='lat' dir='ltr'>S.</span> <span class='ocrx_word' id='word_1_538' title='bbox 911 5425 1166 5489; x_wconf 62' lang='lat' dir='ltr'>Caecilia,</span> <span class='ocrx_word' id='word_1_539' title='bbox 1199 5426 1298 5480; x_wconf 86' lang='lat' dir='ltr'>SS.</span> 
     </span>
    </p>
   </div>
   <div class='ocr_carea' id='block_1_90' title="bbox 462 5510 2036 5580">
    <p class='ocr_par' dir='ltr' id='par_1_90' title="bbox 462 5510 2036 5580">
     <span class='ocr_line' id='line_1_90' title="bbox 462 5510 2036 5580; baseline 0.006 -18"><span class='ocrx_word' id='word_1_540' title='bbox 462 5510 670 5563; x_wconf 86' lang='lat' dir='ltr'>Datum</span> <span class='ocrx_word' id='word_1_541' title='bbox 705 5511 1007 5567; x_wconf 75' lang='lat' dir='ltr'>Florentia</span> <span class='ocrx_word' id='word_1_542' title='bbox 1030 5531 1146 5568; x_wconf 79' lang='lat' dir='ltr'>xvn</span> <span class='ocrx_word' id='word_1_543' title='bbox 1183 5514 1305 5568; x_wconf 85' lang='lat' dir='ltr'>Kal.</span> <span class='ocrx_word' id='word_1_544' title='bbox 1342 5515 1530 5580; x_wconf 69' lang='lat' dir='ltr'>Fcbl‘.,</span> <span class='ocrx_word' id='word_1_545' title='bbox 1565 5531 1718 5570; x_wconf 90' lang='lat' dir='ltr'>anno</span> <span class='ocrx_word' id='word_1_546' title='bbox 1742 5515 1814 5570; x_wconf 85' lang='lat' dir='ltr'>ab</span> <span class='ocrx_word' id='word_1_547' title='bbox 1840 5515 2036 5570; x_wconf 83' lang='lat' dir='ltr'>lucar-</span> 
     </span>
    </p>
   </div>
   <div class='ocr_carea' id='block_1_91' title="bbox 392 5595 2032 5671">
    <p class='ocr_par' dir='ltr' id='par_1_91' title="bbox 392 5595 2032 5671">
     <span class='ocr_line' id='line_1_91' title="bbox 392 5595 2032 5671; baseline 0.009 -27"><span class='ocrx_word' id='word_1_548' title='bbox 392 5595 624 5648; x_wconf 89' lang='lat' dir='ltr'>natione</span> <span class='ocrx_word' id='word_1_549' title='bbox 653 5596 886 5650; x_wconf 87' lang='lat' dir='ltr'>Domini</span> <span class='ocrx_word' id='word_1_550' title='bbox 917 5601 1072 5668; x_wconf 86' lang='grc'>1060,</span> <span class='ocrx_word' id='word_1_551' title='bbox 1108 5617 1207 5671; x_wconf 86' lang='lat' dir='ltr'>per</span> <span class='ocrx_word' id='word_1_552' title='bbox 1238 5619 1449 5659; x_wconf 87' lang='lat' dir='ltr'>manus</span> <span class='ocrx_word' id='word_1_553' title='bbox 1481 5603 1785 5660; x_wconf 83' lang='lat' dir='ltr'>llumberti</span> <span class='ocrx_word' id='word_1_554' title='bbox 1817 5607 2032 5660; x_wconf 84' lang='lat' dir='ltr'>sancta</span> 
     </span>
    </p>
   </div>
   <div class='ocr_carea' id='block_1_92' title="bbox 2179 3290 3827 3353">
    <p class='ocr_par' dir='ltr' id='par_1_92' title="bbox 2179 3290 3827 3353">
     <span class='ocr_line' id='line_1_92' title="bbox 2179 3290 3827 3353; baseline 0.004 -8"><span class='ocrx_word' id='word_1_555' title='bbox 2179 3290 2452 3347; x_wconf 88' lang='lat' dir='ltr'>Conditor</span> <span class='ocrx_word' id='word_1_556' title='bbox 2480 3293 2683 3347; x_wconf 87' lang='lat' dir='ltr'>mundi</span> <span class='ocrx_word' id='word_1_557' title='bbox 2716 3295 3038 3349; x_wconf 88' lang='lat' dir='ltr'>secundum</span> <span class='ocrx_word' id='word_1_558' title='bbox 3067 3295 3388 3350; x_wconf 87' lang='lat' dir='ltr'>humanam</span> <span class='ocrx_word' id='word_1_559' title='bbox 3448 3295 3676 3352; x_wconf 88' lang='lat' dir='ltr'>unitam</span> <span class='ocrx_word' id='word_1_560' title='bbox 3707 3297 3827 3353; x_wconf 88' lang='lat' dir='ltr'>sibi</span> 
     </span>
    </p>
   </div>
   <div class='ocr_carea' id='block_1_93' title="bbox 2181 3382 3823 3454">
    <p class='ocr_par' dir='ltr' id='par_1_93' title="bbox 2181 3382 3823 3454">
     <span class='ocr_line' id='line_1_93' title="bbox 2181 3382 3823 3454; baseline 0.006 -21"><span class='ocrx_word' id='word_1_561' title='bbox 2181 3385 2480 3436; x_wconf 82' lang='lat' dir='ltr'>materiem</span> <span class='ocrx_word' id='word_1_562' title='bbox 2512 3383 2786 3452; x_wconf 89' lang='lat' dir='ltr'>dignatus</span> <span class='ocrx_word' id='word_1_563' title='bbox 2813 3382 2889 3437; x_wconf 91' lang='lat' dir='ltr'>sit</span> <span class='ocrx_word' id='word_1_564' title='bbox 2917 3384 3168 3454; x_wconf 91' lang='lat' dir='ltr'>perferre</span> <span class='ocrx_word' id='word_1_565' title='bbox 3198 3383 3359 3439; x_wconf 87' lang='lat' dir='ltr'>sitim</span> <span class='ocrx_word' id='word_1_566' title='bbox 3380 3388 3437 3439; x_wconf 89' lang='lat' dir='ltr'>et</span> <span class='ocrx_word' id='word_1_567' title='bbox 3455 3383 3712 3440; x_wconf 87' lang='lat' dir='ltr'>esuriem</span> <span class='ocrx_word' id='word_1_568' title='bbox 3745 3387 3823 3442; x_wconf 88' lang='lat' dir='ltr'>ad</span> 
     </span>
    </p>
   </div>
   <div class='ocr_carea' id='block_1_94' title="bbox 2178 3467 3825 3544">
    <p class='ocr_par' dir='ltr' id='par_1_94' title="bbox 2178 3467 3825 3544">
     <span class='ocr_line' id='line_1_94' title="bbox 2178 3467 3825 3544; baseline 0.007 -23"><span class='ocrx_word' id='word_1_569' title='bbox 2178 3467 2424 3540; x_wconf 84' lang='lat' dir='ltr'>gloriam</span> <span class='ocrx_word' id='word_1_570' title='bbox 2447 3469 2733 3542; x_wconf 84' lang='lat' dir='ltr'>illius,per</span> <span class='ocrx_word' id='word_1_571' title='bbox 2754 3482 2927 3543; x_wconf 86' lang='lat' dir='ltr'>quem</span> <span class='ocrx_word' id='word_1_572' title='bbox 2951 3474 3243 3539; x_wconf 87' lang='lat' dir='ltr'>sumus,et</span> <span class='ocrx_word' id='word_1_573' title='bbox 3261 3470 3533 3536; x_wconf 87' lang='lat' dir='ltr'>vivimus,</span> <span class='ocrx_word' id='word_1_574' title='bbox 3568 3475 3626 3526; x_wconf 90' lang='lat' dir='ltr'>et</span> <span class='ocrx_word' id='word_1_575' title='bbox 3645 3475 3825 3544; x_wconf 87' lang='lat' dir='ltr'>cujus</span> 
     </span>
    </p>
   </div>
   <div class='ocr_carea' id='block_1_95' title="bbox 2178 3557 3826 3632">
    <p class='ocr_par' dir='ltr' id='par_1_95' title="bbox 2178 3557 3826 3632">
     <span class='ocr_line' id='line_1_95' title="bbox 2178 3557 3826 3632; baseline 0.005 -21"><span class='ocrx_word' id='word_1_576' title='bbox 2178 3557 2575 3614; x_wconf 90' lang='lat' dir='ltr'>misericordia</span> <span class='ocrx_word' id='word_1_577' title='bbox 2630 3561 3046 3632; x_wconf 89' lang='lat' dir='ltr'>gubernamur,</span> <span class='ocrx_word' id='word_1_578' title='bbox 3106 3559 3509 3615; x_wconf 87' lang='lat' dir='ltr'>assistentium</span> <span class='ocrx_word' id='word_1_579' title='bbox 3568 3560 3826 3619; x_wconf 87' lang='lat' dir='ltr'>fratrum</span> 
     </span>
    </p>
   </div>
   <div class='ocr_carea' id='block_1_96' title="bbox 2177 3649 3828 3721">
    <p class='ocr_par' dir='ltr' id='par_1_96' title="bbox 2177 3649 3828 3721">
     <span class='ocr_line' id='line_1_96' title="bbox 2177 3649 3828 3721; baseline 0.003 -19"><span class='ocrx_word' id='word_1_580' title='bbox 2177 3664 2389 3720; x_wconf 91' lang='lat' dir='ltr'>magno</span> <span class='ocrx_word' id='word_1_581' title='bbox 2411 3665 2645 3720; x_wconf 87' lang='lat' dir='ltr'>quoque</span> <span class='ocrx_word' id='word_1_582' title='bbox 2666 3649 2921 3714; x_wconf 89' lang='lat' dir='ltr'>hortatu,</span> <span class='ocrx_word' id='word_1_583' title='bbox 2952 3665 3057 3705; x_wconf 92' lang='lat' dir='ltr'>nec</span> <span class='ocrx_word' id='word_1_584' title='bbox 3080 3665 3195 3704; x_wconf 90' lang='lat' dir='ltr'>non</span> <span class='ocrx_word' id='word_1_585' title='bbox 3226 3651 3284 3704; x_wconf 90' lang='lat' dir='ltr'>et</span> <span class='ocrx_word' id='word_1_586' title='bbox 3304 3649 3626 3721; x_wconf 89' lang='lat' dir='ltr'>presbyteri</span> <span class='ocrx_word' id='word_1_587' title='bbox 3647 3650 3828 3707; x_wconf 89' lang='lat' dir='ltr'>Joan-</span> 
     </span>
    </p>
   </div>
   <div class='ocr_carea' id='block_1_97' title="bbox 2176 3735 3823 3811">
    <p class='ocr_par' dir='ltr' id='par_1_97' title="bbox 2176 3735 3823 3811">
     <span class='ocr_line' id='line_1_97' title="bbox 2176 3735 3823 3811; baseline 0.002 -20"><span class='ocrx_word' id='word_1_588' title='bbox 2176 3735 2267 3791; x_wconf 92' lang='lat' dir='ltr'>nis</span> <span class='ocrx_word' id='word_1_589' title='bbox 2283 3737 2537 3793; x_wconf 87' lang='lat' dir='ltr'>ecclesia</span> <span class='ocrx_word' id='word_1_590' title='bbox 2559 3738 2867 3794; x_wconf 86' lang='lat' dir='ltr'>S.Andrea</span> <span class='ocrx_word' id='word_1_591' title='bbox 2883 3737 3169 3794; x_wconf 89' lang='lat' dir='ltr'>Musciani</span> <span class='ocrx_word' id='word_1_592' title='bbox 3193 3737 3316 3794; x_wconf 85' lang='lat' dir='ltr'>sita</span> <span class='ocrx_word' id='word_1_593' title='bbox 3339 3739 3652 3795; x_wconf 87' lang='lat' dir='ltr'>venerandi</span> <span class='ocrx_word' id='word_1_594' title='bbox 3676 3756 3823 3811; x_wconf 81' lang='lat' dir='ltr'>pra-</span> 
     </span>
    </p>
   </div>
   <div class='ocr_carea' id='block_1_98' title="bbox 2173 3825 3824 3900">
    <p class='ocr_par' dir='ltr' id='par_1_98' title="bbox 2173 3825 3824 3900">
     <span class='ocr_line' id='line_1_98' title="bbox 2173 3825 3824 3900; baseline 0.004 -20"><span class='ocrx_word' id='word_1_595' title='bbox 2173 3825 2346 3895; x_wconf 87' lang='lat' dir='ltr'>positi</span> <span class='ocrx_word' id='word_1_596' title='bbox 2392 3826 2739 3899; x_wconf 90' lang='lat' dir='ltr'>dignissimo</span> <span class='ocrx_word' id='word_1_597' title='bbox 2771 3831 2996 3900; x_wconf 89' lang='lat' dir='ltr'>rogatu,</span> <span class='ocrx_word' id='word_1_598' title='bbox 3051 3827 3283 3900; x_wconf 91' lang='lat' dir='ltr'>proprio</span> <span class='ocrx_word' id='word_1_599' title='bbox 3313 3844 3548 3899; x_wconf 88' lang='lat' dir='ltr'>quoque</span> <span class='ocrx_word' id='word_1_600' title='bbox 3576 3828 3824 3886; x_wconf 91' lang='lat' dir='ltr'>consilio</span> 
     </span>
    </p>
   </div>
   <div class='ocr_carea' id='block_1_99' title="bbox 2174 3915 3819 3988">
    <p class='ocr_par' dir='ltr' id='par_1_99' title="bbox 2174 3915 3819 3988">
     <span class='ocr_line' id='line_1_99' title="bbox 2174 3915 3819 3988; baseline 0.003 -19"><span class='ocrx_word' id='word_1_601' title='bbox 2174 3915 2426 3971; x_wconf 90' lang='lat' dir='ltr'>roborati</span> <span class='ocrx_word' id='word_1_602' title='bbox 2447 3916 2832 3988; x_wconf 87' lang='lat' dir='ltr'>prasentibus</span> <span class='ocrx_word' id='word_1_603' title='bbox 2855 3916 3076 3973; x_wconf 90' lang='lat' dir='ltr'>scilicet</span> <span class='ocrx_word' id='word_1_604' title='bbox 3095 3921 3304 3973; x_wconf 87' lang='lat' dir='ltr'>nostra</span> <span class='ocrx_word' id='word_1_605' title='bbox 3326 3916 3498 3973; x_wconf 88' lang='lat' dir='ltr'>curia</span> <span class='ocrx_word' id='word_1_606' title='bbox 3520 3916 3819 3987; x_wconf 79' lang='lat' dir='ltr'>fidelibus,</span> 
     </span>
    </p>
   </div>
   <div class='ocr_carea' id='block_1_100' title="bbox 2170 4004 3818 4079">
    <p class='ocr_par' dir='ltr' id='par_1_100' title="bbox 2170 4004 3818 4079">
     <span class='ocr_line' id='line_1_100' title="bbox 2170 4004 3818 4079; baseline 0.002 -20"><span class='ocrx_word' id='word_1_607' title='bbox 2170 4005 2553 4076; x_wconf 88' lang='lat' dir='ltr'>ejusdemque</span> <span class='ocrx_word' id='word_1_608' title='bbox 2567 4005 2822 4061; x_wconf 84' lang='lat' dir='ltr'>ecclesia</span> <span class='ocrx_word' id='word_1_609' title='bbox 2845 4006 3126 4078; x_wconf 89' lang='lat' dir='ltr'>potronis,</span> <span class='ocrx_word' id='word_1_610' title='bbox 3149 4005 3375 4061; x_wconf 87' lang='lat' dir='ltr'>Joanne</span> <span class='ocrx_word' id='word_1_611' title='bbox 3394 4004 3680 4073; x_wconf 91' lang='lat' dir='ltr'>videlicet,</span> <span class='ocrx_word' id='word_1_612' title='bbox 3715 4008 3818 4079; x_wconf 89' lang='lat' dir='ltr'>qui</span> 
     </span>
    </p>
   </div>
   <div class='ocr_carea' id='block_1_101' title="bbox 2171 4092 3820 4164">
    <p class='ocr_par' dir='ltr' id='par_1_101' title="bbox 2171 4092 3820 4164">
     <span class='ocr_line' id='line_1_101' title="bbox 2171 4092 3820 4164; baseline 0.002 -17"><span class='ocrx_word' id='word_1_613' title='bbox 2171 4093 2385 4148; x_wconf 89' lang='lat' dir='ltr'>dicitur</span> <span class='ocrx_word' id='word_1_614' title='bbox 2432 4094 2878 4160; x_wconf 89' lang='lat' dir='ltr'>Corbacchione,</span> <span class='ocrx_word' id='word_1_615' title='bbox 2940 4093 3057 4150; x_wconf 86' lang='lat' dir='ltr'>ﬁlio</span> <span class='ocrx_word' id='word_1_616' title='bbox 3108 4093 3349 4159; x_wconf 86' lang='lat' dir='ltr'>Rustici,</span> <span class='ocrx_word' id='word_1_617' title='bbox 3381 4097 3438 4148; x_wconf 92' lang='lat' dir='ltr'>et</span> <span class='ocrx_word' id='word_1_618' title='bbox 3468 4092 3665 4164; x_wconf 90' lang='lat' dir='ltr'>Ugone</span> <span class='ocrx_word' id='word_1_619' title='bbox 3695 4095 3820 4151; x_wconf 78' lang='lat' dir='ltr'>filio</span> 
     </span>
    </p>
   </div>
   <div class='ocr_carea' id='block_1_102' title="bbox 2169 4178 3821 4255">
    <p class='ocr_par' dir='ltr' id='par_1_102' title="bbox 2169 4178 3821 4255">
     <span class='ocr_line' id='line_1_102' title="bbox 2169 4178 3821 4255; baseline 0.002 -18"><span class='ocrx_word' id='word_1_620' title='bbox 2169 4183 2452 4252; x_wconf 87' lang='lat' dir='ltr'>Uberti,et</span> <span class='ocrx_word' id='word_1_621' title='bbox 2471 4183 2888 4255; x_wconf 89' lang='lat' dir='ltr'>Sichelmo,qui</span> <span class='ocrx_word' id='word_1_622' title='bbox 2906 4181 3118 4237; x_wconf 90' lang='lat' dir='ltr'>dicitur</span> <span class='ocrx_word' id='word_1_623' title='bbox 3133 4178 3427 4247; x_wconf 88' lang='lat' dir='ltr'>Morellus,</span> <span class='ocrx_word' id='word_1_624' title='bbox 3461 4179 3580 4235; x_wconf 80' lang='lat' dir='ltr'>filio</span> <span class='ocrx_word' id='word_1_625' title='bbox 3603 4183 3821 4239; x_wconf 88' lang='lat' dir='ltr'>Ansel-</span> 
     </span>
    </p>
   </div>
   <div class='ocr_carea' id='block_1_103' title="bbox 2169 4266 3820 4344">
    <p class='ocr_par' dir='ltr' id='par_1_103' title="bbox 2169 4266 3820 4344">
     <span class='ocr_line' id='line_1_103' title="bbox 2169 4266 3820 4344; baseline 0 -17"><span class='ocrx_word' id='word_1_626' title='bbox 2169 4273 2335 4344; x_wconf 90' lang='lat' dir='ltr'>mi,et</span> <span class='ocrx_word' id='word_1_627' title='bbox 2356 4273 2762 4339; x_wconf 83' lang='lat' dir='ltr'>Rolandino,et</span> <span class='ocrx_word' id='word_1_628' title='bbox 2773 4271 3046 4327; x_wconf 85' lang='lat' dir='ltr'>Anselmo</span> <span class='ocrx_word' id='word_1_629' title='bbox 3059 4268 3306 4340; x_wconf 84' lang='lat' dir='ltr'>egregiis</span> <span class='ocrx_word' id='word_1_630' title='bbox 3323 4266 3462 4321; x_wconf 86' lang='lat' dir='ltr'>filiis</span> <span class='ocrx_word' id='word_1_631' title='bbox 3474 4266 3820 4329; x_wconf 83' lang='lat' dir='ltr'>IIdebrandi</span> 
     </span>
    </p>
   </div>
   <div class='ocr_carea' id='block_1_104' title="bbox 2166 4355 3816 4431">
    <p class='ocr_par' dir='ltr' id='par_1_104' title="bbox 2166 4355 3816 4431">
     <span class='ocr_line' id='line_1_104' title="bbox 2166 4355 3816 4431; baseline 0.001 -15"><span class='ocrx_word' id='word_1_632' title='bbox 2166 4362 2271 4417; x_wconf 83' lang='lat' dir='ltr'>ﬁlii</span> <span class='ocrx_word' id='word_1_633' title='bbox 2303 4363 2530 4428; x_wconf 89' lang='lat' dir='ltr'>Leonis,</span> <span class='ocrx_word' id='word_1_634' title='bbox 2564 4368 2618 4417; x_wconf 86' lang='lat' dir='ltr'>et</span> <span class='ocrx_word' id='word_1_635' title='bbox 2636 4359 2982 4431; x_wconf 85' lang='lat' dir='ltr'>Segnorello,</span> <span class='ocrx_word' id='word_1_636' title='bbox 3005 4361 3061 4412; x_wconf 88' lang='lat' dir='ltr'>et</span> <span class='ocrx_word' id='word_1_637' title='bbox 3082 4357 3338 4411; x_wconf 88' lang='lat' dir='ltr'>Bonomo</span> <span class='ocrx_word' id='word_1_638' title='bbox 3387 4355 3638 4428; x_wconf 86' lang='lat' dir='ltr'>egregiis</span> <span class='ocrx_word' id='word_1_639' title='bbox 3670 4358 3816 4418; x_wconf 82' lang='lat' dir='ltr'>ﬁliis</span> 
     </span>
    </p>
   </div>
   <div class='ocr_carea' id='block_1_105' title="bbox 2168 4444 3817 4521">
    <p class='ocr_par' dir='ltr' id='par_1_105' title="bbox 2168 4444 3817 4521">
     <span class='ocr_line' id='line_1_105' title="bbox 2168 4444 3817 4521; baseline -0.005 -14"><span class='ocrx_word' id='word_1_640' title='bbox 2168 4451 2395 4508; x_wconf 82' lang='lat' dir='ltr'>Rodulﬁ</span> <span class='ocrx_word' id='word_1_641' title='bbox 2430 4451 2532 4505; x_wconf 81' lang='lat' dir='ltr'>ﬁlii</span> <span class='ocrx_word' id='word_1_642' title='bbox 2554 4450 2816 4521; x_wconf 86' lang='lat' dir='ltr'>ejusdem</span> <span class='ocrx_word' id='word_1_643' title='bbox 2841 4444 3172 4501; x_wconf 87' lang='lat' dir='ltr'>Ildebrandi</span> <span class='ocrx_word' id='word_1_644' title='bbox 3194 4444 3402 4500; x_wconf 86' lang='lat' dir='ltr'>obnixe</span> <span class='ocrx_word' id='word_1_645' title='bbox 3425 4449 3689 4501; x_wconf 89' lang='lat' dir='ltr'>nostram</span> <span class='ocrx_word' id='word_1_646' title='bbox 3717 4449 3817 4505; x_wconf 82' lang='lat' dir='ltr'>de-</span> 
     </span>
    </p>
   </div>
   <div class='ocr_carea' id='block_1_106' title="bbox 2081 4533 3812 4625">
    <p class='ocr_par' dir='ltr' id='par_1_106' title="bbox 2081 4533 3812 4625">
     <span class='ocr_line' id='line_1_106' title="bbox 2081 4533 3812 4625; baseline -0.002 -29"><span class='ocrx_word' id='word_1_647' title='bbox 2081 4561 2130 4625; x_wconf 82' lang='lat' dir='ltr'><strong>D</strong></span> <span class='ocrx_word' id='word_1_648' title='bbox 2164 4540 2455 4596; x_wconf 89' lang='lat' dir='ltr'>votionem</span> <span class='ocrx_word' id='word_1_649' title='bbox 2489 4555 2590 4611; x_wconf 92' lang='lat' dir='ltr'>pro</span> <span class='ocrx_word' id='word_1_650' title='bbox 2643 4535 2894 4607; x_wconf 88' lang='lat' dir='ltr'>peccatis</span> <span class='ocrx_word' id='word_1_651' title='bbox 2925 4534 3050 4590; x_wconf 90' lang='lat' dir='ltr'>suis</span> <span class='ocrx_word' id='word_1_652' title='bbox 3109 4533 3522 4602; x_wconf 87' lang='lat' dir='ltr'>exorantibus;</span> <span class='ocrx_word' id='word_1_653' title='bbox 3557 4534 3812 4607; x_wconf 88' lang='lat' dir='ltr'>denique</span> 
     </span>
    </p>
   </div>
   <div class='ocr_carea' id='block_1_107' title="bbox 2161 4622 3806 4700">
    <p class='ocr_par' dir='ltr' id='par_1_107' title="bbox 2161 4622 3806 4700">
     <span class='ocr_line' id='line_1_107' title="bbox 2161 4622 3806 4700; baseline -0.002 -18"><span class='ocrx_word' id='word_1_654' title='bbox 2161 4646 2264 4700; x_wconf 90' lang='lat' dir='ltr'>pro</span> <span class='ocrx_word' id='word_1_655' title='bbox 2295 4627 2558 4697; x_wconf 89' lang='lat' dir='ltr'>ejusdem</span> <span class='ocrx_word' id='word_1_656' title='bbox 2588 4623 2838 4680; x_wconf 83' lang='lat' dir='ltr'>ecclesia</span> <span class='ocrx_word' id='word_1_657' title='bbox 2896 4623 3148 4679; x_wconf 84' lang='lat' dir='ltr'>maxime</span> <span class='ocrx_word' id='word_1_658' title='bbox 3177 4623 3236 4677; x_wconf 90' lang='lat' dir='ltr'>in</span> <span class='ocrx_word' id='word_1_659' title='bbox 3270 4623 3464 4678; x_wconf 88' lang='lat' dir='ltr'>futuro</span> <span class='ocrx_word' id='word_1_660' title='bbox 3493 4622 3806 4696; x_wconf 87' lang='lat' dir='ltr'>regimine,</span> 
     </span>
    </p>
   </div>
   <div class='ocr_carea' id='block_1_108' title="bbox 2156 4711 3806 4786">
    <p class='ocr_par' dir='ltr' id='par_1_108' title="bbox 2156 4711 3806 4786">
     <span class='ocr_line' id='line_1_108' title="bbox 2156 4711 3806 4786; baseline -0.002 -13"><span class='ocrx_word' id='word_1_661' title='bbox 2156 4723 2211 4773; x_wconf 91' lang='lat' dir='ltr'>et</span> <span class='ocrx_word' id='word_1_662' title='bbox 2241 4717 2415 4772; x_wconf 89' lang='lat' dir='ltr'>etiam</span> <span class='ocrx_word' id='word_1_663' title='bbox 2449 4714 2627 4770; x_wconf 89' lang='lat' dir='ltr'>totius</span> <span class='ocrx_word' id='word_1_664' title='bbox 2657 4711 3100 4786; x_wconf 46' lang='lat' dir='ltr'>pepulilsalute,</span> <span class='ocrx_word' id='word_1_665' title='bbox 3126 4717 3416 4785; x_wconf 88' lang='lat' dir='ltr'>quatenus</span> <span class='ocrx_word' id='word_1_666' title='bbox 3446 4711 3806 4783; x_wconf 71' lang='lat' dir='ltr'>praediorum</span> 
     </span>
    </p>
   </div>
   <div class='ocr_carea' id='block_1_109' title="bbox 2158 4800 3810 4874">
    <p class='ocr_par' dir='ltr' id='par_1_109' title="bbox 2158 4800 3810 4874">
     <span class='ocr_line' id='line_1_109' title="bbox 2158 4800 3810 4874; baseline -0.002 -12"><span class='ocrx_word' id='word_1_667' title='bbox 2158 4821 2423 4870; x_wconf 91' lang='lat' dir='ltr'>suorum,</span> <span class='ocrx_word' id='word_1_668' title='bbox 2454 4808 2510 4860; x_wconf 90' lang='lat' dir='ltr'>et</span> <span class='ocrx_word' id='word_1_669' title='bbox 2539 4803 2804 4858; x_wconf 90' lang='lat' dir='ltr'>omnium</span> <span class='ocrx_word' id='word_1_670' title='bbox 2831 4819 3073 4858; x_wconf 88' lang='lat' dir='ltr'>suarum</span> <span class='ocrx_word' id='word_1_671' title='bbox 3097 4801 3519 4874; x_wconf 86' lang='lat' dir='ltr'>proprietatum</span> <span class='ocrx_word' id='word_1_672' title='bbox 3543 4800 3810 4859; x_wconf 80' lang='lat' dir='ltr'>decima-</span> 
     </span>
    </p>
   </div>
   <div class='ocr_carea' id='block_1_110' title="bbox 2156 4889 3810 4964">
    <p class='ocr_par' dir='ltr' id='par_1_110' title="bbox 2156 4889 3810 4964">
     <span class='ocr_line' id='line_1_110' title="bbox 2156 4889 3810 4964; baseline -0.001 -15"><span class='ocrx_word' id='word_1_673' title='bbox 2156 4895 2311 4950; x_wconf 89' lang='lat' dir='ltr'>tione</span> <span class='ocrx_word' id='word_1_674' title='bbox 2343 4893 2452 4964; x_wconf 90' lang='lat' dir='ltr'>ipsi</span> <span class='ocrx_word' id='word_1_675' title='bbox 2484 4891 3093 4963; x_wconf 61' lang='lat' dir='ltr'>ecclesiazprivilegiis</span> <span class='ocrx_word' id='word_1_676' title='bbox 3125 4889 3568 4962; x_wconf 83' lang='lat' dir='ltr'>praeceptionem</span> <span class='ocrx_word' id='word_1_677' title='bbox 3599 4903 3810 4947; x_wconf 81' lang='lat' dir='ltr'>conce-</span> 
     </span>
    </p>
   </div>
   <div class='ocr_carea' id='block_1_111' title="bbox 2154 4976 3807 5052">
    <p class='ocr_par' dir='ltr' id='par_1_111' title="bbox 2154 4976 3807 5052">
     <span class='ocr_line' id='line_1_111' title="bbox 2154 4976 3807 5052; baseline 0 -15"><span class='ocrx_word' id='word_1_678' title='bbox 2154 4983 2444 5048; x_wconf 91' lang='lat' dir='ltr'>deremus,</span> <span class='ocrx_word' id='word_1_679' title='bbox 2480 4981 2633 5052; x_wconf 89' lang='lat' dir='ltr'>quod</span> <span class='ocrx_word' id='word_1_680' title='bbox 2660 4980 2870 5037; x_wconf 89' lang='lat' dir='ltr'>saltem</span> <span class='ocrx_word' id='word_1_681' title='bbox 2903 4980 2975 5034; x_wconf 90' lang='lat' dir='ltr'>ad</span> <span class='ocrx_word' id='word_1_682' title='bbox 3006 4995 3264 5052; x_wconf 75' lang='lat' dir='ltr'>praesens</span> <span class='ocrx_word' id='word_1_683' title='bbox 3295 4976 3618 5050; x_wconf 86' lang='lat' dir='ltr'>potuimus,</span> <span class='ocrx_word' id='word_1_684' title='bbox 3651 4983 3712 5034; x_wconf 89' lang='lat' dir='ltr'>et</span> <span class='ocrx_word' id='word_1_685' title='bbox 3742 4979 3807 5038; x_wconf 90' lang='lat' dir='ltr'>in</span> 
     </span>
    </p>
   </div>
   <div class='ocr_carea' id='block_1_112' title="bbox 2153 5065 3807 5138">
    <p class='ocr_par' dir='ltr' id='par_1_112' title="bbox 2153 5065 3807 5138">
     <span class='ocr_line' id='line_1_112' title="bbox 2153 5065 3807 5138; baseline -0.001 -12"><span class='ocrx_word' id='word_1_686' title='bbox 2153 5071 2210 5126; x_wconf 90' lang='lat' dir='ltr'>fu</span> <span class='ocrx_word' id='word_1_687' title='bbox 2221 5076 2277 5125; x_wconf 91' lang='lat' dir='ltr'>tu</span> <span class='ocrx_word' id='word_1_688' title='bbox 2287 5087 2414 5125; x_wconf 91' lang='lat' dir='ltr'>rum</span> <span class='ocrx_word' id='word_1_689' title='bbox 2433 5068 2927 5138; x_wconf 88' lang='lat' dir='ltr'>inviolabiliter,et</span> <span class='ocrx_word' id='word_1_690' title='bbox 2945 5066 3293 5123; x_wconf 85' lang='lat' dir='ltr'>aternaliter</span> <span class='ocrx_word' id='word_1_691' title='bbox 3312 5065 3675 5134; x_wconf 89' lang='lat' dir='ltr'>observetur,</span> <span class='ocrx_word' id='word_1_692' title='bbox 3709 5067 3807 5125; x_wconf 91' lang='lat' dir='ltr'>in-</span> 
     </span>
    </p>
   </div>
   <div class='ocr_carea' id='block_1_113' title="bbox 2148 5154 3803 5231">
    <p class='ocr_par' dir='ltr' id='par_1_113' title="bbox 2148 5154 3803 5231">
     <span class='ocr_line' id='line_1_113' title="bbox 2148 5154 3803 5231; baseline -0.001 -17"><span class='ocrx_word' id='word_1_693' title='bbox 2148 5159 2492 5216; x_wconf 88' lang='lat' dir='ltr'>vestituram</span> <span class='ocrx_word' id='word_1_694' title='bbox 2509 5158 2884 5231; x_wconf 88' lang='lat' dir='ltr'>apostolicam</span> <span class='ocrx_word' id='word_1_695' title='bbox 2904 5154 3803 5227; x_wconf 88' lang='lat' dir='ltr'>obtulimus.Suscipe,Domine,</span> 
     </span>
    </p>
   </div>
   <div class='ocr_carea' id='block_1_114' title="bbox 2149 5243 3803 5319">
    <p class='ocr_par' dir='ltr' id='par_1_114' title="bbox 2149 5243 3803 5319">
     <span class='ocr_line' id='line_1_114' title="bbox 2149 5243 3803 5319; baseline -0.001 -15"><span class='ocrx_word' id='word_1_696' title='bbox 2149 5253 2349 5305; x_wconf 88' lang='lat' dir='ltr'>sancte</span> <span class='ocrx_word' id='word_1_697' title='bbox 2398 5249 2562 5305; x_wconf 89' lang='lat' dir='ltr'>Pater</span> <span class='ocrx_word' id='word_1_698' title='bbox 2601 5248 2969 5319; x_wconf 89' lang='lat' dir='ltr'>omnipotens</span> <span class='ocrx_word' id='word_1_699' title='bbox 3013 5250 3070 5301; x_wconf 90' lang='lat' dir='ltr'>et</span> <span class='ocrx_word' id='word_1_700' title='bbox 3089 5250 3301 5301; x_wconf 87' lang='lat' dir='ltr'>aterne</span> <span class='ocrx_word' id='word_1_701' title='bbox 3327 5243 3481 5298; x_wconf 88' lang='lat' dir='ltr'>Deus</span> <span class='ocrx_word' id='word_1_702' title='bbox 3510 5260 3630 5299; x_wconf 88' lang='lat' dir='ltr'>una</span> <span class='ocrx_word' id='word_1_703' title='bbox 3661 5259 3803 5302; x_wconf 86' lang='lat' dir='ltr'>cum</span> 
     </span>
    </p>
   </div>
   <div class='ocr_carea' id='block_1_115' title="bbox 2149 5333 3805 5409">
    <p class='ocr_par' dir='ltr' id='par_1_115' title="bbox 2149 5333 3805 5409">
     <span class='ocr_line' id='line_1_115' title="bbox 2149 5333 3805 5409; baseline -0.002 -15"><span class='ocrx_word' id='word_1_704' title='bbox 2149 5338 2288 5394; x_wconf 83' lang='lat' dir='ltr'>Filio</span> <span class='ocrx_word' id='word_1_705' title='bbox 2313 5342 2432 5404; x_wconf 90' lang='lat' dir='ltr'>tuo,</span> <span class='ocrx_word' id='word_1_706' title='bbox 2457 5344 2513 5394; x_wconf 92' lang='lat' dir='ltr'>et</span> <span class='ocrx_word' id='word_1_707' title='bbox 2533 5336 2751 5409; x_wconf 90' lang='lat' dir='ltr'>Spiritu</span> <span class='ocrx_word' id='word_1_708' title='bbox 2783 5339 3006 5402; x_wconf 90' lang='lat' dir='ltr'>sancto,</span> <span class='ocrx_word' id='word_1_709' title='bbox 3039 5351 3145 5390; x_wconf 92' lang='lat' dir='ltr'>nec</span> <span class='ocrx_word' id='word_1_710' title='bbox 3188 5350 3304 5389; x_wconf 91' lang='lat' dir='ltr'>non</span> <span class='ocrx_word' id='word_1_711' title='bbox 3329 5337 3385 5387; x_wconf 90' lang='lat' dir='ltr'>et</span> <span class='ocrx_word' id='word_1_712' title='bbox 3409 5349 3543 5388; x_wconf 89' lang='lat' dir='ltr'>cum</span> <span class='ocrx_word' id='word_1_713' title='bbox 3577 5333 3641 5387; x_wconf 90' lang='lat' dir='ltr'>B.</span> <span class='ocrx_word' id='word_1_714' title='bbox 3672 5339 3805 5391; x_wconf 87' lang='lat' dir='ltr'>An-</span> 
     </span>
    </p>
   </div>
   <div class='ocr_carea' id='block_1_116' title="bbox 2148 5421 3802 5500">
    <p class='ocr_par' dir='ltr' id='par_1_116' title="bbox 2148 5421 3802 5500">
     <span class='ocr_line' id='line_1_116' title="bbox 2148 5421 3802 5500; baseline -0.004 -16"><span class='ocrx_word' id='word_1_715' title='bbox 2148 5430 2286 5484; x_wconf 91' lang='lat' dir='ltr'>drea</span> <span class='ocrx_word' id='word_1_716' title='bbox 2306 5426 2566 5500; x_wconf 89' lang='lat' dir='ltr'>apostolo</span> <span class='ocrx_word' id='word_1_717' title='bbox 2612 5430 2712 5482; x_wconf 88' lang='lat' dir='ltr'>tuo</span> <span class='ocrx_word' id='word_1_718' title='bbox 2728 5425 3085 5497; x_wconf 89' lang='lat' dir='ltr'>jamdudum</span> <span class='ocrx_word' id='word_1_719' title='bbox 3107 5421 3465 5479; x_wconf 88' lang='lat' dir='ltr'>devotissimi</span> <span class='ocrx_word' id='word_1_720' title='bbox 3501 5438 3665 5493; x_wconf 84' lang='lat' dir='ltr'>papa</span> <span class='ocrx_word' id='word_1_721' title='bbox 3698 5422 3802 5478; x_wconf 89' lang='lat' dir='ltr'>Ni-</span> 
     </span>
    </p>
   </div>
   <div class='ocr_carea' id='block_1_117' title="bbox 2146 5509 3792 5586">
    <p class='ocr_par' dir='ltr' id='par_1_117' title="bbox 2146 5509 3792 5586">
     <span class='ocr_line' id='line_1_117' title="bbox 2146 5509 3792 5586; baseline -0.003 -12"><span class='ocrx_word' id='word_1_722' title='bbox 2146 5518 2291 5574; x_wconf 91' lang='lat' dir='ltr'>colai</span> <span class='ocrx_word' id='word_1_723' title='bbox 2308 5515 2703 5573; x_wconf 87' lang='lat' dir='ltr'>voluntarium</span> <span class='ocrx_word' id='word_1_724' title='bbox 2737 5513 3282 5586; x_wconf 87' lang='lat' dir='ltr'>munus,ipsiusque</span> <span class='ocrx_word' id='word_1_725' title='bbox 3304 5509 3558 5568; x_wconf 86' lang='lat' dir='ltr'>ecclesia</span> <span class='ocrx_word' id='word_1_726' title='bbox 3590 5527 3792 5569; x_wconf 89' lang='lat' dir='ltr'>rerum</span> 
     </span>
    </p>
   </div>
   <div class='ocr_carea' id='block_1_118' title="bbox 2148 5598 3797 5678">
    <p class='ocr_par' dir='ltr' id='par_1_118' title="bbox 2148 5598 3797 5678">
     <span class='ocr_line' id='line_1_118' title="bbox 2148 5598 3797 5678; baseline -0.002 -15"><span class='ocrx_word' id='word_1_727' title='bbox 2148 5623 2249 5678; x_wconf 88' lang='lat' dir='ltr'>pro</span> <span class='ocrx_word' id='word_1_728' title='bbox 2281 5623 2373 5662; x_wconf 89' lang='lat' dir='ltr'>me</span> <span class='ocrx_word' id='word_1_729' title='bbox 2403 5606 2633 5674; x_wconf 89' lang='lat' dir='ltr'>amodo,</span> <span class='ocrx_word' id='word_1_730' title='bbox 2657 5607 2714 5659; x_wconf 87' lang='lat' dir='ltr'>et</span> <span class='ocrx_word' id='word_1_731' title='bbox 2737 5619 2918 5675; x_wconf 89' lang='lat' dir='ltr'>usque</span> <span class='ocrx_word' id='word_1_732' title='bbox 2944 5603 3001 5658; x_wconf 92' lang='lat' dir='ltr'>in</span> <span class='ocrx_word' id='word_1_733' title='bbox 3020 5602 3442 5674; x_wconf 88' lang='lat' dir='ltr'>sempiternum</span> <span class='ocrx_word' id='word_1_734' title='bbox 3463 5598 3797 5672; x_wconf 84' lang='lat' dir='ltr'>singulare,</span> 
     </span>
    </p>
   </div>
  </div>
