3970 6218
119 292 274 365 1338

1275 300 1671 368 EPISTOL/E
1712 302 1813 368 ET
1855 301 2307 372 DIPLOMATA
2322 351 2338 370 .

3361 303 3510 370 1334

119 439 172 492 et
199 431 495 508 integrum
525 430 654 492 sine
683 429 879 507 aliqua
906 433 1297 492 controversia
1320 437 1632 508 aggredere
1653 437 1754 493 do-
1784 441 1838 507 Α
1871 441 2286 512 nuere.Sitque
2307 438 2616 513 praedictus
2637 438 2980 497 venerabilis
3001 436 3166 498 locus
3208 441 3318 498 sub
3350 442 3512 500 omni

119 524 685 595 minium,quatenus
718 524 777 578 in
811 523 944 579 aula
964 529 1064 579 tuo
1086 524 1309 580 nomini
1341 525 1605 580 dedicata
1628 526 1759 580 reli-

117 612 316 685 giosus
346 613 536 668 clerus
566 613 670 668 tibi
704 613 949 668 Domino
971 613 1351 684 omnipotenti
1374 612 1613 670 laudum
1637 614 1762 669 red-

117 704 213 757 dat
235 702 481 757 cantica.

187 791 352 846 Nunc
377 792 575 862 itaque
597 789 915 863 apostolico
939 790 1238 863 privilegio
1261 792 1756 854 concedimus,fir-

117 895 366 946 mamus,
391 879 747 944 stabilimus.
780 883 837 935 et
861 880 1206 934 inconcusso
1242 880 1617 934 fundamento
1663 897 1754 951 pe-

116 968 368 1024 renniter
383 968 684 1024 sancimus
708 967 762 1021 in
779 969 905 1038 jam
929 968 1081 1022 dicta
1101 968 1361 1033 ecclesia,
1385 973 1440 1023 et
1478 969 1754 1024 canonica

116 1057 434 1114 beatissimi
465 1057 705 1112 Andrea
739 1054 984 1128 apostoli
1018 1057 1238 1128 integre
1268 1074 1468 1112 omnes
1500 1057 1752 1112 decima-

118 1147 298 1202 tiones
317 1145 738 1218 proprietatum
753 1146 1220 1216 supradictorum
1247 1145 1753 1210 hominum,Joan-

120 1234 207 1290 nis
236 1233 516 1300 videlicei,
552 1234 650 1306 qui
684 1234 900 1288 dicitur
925 1233 1373 1296 Corbacchione,
1398 1233 1616 1304 Ugonis
1651 1232 1752 1287 filii

121 1323 331 1388 Uberti,
363 1328 420 1378 et
449 1321 670 1378 Morelli
699 1321 802 1375 filii
833 1321 1176 1388 Anselmi,et
1198 1321 1528 1388 Rolandini,
1561 1327 1616 1377 et
1641 1328 1756 1376 An-

123 1412 280 1468 selmi
307 1410 672 1484 egregiorum
705 1409 957 1464 filiorum
974 1409 1300 1465 Ildebrandi
1333 1411 1434 1464 lilii
1453 1410 1681 1476 Leonis,
1698 1413 1754 1463 et

124 1499 441 1572 Signorelli,
464 1504 521 1554 et
551 1499 792 1554 Bonomi
823 1498 1187 1570 egregiorum
1234 1497 1486 1554 filiorum
1522 1497 1751 1552 Rodulfi

123 1589 218 1644 ﬁlii
247 1588 382 1644 item
413 1587 767 1653 Ildebrandi,
799 1586 1018 1642 scilicet
1045 1588 1306 1642 omnium
1356 1586 1589 1641 illarum
1621 1602 1750 1656 pro-

124 1679 453 1752 prietatum,
475 1693 623 1748 quas
654 1675 911 1748 pradicti
927 1675 1194 1730 homines
1216 1675 1534 1747 possident,
1549 1673 1635 1729 vel
1653 1673 1750 1729 alii

124 1784 216 1840 per
242 1783 360 1836 eos,
393 1765 480 1821 vel
509 1765 568 1820 in
591 1770 761 1820 antea
793 1765 1169 1835 acquisierint
1194 1765 1345 1820 infra
1373 1768 1561 1819 totum
1585 1763 1748 1818 terri-
1781 1802 1829 1866 B

125 1857 324 1913 torium
349 1855 540 1928 plebis
561 1856 620 1910 S.
635 1853 855 1909 Juliani
877 1853 1000 1908 sita
1018 1853 1343 1925 Septimi,et
1360 1853 1543 1924 plebis
1555 1851 1746 1906 Sancti

124 1946 336 2001 Martini
359 1945 486 2000 sita
510 1943 726 2007 Brozzi,
746 1948 801 1996 et
821 1941 1006 2013 plebis
1025 1943 1084 1997 S.
1108 1942 1395 1997 Vincentii
1418 1942 1539 1997 sita
1572 1941 1747 2007 Pesa,

126 2039 178 2090 et
202 2036 256 2089 in
289 2039 407 2090 tota
436 2031 586 2088 valle
618 2031 688 2086 de
718 2032 917 2097 Greve,
951 2035 1007 2085 et
1033 2031 1089 2084 in
1123 2029 1273 2084 Villa
1293 2031 1528 2093 Nova,et
1551 2030 1750 2084 intota

126 2121 330 2194 capella
359 2122 420 2178 S.
459 2119 641 2186 Pauli,
677 2124 735 2174 et
764 2119 820 2172 in
837 2118 1158 2189 Casignano
1174 2119 1427 2190 exceptis
1455 2119 1658 2173 masiis
1679 2119 1750 2172 de

124 2211 409 2278 Cuilatico,
447 2224 694 2281 quorum
725 2207 981 2262 decimas
1013 2207 1070 2262 in
1104 2206 1436 2262 Florentina
1472 2206 1752 2262 canonica

125 2299 434 2372 persolvere
477 2298 708 2353 debent.
762 2301 1011 2352 Pratera
1069 2296 1175 2351 hac
1232 2296 1434 2352 eadem
1470 2295 1749 2367 privilegii

124 2387 493 2462 praeceptione
524 2402 726 2442 omnes
755 2385 1010 2440 decimas
1043 2384 1274 2439 illarum
1308 2383 1749 2456 proprietatum,

125 2495 238 2550 qua
266 2477 402 2533 olim
437 2476 678 2530 fuerunt
692 2474 862 2529 Benzi
893 2472 993 2527 filii
1019 2474 1373 2528 Petronisde
1396 2473 1750 2544 Radda,qua

124 2570 248 2621 sunt
275 2565 478 2638 posita
510 2564 568 2618 in
599 2563 724 2618 loco
755 2561 1076 2630 Godosela,
1107 2567 1162 2617 et
1192 2563 1249 2616 in
1294 2561 1444 2616 Villa
1484 2566 1660 2624 Nova,
1695 2566 1752 2616 et

123 2653 175 2708 in
203 2654 256 2709 S.
289 2651 498 2722 Paulo,
525 2655 581 2706 et
637 2651 698 2705 in
746 2649 1092 2722 Carignano,
1126 2655 1181 2704 et
1227 2666 1328 2721 per
1374 2649 1487 2704 alia
1515 2649 1660 2712 loca,
1697 2651 1753 2704 et

120 2741 379 2799 vocabula
414 2741 474 2795 in
500 2744 620 2796 tota
631 2740 758 2810 jam
791 2739 953 2793 dicta
985 2737 1240 2794 ecclesia
1263 2737 1750 2810 parochia,eidem

122 2831 358 2888 ecclesia
390 2829 643 2884 ﬁrmiter
696 2827 1101 2895 concedimus;
1161 2832 1216 2882 et
1272 2828 1512 2898 insuper
1548 2842 1752 2881 omnes

120 2921 357 2976 decimas
379 2917 683 2973 novalium
701 2917 770 2972 de
787 2915 948 2972 silvis
961 2915 1429 2988 supradictorum
1444 2914 1750 2969 hominum

120 3009 446 3080 ubicunque
481 3005 839 3072 laborantur,
854 3003 1465 3071 vellaborabuntur,et
1485 3003 1751 3058 omnium

119 3097 349 3154 aliarum
379 3095 670 3152 silvarum
693 3109 1053 3166 quacunque
1075 3092 1432 3162 laborantur,
1460 3092 1548 3148 vel
1588 3091 1750 3146 labo-

1868 530 2120 599 potentis
2149 530 2269 596 Dei,
2306 534 2617 602 nostraque
2648 535 2705 585 et
2737 535 3068 586 nostrorum
3105 547 3513 586 successorum

1865 617 2132 683 tuitione,
2167 618 2501 690 nulliusque
2533 619 2880 690 subjiciatur
2909 619 3188 687 dominio,
3223 619 3334 673 nisi
3384 620 3514 674 Flo-

1868 705 2093 759 rentino
2125 707 2418 778 episcOpo.
2452 707 2698 778 Ipseque
2719 706 3026 778 episcopus
3057 707 3305 776 benigne
3330 710 3384 760 et
3414 705 3515 761 ho-

1866 799 2027 847 neste
2059 796 2379 855 tractando.
2408 796 2564 849 omni
2593 796 2890 866 superflua
2941 795 3238 850 exactione
3271 798 3512 866 postpo-

1872 883 2007 947 sita,
2040 900 2138 938 eos
2168 901 2397 956 semper
2427 883 2710 939 hortetur.
2745 884 2801 937 Si
2839 884 2971 955 quis
3017 900 3174 955 ergo,
3208 883 3360 953 quod
3395 897 3511 938 non

1861 971 2460 1044 credimus,sacrilega
2473 971 2846 1043 mente,quod
2862 972 2916 1026 in
2931 977 3238 1042 conspectu
3255 969 3512 1042 episcopi

1863 1058 2120 1114 Umberti
2141 1061 2452 1116 cardinalis
2474 1061 2639 1116 Silva
2661 1061 2956 1128 Candida,
2977 1065 3148 1132 atque
3177 1060 3508 1116 Ildebrandi

1863 1149 1920 1202 S.
1958 1149 2022 1203 Ρι.
2057 1150 2118 1203 E.
2153 1151 2561 1216 archidioconi,
2588 1165 2696 1205 nec
2731 1167 2843 1206 non
2876 1151 3280 1221 episcoporum
3335 1153 3507 1206 Peru-

1863 1236 1974 1291 sini
2007 1241 2063 1292 et
2094 1237 2407 1304 ltoselloni,
2443 1238 2690 1292 Rozonis
2722 1255 2954 1310 quoque
2974 1244 3026 1292 S.
3049 1239 3385 1294 Florentino:
3405 1240 3507 1294 Ec-

1863 1325 2049 1380 clesia
2081 1326 2562 1398 archipresbyteri
2596 1328 2759 1396 juste
2805 1327 3214 1395 stabilivimus,
3262 1333 3504 1384 conatus

1863 1414 2036 1468 fuerit
2065 1414 2398 1485 infringere,
2432 1415 2631 1470 decem
2685 1415 2812 1469 auri
2844 1415 3025 1470 libras
3076 1418 3323 1486 prafata
3353 1416 3506 1472 basi-

1861 1501 1981 1556 lica
2031 1508 2272 1574 cogatur
2329 1503 2678 1574 persolvere,
2748 1504 3118 1559 medietatem
3177 1505 3506 1560 Florentino

1859 1590 2150 1662 episcopo,
2187 1597 2243 1646 et
2276 1592 2647 1647 medietatem
2682 1591 2909 1647 clericis
2941 1593 2998 1646 in
3030 1594 3228 1648 eadem
3265 1593 3511 1648 ecclesia

1860 1679 2339 1746 consistentibus,
2374 1681 2734 1735 descendant
2790 1697 2967 1753 super
2999 1699 3131 1736 eum
3164 1698 3367 1737 omnes
3398 1681 3509 1736 illa

1860 1767 2321 1832 maledictiones,
2357 1768 2468 1822 nisi
2500 1769 2837 1825 admonitus
2868 1770 3234 1835 satisfecerit,
3269 1788 3416 1842 quas
3450 1771 3508 1826 in

1858 1856 2302 1911 Deuteronomio
2323 1857 2636 1928 descripsit
2666 1863 2908 1913 sanctus
2940 1859 3184 1929 Moyses,
3223 1864 3396 1930 atque
3425 1859 3508 1914 in-

1859 1945 2102 1998 terficiat
2125 1961 2258 1998 eum
2293 1949 2442 1999 Deus
2471 1945 2680 2016 spiritu
2708 1946 2824 2000 oris
2859 1946 2975 2008 sui,
3009 1946 3159 2000 sicut
3181 1947 3406 2001 Dathan
3447 1952 3506 2002 et

1859 2033 2097 2098 Abiron,
2132 2050 2277 2104 quos
2308 2034 2466 2088 vivos
2496 2033 2798 2104 deglutivit
2847 2039 3018 2097 terra,
3053 2038 3108 2088 et
3163 2034 3404 2106 insuper
3451 2035 3501 2089 si

1860 2120 2103 2176 clericus
2134 2122 2325 2187 fuerit,
2359 2121 2448 2176 sui
2480 2123 2704 2177 ordinis
2735 2122 2923 2176 ofﬁcio
2958 2123 3235 2193 privetur.
3261 2124 3500 2178 Praeter-

1859 2226 1946 2275 ea,
1980 2215 2044 2264 ut
2065 2210 2186 2265 hac
2215 2211 2427 2282 pagina
2458 2209 2688 2282 plenam
2741 2211 2917 2265 fidem
2963 2212 3346 2281 prasentibus
3397 2229 3501 2267 seu

1859 2297 2035 2353 etiam
2070 2299 2314 2370 posteris
2345 2303 2591 2364 astruat,
2625 2299 2868 2370 propria
2916 2299 3245 2370 apostolica
3290 2317 3502 2357 manus

1861 2387 2290 2458 subscriptione
2316 2388 2698 2442 munivimus.

1931 2477 2050 2548 Ego
2079 2475 2371 2539 Nicolaus,
2407 2492 2610 2531 servus
2669 2491 2966 2530 servorum
3005 2475 3120 2542 Dei,
3157 2476 3290 2531 huic
3325 2477 3505 2548 privi-

1859 2563 1991 2636 legii
2025 2565 2247 2636 pagina
2279 2564 2624 2636 subscripsi.

1933 2656 2048 2724 Ego
2073 2652 2478 2718 Ildebrandus,
2509 2653 2566 2707 S.
2604 2654 2668 2707 Il.
2696 2653 2754 2707 E.
2787 2652 3502 2718 archidiaconus,subscr.

1932 2745 2046 2811 Ego
2077 2741 2392 2808 Gerardus,
2427 2745 2640 2795 sancta
2672 2739 2992 2796 Rosellana
3043 2739 3308 2797 Ecclesia
3349 2743 3504 2814 epis-

1860 2845 2061 2900 copus,
2093 2828 2328 2884 interfui
2361 2833 2418 2884 et
2445 2828 2789 2900 subscripsi.

1934 2916 2048 2990 Ego
2081 2917 2251 2982 ltozo,
2285 2922 2496 2973 sancta
2529 2916 2870 2972 Florentina
2891 2917 3154 2972 Ecclesia
3178 2918 3506 2991 archipres-

1861 3005 2044 3076 byter.

1933 3094 2079 3150 Data
2111 3096 2325 3151 ibidem
2343 3113 2416 3150 xv
2437 3094 2562 3150 Kal.
2609 3096 2905 3150 Februarii
2945 3113 3046 3167 per
3072 3114 3283 3152 manus
3319 3099 3504 3154 Hum-

119 3187 384 3242 rabuntur
423 3183 575 3238 infra
599 3186 788 3237 totum
847 3182 1034 3253 ipsius
1083 3181 1340 3237 ecclesiae
1365 3182 1743 3244 territorium,
1778 3167 1821 3234 C
1859 3183 2004 3239 berti
2036 3185 2292 3256 episcopi
2320 3189 2532 3240 sancta
2564 3185 2828 3241 Ecclesia
2863 3185 3027 3240 Silva
3076 3186 3346 3241 Candida
3377 3205 3504 3243 car-

119 3274 369 3330 similiter
397 3272 464 3327 in
523 3272 723 3327 eadem
782 3271 1062 3325 canonica
1115 3271 1508 3326 concedimus.
1559 3268 1748 3324 Simili

121 3364 277 3419 modo
306 3377 517 3419 omnes
548 3358 835 3432 primitias
868 3359 1066 3430 populi
1090 3359 1371 3430 pradicta
1404 3358 1676 3424 ecclesia,
1693 3361 1749 3411 et

118 3451 359 3524 integras
391 3452 753 3521 spontaneas
785 3446 1106 3502 oblationes
1137 3448 1417 3514 vivorum,
1443 3452 1501 3502 et
1539 3447 1746 3501 defun-

119 3543 416 3608 ctorum,et
436 3537 666 3607 integra
684 3539 1114 3604 testamenta,et
1127 3536 1368 3590 liberam
1384 3534 1745 3606 sepulturam

118 3629 280 3685 totius
302 3623 698 3699 suipopuli,et
720 3624 970 3680 maxime
992 3629 1390 3697 patronorum,
1406 3628 1462 3680 et
1481 3623 1745 3678 omnium

119 3719 207 3790 qui
236 3719 388 3774 infra
418 3713 720 3770 dioecesim
733 3714 859 3784 jam
883 3714 1048 3768 dicta
1078 3713 1329 3768 ecclesia
1349 3712 1634 3778 habitant,
1660 3711 1746 3766 vel

118 3807 479 3870 habitabant,
511 3803 697 3858 eidem
739 3801 995 3858 ecclesia
1041 3800 1474 3874 perpetualiter,
1522 3808 1577 3854 et
1623 3799 1748 3854 sine

121 3896 221 3951 ﬁne
232 3895 542 3968 largimur.
559 3891 801 3946 Prorsus
816 3891 1032 3962 pradia
1044 3890 1239 3946 omnia
1253 3908 1285 3946 a
1298 3891 1748 3962 quibuscumque

120 3981 374 4040 ﬁdelibus
397 3995 754 4054 quocunque
776 3979 1121 4048 modojuste
1137 3976 1535 4050 acquisita,vel
1550 3975 1747 4046 acqui-

119 4073 300 4127 renda.
329 4068 691 4126 Electionem
721 4083 954 4139 quoque
976 4067 1191 4140 proprii
1215 4066 1547 4138 pastoris,et
1568 4069 1749 4119 totam

120 4159 536 4216 ordinationem
568 4155 756 4228 ipsius
777 4155 1009 4223 domus,
1042 4160 1099 4210 et
1146 4155 1488 4212 clericorum
1542 4170 1749 4224 repra-

122 4250 502 4304 sentationem
534 4249 666 4300 ante
695 4245 997 4316 proprium
1027 4243 1366 4316 episc0pum
1389 4245 1458 4298 ad
1484 4243 1754 4298 ordinan-

124 4337 248 4393 dum
278 4333 584 4394 canonicis
615 4334 880 4404 ejusdem
938 4333 1193 4388 ecclesia
1251 4333 1435 4389 libera
1482 4331 1756 4387 facultate

125 4425 530 4498 perpetualiter
550 4421 924 4478 concedimus
942 4426 999 4478 et
1013 4422 1364 4478 stabilimus.
1386 4422 1514 4476 Hac
1559 4421 1757 4476 omnia

125 4515 491 4570 concedimus
513 4510 738 4568 clericis
766 4509 826 4565 in
860 4510 990 4582 ipsa
1011 4509 1144 4566 aula
1164 4512 1438 4566 canonice
1470 4511 1754 4565 manenti-
1790 4533 1837 4597 D

126 4603 391 4674 bus,quia
411 4600 556 4656 olim
568 4599 644 4653 du
656 4616 708 4652 n1
732 4598 1057 4670 simplicem
1084 4599 1454 4671 episcopatus
1485 4598 1763 4669 pralatio-

127 4708 250 4746 nem
272 4704 678 4747 exerceremus
710 4687 995 4743 sacerdoti
1025 4687 1236 4743 Joanni
1259 4689 1384 4758 jam
1428 4687 1581 4742 dicto
1613 4704 1757 4758 pra-

127 4779 324 4851 posito,
340 4783 399 4834 et
421 4777 549 4833 suis
570 4776 1307 4847 confratribus,eorumque
1322 4775 1762 4830 successoribus

126 4867 532 4932 stabilivimus,
555 4870 613 4920 et
632 4865 1054 4921 concessimus.
1076 4865 1446 4920 Absolvimus
1467 4869 1759 4936 praterea,

124 4955 492 5028 liberumque
521 4953 794 5009 eumdem
824 4954 1215 5008 venerabilem
1236 4951 1427 5008 locum
1451 4952 1767 5023 apostolica

124 5045 417 5101 sanctione
440 5041 751 5115 persistere
763 5043 1066 5113 jubemus,
1087 5059 1159 5097 ne
1177 5041 1344 5097 liceat
1361 5041 1532 5096 alicui
1558 5059 1764 5112 parva.

124 5147 465 5204 magnaque
494 5146 772 5202 persona,
795 5129 1001 5186 clerico
1031 5129 1120 5184 vel
1155 5129 1297 5184 laico
1327 5130 1563 5194 ibidem,
1602 5147 1768 5184 cano-

125 5223 244 5278 uice
272 5222 712 5277 commorantes
757 5217 995 5275 clericos
1054 5218 1454 5286 dehonestare,
1499 5224 1555 5273 et
1593 5218 1768 5290 placi-

123 5311 291 5366 tando
324 5308 632 5374 infestare,
682 5305 771 5362 vel
819 5306 1079 5362 debitum
1135 5307 1357 5371 tributi,
1390 5306 1476 5360 vel
1522 5306 1772 5377 alicujus

124 5396 513 5470 subjectionis
560 5395 630 5449 ab
689 5395 772 5450 eis
810 5394 1056 5466 exigere,
1088 5412 1186 5450 seu
1216 5394 1413 5466 aliqua
1447 5397 1672 5452 occasio
1705 5413 1776 5453 ne

124 5487 283 5543 sibia
313 5483 514 5550 nobis,
548 5487 648 5537 aut
678 5484 750 5537 ab
782 5483 1078 5554 aliquibus
1110 5481 1386 5537 ﬁdelibus
1419 5500 1508 5538 res
1541 5501 1775 5540 conces-

127 5593 244 5646 sas,
275 5575 403 5634 sive
435 5571 840 5629 concedendas
870 5571 1158 5634 invadere,
1204 5571 1569 5641 subtrahere,
1604 5575 1778 5630 dimi-

1857 3271 2089 3340 dinalis,
2124 3273 2451 3344 apostolica
2481 3273 2639 3328 sedis
2671 3273 3115 3339 bibliothecarii,
3148 3292 3300 3330 anno
3332 3276 3500 3333 Dom.

1855 3359 2015 3425 4059,
2048 3362 2422 3432 pontificatus
2452 3365 2644 3416 autem
2679 3361 2746 3415 D.
2789 3379 2949 3432 papa
3000 3362 3218 3417 Nicolai
3256 3366 3500 3419 secundi

1854 3449 2064 3518 primo,
2093 3450 2275 3504 indict
2303 3467 2404 3515 xu,
2435 3467 2548 3520 quo
2582 3448 2846 3504 videlicet
2875 3451 2968 3504 die
3016 3449 3074 3504 in
3125 3451 3362 3520 prafata
3411 3468 3500 3506 ec-

1855 3535 2032 3590 clesia
2061 3537 2133 3591 ab
2165 3538 2365 3592 eodem
2393 3537 2662 3608 episcopo
2691 3537 3008 3591 Humberto
3031 3538 3203 3605 jussu
3229 3538 3496 3606 ejusdem

1856 3625 1920 3679 D.
1957 3642 2116 3696 papa
2161 3626 2276 3680 duo
2324 3624 2552 3690 altaria,
2585 3641 2769 3678 unum
2804 3625 2863 3678 in
2894 3624 3173 3680 honorem
3205 3627 3267 3680 B.
3302 3625 3496 3681 Maria

1856 3730 2086 3785 semper
2115 3714 2394 3784 Virginis,
2425 3718 2484 3769 et
2512 3717 2846 3767 sanctarum
2881 3713 3173 3784 virginum
3205 3713 3413 3770 Prisca
3443 3719 3503 3772 et

1859 3801 2202 3874 Margarila,
2225 3807 2282 3855 et
2312 3801 2562 3856 alterum
2584 3801 2639 3855 in
2663 3801 2940 3856 honorem
2965 3803 3022 3857 S.
3063 3802 3260 3868 Blasii,
3287 3807 3343 3858 et
3373 3821 3506 3859 san-

1857 3895 2082 3944 ctorum
2116 3889 2352 3945 Fabiani
2385 3895 2442 3945 et
2471 3889 2795 3945 Sebastiani
2828 3895 2968 3945 sunt
2997 3896 3352 3947 consecrata.

2598 3996 2764 4050 XVII.

1860 4086 2023 4141 Bulla
2052 4086 2288 4140 Nicolaiz'
2317 4087 2366 4140 II
2393 4102 2550 4156 papa
2597 4085 2662 4140 de
2713 4088 3119 4143 consecratione
3178 4087 3414 4141 basilica
3445 4087 3501 4143 S.

1931 4158 2219 4284 Iba-urentiz’
2246 4157 2310 4211 de
2351 4159 2649 4224 Florentia,
2682 4160 2774 4212 cui
2827 4158 3146 4231 subscripsit
3199 4158 3256 4213 S.
3315 4162 3509 4215 Petrus

1978 4245 2249 4284 amzanus.

2483 4316 2670 4385 (Anno
2704 4317 2888 4387 1060.)

1901 4403 2295 4475 [ΜιπΑιὶειιῐιῃ
2327 4404 2525 4458 Annal.
2562 4403 2876 4460 Camaldul.
2912 4405 2981 4473 Il,
3029 4409 3292 4480 Append.
3334 4409 3472 4479 164.]

1940 4510 2225 4564 NICOLAUS
2257 4510 2587 4582 episcopus,
2621 4527 2823 4565 servus
2854 4527 3154 4568 servorum
3177 4513 3514 4580 Dei,dileclo

1872 4598 1989 4652 ﬁlio
2021 4598 2245 4665 GISONI,
2279 4597 2529 4654 ecclesia
2560 4599 2742 4654 sancti
2765 4600 3060 4655 Laurentii
3090 4603 3258 4671 juxta
3281 4602 3514 4657 Floren-

1867 4687 2001 4742 tina
2034 4687 2283 4742 civitatis
2316 4705 2515 4742 muros
2548 4687 2694 4752 sita,
2721 4689 2947 4752 rectori,
2998 4689 3233 4760 tuisque
3284 4707 3514 4746 succes~

1871 4776 2102 4831 soribus
2125 4777 2398 4830 canonice
2426 4775 2640 4833 ibidem
2673 4774 3034 4841 ordinandis,
3069 4777 3344 4832 omnibus
3367 4795 3516 4848 quo-

1873 4880 1984 4936 que
2014 4863 2406 4918 communiter
2435 4863 2675 4918 victuris
2707 4863 2762 4917 in
2789 4868 3158 4934 perpetuum.

1946 4951 2228 5016 Quoniam
2260 4951 2688 5022 Omnipotentis
2702 4950 2960 5022 dignatio
2983 4968 3089 5006 suo
3109 4952 3366 5024 gratuito
3397 4969 3523 5009 mu-

1877 5056 2011 5096 nere
2037 5041 2106 5094 ad
2141 5040 2247 5094 hoc
2270 5045 2530 5094 nostram
2564 5038 2956 5094 humilitatem
2989 5039 3228 5111 dignata
3257 5046 3346 5096 est
3393 5059 3524 5112 pro-

1876 5129 2103 5196 vehere,
2129 5134 2418 5200 quatenus
2448 5145 2549 5199 per
2579 5145 2684 5183 nos
2717 5127 2933 5198 ubique
2983 5133 3267 5184 terrarum
3303 5131 3527 5186 diffusa

1885 5218 2147 5273 Ecclesia
2179 5218 2376 5273 lumen
2408 5217 2775 5271 administrct
2799 5216 3157 5284 indeficiens,
3184 5218 3531 5274 rationabile
3599 5279 3614 5290 _

1885 5306 2124 5362 omnino
2144 5307 2416 5362 ducimus
2430 5305 2664 5377 speciali
2681 5304 2960 5378 regimine
2974 5310 3183 5360 nostra
3199 5323 3352 5364 cura
3373 5325 3530 5364 com-

1886 5396 2076 5451 missa
2109 5395 2447 5452 Florentina
2480 5395 2745 5451 Ecclesia
2791 5400 3206 5468 congruentem
3254 5398 3534 5469 provisio-

1887 5501 2020 5539 nem
2041 5484 2714 5557 impendercjugiter,sic
2728 5501 2982 5558 namque
2997 5485 3261 5543 Doctoris
3274 5489 3537 5560 gentium

1891 5573 2109 5627 imitari
2131 5572 2458 5629 valebimus
2486 5573 2723 5630 salubre
2754 5575 3191 5648 documentum,
3227 5595 3364 5636 cum
3410 5594 3540 5655 pro-
