3970 6218
364 309 523 383 1335

1719 319 2030 385 NICOLAI
2069 315 2125 385 ῙῙ
2166 313 2396 383 ΡΑΡΕ

3603 303 3776 377 1836

360 453 588 512 viribus
622 453 964 526 nostris,qui
997 455 1215 510 bonum
1249 453 1531 527 impertiri
1556 455 1830 510 omnibus
1837 455 2010 526 jubet
2036 455 2092 521 Α
2121 455 2239 510 sive
2278 453 2675 510 concedendas
2705 452 2997 521 invadere,
3020 447 3382 517 subtrahere,
3407 445 3767 512 diminuere,

365 559 514 615 opus
546 545 614 597 ad
648 545 997 598 domesticos
1032 545 1158 598 fidei
1195 545 1465 613 maxime,
1495 561 1624 598 cum
1659 562 1761 616 pro
1795 544 2008 599 nostris

363 631 588 685 viribus
620 631 812 686 divino
837 631 1015 684 cultui
1035 632 1175 686 locis
1195 633 1400 688 dicatis
1433 633 1610 703 digna
1638 633 2010 703 providemus

368 718 668 788 obsequia,
703 724 767 772 ut
823 720 1116 774 indefessa
1172 722 1425 776 laudatio
1485 722 1542 775 in
1575 723 1657 775 eis
1689 722 2012 776 celebretur

364 823 469 878 per
499 807 698 861 omnia
727 808 956 862 saecula.
982 811 1087 862 Sed
1115 812 1250 879 quia
1281 811 1491 882 lapidei
1526 811 1773 882 parietes
1802 828 1913 865 non
1937 811 2009 865 ob

367 895 475 952 hoc
501 900 639 949 sunt
669 897 988 960 constituti,
1026 903 1085 950 ut
1119 899 1230 951 Deo
1265 899 1487 970 possint
1517 899 1723 970 dignas
1746 915 2010 970 promere

368 982 923 1055 laudes,congruum
960 987 1210 1056 profecto
1243 988 1470 1042 videtur
1499 988 1570 1042 ad
1602 987 1779 1042 divini
1821 987 2009 1060 operis

368 1072 806 1144 perfectionem,
826 1074 1168 1129 clericorum
1201 1077 1352 1130 circa
1382 1076 1734 1130 venerabilia
1763 1076 1887 1131 loca
1918 1094 2008 1131 or-

372 1161 574 1216 dinare
607 1161 869 1218 sedulam
907 1163 1448 1233 frequentationem.
1475 1164 1578 1230 Qui
1606 1164 1862 1234 quidem,
1897 1164 2007 1219 nisi

369 1248 616 1303 terrenis
648 1251 1042 1322 temporaliter
1061 1257 1460 1306 sustententur
1481 1252 2004 1321 stipendiis,idonei

369 1337 463 1392 vix
479 1339 978 1409 possuntexistere
1001 1339 1254 1394 cultibus
1279 1340 1647 1402 divinis,cum
1667 1340 1789 1410 ipse
1806 1340 2008 1394 mundi

370 1427 647 1482 Conditor
677 1429 1000 1482 secundum
1036 1429 1354 1482 humanam
1388 1429 1610 1482 unitam
1667 1429 1775 1483 sibi
1825 1433 2007 1484 mate-

369 1515 516 1571 riam
550 1516 826 1586 dignatus
858 1517 931 1568 sit
963 1517 1211 1586 perferre
1239 1516 1394 1570 sitim
1417 1521 1471 1570 et
1493 1517 1765 1581 esuriem,
1790 1517 1870 1570 Ad
1887 1517 2008 1588 glo-

370 1603 518 1660 riam
552 1603 747 1672 itaque
779 1603 958 1672 illius,
1002 1621 1102 1674 per
1159 1622 1330 1676 quem
1378 1603 1628 1658 vivimus
1686 1610 1743 1660 et
1779 1622 2008 1671 sumus,

370 1690 780 1762 pretiosissimi
804 1693 1082 1763 martyris
1111 1693 1321 1748 Christi
1356 1693 1650 1748 Laurentii
1683 1694 2008 1764 basilicam,

370 1783 568 1834 nostro
599 1779 839 1849 quidam
873 1780 1218 1846 hortamine,
1254 1782 1719 1837 Florentinorum
1767 1801 1898 1838 vero
1931 1785 2013 1838 ci-
2041 1821 2089 1886 B

368 1867 528 1923 vium
561 1869 898 1941 sumptibus
929 1870 1171 1940 pulchra
1195 1872 1385 1942 specie
1415 1871 2012 1943 instauratam,'epis-

371 1974 651 2029 coporum
683 1965 1169 2030 aggregatopoetu
1216 1961 1466 2030 propriis
1514 1961 1787 2016 manibus
1829 1961 2016 2016 reddi-

374 2047 572 2102 dimus
598 2048 920 2103 dedicatam
955 2065 1131 2118 quam
1156 2050 1372 2103 nudam
1399 2043 1690 2120 sincjdote
1720 2051 2014 2105 dimittere

375 2136 684 2207 indignum
718 2136 879 2190 valde
903 2137 1320 2205 judicavimus,
1349 2138 1665 2208 apostolica
1702 2138 2015 2204 soliditate,

375 2226 467 2280 cui
491 2226 777 2297 prsccipue
800 2226 1076 2296 competit
1107 2226 1392 2281 honestati
1427 2227 1712 2282 studendo
1742 2227 2017 2282 omnibus

377 2312 900 2384 nedumjinjuriam
927 2313 1287 2385 patientibus
1320 2315 1412 2386 pia
1443 2315 1836 2370 sollicitudine
1877 2316 2016 2370 sub-

373 2403 588 2460 venire.
623 2402 1039 2457 Assistentium
1073 2419 1206 2474 ergo
1228 2405 1470 2458 fratrum
1507 2405 1760 2469 hortatu,
1786 2405 2017 2476 proprio

375 2508 609 2564 quoque
624 2490 864 2546 consilio
879 2492 1127 2546 roborati
1141 2497 1445 2562 ,prazsentc
1463 2493 1674 2564 populo
1689 2491 2018 2548 Florentino

375 2597 478 2654 pro
503 2581 753 2652 peccatis
775 2581 1036 2650 ejusdem
1061 2579 1308 2634 civitatis
1329 2581 1744 2652 prazsulum,ob
1765 2586 2018 2637 vestram

377 2686 610 2744 quoque
641 2669 1026 2734 devotionem,
1060 2669 1311 2740 denique
1344 2675 1578 2741 propter
1608 2671 1788 2726 totius
1821 2670 2019 2743 populi

377 2761 627 2817 salutem
660 2777 693 2813 a
715 2757 882 2813 nobis
906 2762 1244 2813 consecrato
1267 2758 1433 2812 altari
1458 2759 2021 2830 prmdiorumfetom-

377 2850 542 2905 nium
575 2863 816 2902 suarum
850 2863 1066 2912 rerum,
1099 2847 1250 2917 quod
1284 2846 1492 2902 saltem
1524 2849 1594 2902 ad
1635 2865 1890 2920 prmsens
1922 2866 2018 2920 po-

375 2935 1031 3004 tuimus,investituram
1047 2935 1424 3006 apostolicam
1438 2937 2025 3010 obtulimus.Suscipe

379 3027 580 3099 igitur,
615 3023 985 3079 sanctissime
1017 3024 1309 3089 Laurenti,
1339 3025 1444 3078 tibi
1464 3025 1818 3096 jamdudum
1854 3027 2022 3082 devo-

378 3113 594 3172 tissimi
627 3129 785 3184 papae
817 3110 1034 3167 Nicolai
1067 3111 1461 3167 voluntarium
1493 3130 1728 3182 munus,
1763 3119 2028 3170 tuarum-

2120 544 2312 616 sitque
2334 543 2614 599 immunis
2633 543 2944 614 praedictus
2963 541 3126 596 locus
3152 540 3223 595 ab
3254 538 3413 594 omni
3455 535 3766 608 pensione,

2118 633 2228 688 sub
2259 633 2317 686 S.
2361 631 2652 686 Laurentii
2698 631 2965 695 tuitione,
3016 628 3354 698 nulliusque
3409 624 3771 696 subjiciatur

2118 719 2861 784 dominio,nisiFlorentino
2881 715 3234 790 episcopo.Si
3256 715 3392 786 quis
3422 730 3579 785 ergo,
3605 711 3772 784 quod

2120 827 2233 864 non
2266 810 2579 876 credimus,
2604 809 2886 879 sacrilega
2918 810 3128 871 mente,
3163 804 3318 876 quod
3353 803 3411 858 in
3445 807 3775 874 conspectu

2118 898 2371 969 episcopi
2397 897 2697 953 Humberti
2722 895 3036 952 cardinalis
3075 894 3240 950 Silvae
3267 892 3557 957 Candidas,
3587 893 3777 960 atque

2121 987 2446 1042 Ildebrandi
2469 991 2688 1041 Sanctae
2729 986 3006 1040 Romanae
3043 982 3309 1038 Ecclesiae
3346 975 3778 1041 archidiaconi,

2118 1091 2222 1130 nec
2249 1092 2363 1129 non
2385 1075 2788 1144 episcoporum
2813 1069 3442 1136 Perusinii,Rosellani,
3474 1073 3529 1123 et
3549 1068 3779 1122 Furco-

2119 1162 2338 1228 nensis,
2365 1167 2524 1233 juste
2556 1161 2903 1225 stabilitum,
2937 1164 3181 1215 conatus
3214 1158 3387 1214 fuerit
3423 1156 3777 1227 infringere,

2117 1255 2350 1306 centum
2382 1250 2507 1305 auri
2536 1249 2716 1303 libras
2739 1249 2986 1320 praefatae
3008 1246 3261 1302 basilica:
3287 1249 3531 1317 cogatur
3549 1241 3783 1316 persol-

2113 1355 2262 1403 vere,
2297 1338 2665 1393 medietatem
2693 1336 3021 1391 Florentino
3047 1335 3337 1406 episcopo,
3371 1337 3429 1387 et
3473 1332 3779 1388 medieta-

2116 1431 2234 1482 tem
2267 1425 2492 1481 clericis
2535 1425 2796 1495 ejusdem
2840 1422 3102 1478 Ecclesiaa
3150 1419 3631 1486 consistentibus,
3669 1419 3786 1474 de-

2119 1516 2516 1587 scendantque
2533 1530 2709 1585 super
2721 1529 2855 1568 eum
2871 1510 3302 1583 Omnipotentis
3315 1506 3607 1563 maledicti
3616 1523 3689 1561 on
3701 1522 3782 1561 es

2121 1603 2232 1658 nisi
2264 1603 2598 1658 admonitus
2628 1600 2990 1666 satisfecerit,
3024 1615 3171 1670 quas
3219 1597 3282 1651 in
3315 1595 3784 1651 Deuteronomio

2119 1696 2362 1747 sanctus
2393 1689 2702 1761 descripsit
2749 1691 2998 1760 Moyses,
3049 1691 3223 1757 atque
3279 1683 3588 1739 interﬁciat
3627 1697 3781 1738 eum

2120 1781 2274 1836 Deus
2307 1779 2517 1851 spiritu
2548 1778 2665 1834 oris
2689 1778 2801 1844 sui,
2834 1776 2986 1832 sicut
3016 1773 3240 1829 Dathan
3277 1775 3333 1827 et
3353 1770 3590 1837 Abiron,
3615 1786 3782 1839 quos

2121 1869 2282 1924 vivos
2303 1865 2787 1940 terradeglutivit.
2820 1866 3098 1920 Praeterea
3128 1866 3192 1917 ut
3233 1861 3354 1916 haec
3402 1859 3613 1931 pagina
3643 1858 3782 1931 ple-

2123 1975 2258 2014 nam
2290 1959 2462 2012 fidem
2496 1955 2882 2028 praesentibus
2904 1969 3006 2008 seu
3041 1951 3217 2006 etiam
3250 1949 3495 2028 posteris
3518 1951 3777 2016 astruat,

2124 2052 2182 2103 et
2212 2046 2455 2119 propria:
2488 2025 2700 2100 manus
2714 2041 3160 2113 subscriptione,
3184 2041 3241 2094 et
3261 2025 3558 2110 apostolici
3591 2035 3780 2108 sigilli

2125 2135 2486 2191 munivimus
2521 2131 2923 2204 impressione.

2125 2240 2415 2280 CONFIRMA
2457 2238 2584 2287 HOC,
2628 2236 2794 2286 DEUS,
2838 2233 2992 2281 QUOD
3031 2228 3327 2271 OPERATUS
3364 2230 3428 2268 ES
3478 2229 3535 2269 IN
3573 2227 3773 2268 NOBIB.

2124 2315 2242 2385 Ego
2275 2317 2526 2379 Brunus,
2560 2306 2950 2364 Praenestinus
2981 2305 3313 2377 episcopus,
3345 2303 3442 2358 SS.

2127 2403 2242 2474 Ego
2275 2402 2495 2466 Petrus,
2528 2401 2799 2455 Peccator
2830 2393 3172 2460 monachus,
3196 2393 3296 2448 SS.

2127 2502 2244 2572 Ego
2274 2499 2500 2562 Petrus,
2534 2493 2942 2551 Lavicanensis
2964 2491 3293 2564 episcopus,
3325 2489 3426 2545 SS.

2126 2591 2242 2660 Ego
2274 2586 2626 2652 Bonifacius,
2651 2581 2998 2639 Albanensis
3027 2581 3354 2653 episcopus,
3384 2577 3482 2633 SS.

2127 2679 2247 2750 Ego
2277 2673 2632 2742 Desiderius,
2666 2672 2970 2745 presbyter
3001 2665 3316 2726 cordinalis
3348 2666 3620 2721 Romanis
3667 2664 3778 2720 Ec-

2131 2767 2342 2830 clesiae,
2373 2764 2474 2820 SS.

2203 2855 2417 2910 Datum
2455 2850 2752 2907 Florentiae
2796 2865 2899 2904 xm
2947 2846 3071 2903 Kal.
3132 2844 3429 2910 Februari,
3489 2858 3642 2898 anno
3702 2841 3780 2897 ab

2134 2941 2536 3000 Incarnatione
2570 2938 2796 2994 Domini
2860 2937 3014 3003 1060,
3074 2950 3176 3008 per
3213 2949 3425 2988 manus
3468 2929 3781 2987 Humberti

2132 3034 2356 3090 Sanctae
2389 3027 2652 3085 Ecclesiae
2673 3025 2854 3099 Sylva:
2875 3023 3145 3082 Candidas
3175 3020 3429 3094 episcopi
3460 3024 3518 3075 et
3549 3021 3783 3090 aposto-

2135 3122 2258 3177 licae
2290 3119 2445 3175 sedis
2475 3113 2920 3178 bibliothecarii,
2953 3128 3105 3168 anno
3153 3111 3342 3184 primo
3381 3109 3582 3165 domni
3613 3124 3782 3180 papae

382 3219 494 3276 que
523 3217 717 3257 rerum
746 3217 846 3272 per
872 3217 964 3255 me
995 3201 1204 3254 amodo
1231 3201 1560 3272 etusquein
1596 3202 2019 3274 sempiternum
2052 3181 2095 3248 δ
2134 3208 2352 3266 Nicolai
2388 3207 2456 3271 II,
2489 3204 2803 3261 indictione
2833 3219 2956 3257 xm.

383 3289 681 3362 singulare
732 3293 789 3344 et
834 3289 1147 3360 integrum,
1209 3287 1335 3344 sine
1392 3288 1589 3361 aliqua
1635 3291 2028 3347 controversia

382 3378 695 3451 aggredere
727 3377 1074 3444 dominium,
1109 3381 1400 3448 quatenus
1431 3377 1488 3432 in
1524 3377 1657 3433 aula
1678 3382 1778 3434 tuo
1805 3379 2027 3434 nomini

387 3469 653 3523 dedicata
680 3466 986 3538 religiosus
1009 3465 1198 3521 clerus
1228 3467 1343 3521 Deo
1373 3467 1754 3538 omnipotenti
1785 3468 2029 3524 laudum

387 3558 584 3614 reboet
612 3556 858 3612 cantica.
893 3556 1280 3627 Designentur
1308 3561 1502 3612 autem
1534 3561 1637 3612 tua
1684 3558 1899 3628 praedia
1929 3575 2032 3629 per

387 3647 653 3716 subjecta
678 3643 1389 3714 vocabula,scilicet,totus
1410 3645 1687 3700 circuitus
1709 3647 1777 3700 ad
1777 3647 2030 3718 jacentis

385 3734 643 3791 ecclesia:
671 3733 731 3788 in
758 3719 1072 3805 integrum,
1106 3749 1208 3788 nec
1240 3750 1353 3788 non
1394 3733 1836 3802 dominicatum,
1874 3736 2027 3806 quod

388 3823 642 3879 adhaeret
672 3823 828 3895 regio
859 3840 980 3876 eam
993 3840 1062 3894 po
1095 3823 1167 3876 ab
1195 3823 1510 3889 occidente,
1543 3824 1614 3878 ad
1649 3824 1971 3891 meridiem,
1997 3841 2030 3879 a

386 3911 783 3984 septentrione
813 3916 869 3965 et
901 3911 1119 3966 oriente
1179 3911 1579 3965 circumdatur
1637 3911 1726 3965 via
1771 3910 2026 3981 publica.

386 4003 666 4058 Praeterea
686 4001 854 4070 juxta
885 4000 1125 4053 fluvium
1161 3999 1474 4066 Munionis,
1517 4000 1734 4054 fundus
1780 4016 2030 4071 magnus

385 4091 638 4146 habetur
685 4089 864 4159 hujus
912 4087 1164 4143 ecclesia:
1223 4087 1514 4159 proprius,
1563 4087 1724 4144 Alios
1781 4088 2031 4160 denique

385 4180 533 4234 duos
567 4179 776 4232 fundos
808 4193 1056 4247 quorum
1113 4192 1267 4230 unus
1321 4176 1548 4246 positus
1594 4181 1684 4232 est
1712 4176 2028 4245 Carditulo,

388 4265 535 4323 alter
583 4267 865 4331 Junkero,
898 4263 996 4336 qui
1050 4265 1376 4319 retinentur
1407 4265 1716 4336 nepotibus
1747 4265 2032 4320 Teuzonis

389 4354 604 4420 clerici,
639 4357 1043 4408 monstramus
1097 4353 1325 4425 proprie
1378 4355 1449 4408 ad
1501 4354 1758 4426 regimen
1779 4353 2029 4424 praefatae

388 4442 657 4500 Ecclesiae
709 4441 990 4496 retineri:
1036 4458 1205 4496 mons
1255 4443 1438 4498 sancti
1475 4443 1770 4497 Laurentii
1803 4441 1902 4508 qui
1963 4459 2033 4498 ex

2883 3307 2950 3361 ’V
3038 3350 3050 3362 .

2172 3404 2336 3459 Bulla
2365 3401 2575 3456 Νίσοιαὶ
2601 3400 2651 3454 II
2672 3413 2837 3470 papa:
2855 3308 3271 3468 ἓιζνοῐῗαηοηίοίδ
3296 3391 3739 3448 Pisaurensibus.

2770 3487 2956 3558 (Anno
2988 3484 3168 3554 4060).

2139 3582 2440 3655 [Οιινιειιμ
2475 3578 2730 3655 Memprie
2757 3592 2855 3655 per
2885 3575 2939 3630 la
2983 3573 3154 3655 {goria
3199 3569 3584 3655 detlﬁaMChies‘a
3614 3573 3784 3624 Pesa-

2387 3640 2502 3706 rese
2530 3650 2620 3704 nel
2649 3640 2819 3703 seco'lo
2849 3663 2971 3701 xm.
2996 3645 3228 3711 Pesaro,
3262 3643 3420 3710 1779,
3453 3640 3554 3710 ιη]

2209 3742 2496 3797 Νιοοωυε
2527 3736 2858 3809 episcopus,
2892 3749 3092 3790 servus
3123 3747 3421 3788 servorum
3479 3728 3600 3797 Dei,
3634 3727 3783 3784 dile-

2139 3831 2246 3886 ctis
2276 3829 2334 3884 in
2365 3827 2595 3885 Christo
2627 3825 2762 3881 [iliis
2801 3824 3020 3880 Uasom
3076 3819 3389 3877 venerabili
3446 3816 3782 3892 praeposito,

2138 3919 2477 3989 ceterisque
2509 3914 2806 3972 canonicis
2838 3916 3052 3970 sanctae
3090 3908 3477 3967 Pisauriensis
3523 3904 3782 3962 ecclesiae

2138 4021 2459 4078 eorumque
2490 4002 2929 4060 successoribus
2960 3999 3179 4056 ibidem
3199 3996 3440 4054 victuris
3479 3995 3538 4051 in
3570 4011 3785 4068 perpe-

2138 4102 2331 4153 tuum.

2210 4184 2481 4241 Debitum
2511 4182 2837 4238 commissae
2870 4178 3038 4235 nobis
3069 4172 3480 4248 speculationis
3515 4173 3788 4244 exsequi-

2143 4291 2278 4330 mur
2301 4273 2349 4328 si
2382 4271 2494 4345 piis
2527 4274 2582 4326 et
2611 4265 3038 4324 venerabilibus
3056 4263 3199 4319 locis
3219 4264 3548 4333 opportuna
3588 4273 3792 4314 muni-

2141 4362 2300 4418 mina
2331 4364 2534 4416 contra
2557 4356 2917 4414 saecularium
2941 4353 3195 4424 impetus
3230 4347 3792 4423 providemus.0ua-

2141 4445 2755 4524 propterincanonica:
2779 4439 3234 4498 conversationis
3268 4437 3565 4512 proposito
3607 4438 3788 4508 profi-

388 4550 504 4589 uno
535 4532 714 4587 latere
743 4531 1107 4602 proximatur
1138 4537 1299 4586 terrae
1317 4533 1513 4587 Sancti
1543 4531 1808 4596 Joannis,
1827 4547 1896 4586 ex
1917 4531 2020 4587 alio

2152 4556 2265 4597 aere
2285 4543 2341 4594 et
2363 4549 2723 4609 perseverare
2743 4548 2842 4586 vos
2863 4529 3229 4601 cupientes...
3261 4525 3557 4600 petitionis
3578 4530 3786 4582 vestrae

387 4621 584 4678 Sancti
617 4619 868 4685 Romuli,
927 4620 1094 4676 tertio
1151 4620 1374 4674 Sanctae
1428 4618 1620 4674 Marias
1661 4619 1782 4689 juri
1823 4624 2030 4676 vestrae

386 4709 654 4767 Ecclesia:
685 4707 1040 4764 conceditur.
1083 4709 1321 4763 Fundus
1367 4708 1656 4778 siquidem
1717 4708 1774 4761 in
1835 4713 2033 4765 monte

385 4800 622 4873 Ugonis,
648 4799 875 4872 positus
893 4798 1164 4854 similiter
1183 4799 1385 4853 ditioni
1421 4801 1750 4853 memoratae
1772 4798 2031 4855 ecclesiis

385 4889 786 4962 consignatur,
826 4888 944 4942 haec
975 4905 1106 4944 vero
1129 4888 1326 4942 omnia
1365 4891 1771 4942 summotenus
1804 4905 2030 4943 memo-

384 4979 667 5036 ravimus.
683 4978 763 5033 Ne
780 4977 911 5049 quis
925 4982 1115 5032 tamen
1132 4976 1358 5032 dubitet
1375 4975 1557 5032 multo
1573 4975 1858 5048 ampliora
1889 4993 2029 5048 prm-

384 5067 479 5123 dia
512 5067 633 5121 haec
654 5066 896 5122 ecclesia
921 5083 1034 5120 non
1069 5065 1334 5133 detineri,
1367 5064 1726 5121 absolvimus
1757 5069 2029 5136 praeterea

381 5157 750 5227 liberumque
773 5157 1043 5210 eumdem
1065 5154 1452 5210 venerabilem
1486 5154 1679 5210 locum
1713 5154 2029 5226 apostolica

381 5244 685 5301 sanctione
717 5244 1022 5314 persistere
1043 5246 1347 5316 jubemus,
1374 5261 1477 5299 nec
1508 5243 1676 5300 liceat
1707 5243 1879 5299 alicui
1911 5261 2028 5299 ma-

381 5350 506 5405 gnra
532 5349 834 5404 parvaeque
865 5351 1118 5404 persona:
1145 5333 1359 5389 ibidem
1391 5333 1667 5388 canonice
1685 5338 2028 5405 aggregatos

382 5421 623 5476 clericos
653 5420 1034 5477 dehonestare
1065 5429 1120 5478 et
1151 5422 1774 5495 placitandoinfcstare
1805 5421 1892 5476 vel
1928 5424 2026 5477 de-

383 5507 573 5560 bitum
605 5507 890 5562 tributum
924 5511 993 5563 ub
1021 5511 1102 5565 eis
1130 5513 1356 5584 exigere
1379 5528 1477 5565 seu
1499 5511 1696 5582 aliqua
1723 5511 2028 5566 occasione

387 5591 465 5644 ibi
497 5608 530 5644 a
577 5593 744 5648 nobis
786 5600 886 5650 aut
914 5597 1207 5667 aliquibus
1247 5599 1518 5656 ﬁdelibus
1570 5617 1661 5655 res
1720 5616 2027 5658 concessas

2137 4634 2396 4685 tenorem
2446 4623 2742 4697 praefatam
2802 4617 3142 4674 canonicam
3206 4622 3263 4673 et
3317 4632 3419 4671 vos
3470 4618 3786 4686 vestraque

2149 4717 2346 4774 omnia
2377 4715 2486 4769 sub
2548 4714 2759 4766 nostrae
2791 4707 3146 4763 defensionis
3189 4703 3372 4761 tutela
3401 4703 3787 4776 suscipimus,

2141 4809 2200 4862 et
2220 4801 2504 4875 quidquid
2539 4800 2608 4855 ad
2644 4813 2898 4870 praesens
2926 4795 2984 4850 in
3009 4794 3243 4867 scriptis
3271 4792 3358 4849 vel
3391 4792 3516 4848 sine
3547 4790 3785 4862 scriptis

2130 4895 2292 4964 juste
2320 4896 2376 4946 et
2431 4887 2696 4961 legaliter
2740 4885 2970 4941 videtur
3016 4884 3250 4952 habere,
3310 4886 3412 4938 aut
3466 4881 3525 4964 in
3584 4879 3786 4935 futuro

2138 4995 2486 5053 quocunque
2513 4977 2684 5032 modo
2735 4973 3012 5029 humanis
3071 4977 3127 5028 et
3181 4970 3393 5027 divinis
3425 4967 3655 5041 legibus
3685 4985 3786 5024 co-

2137 5069 2296 5143 gnito
2319 5067 2575 5141 potuerit
2604 5064 2902 5137 acquirere
2922 5078 3024 5134 per
3053 5061 3231 5133 huius
3264 5059 3444 5116 nostri
3494 5056 3785 5130 privilegii

2135 5158 2409 5232 paginam
2443 5156 2501 5210 in
2529 5158 2870 5228 perpetuum
2901 5151 3337 5208 confirmamus.
3370 5148 3431 5203 1d
3460 5151 3543 5202 est
3577 5146 3786 5201 Domi-

2132 5247 2392 5302 nicatam
2425 5245 2668 5300 domum
2684 5243 2852 5314 juxta
2873 5239 3190 5296 Ecclesiam
3219 5238 3374 5293 intra
3404 5234 3788 5301 civitatem,et

2137 5351 2266 5408 qum
2293 5338 2486 5390 vestra
2518 5331 2670 5387 circa
2726 5346 2854 5386 eam
2915 5333 3074 5395 sunt,
3105 5333 3162 5383 et
3216 5325 3532 5382 Ecclesiam
3592 5323 3783 5378 sancti

2135 5424 2448 5480 Clementis
2467 5437 2601 5477 cum
2625 5419 2900 5476 omnibus
2932 5418 3056 5474 suis
3088 5414 3475 5489 pertinentiis,
3509 5416 3565 5467 et
3614 5427 3780 5468 man-

2137 5531 2269 5569 sum
2301 5527 2476 5584 quem
2504 5508 2921 5566 Constantinus
2955 5505 3110 5562 ﬁlius
3159 5504 3453 5577 quondam
3503 5502 3786 5557 Constan-

2136 5603 2241 5660 tini
2275 5601 2523 5674 praefatae
2556 5597 2842 5656 canonicae
2871 5593 3172 5668 delegavit,
3217 5609 3441 5652 necnon
3489 5595 3546 5648 et
3585 5590 3784 5648 omnia
