3970 6218
167 331 334 400 1837

1341 324 1748 392 EPISTOLIE
1788 322 1892 388 ET
1931 321 2385 388 DlPLOM-ATA
2399 371 2412 386 .

3418 333 3445 393 l
3457 329 3573 397 388

174 483 307 542 quas
329 466 456 539 jam
487 464 644 521 dicta
667 463 950 521 canonica
980 461 1241 520 noscitur
1270 461 1502 530 habere,
1537 460 1822 528 autjdein-
1850 459 1905 526 Α
1932 458 2130 514 lumus
2161 461 2506 515 auctoritate
2535 459 2873 532 apostolica,
2924 462 3282 522 contulimus
3325 470 3382 523 et
3426 483 3570 540 prte-

176 567 322 630 ceps'
345 555 796 628 quibuscumque
825 552 1015 608 modis
1050 553 1211 623 juste
1243 554 1300 606 et
1328 549 1590 621 legaliter
1618 549 1817 620 acqui-

175 651 266 704 ret
293 650 414 701 tam
443 645 502 698 in
534 641 816 707 ecclesiis,
850 641 1020 704 casis,
1054 640 1246 704 terris,
1301 638 1506 707 vineis,
1551 653 1728 709 quam
1759 637 1818 692 in

179 735 443 801 decimis,
468 731 764 804 primitiis,
789 729 1182 785 oblationibus
1203 727 1463 782 vivorum
1487 731 1543 782 et
1565 731 1820 782 mortuo-

181 839 335 892 rum,
386 838 537 894 quas
569 821 644 876 ab
690 819 820 891 ipsa
872 819 1112 873 matrice
1161 821 1352 872 vestra
1404 815 1680 881 Ecclesia,
1723 819 1824 870 aut

181 913 571 982 undecunque
603 909 816 962 habere
846 906 1089 970 debetis,
1141 906 1306 960 vobis
1334 906 1659 976 vestrisque
1691 920 1820 960 suc-

183 999 510 1058 cessoribus
541 995 772 1063 deinde,
807 1000 873 1050 ut
903 1011 1084 1066 supra
1112 994 1332 1048 dictum
1386 998 1493 1062 est,
1527 1009 1823 1048 conversa-

184 1090 353 1158 turis,
387 1089 447 1143 in
479 1089 826 1159 perpetuum
859 1084 1298 1149 confirmamus,
1318 1086 1374 1136 et
1405 1098 1505 1154 per
1528 1082 1708 1152 hujus
1732 1098 1827 1135 no-

185 1183 318 1236 strae
331 1175 770 1232 constitutionis
788 1172 1059 1244 paginam
1073 1170 1722 1236 corroboramus.Quoci
1733 1186 1827 1225 rca

187 1265 503 1340 apostolica
524 1263 868 1320 auctoritate
899 1260 1212 1317 statuimus
1237 1264 1300 1314 ut
1326 1259 1486 1314 nullo
1508 1260 1827 1329 cujuscun-

189 1372 300 1428 que
332 1354 553 1410 ordinis
579 1356 680 1408 aut
700 1348 1000 1423 dignitatis
1023 1348 1416 1404 ecclesiastica
1435 1346 1718 1411 videlicet,
1741 1345 1826 1400 vel

191 1441 484 1501 saecularis
541 1457 754 1512 magna
818 1453 1111 1510 parvaque
1168 1453 1437 1508 persona,
1494 1435 1826 1508 praedictam

191 1533 552 1595 canonicam,
599 1546 697 1585 seu
730 1544 830 1582 vos
877 1531 1213 1597 vestrosque
1243 1541 1610 1580 successores
1642 1540 1824 1596 qua...

192 1623 402 1678 audeat
431 1618 734 1675 disvestire
764 1617 833 1671 de
863 1615 1030 1669 bonis
1079 1615 1204 1670 suis
1253 1613 1338 1668 vel
1389 1613 1658 1685 spoliare,
1704 1612 1831 1666 sine

193 1707 546 1768 canonicalis
587 1710 688 1762 aut
717 1703 918 1760 localis
941 1702 1182 1773 judiciis
1238 1702 1554 1757 sanctione.
1607 1701 1666 1756 Si
1695 1701 1830 1772 quis

167 1845 170 1848 .
192 1800 370 1871 igitur
392 1796 575 1853 nostri
596 1795 777 1865 hujus
798 1793 1000 1847 statuti
1019 1790 1660 1892 edictum:..temerarie
1683 1807 1830 1892 ausu
1861 1827 1910 1892 Β

195 1887 507 1959 infringere
529 1881 986 1957 praesumpserit,
1015 1885 1072 1935 et
1093 1879 1492 1935 ecclesiasticae
1510 1878 1827 1934 institutio-

195 1977 284 2032 nis
316 1991 479 2030 more
499 1971 894 2028 commonitus
915 1969 1225 2024 emendare
1247 1967 1834 2038 contempserit,sciat

197 2080 255 2120 se
285 2058 678 2120 anathematis
705 2056 936 2112 vinculo
969 2054 1368 2110 innodandum
1400 2059 1456 2108 et
1477 2055 1675 2108 decem
1706 2052 1831 2109 auri

194 2151 439 2208 libras...
465 2146 951 2220 compositurum,
989 2143 1358 2198 medietatem
1388 2142 1637 2213 pra-fatae
1660 2159 1831 2198 cano-

195 2241 352 2308 nice,
387 2244 447 2296 et
476 2237 842 2294 medietatem
875 2249 1038 2288 sacro
1062 2235 1258 2286 nostro
1282 2230 1654 2286 Lateranensi
1679 2230 1836 2302 pala-

196 2328 291 2385 tio.
336 2328 448 2394 Qui
477 2341 611 2382 vero
639 2325 750 2380 hoc
808 2326 1042 2394 propter
1072 2319 1450 2374 reverentiam
1509 2319 1834 2390 apostolica:

198 2418 347 2474 sedis
360 2415 612 2472 ﬁdeliter
631 2409 1382 2475 observaverit,sanctorum
1413 2408 1683 2479 precibus
1701 2425 1832 2479 pos-

201 2521 391 2563 sessor
423 2504 499 2560 sit
529 2503 692 2575 regni
718 2499 991 2557 caelestis.

266 2595 421 2650 Bene
449 2592 649 2648 valete.

233 2698 526 2740 CONPIRMA
555 2695 684 2744 HOC,
716 2694 882 2746 θεοῦ,
913 2692 1066 2739 QUOD
1105 2689 1398 2730 OPERATUS
1427 2690 1491 2729 ES
1523 2691 1582 2730 IN
1615 2691 1800 2731 NOBIS.

267 2772 484 2827 Datum
515 2769 654 2824 Fani
686 2784 741 2822 χι
786 2765 909 2822 Kal.
948 2765 1078 2819 Maii
1110 2779 1263 2819 anno
1295 2764 1435 2818 ab...
1482 2763 1653 2819 Verbi
1679 2764 1836 2831 1060,

202 2877 300 2934 per
313 2875 529 2914 manus
551 2855 852 2913 Humberti
876 2857 1090 2910 sanctae
1106 2851 1372 2908 Ecclesiae
1389 2851 1555 2908 Silva:
1572 2853 1840 2909 Candidas

202 2947 458 3022 episcopi
487 2951 545 3003 et
573 2944 902 3020 apostolica:
927 2942 1081 2998 sedis
1102 2940 1548 3009 bibliothecarii,
1583 2958 1735 2996 anno
1758 2959 1842 2998 se-

203 3038 386 3094 cundo
423 3035 796 3108 pontiﬁcatus
826 3031 1023 3088 domni
1047 3047 1208 3103 papae
1230 3028 1449 3085 Nicolai
1475 3031 1737 3098 secundi,
1759 3032 1842 3086 in-

203 3125 454 3183 dictione
483 3141 606 3179 xm.

961 3191 1082 3247 XIX

203 3287 456 3343 Nicotaus
487 3285 535 3341 11
588 3283 873 3353 conﬁrmat
916 3280 1302 3353 fundationem
1352 3279 1584 3353 abbatis:
1630 3279 1686 3353 S.
1738 3283 1844 3353 Pee

273 3360 346 3414 tri
396 3360 454 3413 in
506 3356 640 3411 urbe
692 3351 981 3422 lgerensi,
1015 3359 1066 3407 et
1111 3351 1405 3422 privilegia
1455 3352 1726 3408 nonnulla
1777 3352 1847 3407 ad

271 3429 516 3502 ejusdem
537 3427 842 3502 libertatem
870 3423 1129 3502 concedit.

827 3498 1018 3565 (Anno
1051 3493 1233 3565 1060.)

687 3564 1117 3638 (Communes,
1148 3564 1190 3631 Ι,
1225 3564 1372 3633 404.]

273 3659 572 3716 Νιεοωυε
601 3654 932 3728 episcopus,
963 3670 1164 3710 servus
1195 3667 1491 3708 servorum
1515 3651 1636 3720 Dei,
1659 3652 1845 3708 omni-

207 3749 317 3805 bus
347 3745 578 3803 clericis
613 3743 888 3800 canonice
916 3742 1246 3798 viventibus
1263 3744 1320 3797 et
1337 3740 1576 3796 victuris
1598 3741 1654 3796 in
1673 3740 1850 3797 eccle-

210 3838 313 3906 sia,
348 3851 480 3909 que
512 3838 602 3890 est
633 3837 966 3890 constructa
995 3833 1065 3886 ad
1105 3831 1385 3886 honorem
1435 3830 1619 3886 sancti
1673 3831 1848 3902 Petri,

213 3924 614 3999 apostolorum
646 3921 927 3994 principis
959 3921 1018 3976 in
1050 3919 1326 3992 Agerensi
1359 3922 1568 3987 castro,
1602 3918 1850 3976 salutem

211 4019 265 4071 et
292 4012 758 4071 benedictionem
789 4010 849 4065 in
882 4013 1248 4084 perpetuum.

273 4104 418 4168 Quia
449 4102 512 4157 in
544 4100 861 4157 commissa
916 4097 1084 4154 nobis
1143 4096 1532 4152 Ecclesiarum
1563 4097 1663 4152 Dei
1711 4114 1854 4153 cura

210 4188 454 4247 sollicite
497 4188 666 4245 nobis
713 4191 803 4243 est
842 4185 1225 4259 vigilandum,
1277 4184 1522 4256 dignum
1571 4188 1627 4239 et
1673 4185 1852 4241 hone-

210 4280 543 4337 stiésimum
576 4276 747 4333 nobis
770 4275 999 4331 videtur
1028 4279 1092 4328 ut
1121 4272 1396 4329 omnibus
1438 4273 1533 4328 Dei
1582 4273 1852 4329 Ecclesiis

211 4368 544 4435 subvenire,
577 4365 908 4430 defendere,
933 4362 1200 4419 auxiliari
1231 4366 1286 4418 et
1307 4378 1518 4434 augere
1539 4379 1653 4418 non
1677 4364 1856 4419 desis-

207 4460 418 4512 tamus.
445 4455 814 4526 Quapropter
833 4449 1139 4508 ecclesiam
1173 4448 1372 4505 Sancti
1403 4449 1555 4505 Petri
1587 4467 1712 4522 quis
1744 4450 1856 4506 sita

1928 547 2177 619 cipimus
2200 553 2264 602 ut
2294 548 2609 604 inviolabili
2643 551 2836 622 vigore
2858 550 3068 608 habeat
3097 554 3380 626 quidquid
3403 565 3574 612 c'ano-

1929 636 2055 691 nice
2085 638 2325 707 etjuste
2376 637 2480 693 tibi
2508 639 2645 694 dare
2683 656 2997 710 possumus
3044 642 3102 696 in
3160 643 3571 701 ecclesiasticis

1931 729 1987 780 et
2018 727 2332 780 mundanis
2364 729 2536 782 rebus
2563 745 2575 794 ;
2610 728 2688 783 ita
2710 733 2772 782 ut
2803 729 2996 786 nullus
3028 732 3336 804 episcopus
3366 734 3450 788 vel
3469 734 3566 789 ali-

1931 814 2065 884 quis
2095 831 2237 868 suus
2273 816 2510 870 nuntius
2529 821 2628 870 aut
2651 818 2923 888 quaelibet
2945 819 3058 873 alia
3079 836 3332 892 persona
3352 839 3385 876 a
3405 822 3569 877 cleri-

1933 902 2014 957 cis
2045 902 2261 957 ibidem
2294 905 2750 960 deservientibus
2813 906 3047 978 aliquod
3099 911 3418 977 servitium,
3473 917 3573 968 aut

1933 992 2224 1047 redditum
2259 993 2468 1065 exigat,
2502 994 2586 1049 vel
2621 995 3042 1066 subjectionem
3067 997 3323 1070 aliquam
3357 1001 3426 1055 de
3449 1017 3569 1056 om-

1935 1081 2129 1148 nibus,
2166 1098 2294 1152 qua:
2343 1099 2495 1136 nunc
2543 1082 2738 1150 habet,
2771 1085 2855 1138 vel
2888 1085 3158 1142 habitura
3187 1092 3294 1158 est,
3331 1092 3394 1142 ut
3425 1089 3568 1144 nulli

1937 1169 2207 1240 episcopo
2238 1168 2408 1224 liceat
2439 1172 2686 1241 praefatae
2719 1171 2971 1226 ecclesiae
3021 1173 3280 1230 divinum
3314 1177 3571 1232 ofﬁcium

1938 1257 2265 1327 prohibere,
2298 1264 2400 1312 aut
2429 1260 2498 1313 de
2547 1259 2770 1314 clericis
2812 1261 3027 1317 ibidem
3079 1267 3574 1322 commorantibus

1939 1360 2294 1416 quemquam
2327 1349 2848 1410 excommunicare.
2875 1357 2977 1405 aut
2997 1353 3087 1406 sui
3111 1354 3282 1409 ofﬁcii
3317 1355 3574 1426 persolu-

1939 1434 2154 1490 tionem
2191 1436 2550 1505 perturbare,
2603 1441 2704 1492 aut
2749 1438 2977 1509 aliquos
3025 1456 3200 1496 causa
3247 1445 3575 1500 conversio-

1942 1523 2032 1578 nis
2061 1523 2410 1594 pcenitentiae
2443 1525 2512 1578 ad
2547 1543 2680 1580 eum
2711 1527 3008 1583 venientes
3037 1528 3122 1584 vel
3147 1529 3407 1586 divinum
3447 1532 3579 1588 ofﬁ-

1941 1611 2093 1666 cium
2127 1611 2430 1668 audituros
2461 1613 2546 1667 vel
2574 1613 2789 1669 ibidem
2815 1633 3208 1684 remansuros,
3234 1619 3304 1673 ab
3328 1635 3394 1673 ea
3414 1636 3581 1690 sepa-

1942 1717 2088 1767 rare,
2151 1705 2252 1755 aut
2320 1702 2684 1771 interdicere,
2748 1703 2834 1758 vel
2891 1707 3300 1777 quoquomodo
3359 1707 3581 1777 laedere,

1942 1793 2231 1859 quatenus
2263 1791 2697 1861 perturbatione
2726 1794 2884 1848 omni
2918 1799 3139 1850 remota
3169 1796 3225 1850 in
3278 1797 3440 1852 nullo
3472 1799 3587 1853 im-

1945 1877 2254 1948 pediantur
2325 1880 2597 1934 canonice
2674 1882 2946 1948 viventes,
3022 1884 3133 1938 nisi
3204 1885 3368 1953 forte,
3431 1888 3583 1958 quod

1944 1965 2131 2020 absit!
2162 1971 2365 2022 contra
2394 1969 2673 2023 canonica
2726 1970 2994 2027 instituta
3044 1972 3100 2026 in
3144 1990 3317 2028 suum
3361 1974 3584 2046 episco-

1945 2070 2084 2125 pum
2119 2053 2341 2126 aliquid
2377 2057 2611 2123 faciant,
2645 2059 2799 2114 unde
2829 2059 2938 2114 hoc
2969 2061 3190 2132 perpeti
3215 2063 3482 2118 debeant.
3520 2063 3587 2118 Et

1945 2141 2220 2197 volumus
2251 2160 2378 2208 nos,
2430 2149 2486 2198 et
2530 2147 2871 2202 auctoritate
2923 2148 3321 2218 apostolorum
3362 2151 3585 2223 princi-

1947 2246 2087 2301 pum
2122 2230 2270 2285 Petri
2305 2232 2465 2287 Pauli
2494 2238 2550 2288 et
2580 2234 3120 2306 ﬁrmiterjubemus
3152 2243 3215 2292 ut
3253 2255 3457 2296 omnes
3487 2255 3587 2296 ec-

1945 2316 2176 2385 clesias,
2199 2318 2396 2385 cellas,
2421 2324 2476 2375 et
2504 2322 2719 2393 praedia
2750 2323 2999 2394 praefata:
3021 2325 3272 2382 ecclesiae
3294 2327 3587 2396 omnium,

1948 2423 2074 2478 qua)
2094 2408 2266 2462 modo
2279 2408 2470 2476 habet,
2492 2415 2548 2465 et
2564 2410 2836 2466 habitura
2850 2417 2940 2468 est
2956 2413 3014 2468 in
3039 2419 3380 2486 perpetuum
3397 2417 3590 2488 quiete

1948 2495 2161 2550 habeat
2191 2501 2247 2552 et
2305 2498 2618 2568 possideat,
2671 2506 2726 2554 et
2783 2500 2927 2556 nulli
2981 2501 3238 2558 ecclesia:
3289 2520 3407 2559 suae
3467 2505 3593 2560 sine

1949 2583 2123 2656 culpa
2169 2585 2509 2642 clericorum
2562 2593 2766 2644 contra
2787 2590 2959 2660 jussa
3003 2607 3291 2648 canonum
3326 2591 3590 2649 divinum

1949 2673 2206 2730 ofﬁcium
2241 2674 2639 2746 prohibeatur,
2674 2681 2776 2734 aut
2806 2679 3358 2736 excommunicetur.

2021 2764 2349 2818 Statuentes
2366 2764 2679 2834 apostolica
2691 2781 2938 2822 censura
2959 2768 3328 2825 decernimus
3348 2773 3414 2825 ut
3431 2768 3595 2824 nulla

1951 2865 2201 2920 persona
2231 2867 2405 2922 parva
2435 2851 2520 2907 vel
2546 2870 2758 2925 magna
2779 2853 3006 2910 nullum
3029 2873 3272 2913 censum
3295 2858 3366 2913 ab
3391 2859 3594 2914 eadem

1952 2937 2195 2993 ecclesia
2227 2955 2362 2993 cum
2411 2941 2685 2996 omnibus
2733 2943 2844 2998 sibi
2894 2944 3322 3016 pertinentibus
3372 2946 3598 3019 exigere

1954 3031 2288 3097 praesumat,
2317 3028 2405 3083 vel
2436 3029 2672 3099 habeat,
2705 3031 2815 3086 nisi
2850 3033 3113 3089 Romana
3145 3034 3420 3102 Ecclesia,
3469 3051 3597 3108 quae

1955 3115 2166 3171 habeat
2195 3133 2297 3188 per
2326 3119 2804 3191 quinquennium
2856 3138 3097 3179 censum
3129 3125 3329 3179 decem
3378 3123 3600 3180 solidos

1873 3193 1916 3258 C
1955 3220 2182 3260 aureos.
2221 3207 2334 3261 Iste
2366 3211 2424 3262 et
2451 3209 2768 3276 Arnaldus,
2801 3211 2890 3265 vir
2919 3212 3440 3283 prudentissimus,
3464 3229 3599 3268 cum

1955 3309 2063 3349 sua
2092 3311 2269 3350 uxore
2299 3300 2356 3350 et
2388 3296 2527 3364 ﬁlio,
2576 3302 2633 3354 et
2679 3299 2926 3370 posteris
2956 3301 3026 3355 de
3057 3319 3163 3357 sua
3193 3301 3467 3374 progenie
3497 3302 3601 3357 ha-

1957 3382 2090 3437 beat
2129 3383 2366 3455 dignam
2414 3385 2837 3456 subjectionem
2869 3393 2927 3444 et
2976 3389 3277 3456 honorem,
3327 3406 3392 3444 eo
3443 3391 3600 3462 quod

1957 3471 2058 3526 Dei
2091 3472 2304 3527 auxilio
2328 3472 2657 3530 liberaverit
2695 3480 2909 3531 terram
2937 3476 3098 3532 illam
3130 3478 3202 3533 de
3233 3481 3516 3548 potestate
3544 3483 3601 3533 et

1957 3575 2148 3614 errore
2170 3562 2589 3632 Agarenorum,
2623 3567 2678 3618 et
2706 3562 2875 3619 liceat
2905 3564 2988 3619 eis
3021 3564 3286 3621 ordinare
3324 3563 3598 3620 abbatem

1958 3647 2016 3702 in
2045 3664 2224 3719 supra
2245 3649 2400 3704 dicta
2421 3649 2665 3706 ecclesia
2687 3653 3010 3708 secundum
3033 3669 3202 3708 suam
3218 3651 3598 3722 voluntatem,

1959 3751 2133 3808 quem
2167 3751 2488 3807 congruum
2521 3742 2577 3793 et
2604 3739 2879 3795 idoneum
2910 3744 2966 3796 et
2996 3740 3228 3797 servitio
3253 3740 3354 3797 Dei
3395 3747 3602 3814 aptum

1958 3824 2083 3896 ipse
2111 3841 2243 3879 cum
2268 3825 2489 3881 clericis
2511 3827 2763 3884 ecclesiae
2786 3828 2981 3886 Sancti
3010 3830 3160 3886 Petri
3185 3831 3457 3886 canonice
3486 3831 3602 3888 ele-

1961 3914 2170 3986 gerint.
2205 3915 2273 3969 Et
2304 3915 2500 3971 abbati
2529 3918 2814 3988 praedictae
2846 3918 3100 3975 ecclesiae
3133 3919 3290 3975 nullo
3330 3920 3502 3975 modo
3531 3919 3602 3974 li-

1960 4005 2086 4057 ceat
2107 4003 2177 4058 de
2200 4003 2434 4075 przediis
2450 4006 2592 4060 etde
2615 4006 2870 4062 castellis
2896 4008 3145 4063 vendere
3167 4007 3600 4079 quoquomodo,

1961 4096 2063 4146 aut
2093 4089 2347 4148 alineare
2367 4093 2440 4148 ad
2462 4094 2746 4151 damnum
2771 4095 3042 4151 ecclesiae.
3069 4095 3128 4152 Si
3151 4097 3282 4170 quis
3305 4095 3486 4169 igitur
3500 4097 3608 4152 hu-

1955 4181 2057 4251 jus
2110 4181 2290 4237 nostri
2324 4181 2607 4256 privilegii
2662 4188 2881 4241 temere
2931 4183 3175 4242 violator
3221 4185 3506 4242 exstiterit
3548 4190 3609 4243 et

1964 4269 2222 4326 monitus
2255 4270 2530 4327 canonice
2559 4275 2873 4330 emendare
2903 4275 3339 4348 contempserit,
3370 4275 3516 4330 sciat
3545 4293 3610 4332 se

1964 4360 2260 4432 perpetuis
2273 4360 2662 4418 anathematis
2679 4364 2928 4420 vinculis
2942 4365 3284 4420 innodatum
3299 4365 3610 4436 etinsuper

1965 4452 2199 4504 centum
2230 4449 2511 4505 librarum
2544 4451 2669 4506 auri
2704 4469 2871 4524 poma
2901 4453 3295 4521 multandum,
3329 4451 3606 4508 medieta-

207 4549 291 4602 cst
317 4545 377 4600 in
409 4542 837 4618 praenominato
861 4544 1072 4607 castro,
1107 4539 1165 4594 in
1200 4538 1438 4594 tutelam
1471 4539 1656 4594 sancti
1699 4539 1850 4594 Petri
1882 4556 1928 4620 Β
1963 4541 2083 4593 tem
2111 4555 2274 4593 sacro
2323 4543 2516 4594 nostro
2550 4539 2784 4611 palatio,
2830 4545 2885 4596 et
2937 4542 3308 4596 medietatem
3357 4540 3607 4612 praefata:

209 4638 264 4689 et
293 4632 711 4707 proprietatem
753 4627 1160 4701 suscipientes,
1193 4626 1466 4682 omnibus
1498 4628 1688 4684 modis
1721 4632 1846 4683 stu-

209 4721 341 4778 dere
367 4721 668 4789 volumus,
699 4717 882 4774 nostri
932 4715 1279 4772 muniminis
1324 4714 1589 4787 praesidio
1623 4714 1850 4782 fultam,

209 4815 660 4880 nostrorumque
683 4822 1111 4874 successorum,
1137 4821 1369 4876 semper
1390 4819 1646 4872 manere,
1673 4821 1849 4877 quam

209 4913 272 4955 eo
301 4900 458 4973 quod
483 4897 819 4971 nuperrime
846 4897 917 4952 de
941 4897 1225 4968 potestate
1249 4909 1611 4966 paganorum
1636 4900 1691 4948 et
1709 4909 1851 4966 gen-

207 4987 436 5045 tilitatis
468 5003 662 5044 errore
684 4985 965 5042 divinitus
982 4983 1290 5040 liberatam
1315 4999 1418 5054 per
1438 4980 1851 5038 cbarissimum

209 5075 805 5133 nostrumArnaldum
821 5072 1252 5130 nobilissimum
1270 5074 1326 5126 et
1338 5070 1850 5144 religiosissimum

208 5165 418 5235 virum,
452 5165 823 5221 inimicorum
857 5161 959 5219 Dei
1000 5166 1401 5235 Agarenorum
1453 5161 1852 5217 adversarium

207 5259 262 5310 et
290 5253 732 5321 debellatorem,
769 5251 1040 5309 novimus
1072 5267 1136 5306 ac
1167 5249 1422 5306 oblatam
1446 5250 1559 5308 Deo
1581 5255 1636 5307 et
1653 5255 1854 5308 sancto

204 5347 370 5400 Petro
404 5346 480 5401 ab
509 5344 711 5400 eodem
743 5347 801 5399 et
822 5343 892 5398 ab
915 5355 1090 5395 uxore
1111 5356 1217 5395 suo
1238 5340 1486 5394 Arsendi
1508 5358 1610 5412 pro
1629 5341 1854 5396 redem-

207 5434 403 5505 ptione
435 5434 768 5489 animarum
820 5445 1060 5486 suarum
1091 5433 1150 5483 et
1178 5445 1211 5483 a
1241 5427 1551 5485 Guillelmo
1601 5429 1853 5486 ﬁliorum

206 5537 428 5590 eorum,
465 5527 521 5577 et
549 5539 654 5596 pro
685 5523 908 5576 zeternze
949 5515 1352 5574 retributionis
1401 5519 1638 5590 praemio
1669 5519 1854 5575 susci-

206 5611 402 5683 pimus
435 5610 498 5667 in
556 5612 614 5668 S.
650 5609 801 5669 Petri
858 5607 1272 5682 proprietatem
1330 5611 1386 5663 et
1442 5611 1701 5666 nostram
1753 5627 1853 5666 vo-

1959 4627 2234 4682 ecclesize.
2268 4627 2375 4693 Qui
2407 4643 2536 4684 vero
2569 4629 2664 4701 pia
2712 4630 3014 4686 devotione
3062 4633 3429 4686 conservator
3477 4645 3608 4686 esse

1963 4716 2274 4782 studuerit,
2309 4721 2366 4772 et
2391 4717 2460 4772 de
2489 4735 2594 4773 suo
2626 4717 2846 4791 aliquid
2868 4719 3120 4790 praefatae
3151 4715 3408 4773 ecclesiae
3437 4717 3610 4774 dede-

1963 4804 2058 4869 rit,
2081 4804 2166 4859 vel
2191 4804 2473 4860 auxilium
2499 4807 2713 4876 fecerit,
2739 4807 3009 4881 precibus
3031 4805 3428 4880 apostolorum
3453 4806 3609 4877 prin~

1961 4894 2156 4965 cipum
2189 4893 2340 4948 Petri
2372 4899 2427 4950 et
2456 4895 2619 4950 Pauli
2652 4902 3022 4969 peccatorum
3055 4912 3295 4954 suorum
3334 4895 3605 4952 omnium

1961 4982 2034 5036 ab
2065 4982 2450 5053 omnipotenti
2483 4989 2594 5040 Deo
2616 4986 2866 5056 veniam,
2890 4990 2947 5042 et
2977 4990 3199 5042 aeternae
3226 4984 3608 5042 beatitudinis

1963 5074 2355 5142 consequatur
2384 5072 2652 5145 gloriam.

2033 5159 2323 5232 Scriptum
2353 5179 2458 5233 par
2487 5179 2699 5219 manus
2731 5164 3051 5235 Octaviani,
3083 5162 3373 5220 scriniarii
3416 5168 3473 5219 et
3503 5181 3608 5218 no-

1963 5249 2096 5306 tarii
2128 5250 2274 5305 sacri
2305 5249 2526 5322 palatii,
2557 5252 2615 5307 in
2642 5269 2841 5310 mense
2862 5253 3044 5326 Aprili
3071 5258 3125 5310 et
3147 5253 3463 5309 indictione
3483 5270 3602 5310 xm.

2035 5339 2244 5394 Datum
2280 5343 2471 5395 Romae
2502 5359 2638 5398 xvm
2682 5343 2805 5398 Kal.
2835 5343 2995 5410 Maii,
3047 5359 3200 5398 anno
3234 5342 3304 5398 ab
3337 5344 3608 5400 Incarna-

1965 5429 2122 5485 tione
2150 5429 2290 5485 Jesu
2324 5430 2535 5487 Christi
2571 5433 2729 5498 1060,
2761 5433 3139 5505 pontiﬁcatus
3170 5434 3366 5490 domni
3390 5432 3606 5490 Nicolai

1965 5536 2127 5592 papae
2159 5520 2399 5574 secundi
2428 5539 2579 5579 anno
2612 5524 2884 5580 secundo.

2035 5609 2154 5679 Ego
2187 5609 2402 5679 Bruno,
2430 5611 2820 5673 Praenestinus
2850 5614 3182 5689 episcopus.
