3970 6218
243 346 401 412 1339
1597 341 1811 409 NICOI

2091 348 2277 416 ’ᾹΡΑΞ
3494 351 3659 426 1340

312 457 432 531 Ego
461 455 775 524 Arnoldus,
805 453 1073 511 Aretinus
1102 450 1430 526 episcopus.
1540 540 1550 542 ξ
1922 451 1979 520 Α
2007 455 2093 512 vel
2116 458 2230 516 alia
2260 460 2460 536 aliqua
2480 465 2729 538 persona
2757 481 2972 540 magna
2989 464 3078 525 vel
3099 484 3278 542 parva
3298 465 3537 542 aliquod
3569 467 3660 524 in-

312 547 429 619 Ego
459 546 830 608 Cumbertus,
861 542 1311 598 Taurinensium
1345 540 1578 614 prazsul.
1744 630 1748 631 γ
1998 543 2145 602 ferre
2177 557 2492 622 praesumat
2521 555 2934 612 detrimentum
2957 556 3046 613 vel
3064 540 3481 615 nocumentum
3512 575 3658 631 pra!-

314 641 431 710 Ego
461 635 793 697 Anselmus,
818 633 918 687 Dei
944 631 1342 686 misericordia
1364 631 1641 686 Lucensis
1664 630 1886 702 episco-
1995 637 2149 693 dicto
2182 643 2535 698 monasterio
2566 644 2760 700 Sancti
2792 645 3029 701 Thomas
3077 647 3322 718 ejusque
3370 630 3652 704 omnibus

243 745 373 802 pus,
407 726 667 798 cognovi.
1991 725 2180 794 bonis,
2215 729 2432 800 quibus
2464 749 2618 788 nunc
2649 733 2846 803 habet,
2877 733 2965 790 vel
2995 733 3054 789 in
3088 739 3434 806 perpetuum
3465 735 3638 792 habi-

312 819 430 889 Ego
454 815 735 882 Dodo,Dei
758 816 902 867 nutu
925 808 1269 865 Roscllanus
1283 808 1880 880 θρίεοορυ8,οοεηονὶ.
1992 818 2162 870 turus
2192 823 2295 872 est.
2324 819 2568 892 Insuper
2588 822 2959 878 concedimus
2982 828 3039 878 et
3059 823 3474 880 conﬁrmamus
3496 841 3645 896 prae-

313 912 428 978 Ego
449 903 781 967 Anselmus,
834 898 933 954 Dei
982 898 1168 968 gratia
1199 897 1522 954 Castrensis
1553 897 1880 968 episcopus.
1994 903 2148 960 dicto
2168 909 2520 964 monasterio
2541 926 2776 965 omnem
2797 910 2984 982 ipsam
3007 914 3219 966 terram
3241 928 3376 968 cum
3407 912 3648 984 capellis

319 998 433 1067 Ego
465 993 835 1057 Godefridus,
870 987 1183 1045 Perusinus
1213 986 1546 1056 episcopus.
1992 996 2050 1046 et
2076 993 2202 1048 suis
2234 997 2624 1066 pertinentiis,
2660 1014 2836 1068 quam
2871 998 3124 1054 domnus
3172 1015 3326 1071 papa
3376 999 3646 1056 Clemens

313 1087 430 1156 Ego
457 1085 713 1138 Joannes
736 1076 1200 1148 archipresbyter
1218 1073 1883 1146 subscripsi.Lucenica-
1995 1081 2093 1151 qui
2127 1082 2206 1136 ibi
2239 1083 2402 1152 obiit,
2437 1083 2648 1139 obtulit
2677 1085 2950 1156 prazdicto
2982 1087 3337 1143 monasterio
3361 1087 3420 1144 in
3443 1105 3644 1161 perpe-

242 1193 353 1230 nus
401 1171 866 1242 archipresbyter
895 1168 952 1222 S.
988 1165 1160 1229 Petri,
1202 1165 1457 1220 Joannes
1487 1164 1546 1219 S.
1581 1164 1753 1218 Petri.
1785 1162 1881 1218 Al-
1991 1173 2155 1224 tuum
2189 1187 2290 1242 pro
2323 1172 2576 1227 remedio
2607 1174 2815 1228 anima:
2843 1191 2959 1229 sua:
2991 1179 3049 1229 et
3080 1176 3504 1232 restauratione
3523 1178 3628 1233 Ec-

242 1267 441 1319 bertus
473 1259 940 1331 archipresbyter
974 1253 1318 1324 subscripsi.
1992 1255 2203 1324 clesias,
2237 1259 2504 1330 positam
2533 1261 2813 1316 comitatu
2869 1264 3280 1331 Pensaurensi,
3332 1265 3486 1320 inter
3531 1265 3642 1322 hos

308 1353 518 1406 Datum
572 1349 766 1402 Roma:
815 1363 928 1398 xvu
959 1342 1086 1397 Kal.
1135 1341 1268 1396 Maii
1303 1357 1456 1395 anno
1483 1341 1555 1394 ab
1617 1341 1882 1395 Incarna-
1989 1345 2154 1410 ﬁnes,
2188 1364 2221 1402 a
2251 1347 2439 1418 primo
2471 1347 2648 1404 latere
2679 1351 2866 1404 rivum
2895 1351 3176 1417 Reanum,
3203 1369 3236 1406 a
3268 1354 3523 1408 secundo
3544 1353 3630 1409 la-

237 1443 393 1496 tione
430 1439 567 1494 Jesu
603 1433 814 1492 Christi
845 1433 1002 1498 1060,
1038 1448 1139 1502 per
1171 1447 1381 1484 manus
1412 1429 1717 1484 Humberti
1744 1445 1877 1483 san-
1994 1441 2110 1490 lere
2167 1435 2352 1506 ripam
2387 1436 2457 1490 de
2517 1435 2725 1505 Pizele,
2759 1437 2909 1492 sicut
2963 1437 3123 1492 vadit
3167 1437 3227 1494 in
3283 1443 3507 1509 petram
3566 1441 3642 1495 de

237 1539 340 1586 σιω
373 1529 647 1582 Romanae
677 1521 1016 1578 Ecclesizeet
1039 1517 1366 1592 apostolica
1390 1517 1548 1573 sedis
1565 1516 1876 1573 bibliotbe-
1991 1526 2194 1590 Acero,
2227 1529 2285 1578 et
2313 1523 2470 1578 venit
2525 1524 2596 1579 ad
2627 1524 2776 1580 viam
2812 1523 3131 1596 publicam,
3175 1543 3301 1598 quae
3359 1527 3518 1582 ducit
3577 1529 3639 1583 in

238 1617 400 1682 cal-ii,
433 1621 490 1670 et
529 1617 739 1668 sancta:
789 1609 1054 1664 Ecclesiae
1084 1606 1248 1661 Silvae
1280 1607 1547 1661 Candida:
1596 1605 1874 1678 episcopi,
1994 1610 2318 1679 Lavacelli;
2353 1629 2386 1666 a
2416 1611 2584 1667 tertio
2638 1611 2814 1668 latere
2845 1612 3056 1682 rivum,
3094 1613 3194 1686 qui
3241 1615 3643 1686 temporaliter

237 1722 390 1762 anno
423 1701 679 1757 secundo
713 1697 1084 1771 pontiﬁcatus
1114 1695 1313 1751 domni
1344 1711 1501 1767 papa:
1534 1693 1750 1749 Nicolai
1783 1711 1874 1749 86-
1989 1699 2170 1756 currit
2200 1715 2376 1771 super
2424 1704 2682 1756 castrum
2732 1701 2982 1768 Liciole;
3015 1706 3074 1756 et
3121 1719 3156 1757 a
3202 1706 3408 1773 quarto
3455 1702 3639 1759 latere

238 1793 434 1859 cundi,
472 1790 787 1845 indictione
817 1804 942 1841 xm.
1909 1818 1956 1883 B
1995 1787 2325 1859 Aposellam
2357 1788 2620 1858 ﬂuvium,
2653 1788 2751 1860 qui
2782 1789 2964 1844 currit
2995 1805 3180 1860 usque
3209 1789 3265 1844 in
3313 1789 3510 1861 ipsum
3539 1807 3638 1847 ve-

1010 1890 1106 1946 xx
1909 1875 1952 1883 “’
1996 1879 2182 1931 strum
2211 1877 2818 1947 monasterium,cum
2868 1881 3065 1933 monte
3111 1875 3360 1934 Calvello
3408 1882 3466 1933 et
3489 1878 3639 1936 valle

238 1990 398 2045 Bulla
428 1985 639 2042 Νίεοιαί
662 2059 670 2064 ι
684 1985 869 2064 ιιρζο
897 1981 1330 2064 ﬂmﬁmquqne
1367 1981 1585 2064 jyin'ufn
1635 1988 1684 2034 ει
1714 1979 1878 2064 b03293
1986 1964 2208 2064 Celata,
2236 1970 2293 2064 et
2321 1964 2828 2064 castruaniciole
2859 1981 2993 2064 cum
3026 1965 3300 2064 omnibus
3332 1983 3458 2064 quae
3481 1967 3635 2064 intra

306 2077 430 2115 rum
459 2050 782 2112 monasterii
811 2055 864 2108 S.
897 2054 1101 2108 Thomas
1133 2051 1198 2106 de
1225 2052 1496 2122 Aposella,
1530 2053 1585 2105 in
1610 2067 1712 2121 quo
1741 2050 1879 2106 obiit
1986 2055 2093 2110 hos
2125 2053 2557 2110 concluduntur
2585 2052 2753 2121 ﬁnes,
2789 2070 2922 2108 cum
2955 2054 3150 2119 terris,
3181 2055 3426 2126 campis,
3454 2057 3628 2124 casis,

311 2132 552 2186 Clemens
583 2128 631 2182 Π
663 2143 844 2198 Papa»
1084 2213 1090 2214 ί
1117 2213 1125 2214 7
1156 2212 1199 2214 Α
1242 2211 1248 2214 _
1984 2143 2188 2208 vineis,
2221 2142 2548 2208 arboribus,
2572 2141 2872 2214 pomiferis
2903 2147 2960 2198 et
2990 2141 3392 2210 infructiferis,
3416 2149 3472 2200 et
3492 2161 3627 2201 cum

855 2214 1040 2284 (Anno
1074 2211 1290 2303 1069-)“
1356 2299 1364 2303 _
1559 2297 1573 2303 _
1669 2296 1758 2303 ’ῃ
1984 2233 2259 2288 omnibus
2285 2231 2357 2286 ad
2388 2247 2422 2302 p

2058 2233 2259 2287 mnibus
2285 2231 2357 2286 ad
2388 2211 2722 2302 praedictam
2753 2235 2967 2286 terram
2995 2231 3348 2303 generaliter
3389 2236 3444 2288 et
3496 2233 3626 2289 uni-

309 2309 704 2379 [Mrrmnsnnn
728 2303 928 2358 Annal.
965 2299 1217 2355 Camald.
1244 2298 1309 2365 II,
1340 2297 1624 2369 Append.,
1657 2296 1782 2364 473,
1809 2312 1876 2351 ex

2061 2320 2285 2377 rsaliter
2313 2296 2762 2392 pertinentibus.
2811 2321 2880 2374 Et
2925 2296 3166 2392 insuper
3210 2320 3629 2378 conﬁrmamus

236 2396 597 2470 αυίοὲτδρδο
630 2391 844 2448 urebi“
880 2391 936 2446 δ’
973 2389 1165 2444 Maria
1198 2388 1404 2442 Portus
1437 2386 1766 2456 Ravenna]
1984 2409 2171 2466 eidem
2204 2386 2556 2464 monasterio
2589 2406 2750 2462 illam
2781 2407 2990 2462 turrim
3020 2386 3174 2464 infra
3203 2409 3393 2482 ipsam
3425 2410 3627 2467 civita-

306 2505 594 2560 NICOLAUS
624 2501 954 2572 episcopus,
979 2510 1184 2549 Berl/US
1215 2508 1513 2548 servorum
1542 2491 1664 2556 Dei.
1689 2491 1874 2545 PETRO
1982 2503 2100 2554 tem
2123 2497 2603 2561 Pensaurensem,
2624 2511 2752 2566 quae
2776 2495 3114 2552 nominatur
3126 2497 3472 2555 Castellione
3488 2516 3626 2556 cum

234 2591 546 2648 venerabili
580 2585 775 2644 abbati
819 2581 1157 2639 monasterii
1210 2579 1407 2634 Sancti
1451 2579 1685 2634 Thomm
1735 2596 1873 2651 apo-
1983 2586 2108 2641 suis
2130 2583 2495 2657 pertinentiis
2523 2583 2682 2638 intus
2705 2587 2760 2639 et
2779 2583 2919 2641 foris
2940 2601 3126 2656 usque
3151 2587 3222 2641 ad
3247 2591 3474 2659 portam
3497 2604 3627 2660 quae

233 2681 386 2749 stoli,
422 2678 592 2750 positi
625 2677 683 2731 in
716 2672 995 2730 comitatu
1027 2669 1600 2740 Pensaurensijuxta
1629 2669 1872 2724 ﬂuvium
1985 2673 2322 2729 nominatur
2338 2671 3075 2743 Fanestrainperpetuum.
3101 2673 3630 2733 Undeevacuamus

230 2768 525 2840 Apusella,
560 2766 799 2836 suisque
825 2758 1260 2816 successoribus
1282 2757 1496 2814 ibidem
1531 2757 1874 2830 regulariter
1983 2766 2040 2819 et
2069 2764 2410 2817 evacuatum
2444 2775 2674 2832 semper
2695 2776 2823 2816 esse
2853 2759 3124 2817 volumus
3145 2767 3201 2818 et
3219 2763 3500 2833 juhemus
3524 2764 3625 2821 illa

235 2853 643 2930 promovendis
675 2853 734 2906 in
766 2851 1133 2922 perpetuum.
1982 2853 2285 2926 praecepta,
2319 2865 2446 2920 qua:
2469 2849 2539 2904 de
2568 2847 2670 2903 illa
2688 2852 2844 2904 terra
2865 2849 3201 2906 habuerunt
3229 2851 3342 2924 ipsi
3374 2851 3478 2907 ﬁlii
3511 2852 3625 2908 Un-

302 2947 490 2999 Tanta
517 2945 606 2996 est
636 2939 791 2994 sedis
834 2933 1163 3008 apostolicae
1196 2934 1531 3002 auctoritas,
1566 2939 1631 2989 ut
1678 2934 1871 2990 omnis
1981 2941 2126 3015 gari,
2159 2943 2224 2994 ut
2250 2936 2476 2993 nullum
2505 2936 2758 2993 valorem
2793 2937 3132 3010 nullamque
3164 2939 3418 2997 habeant
3449 2940 3630 2996 ﬁrmi.

231 3032 560 3104 requiratur
590 3027 659 3082 ab
691 3043 759 3081 ea
790 3023 1059 3093 ﬁrmitas,
1093 3039 1196 3078 nec
1229 3026 1463 3095 putetur
1491 3039 1619 3078 esse
1639 3023 1870 3092 stabile,
1981 3035 2184 3096 tatem,
2215 3045 2319 3102 per
2358 3028 2468 3084 hoc
2517 3031 2782 3082 nostrum
2830 3031 3203 3100 praeceptum,
3250 3029 3358 3084 tibi
3387 3029 3626 3102 tuisque

230 3121 342 3176 nisi
372 3119 526 3190 quod
558 3118 686 3188 ejus
717 3114 892 3169 fuerit
921 3113 1332 3168 conﬁrmatum
1379 3113 1600 3167 PObOI‘e-
1634 3113 1705 3168 Et
1734 3112 1872 3183 (ἰυίθι
1907 3176 1944 3191 η
1983 3115 2657 3178 successoribusanobis
2671 3132 2774 3188 pro
2793 3116 3048 3173 remedio
3067 3117 3624 3191 animarilliuspapze

230 3226 336 3264 nos
367 3176 416 3262 ei
449 3176 853 3279 praesidemus,
886 3206 942 3257 et
983 3202 1135 3257 vices
1185 3201 1334 3256 beati
1371 3201 1519 3256 Petri
1570 3176 1870 3272 fungimur
1902 3176 1945 3243 C
1984 3176 2294 3264 Clementis
2326 3207 2649 3276 nostraeque
2671 3176 2738 3257 in
2764 3207 3140 3275 perpetuum.
3175 3205 3412 3261 Factum
3448 3176 3516 3261 ea
3539 3176 3625 3261 ta-

230 3298 362 3352 licet
391 3295 638 3368 indigni,
673 3292 832 3348 omni
865 3291 1058 3346 studio
1091 3290 1373 3345 debemus
1405 3289 1721 3346 servientes
1755 3296 1866 3346 Deo
1977 3313 2110 3353 men
2158 3295 2378 3350 ratione
2407 3296 2472 3348 ut
2499 3291 2828 3347 annualiter
2859 3291 3205 3364 persolvatis
3234 3294 3442 3349 exinde
3472 3311 3618 3365 pen-

227 3385 540 3457 divinoque
563 3383 770 3438 timore
793 3380 1040 3452 repletos
1062 3378 1311 3451 dirigere
1334 3383 1390 3433 et
1408 3380 1702 3450 adjuvare,
1728 3397 1868 3452 qua-
1977 3385 2203 3442 sionem
2235 3369 2362 3438 auri
2392 3380 2672 3437 bisantini
2704 3397 2883 3436 unam
2915 3381 3246 3437 actionariis
3276 3382 3447 3437 certis
3479 3399 3615 3437 san-

228 3479 397 3530 tenus
429 3477 626 3528 nostro
658 3469 983 3526 munimine
1015 3467 1143 3523 fulti
1174 3469 1397 3539 absque
1427 3469 1586 3523 omni
1617 3469 1866 3542 impedi-
1977 3478 2083 3530 etas
2113 3473 2383 3527 Romanae
2405 3469 2671 3525 Ecclesiae
2704 3474 2840 3542 apto
2870 3473 3147 3541 tempore.
3182 3469 3240 3525 Si
3273 3469 3405 3541 quis
3435 3469 3620 3542 igitur

227 3567 424 3619 mento
443 3562 556 3617 Deo
578 3560 814 3623 servire,
840 3563 897 3613 et
921 3558 975 3612 in
1000 3574 1106 3613 suo
1129 3556 1361 3612 servitio
1384 3556 1624 3614 liberius
1647 3575 1869 3630 permav
1978 3563 2156 3634 hujus
2188 3559 2370 3615 nostri
2401 3557 2687 3630 privilegii
2717 3557 2959 3614 violator
2987 3561 3202 3613 temere
3229 3558 3535 3625 exstiterit,
3563 3562 3622 3614 et

227 3668 362 3708 nere
387 3650 637 3724 possint.
660 3651 1022 3719 Quapropter
1043 3662 1145 3718 per
1166 3645 1641 3702 intercessionem
1665 3648 1865 3703 domui
1978 3650 2235 3706 monitus
2265 3647 2541 3704 canonice
2561 3647 2868 3702 emendare
2890 3645 3331 3718 contempserit,
3351 3647 3620 3719 perpetui

227 3740 375 3795 Petri
408 3737 671 3793 Damiani
702 3735 1029 3791 Hostiensis
1051 3734 1306 3806 episcopi
1331 3735 1639 3792 confratris
1661 3737 1863 3804 nostri,
1978 3737 2367 3794 anathematis
2387 3734 2636 3791 vinculis
2657 3751 2718 3792 se
2744 3735 3085 3791 innodatum
3113 3735 3357 3802 noverit,
3379 3739 3437 3791 et
3461 3735 3620 3791 insu-

225 3832 283 3884 et
313 3827 460 3882 Petri
487 3825 715 3881 abbatis
737 3824 1002 3895 ejusdem
1035 3823 1370 3879 monasterii
1392 3827 1448 3878 et
1469 3824 1866 3895 spiritualium
1974 3844 2076 3901 per
2105 3823 2534 3898 quinquaginta
2559 3822 2841 3878 librarum
2864 3823 2990 3878 auri
3022 3840 3193 3895 poena
3215 3823 3612 3890 multandum,

227 3915 648 3972 monachorum
694 3915 821 3984 ejus
871 3911 1216 3985 regulariter
1245 3911 1580 3980 viventium,
1614 3913 1865 3969 decrevi-
1977 3915 2346 3972 medietatem
2388 3929 2551 3968 sacro
2609 3916 2808 3968 nostro
2869 3912 3248 3968 Lateranensi
3302 3911 3540 3985 palatio,
3568 3915 3626 3968 et

228 4022 362 4061 mus
383 4003 637 4060 ecclesiae
663 4002 858 4057 Sancti
890 4001 1127 4057 Thomas
1160 3990 1412 4073 apostoli
1446 4005 1502 4056 et
1530 4002 1658 4072 ejus
1690 4008 1869 4059 recto-
1977 4004 2346 4060 medietatem
2378 4001 2613 4073 praefato
2656 4000 3032 4056 monasterio.
3089 4000 3196 4065 Qui
3228 4017 3361 4056 vero
3391 3999 3489 4072 pia
3518 4000 3623 4056 de-

226 4095 389 4149 ribus
419 4093 808 4166 praesentibus
835 4094 892 4146 et
923 4090 1138 4146 futuris
1170 4093 1291 4144 tam
1323 4090 1475 4145 bona
1505 4091 1864 4160 ammobilia,
1975 4093 2204 4150 votione
2221 4092 2590 4147 conservator
2611 4104 2738 4144 esse
2761 4089 3072 4156 studuerit,
3097 4088 3366 4160 precibus
3389 4091 3624 4160 aposto-

227 4199 404 4255 quam
435 4179 764 4236 immobilia
818 4196 946 4251 qua
997 4195 1151 4234 nunc
1180 4178 1375 4246 habet,
1407 4177 1495 4234 vel
1553 4178 1610 4234 in
1659 4197 1866 4254 perpe-
1974 4182 2166 4238 lorum
2197 4178 2528 4252 principum
2546 4177 2698 4232 Petri
2720 4182 2778 4233 et
2795 4177 2952 4233 Pauli
2984 4179 3354 4248 peccatorum
3377 4192 3621 4233 suorum

224 4277 394 4328 tuum
427 4270 700 4325 habitura
732 4273 839 4338 est,
871 4268 1215 4324 conﬁrmare
1235 4270 1292 4321 et
1312 4267 1704 4334 corroborare,
1729 4288 1868 4342 qua-
1977 4269 2243 4328 omnium
2273 4269 2345 4324 ab
2406 4266 2790 4337 omnipotenti
2843 4266 2958 4320 Deo
3018 4263 3245 4321 veniam
3303 4267 3360 4320 et
3391 4268 3618 4322 aeternas

230 4367 398 4416 tenus
429 4375 563 4414 cum
591 4357 751 4414 omni
783 4355 1094 4412 securitate
1124 4359 1181 4410 et
1211 4354 1553 4426 quietudine
1585 4363 1871 4414 monaste-
1977 4356 2314 4416 heatudinis
2345 4358 2739 4426 consequatur
2766 4353 3033 4426 gloriam.

227 4449 381 4505 rium
415 4446 699 4520 praedictae
731 4445 1000 4501 Ecclesiae
1032 4446 1266 4498 maneat
1295 4447 1351 4499 et
1381 4442 1596 4499 ibidem
1630 4445 1745 4501 Deo
1778 4448 1871 4502 de-
2049 4447 2342 4518 Scriptum
2374 4459 2476 4516 per
2504 4459 2715 4498 manus
2761 4441 3005 4497 Joannis
3057 4440 3359 4498 Scriniarii
3407 4446 3624 4498 sanctae

228 4535 695 4593 serviatur.Flexi
719 4531 1868 4608 igiturprecibus,utdiximus,religioso-
1902 4548 1949 4612 D
1981 4538 2253 4594 Romanae
2284 4532 2572 4602 Ecclesia,
2622 4531 2682 4586 in
2735 4547 2936 4586 mense
2966 4527 3181 4601 Aprilis
3210 4534 3268 4586 et
3309 4529 3630 4588 indictione

229 4643 360 4681 rum
402 4623 822 4680 monachorum
864 4621 1312 4678 corroboramus
1351 4623 1526 4692 atque
1564 4622 1871 4680 conﬁrma-
1982 4625 2153 4682 tertia
2182 4622 2428 4680 decima.

231 4731 364 4770 mus
386 4730 490 4779 nec
513 4730 629 4768 non
652 4710 988 4766 stabilimus
1015 4707 1121 4763 tibi
1159 4707 1394 4780 tuisque
1431 4712 1872 4769 successoribus
2051 4715 2168 4787 Ego
2198 4713 2422 4780 Petrus,
2455 4706 2802 4765 Gabinensis
2832 4707 3164 4780 episcopus,
3195 4707 3296 4763 SS.

231 4801 420 4858 eidem
458 4797 834 4867 monasterio,
868 4796 959 4852 cui
996 4812 1150 4850 nunc
1173 4795 1447 4868 praesides
1469 4801 1524 4850 et
1565 4799 1875 4869 przesidere
2054 4803 2168 4875 Ego
2201 4802 2420 4870 Bruno,
2453 4796 2846 4853 Pranestinus
2875 4796 3206 4870 episcopus,
3239 4797 3340 4852 SS.

230 4889 513 4946 debentin
539 4891 903 4961 perpetuum.
927 4883 1607 4956 Quininsuperquietum
1627 4885 1874 4959 facimus
2054 4892 2170 4964 Ego
2195 4890 2472 4954 Joannes,
2507 4885 2844 4942 Portuensis
2874 4885 3206 4958 episcopus,
3248 4883 3554 4955 suscripsi.

231 4984 287 5036 et
308 4995 580 5035 securum
605 4978 676 5033 ab
700 4977 860 5033 omni
885 4972 1326 5047 impugnatione
1347 4975 1404 5028 et
1422 4971 1654 5030 laesione
1685 4974 1872 5031 homi-
2053 4981 2170 5052 Ego
2204 4978 2427 5041 Petrus,
2461 4976 2731 5031 Peccator
2748 4975 3074 5032 monachus
3091 4979 3149 5030 et
3163 4973 3491 5046 episcopus,
3519 4971 3624 5027 SS.

230 5085 399 5136 num,
425 5071 489 5122 ut
510 5083 682 5122 nemo
705 5065 801 5131 sit,
825 5065 922 5136 qui
949 5065 1159 5120 audeat
1189 5061 1494 5133 quidpiam
1517 5063 1873 5121 molestatio-
2055 5069 2172 5140 Ego
2200 5064 2554 5136 Stephanus,
2580 5068 2819 5120 vocatus
2851 5062 3175 5119 monachus
3218 5065 3276 5117 et
3322 5059 3627 5133 presbyter

230 5157 324 5214 nis
339 5173 405 5212 ac
436 5154 689 5211 laesionis
719 5155 908 5210 eidem
941 5151 1297 5209 monasterio
1333 5151 1564 5222 inferre,
1611 5157 1874 5211 statuen-
1987 5155 2140 5213 tituli
2169 5155 2228 5211 S.
2261 5152 2516 5219 Grisoni,
2551 5153 2647 5208 SS.

228 5251 319 5302 tes
351 5243 668 5316 apostolica
699 5260 947 5298 censura
1005 5247 1068 5296 ut
1118 5238 1318 5295 nullus
1366 5238 1706 5312 imperator,
1755 5260 1874 5314 rex,
2057 5245 2271 5300 Datum
2303 5241 2496 5298 Romae
2526 5257 2632 5299 xm
2677 5240 2800 5297 Kal.
2839 5240 2998 5310 Maii,
3032 5255 3184 5316 anno
3235 5238 3306 5294 ab
3361 5237 3634 5294 Incarna-

232 5336 369 5400 dux,
426 5331 706 5397 marchio,
783 5348 998 5399 comes,
1075 5329 1416 5399 vicecomes,
1473 5333 1530 5385 et
1603 5337 1880 5402 praeterea
1985 5334 2142 5390 tione
2164 5330 2392 5388 Domini
2418 5331 2560 5386 Jesu
2593 5331 2750 5398 1060,
2784 5347 2886 5403 per
2916 5346 3125 5385 manus
3157 5325 3633 5383 Humbertisan-

234 5421 430 5476 nullus
447 5418 1286 5491 archiepiscopus,epiSCOpus,
1308 5421 1364 5472 et
1384 5419 1712 5489 specialiter
1730 5424 1882 5494 ejus-
1986 5427 2089 5480 etas
2117 5421 2381 5479 Ecclesiae
2419 5419 2585 5476 Silsz
2624 5419 2894 5474 Candidze
2921 5417 3178 5491 episcopi
3208 5420 3264 5472 et
3293 5415 3625 5488 apostolicae

235 5510 368 5562 dem
404 5507 825 5562 Pensaurensis
856 5508 1226 5579 episcopatus
1251 5505 1579 5578 episcopus,
1604 5510 1880 5581 quinunc
1987 5512 2145 5569 sedis
2217 5507 2658 5576 bibliothecarii,
2719 5525 2873 5564 anno
2931 5506 3188 5563 secundo
3251 5504 3627 5578 pontiﬁcatus

235 5599 321 5674 cst
355 5593 460 5656 ibi,
505 5591 591 5644 vel
623 5595 854 5648 futurus
901 5599 1007 5663 est,
1043 5610 1146 5650 nec
1176 5611 1290 5649 non
1339 5594 1492 5651 cives
1541 5596 1650 5654 loci
1695 5600 1875 5673 illius,
2002 5601 2203 5658 domni
2237 5616 2397 5673 papae
2426 5597 2646 5656 Nicolai
2678 5597 2941 5665 secundi,
2975 5595 3291 5653 indictione
3316 5611 3440 5651 xm.
