3970 6218
279 319 432 382 ιϐιδ

1467 319 1875 384 EPISTOLE
1916 318 2015 382 Ell‘
2061 319 2532 382 DIPLOMA'I‘A.

3525 330 3678 391 I346

277 451 510 509 vinculo
542 452 888 507 innodatum
922 451 1164 515 aPatre,
1199 450 1341 506 Filio
1373 456 1430 506 et
1461 452 1679 523 Spiritu
1702 457 1923 517 sancto,
1955 455 2010 518 Α
2039 458 2158 518 cte;
2190 452 2481 508 maledicti
2513 452 2671 507 intus
2700 456 2758 507 et
2778 453 2938 520 foris,
2964 453 3257 511 maledicti
3278 474 3314 512 a
3334 458 3552 514 dextris
3572 466 3626 515 et
3649 479 3682 516 a

279 547 334 599 et
363 543 435 599 ab
468 541 814 598 auctoritate
841 541 995 596 beati
1028 541 1173 596 Petri
1197 541 1474 612 principis
1505 541 1922 611 apostolorum,

278 633 447 703 cujus
468 646 576 686 nos
608 630 888 685 immeriti
918 630 1069 685 vices
1092 630 1421 702 fungimur;
1447 645 1549 685 nec
1581 646 1694 684 non
1715 635 1925 685 etcum

281 719 530 786 diabolo,
548 723 606 774 et
632 719 786 774 Juda
799 719 1079 774 traditore
1111 718 1339 773 Domini
1360 718 1542 772 nostri
1564 718 1593 772 J
1601 734 1704 773 esu
1716 717 1792 772 Cb
1802 717 1925 772 risti

279 814 494 866 sterno
523 807 793 863 incendio
823 808 1434 862 concremandum.At
1481 821 1612 862 vero
1669 807 1770 879 qui
1831 807 1927 878 pio

280 897 496 955 intuitu
520 898 859 953 observator
883 896 939 950 in
965 896 1240 951 omnibus
1259 896 1564 961 exstiterit,
1591 896 1929 951 custodiens

281 987 459 1058 hujus
485 986 671 1040 nostri
707 983 989 1056 privilegii
1047 985 1364 1039 constituta
1421 985 1492 1039 ad
1551 983 1774 1038 cultum
1829 984 1928 1040 Dei

281 1074 670 1148 respicientia,
706 1073 1131 1129 benedictionis
1163 1073 1410 1144 gratiam
1439 1089 1473 1126 a
1506 1073 1930 1128 misericordis-

283 1164 429 1221 simo
471 1163 718 1219 Domino
776 1165 885 1217 Deo
933 1167 1347 1233 consequatur,
1405 1165 1463 1215 et
1517 1162 1647 1216 vitae
1707 1167 1931 1217 internae

284 1252 571 1326 particeps
585 1268 714 1308 esse
727 1251 1088 1306 mercaturis
1104 1249 1704 1321 saeculaﬁsaeculorum.
1728 1252 1932 1306 Amen.

352 1342 650 1412 Scriptum
665 1357 766 1411 per
780 1355 990 1394 manus
1016 1339 1311 1394 Octaviani
1337 1339 1447 1394 scri
1460 1339 1625 1393 niarii
1645 1343 1702 1393 et
1723 1340 1934 1411 notarii

287 1434 497 1487 sancte
535 1430 808 1484 Romanae
840 1428 1104 1483 Ecclesiae
1136 1444 1176 1481 ιι
1210 1428 1345 1482 Idus
1404 1427 1558 1490 Maii,
1621 1427 1936 1482 indictione

287 1518 624 1592 supradicta
654 1534 776 1573 xm.

345 1612 565 1662 Datum
598 1609 792 1662 Romae
814 1622 928 1660 xvn
954 1604 1081 1661 Kal.
1112 1605 1298 1672 Junii,
1325 1622 1475 1660 anno
1498 1605 1728 1660 Domini
1752 1606 1935 1660 nostri

284 1698 420 1754 Jssu
451 1696 667 1751 Christi
701 1696 857 1760 1060,
893 1709 996 1766 per
1012 1711 1222 1749 manus
1244 1694 1568 1760 Humberti,
1594 1699 1808 1748 sanctas
1831 1695 1935 1750 Ec-

285 1785 471 1844 clesia)
501 1784 668 1840 Silvae
698 1783 970 1839 Candidas
997 1783 1257 1855 episcopi
1282 1787 1340 1837 et
1388 1781 1722 1854 apostolica
1779 1782 1936 1840 sedis

286 1873 735 1936 bibliothecarii,
787 1888 938 1927 anno
987 1872 1246 1927 secundo
1307 1871 1684 1942 pontificatus
1735 1871 1934 1928 domni

289 1981 447 2036 papa:
477 1961 696 2020 Nicolai
730 1959 992 2027 secundi,
1028 1959 1343 2015 indictione
1373 1976 1551 2030 supra
1581 1960 1816 2032 scripta.

1031 2065 1227 2120 XXIII.

287 2159 634 2216 Consecratio
662 2157 933 2212 altarium
962 2155 1200 2210 basilicae
1226 2157 1511 2225 Far/ensis
1530 2172 1564 2209 a
1600 2156 1818 2210 Nicolao
1875 2155 1900 2210 I
1916 2156 1941 2210 Ι

350 2236 610 2285 Romano
635 2228 896 2299 pontiﬁce
936 2229 1100 2297 facta,
1148 2229 1201 2299 et
1230 2229 1556 2282 monasterii
1585 2228 1740 2282 illius
1771 2227 1935 2281 liber-

350 2307 440 2358 tas
467 2302 544 2358 ab
571 2298 754 2356 eodem
780 2300 1036 2370 pontiﬁce
1063 2298 1404 2367 conﬁrmata.

914 2389 1102 2457 (Anno
1135 2388 1316 2455 1060.)

610 2479 960 2550 [Mnemon],
995 2478 1175 2546 Antiq.
1205 2476 1621 2547 ital.V,1039.J

358 2589 427 2643 In
462 2585 697 2642 nomine
727 2583 979 2649 Domini,
1014 2583 1302 2638 NICOLAUS
1359 2582 1688 2654 episcopus,
1738 2600 1941 2638 servus

289 2691 592 2733 servorum
617 2673 739 2730 Dei.
774 2673 858 2727 Ob
884 2672 1267 2726 reverentiam
1300 2673 1644 2743 sanctzezDei
1696 2672 1941 2745 genitri—

290 2767 370 2822 cis
405 2769 467 2820 et
497 2779 732 2834 semper
760 2760 1036 2833 Virginis,
1067 2765 1123 2815 et
1152 2761 1405 2815 dominae
1453 2766 1666 2816 nostra;
1724 2762 1939 2825 Maria»,

291 2859 606 2927 postquam
631 2850 1062 2906 renovationem
1094 2848 1514 2904 conscrationis
1548 2849 1726 2920 hujus
1748 2850 1941 2906 Eccle-

292 2945 385 2999 siae
421 2941 748 3011 Farfensis,
776 2940 889 2994 Deo
922 2938 1334 3010 propitio,jam
1362 2936 1678 2994 honoriﬁce
1699 2939 1944 3011 explevi-

294 3050 446 3099 mus,
479 3030 736 3086 volentes
767 3029 974 3084 amodo
1008 3028 1391 3100 comprimere
1422 3045 1486 3082 ac
1507 3029 1805 3084 destruere
1826 3045 1944 3084 om-

294 3123 458 3178 nium
495 3135 804 3193 pravorum
835 3117 1166 3187 hominum,
1198 3117 1605 3189 cujuscunque
1642 3118 1945 3191 dignitatis

291 3211 375 3267 vel
398 3190 622 3284 gradus
653 3208 792 3274 sint,
826 3207 898 3262 de
928 3206 1097 3261 bonis
1123 3205 1301 3277 hujus
1328 3207 1644 3262 monasteri
1689 3190 1939 3263 invasio-
1973 3190 2016 3255 (ἶ

293 3318 392 3357 nes
422 3299 516 3355 vel
545 3296 1006 3369 deprazdationes
1035 3294 1122 3350 vel
1156 3295 1332 3360 furta,
1365 3297 1706 3352 auctoritate
1728 3297 1944 3365 divina,

291 3389 563 3446 videlicet
594 3386 780 3442 Patris
814 3389 871 3440 et
901 3383 1026 3438 Filii
1060 3388 1116 3438 et
1145 3383 1361 3455 Spiritu
1391 3386 1600 3454 sancti,
1653 3391 1711 3440 et
1767 3387 1946 3441 beata:

295 3477 492 3537 Maria:
508 3492 629 3532 sem
639 3471 1603 3546 perVirginis,beatiqueMichaelis
1617 3473 1946 3545 archangeli

293 3573 349 3624 et
377 3564 567 3622 sancti
613 3563 763 3618 Petri
793 3561 1188 3634 apostolorum
1220 3561 1521 3632 principis,
1567 3562 1949 3633 omniumque

295 3658 662 3718 sanctorum,
694 3652 793 3722 qui
827 3651 885 3704 in
917 3649 1076 3705 caelis
1105 3656 1162 3704 et
1192 3650 1248 3704 in
1282 3655 1434 3704 terra
1455 3655 1818 3716 venerantur,
1852 3668 1949 3706 ex-

297 3740 880 3800 communicamuset
908 3738 1495 3805 anathematizamus,
1519 3742 1574 3794 et
1591 3755 1626 3793 a
1647 3738 1948 3795 liminibus

297 3834 519 3889 sancta:
546 3829 752 3885 matris
769 3827 1034 3883 Ecclesia:
1057 3827 1402 3900 expellimus
1418 3827 1572 3894 illos,
1597 3827 1694 3899 qui
1719 3844 1947 3900 porcos,

297 3923 478 3978 boves
509 3923 612 3974 aut
639 3934 795 3985 oves,
825 3916 913 3972 vel
947 3915 1058 3972 alia
1089 3916 1360 3988 quaelibet
1378 3916 1674 3982 animalia,
1697 3934 1798 3972 seu
1831 3917 1949 3972 cal-

299 4012 608 4067 ceamenta
626 4007 713 4063 vel
735 4006 1104 4071 vestimenta,
1126 4005 1243 4061 sive
1270 4005 1471 4074 libros,
1495 4006 1582 4064 vel
1615 4006 1830 4080 fruges,
1850 4011 1952 4063 aut

290 4099 556 4155 triticum
574 4095 665 4152 vel
689 4095 890 4150 vinum
910 4093 998 4149 vel
1024 4111 1259 4167 panem,
1279 4111 1382 4150 seu
1405 4095 1634 4152 diversa
1656 4095 1950 4164 utensilia,

292 4189 362 4244 de
373 4188 485 4243 hoc
501 4183 857 4240 monasterio
873 4187 1095 4238 Sancta;
1109 4183 1301 4238 Maria:
1316 4181 1596 4238 violenter
1606 4189 1948 4254 rapuerunt,

295 4282 396 4333 aut
420 4276 701 4346 deinceps
732 4273 1051 4345 rapuerint,
1085 4271 1205 4327 sive
1237 4271 1412 4326 furati
1441 4275 1600 4339 sunt,
1631 4271 1718 4326 vel
1741 4274 1951 4330 amodo

292 4361 801 4437 presumpserint,
828 4364 930 4414 aut
958 4359 1182 4414 diutius
1208 4361 1310 4414 aut
1343 4358 1481 4414 foris
1505 4357 1818 4430 accipiunt.
1845 4359 1951 4432 lgi-

293 4461 388 4510 tur
407 4449 882 4509 maledictionem
899 4449 1093 4521 abyssi
1109 4449 1364 4519 jacentis
1375 4449 1670 4516 deorsum,
1690 4453 1746 4503 et
1770 4448 1952 4504 male-

2036 539 2318 606 sinistris;
2342 541 2460 595 sint
2480 541 2772 597 maledicti
2789 542 2845 596 in
2869 542 3042 597 domo
3063 548 3120 598 et
3142 545 3198 599 in
3222 561 3392 617 agro;
3417 547 3539 602 sint
3558 566 3680 604 ma-

2034 628 2224 684 ledicti
2259 634 2479 685 stantes
2501 635 2556 685 et
2577 631 2864 696 sedentes,
2881 631 3250 688 ambulantes
3271 639 3329 689 et
3354 652 3578 692 moram
3597 639 3681 693 fa-

2035 718 2286 783 cientes;
2323 719 2440 774 sint
2470 719 2760 774 maledicti
2794 721 3060 775 bibentes
3099 725 3155 776 et
3213 724 3677 794 manducantes;

2035 805 2151 861 sint
2181 806 2472 862 maledicti
2504 807 2808 880 vigilantes
2838 814 2893 863 et
2921 808 3291 865 dormientes.
3329 812 3680 870 Obtenebre-

2037 900 2161 949 seat
2189 895 2275 949 eis
2305 895 2413 960 sol,
2448 912 2577 950 cum
2611 897 2802 951 adhuc
2833 897 3020 952 media
3054 898 3226 952 fuerit
3247 900 3390 966 dies,
3414 902 3683 958 etincur-

2038 988 2242 1038 seutur
2263 1001 2294 1038 a
2317 983 2546 1038 diabolo
2559 989 2613 1039 et
2635 985 2856 1057 angelis
2877 985 3022 1039 suis.
3045 987 3680 1045 Excrucienturanimae

2039 1088 2238 1126 eorum
2268 1071 2584 1139 doloribus,
2620 1077 2676 1128 et
2704 1073 3110 1144 exstinguatur
3137 1073 3371 1130 lucerna
3393 1094 3596 1133 eorum
3621 1080 3680 1134 in

2041 1160 2252 1215 secula
2282 1159 2650 1226 saeculorum,
2683 1179 2876 1225 amen,
2910 1161 3020 1215 nisi
3051 1164 3311 1218 venerint
3342 1165 3410 1219 ad
3450 1169 3681 1222 satisfa-

2042 1249 2289 1302 ctionem
2323 1253 2379 1304 et
2410 1265 2725 1319 congruam
2758 1248 3244 1306 emendationem.

2768 1338 2955 1392 XXIV.

2044 1408 2258 1462 Nicotai
2288 1409 2335 1460 ll
2380 1409 2610 1476 epistola
2655 1409 2723 1463 ad
2768 1411 2901 1464 IL...
2961 1416 3208 1468 comitem
3265 1416 3681 1472 Rutennensem.

2051 1500 2054 1504 ί
2117 1511 2183 1517 —
2215 1483 2483 1533 Hortatur
2513 1489 2569 1533 ut
2597 1482 2948 1558 ecclesiarum
2977 1489 3027 1558 et
3055 1502 3356 1556 pauperum
3395 1489 3464 1541 sit
3501 1489 3684 1558 defen-

2115 1567 2224 1617 sor,
2254 1552 2649 1629 etmonastert'o
2689 1552 3010 1629 l’t'rttunensz'
3054 1552 3412 1628 possessiones
3450 1552 3687 1629 aliquas,

2116 1638 2248 1694 quas
2273 1621 2475 1691 injuste
2500 1621 2721 1690 detinet,
2755 1627 3021 1680 restituat.

2117 1709 2405 1764 NICOLAUS
2427 1711 2758 1782 episcopus,
2783 1729 2984 1770 servus
3007 1732 3309 1772 servorum
3332 1716 3454 1784 Dei,
3481 1718 3546 1773 R.
3575 1721 3689 1772 Ru-

1967 1820 2014 1885 B
2043 1797 2269 1853 tenensi
2303 1797 2503 1852 comiti
2536 1797 2745 1854 dilecto
2778 1801 2916 1869 filio,
2952 1804 3200 1860 salutem
3233 1810 3290 1860 et
3310 1805 3690 1878 apostolicam

2046 1885 2530 1941 benedictionem.

2116 1974 2539 2046 Cognoscentes
2571 1975 2653 2030 tui
2681 1978 2861 2033 animi
2895 1982 3283 2053 pr0positum,
3315 1988 3371 2038 et
3391 1985 3544 2055 quod
3565 2002 3694 2057 pro-

2046 2071 2170 2136 pter
2200 2081 2443 2138 regnum
2479 2065 2577 2120 Dei
2609 2068 2976 2137 etjustitiam
3007 2072 3136 2142 ejus
3177 2072 3428 2129 volueris
3475 2092 3690 2130 renun-

2047 2154 2189 2209 tiare
2227 2153 2533 2226 temporali
2562 2155 2792 2227 fastigio
2823 2158 3192 2214 saecularium
3215 2165 3692 2234 occupationum,

2047 2260 2150 2298 con
2163 2243 2405 2298 ﬁdenter
2421 2243 2524 2297 tibi
2541 2244 2958 2302 denuntiamus
2973 2252 3054 2314 ut,
3074 2250 3396 2305 secundum
3419 2253 3571 2322 quod
3587 2253 3692 2308 tibi

2046 2331 2410 2402 injunximus
2442 2348 2574 2386 cum
2607 2350 2702 2388 ore
2744 2334 2814 2388 ad
2847 2352 2912 2390 os
2969 2335 3361 2408 loqueremur,
3422 2340 3694 2398 Ecclesiis

2049 2421 2148 2477 Dei
2169 2426 2224 2475 et
2244 2420 2599 2492 pauperibus
2617 2423 2979 2478 defensorem
3000 2430 3053 2479 te
3075 2443 3359 2498 opponas,
3375 2429 3696 2499 justitiam-

2050 2527 2161 2582 que
2192 2509 2275 2564 eis
2306 2509 2680 2580 acquirendo,
2701 2510 2758 2566 in
2782 2519 3097 2585 conspectu
3123 2515 3216 2570 Dei
3241 2521 3551 2572 excusatus
3577 2518 3696 2573 exi-

2050 2603 2191 2664 stas,
2217 2599 2371 2669 quod
2405 2615 2519 2652 non
2555 2598 2679 2654 sine
2701 2617 2880 2656 causa
2905 2601 3165 2673 gladium
3198 2609 3415 2676 portas.
3452 2607 3521 2661 Et
3559 2607 3699 2678 quia

2051 2692 2316 2742 nostrum
2379 2691 2467 2741 est
2497 2692 2551 2742 te
2582 2689 2916 2756 admonere,
2953 2691 3001 2744 si
3043 2709 3160 2763 qua
3194 2709 3304 2748 non
3355 2693 3700 2766 negligenda

2051 2776 2490 2847 cognoverimus
2524 2780 2578 2830 te
2609 2776 2922 2850 negligere,
2956 2781 3174 2835 orando
3207 2781 3382 2836 simul
3413 2787 3469 2837 et
3500 2785 3698 2854 praeci-

2051 2865 2262 2938 piendo
2295 2863 2639 2920 auctoritate
2657 2865 2974 2937 apostolica
2996 2885 3306 2925 monemus
3325 2877 3387 2925 ut
3412 2876 3700 2928 monaste~

2053 2956 2136 3010 rio
2163 2954 2220 3009 S.
2256 2954 2406 3009 Petri
2439 2953 2550 3009 sito
2582 2954 2830 3009 Virduni
2864 2956 3016 3027 quod
3048 2958 3395 3013 venerabilis
3434 2960 3523 3014 vir
3559 2977 3700 3016 con-

2054 3042 2413 3115 sanguineus
2445 3046 2583 3098 tuus
2623 3043 2968 3101 Waleranus
3025 3047 3208 3103 abbas
3265 3049 3428 3120 regit,
3485 3056 3698 3120 curtes,

2054 3149 2202 3204 quas
2229 3131 2285 3186 in
2318 3137 2473 3188 terra
2502 3133 2890 3204 possessionis
2922 3139 3032 3189 tua:
3067 3135 3280 3193 habere
3317 3137 3698 3210 dignoscitur,

2055 3221 2371 3276 restituas:
2405 3238 2497 3289 ne,
2531 3223 2685 3294 quod
2717 3221 2904 3279 absit!
2938 3225 3006 3278 ad
3051 3225 3434 3296 perditionem
3493 3230 3700 3284 animae

2056 3316 2166 3365 tua:
2203 3310 2426 3366 diutius
2456 3328 2555 3366 eas
2584 3312 2908 3378 retinendo,
2941 3317 3601 3374 excommunicationem
3629 3321 3700 3376 ab

2056 3399 2523 3455 antecessoribns
2539 3401 2756 3455 nostris
2777 3407 3202 3472 comprecatam
3221 3403 3586 3462 invasoribus
3607 3425 3703 3464 eo-

2057 3505 2186 3543 rum
2221 3487 2506 3543 incurras.
2532 3489 2645 3544 Nec
2671 3487 2941 3544 volumus
2960 3489 3142 3554 dicas,
3161 3509 3196 3546 a
3224 3495 3564 3564 parentibus
3586 3498 3704 3552 tuis

2059 3577 2143 3632 vel
2175 3577 2371 3631 uxoris
2401 3581 2533 3645 tuaz,
2566 3592 2665 3632 eas
2695 3579 2876 3632 servis
2908 3577 3004 3630 Dei
3038 3579 3402 3648 subtractae;
3435 3583 3574 3653 quia
3604 3587 3703 3654 ju-

2057 3670 2184 3720 stus
2214 3666 2488 3720 dominus
2521 3666 2708 3720 reddit
2730 3665 3098 3736 iniquitatem
3126 3673 3356 3738 patrum
3391 3669 3445 3724 in
3472 3671 3622 3728 filios
3644 3675 3703 3728 in

2057 3754 2284 3809 tertiam
2300 3759 2359 3808 et
2375 3759 2642 3825 quartam
2659 3754 3115 3826 generationem.
3130 3757 3292 3812 Sicut
3305 3759 3456 3814 enim
3473 3763 3707 3818 conscia

2056 3843 2319 3898 veritatis
2352 3847 2600 3898 testatur
2618 3844 2958 3914 antiquitas,
2983 3843 3040 3898 S.
3065 3846 3372 3901 Amantius
3396 3850 3706 3920 peculiaris

2057 3936 2244 3988 vester
2279 3935 2559 4004 patronus
2592 3948 2690 3987 eas
2724 3931 3077 3988 contradidit
3100 3935 3443 3991 servitorum
3468 3939 3524 3992 S.
3551 3939 3705 3995 Petri

2059 4021 2283 4078 usibus.

2803 4092 2965 4148 XXV.

2060 4165 2303 4237 Epistola
2347 4165 2562 4243 Nicolaj
2615 4165 2683 4218 II
2709 4164 2802 4243 _ad
2846 4165 3051 4243 clerum
3105 4168 3534 4238 Sistaricensem,
3597 4189 3706 4243 qua

2127 4236 2464 4361 commenbdtttt
2514 4235 2818 4291 Gerardum
2871 4239 3200 4310 episcopum,
3258 4248 3309 4296 et
3355 4235 3619 4313 quaedam
3652 4247 3709 4300 ei

2130 4324 2352 4361 υνιεδενι
2392 4325 2406 4361 2
2441 4349 2451 4361 .

2168 4309 2451 4362 rwscribit.

2125 4326 2451 4380 praescrsz

2262 4449 2311 4452 ,_
2382 4449 2413 4452 λ
2547 4380 2739 4452 (Anno
2771 4378 2998 4436 circiter
3023 4382 3208 4452 4060.)

2259 4449 2346 4519 [1).
2382 4449 2672 4516 ΒΟΟΟυι-ΪΓ,
2708 4451 2930 4506 Recueil
2963 4459 3102 4509 tom.
3139 4449 3230 4526 XI,
3265 4473 3318 4528 p.
3355 4456 3499 4526 494.]

291 4545 611 4602 dictionem
643 4541 936 4597 ccelestem
979 4543 1035 4594 et
1091 4537 1558 4594 maledictioncm
1616 4542 1947 4594 terrestrem
1978 4558 2026 4622 Β
2131 4539 2417 4594 NICOLAUS
2448 4537 2777 4609 episcopus,
2812 4556 3014 4596 servus
3045 4560 3344 4598 servorum
3376 4545 3496 4613 Dei,
3529 4545 3704 4613 clero,

293 4633 642 4706 suscipiant,
679 4633 1024 4703 praesentem
1049 4627 1516 4684 maledictioncm
1549 4625 1606 4680 in
1640 4642 1949 4699 corporum

293 4721 704 4779 debilitatione
760 4718 1065 4790 recipiant,
1127 4717 1449 4791 perditione
1505 4719 1564 4770 et
1619 4716 1952 4771 animarum

294 4811 656 4868 cruciatione
684 4807 1114 4864 maledicamtur
1153 4824 1286 4862 cum
1348 4805 1694 4869 maledictis,
1754 4804 1952 4877 ﬂagel-

294 4899 495 4956 lentur
568 4916 703 4954 cum
791 4897 1056 4969 ingratis,
1137 4901 1374 4968 pereant
1452 4912 1584 4949 cum
1661 4893 1950 4966 superbis,

296 4989 638 5046 crucientur
669 5004 802 5042 cum
860 4985 1244 5058 blasphemis,
1303 4988 1688 5056 torqueantur
1743 4984 1802 5038 in
1862 4983 1950 5037 in-

296 5079 478 5147 feris;
515 5077 634 5133 sint
661 5075 953 5132 maledicti
988 5091 1121 5130 cum
1154 5072 1703 5145 blasphemantibus
1743 5088 1953 5128 nomen

296 5166 532 5224 Domini
551 5185 564 5234 ;
583 5167 704 5222 sint
728 5165 1019 5221 maledicti
1047 5181 1182 5219 cum
1205 5163 1548 5235 desperatis,
1573 5161 1692 5218 sint
1712 5161 1952 5217 maledi-

295 5259 339 5312 ti
361 5257 423 5312 in
439 5256 664 5313 oriente
677 5260 734 5310 et
753 5253 1051 5310 occidente
1071 5268 1084 5308 :
1101 5251 1591 5308 sintmaledictiet
1623 5252 1680 5306 in
1714 5252 1955 5308 meridie

296 5350 354 5401 et
403 5345 824 5416 septentrione,
875 5343 994 5398 sint
1041 5340 1333 5396 maledicti
1400 5340 1459 5395 in
1509 5340 1602 5394 die
1651 5343 1708 5396 et
1749 5340 1809 5395 in
1858 5357 1957 5395 no-

372 5469 452 5541 (3)
473 5467 720 5541 Summi
751 5468 997 5541 quidam
1031 5465 1336 5541 pontifices
1365 5464 1688 5541 litterarum
1712 5480 1955 5541 suarum

301 5535 684 5604 inscriptioni
719 5535 894 5595 verba
923 5535 1049 5593 haec
1091 5536 1472 5604 addiderant;
1531 5552 1733 5591 verum
1789 5535 1956 5593 Nico-

296 5611 434 5672 laus
469 5607 521 5668 II
553 5614 684 5687 post
712 5611 945 5670 salutem
973 5607 1180 5679 datam,
1212 5607 1440 5683 primus
1469 5607 1956 5668 constantimodo

2064 4626 2275 4695 ordini,
2310 4625 2485 4698 plebi,
2509 4624 2962 4682 consistentibus
2979 4629 3036 4682 in
3065 4631 3292 4686 civitate
3314 4632 3704 4703 Sistaricensi,

2061 4713 2311 4770 salutem
2334 4719 2390 4769 et
2418 4713 2792 4785 apostolicam
2825 4715 2902 4785 (3)
2942 4716 3402 4775 benedictionem
3463 4721 3509 4774 si
3570 4721 3706 4776 obe-

2061 4803 2293 4858 dierint.

2131 4894 2275 4946 Cum
2309 4891 2493 4946 nostri
2523 4891 2600 4947 sit
2628 4892 2801 4947 officii
2833 4892 3177 4949 universalis
3209 4895 3476 4951 Ecclesiae
3504 4914 3708 4956 curam

2062 4996 2279 5053 gerere,
2314 4986 2538 5051 oportet
2569 4998 2674 5036 nos
2703 4982 2936 5037 studere
2967 4983 3242 5039 omnibus
3300 4985 3516 5057 ubique
3573 5004 3705 5058 pro-

2063 5071 2248 5124 desse.
2281 5069 2441 5124 Unde
2474 5086 2576 5141 pro
2603 5075 2792 5125 vestra
2813 5069 2998 5125 salute
3029 5072 3267 5128 fratrem
3299 5073 3474 5128 etiam
3506 5079 3564 5130 et
3609 5093 3705 5132 co-

2063 5158 2397 5229 episcopum
2420 5164 2684 5213 nostrum
2698 5159 3017 5214 Gerardum
3045 5160 3116 5232 (4)
3130 5161 3294 5217 vobis
3308 5163 3428 5217 ordi
3441 5164 3707 5220 navimus

2064 5247 2446 5313 sacerdotem,
2479 5264 2512 5301 a
2540 5247 2824 5320 religiosis
2852 5247 2993 5303 viris
3021 5248 3078 5303 in
3110 5251 3587 5321 partibusGallize
3609 5253 3709 5309 ha-

2065 5336 2389 5391 bitantibus
2419 5335 2688 5406 electum,
2724 5335 2944 5392 scilicet
2975 5355 3008 5392 a
3033 5340 3347 5396 venerabili
3378 5341 3553 5397 fratre
3582 5340 3710 5398 Clu-

2065 5465 2120 5518 et
2176 5460 2451 5516 uniformi
2501 5459 2782 5534 adhibuit
2844 5463 3205 5534 apostolicam
3266 5465 3705 5523 benedictionem.

2065 5535 2222 5607 (Hist.
2249 5533 2389 5607 lita,
2421 5537 2463 5607 ι.
2497 5533 2708 5607 v11,_p.
2740 5532 2889 5607 521);

2135 5605 2211 5683 (4)
2237 5605 2548 5682 Gerardus,
2581 5604 2701 5664 sive
2729 5604 3020 5666 Gerardus
3052 5608 3100 5668 II
3134 5608 3351 5669 electus
3372 5613 3461 5671 est
3487 5607 3710 5684 episco-
