  <div class='ocr_page' id='page_1' title='image "/cluster/home/n/w/nwhite01/storage/ocr_20150623/143/uva.x000829790/699.png"; bbox 0 0 3970 6218; ppageno 0'>
   <div class='ocr_carea' id='block_1_1' title="bbox 246 222 401 289">
    <p class='ocr_par' dir='ltr' id='par_1_1' title="bbox 246 222 401 289">
     <span class='ocr_line' id='line_1_1' title="bbox 246 222 401 289; baseline -0.006 0"><span class='ocrx_word' id='word_1_1' title='bbox 246 222 401 289; x_wconf 71' lang='grc'>1347</span> 
     </span>
    </p>
   </div>
   <div class='ocr_carea' id='block_1_2' title="bbox 1604 224 2289 290">
    <p class='ocr_par' dir='ltr' id='par_1_2' title="bbox 1604 224 2289 290">
     <span class='ocr_line' id='line_1_2' title="bbox 1604 224 2289 290; baseline 0.004 -3"><span class='ocrx_word' id='word_1_2' title='bbox 1604 224 1917 290; x_wconf 85' lang='lat' dir='ltr'>NICOLAI</span> <span class='ocrx_word' id='word_1_3' title='bbox 1962 226 2013 289; x_wconf 86' lang='lat' dir='ltr'>Il</span> <span class='ocrx_word' id='word_1_4' title='bbox 2056 229 2152 289; x_wconf 83' lang='lat' dir='ltr'>PA</span> <span class='ocrx_word' id='word_1_5' title='bbox 2166 226 2289 290; x_wconf 67' lang='lat' dir='ltr'>PJE</span> 
     </span>
    </p>
   </div>
   <div class='ocr_carea' id='block_1_3' title="bbox 3498 224 3665 295">
    <p class='ocr_par' dir='ltr' id='par_1_3' title="bbox 3498 224 3665 295">
     <span class='ocr_line' id='line_1_3' title="bbox 3498 224 3665 295; baseline 0.024 -3"><span class='ocrx_word' id='word_1_6' title='bbox 3498 224 3665 295; x_wconf 71' lang='grc'>1348</span> 
     </span>
    </p>
   </div>
   <div class='ocr_carea' id='block_1_4' title="bbox 244 358 3659 436">
    <p class='ocr_par' dir='ltr' id='par_1_4' title="bbox 244 358 3659 436">
     <span class='ocr_line' id='line_1_4' title="bbox 244 358 3659 436; baseline 0.001 -20"><span class='ocrx_word' id='word_1_7' title='bbox 244 361 501 417; x_wconf 85' lang='lat' dir='ltr'>niacensi</span> <span class='ocrx_word' id='word_1_8' title='bbox 533 360 774 432; x_wconf 87' lang='lat' dir='ltr'>Hugone</span> <span class='ocrx_word' id='word_1_9' title='bbox 804 358 902 430; x_wconf 88' lang='lat' dir='ltr'>qui</span> <span class='ocrx_word' id='word_1_10' title='bbox 938 362 1141 413; x_wconf 87' lang='lat' dir='ltr'>nostra</span> <span class='ocrx_word' id='word_1_11' title='bbox 1180 359 1300 413; x_wconf 84' lang='lat' dir='ltr'>vice</span> <span class='ocrx_word' id='word_1_12' title='bbox 1360 359 1415 412; x_wconf 90' lang='lat' dir='ltr'>in</span> <span class='ocrx_word' id='word_1_13' title='bbox 1456 359 1724 430; x_wconf 88' lang='lat' dir='ltr'>partibus</span> <span class='ocrx_word' id='word_1_14' title='bbox 1784 359 1899 416; x_wconf 87' lang='lat' dir='ltr'>illis</span> <span class='ocrx_word' id='word_1_15' title='bbox 1927 363 1984 428; x_wconf 83' lang='grc' dir='ltr'><strong>Α</strong></span> <span class='ocrx_word' id='word_1_16' title='bbox 2014 362 2377 417; x_wconf 78' lang='lat' dir='ltr'>contristare.</span> <span class='ocrx_word' id='word_1_17' title='bbox 2412 362 2585 417; x_wconf 85' lang='lat' dir='ltr'>Scitis</span> <span class='ocrx_word' id='word_1_18' title='bbox 2615 362 2770 419; x_wconf 91' lang='lat' dir='ltr'>enim</span> <span class='ocrx_word' id='word_1_19' title='bbox 2805 378 2981 436; x_wconf 89' lang='lat' dir='ltr'>quam</span> <span class='ocrx_word' id='word_1_20' title='bbox 3013 360 3267 436; x_wconf 84' lang='lat' dir='ltr'>benigna</span> <span class='ocrx_word' id='word_1_21' title='bbox 3297 364 3464 420; x_wconf 84' lang='lat' dir='ltr'>vobis</span> <span class='ocrx_word' id='word_1_22' title='bbox 3484 364 3659 421; x_wconf 86' lang='lat' dir='ltr'>fuerit</span> 
     </span>
    </p>
   </div>
   <div class='ocr_carea' id='block_1_5' title="bbox 242 445 1897 521">
    <p class='ocr_par' dir='ltr' id='par_1_5' title="bbox 242 445 1897 521">
     <span class='ocr_line' id='line_1_5' title="bbox 242 445 1897 521; baseline -0.002 -16"><span class='ocrx_word' id='word_1_23' title='bbox 242 450 612 521; x_wconf 73' lang='lat' dir='ltr'>fungebatur,</span> <span class='ocrx_word' id='word_1_24' title='bbox 637 445 961 501; x_wconf 78' lang='lat' dir='ltr'>Arelatensi</span> <span class='ocrx_word' id='word_1_25' title='bbox 984 445 1442 518; x_wconf 81' lang='lat' dir='ltr'>archiepiscopo,</span> <span class='ocrx_word' id='word_1_26' title='bbox 1467 448 1738 519; x_wconf 90' lang='lat' dir='ltr'>episcopo</span> <span class='ocrx_word' id='word_1_27' title='bbox 1757 453 1897 503; x_wconf 83' lang='lat' dir='ltr'>Ave-</span> 
     </span>
    </p>
   </div>
   <div class='ocr_carea' id='block_1_6' title="bbox 240 534 1894 607">
    <p class='ocr_par' dir='ltr' id='par_1_6' title="bbox 240 534 1894 607">
     <span class='ocr_line' id='line_1_6' title="bbox 240 534 1894 607; baseline -0.002 -14"><span class='ocrx_word' id='word_1_28' title='bbox 240 537 528 602; x_wconf 91' lang='lat' dir='ltr'>nionensi,</span> <span class='ocrx_word' id='word_1_29' title='bbox 561 536 834 606; x_wconf 88' lang='lat' dir='ltr'>episcopo</span> <span class='ocrx_word' id='word_1_30' title='bbox 864 534 1257 601; x_wconf 86' lang='lat' dir='ltr'>Cabilonensi,</span> <span class='ocrx_word' id='word_1_31' title='bbox 1302 535 1576 607; x_wconf 88' lang='lat' dir='ltr'>episc0po</span> <span class='ocrx_word' id='word_1_32' title='bbox 1633 535 1894 606; x_wconf 84' lang='lat' dir='ltr'>Aptensi,</span> 
     </span>
    </p>
   </div>
   <div class='ocr_carea' id='block_1_7' title="bbox 235 621 1895 697">
    <p class='ocr_par' dir='ltr' id='par_1_7' title="bbox 235 621 1895 697">
     <span class='ocr_line' id='line_1_7' title="bbox 235 621 1895 697; baseline -0.001 -17"><span class='ocrx_word' id='word_1_33' title='bbox 235 626 508 697; x_wconf 83' lang='lat' dir='ltr'>episcopo</span> <span class='ocrx_word' id='word_1_34' title='bbox 564 622 832 688; x_wconf 87' lang='lat' dir='ltr'>Vasensi,</span> <span class='ocrx_word' id='word_1_35' title='bbox 891 623 1194 694; x_wconf 87' lang='lat' dir='ltr'>episcopo&#39;</span> <span class='ocrx_word' id='word_1_36' title='bbox 1244 621 1544 694; x_wconf 89' lang='lat' dir='ltr'>Dignensi,</span> <span class='ocrx_word' id='word_1_37' title='bbox 1623 624 1895 694; x_wconf 86' lang='lat' dir='ltr'>episcopo</span> 
     </span>
    </p>
   </div>
   <div class='ocr_carea' id='block_1_8' title="bbox 238 709 1890 782">
    <p class='ocr_par' dir='ltr' id='par_1_8' title="bbox 238 709 1890 782">
     <span class='ocr_line' id='line_1_8' title="bbox 238 709 1890 782; baseline -0.002 -14"><span class='ocrx_word' id='word_1_38' title='bbox 238 712 455 769; x_wconf 87' lang='lat' dir='ltr'>Diensi.</span> <span class='ocrx_word' id='word_1_39' title='bbox 489 709 711 776; x_wconf 88' lang='lat' dir='ltr'>Quibus</span> <span class='ocrx_word' id='word_1_40' title='bbox 747 711 1000 766; x_wconf 82' lang='lat' dir='ltr'>testibus</span> <span class='ocrx_word' id='word_1_41' title='bbox 1031 710 1102 765; x_wconf 90' lang='lat' dir='ltr'>de</span> <span class='ocrx_word' id='word_1_42' title='bbox 1135 712 1262 782; x_wconf 88' lang='lat' dir='ltr'>ejus</span> <span class='ocrx_word' id='word_1_43' title='bbox 1285 710 1403 765; x_wconf 90' lang='lat' dir='ltr'>vita</span> <span class='ocrx_word' id='word_1_44' title='bbox 1428 711 1505 765; x_wconf 90' lang='lat' dir='ltr'>nil</span> <span class='ocrx_word' id='word_1_45' title='bbox 1530 712 1890 767; x_wconf 76' lang='lat' dir='ltr'>dubitamus.</span> 
     </span>
    </p>
   </div>
   <div class='ocr_carea' id='block_1_9' title="bbox 237 798 1893 871">
    <p class='ocr_par' dir='ltr' id='par_1_9' title="bbox 237 798 1893 871">
     <span class='ocr_line' id='line_1_9' title="bbox 237 798 1893 871; baseline -0.001 -16"><span class='ocrx_word' id='word_1_46' title='bbox 237 800 341 855; x_wconf 89' lang='lat' dir='ltr'>Cui</span> <span class='ocrx_word' id='word_1_47' title='bbox 373 799 642 855; x_wconf 84' lang='lat' dir='ltr'>dedimus</span> <span class='ocrx_word' id='word_1_48' title='bbox 680 799 738 852; x_wconf 93' lang='lat' dir='ltr'>in</span> <span class='ocrx_word' id='word_1_49' title='bbox 758 798 1071 865; x_wconf 81' lang='lat' dir='ltr'>mandatis,</span> <span class='ocrx_word' id='word_1_50' title='bbox 1106 816 1177 854; x_wconf 89' lang='lat' dir='ltr'>ne</span> <span class='ocrx_word' id='word_1_51' title='bbox 1199 815 1457 871; x_wconf 85' lang='lat' dir='ltr'>unquam</span> <span class='ocrx_word' id='word_1_52' title='bbox 1493 799 1893 854; x_wconf 84' lang='lat' dir='ltr'>ordinationes</span> 
     </span>
    </p>
   </div>
   <div class='ocr_carea' id='block_1_10' title="bbox 236 886 1893 961">
    <p class='ocr_par' dir='ltr' id='par_1_10' title="bbox 236 886 1893 961">
     <span class='ocr_line' id='line_1_10' title="bbox 236 886 1893 961; baseline 0 -18"><span class='ocrx_word' id='word_1_53' title='bbox 236 891 553 961; x_wconf 87' lang='lat' dir='ltr'>prasumat</span> <span class='ocrx_word' id='word_1_54' title='bbox 582 887 638 941; x_wconf 93' lang='lat' dir='ltr'>in</span> <span class='ocrx_word' id='word_1_55' title='bbox 676 903 834 953; x_wconf 89' lang='lat' dir='ltr'>eum,</span> <span class='ocrx_word' id='word_1_56' title='bbox 869 888 967 959; x_wconf 90' lang='lat' dir='ltr'>qui</span> <span class='ocrx_word' id='word_1_57' title='bbox 999 886 1284 959; x_wconf 80' lang='lat' dir='ltr'>virginem</span> <span class='ocrx_word' id='word_1_58' title='bbox 1329 904 1443 942; x_wconf 92' lang='lat' dir='ltr'>non</span> <span class='ocrx_word' id='word_1_59' title='bbox 1500 892 1591 942; x_wconf 81' lang='lat' dir='ltr'>est</span> <span class='ocrx_word' id='word_1_60' title='bbox 1649 887 1893 943; x_wconf 88' lang='lat' dir='ltr'>sortitus</span> 
     </span>
    </p>
   </div>
   <div class='ocr_carea' id='block_1_11' title="bbox 237 974 1893 1048">
    <p class='ocr_par' dir='ltr' id='par_1_11' title="bbox 237 974 1893 1048">
     <span class='ocr_line' id='line_1_11' title="bbox 237 974 1893 1048; baseline -0.001 -16"><span class='ocrx_word' id='word_1_61' title='bbox 237 994 495 1043; x_wconf 82' lang='lat' dir='ltr'>uxorem,</span> <span class='ocrx_word' id='word_1_62' title='bbox 516 993 703 1048; x_wconf 88' lang='lat' dir='ltr'>neque</span> <span class='ocrx_word' id='word_1_63' title='bbox 726 975 1134 1041; x_wconf 88' lang='lat' dir='ltr'>inlitteratum,</span> <span class='ocrx_word' id='word_1_64' title='bbox 1155 975 1240 1031; x_wconf 88' lang='lat' dir='ltr'>vel</span> <span class='ocrx_word' id='word_1_65' title='bbox 1267 976 1323 1030; x_wconf 88' lang='lat' dir='ltr'>in</span> <span class='ocrx_word' id='word_1_66' title='bbox 1340 974 1601 1047; x_wconf 89' lang='lat' dir='ltr'>quolibet</span> <span class='ocrx_word' id='word_1_67' title='bbox 1632 976 1893 1048; x_wconf 89' lang='lat' dir='ltr'>corporis</span> 
     </span>
    </p>
   </div>
   <div class='ocr_carea' id='block_1_12' title="bbox 236 1065 1890 1139">
    <p class='ocr_par' dir='ltr' id='par_1_12' title="bbox 236 1065 1890 1139">
     <span class='ocr_line' id='line_1_12' title="bbox 236 1065 1890 1139; baseline -0.001 -16"><span class='ocrx_word' id='word_1_68' title='bbox 236 1072 397 1139; x_wconf 90' lang='lat' dir='ltr'>parte</span> <span class='ocrx_word' id='word_1_69' title='bbox 428 1067 718 1130; x_wconf 87' lang='lat' dir='ltr'>vitiatum,</span> <span class='ocrx_word' id='word_1_70' title='bbox 751 1070 853 1121; x_wconf 90' lang='lat' dir='ltr'>aut</span> <span class='ocrx_word' id='word_1_71' title='bbox 875 1082 943 1120; x_wconf 84' lang='lat' dir='ltr'>ex</span> <span class='ocrx_word' id='word_1_72' title='bbox 966 1065 1300 1137; x_wconf 74' lang='lat' dir='ltr'>panitente,</span> <span class='ocrx_word' id='word_1_73' title='bbox 1329 1065 1419 1121; x_wconf 83' lang='lat' dir='ltr'>vel</span> <span class='ocrx_word' id='word_1_74' title='bbox 1453 1082 1626 1132; x_wconf 88' lang='lat' dir='ltr'>cura,</span> <span class='ocrx_word' id='word_1_75' title='bbox 1652 1074 1755 1121; x_wconf 88' lang='lat' dir='ltr'>aut</span> <span class='ocrx_word' id='word_1_76' title='bbox 1774 1067 1890 1121; x_wconf 90' lang='lat' dir='ltr'>cui-</span> 
     </span>
    </p>
   </div>
   <div class='ocr_carea' id='block_1_13' title="bbox 236 1141 1889 1225">
    <p class='ocr_par' dir='ltr' id='par_1_13' title="bbox 236 1141 1889 1225">
     <span class='ocr_line' id='line_1_13' title="bbox 236 1141 1889 1225; baseline 0.001 -15"><span class='ocrx_word' id='word_1_77' title='bbox 236 1155 378 1211; x_wconf 89' lang='lat' dir='ltr'>libet</span> <span class='ocrx_word' id='word_1_78' title='bbox 408 1155 725 1210; x_wconf 86' lang='lat' dir='ltr'>conditioni</span> <span class='ocrx_word' id='word_1_79' title='bbox 758 1155 1097 1222; x_wconf 85' lang='lat' dir='ltr'>obnoxium,</span> <span class='ocrx_word' id='word_1_80' title='bbox 1132 1158 1535 1225; x_wconf 85' lang='lat' dir='ltr'>notatumque,</span> <span class='ocrx_word' id='word_1_81' title='bbox 1569 1155 1639 1208; x_wconf 89' lang='lat' dir='ltr'>ad</span> <span class='ocrx_word' id='word_1_82' title='bbox 1692 1141 1889 1211; x_wconf 79' lang='lat' dir='ltr'>sacros</span> 
     </span>
    </p>
   </div>
   <div class='ocr_carea' id='block_1_14' title="bbox 234 1242 1884 1317">
    <p class='ocr_par' dir='ltr' id='par_1_14' title="bbox 234 1242 1884 1317">
     <span class='ocr_line' id='line_1_14' title="bbox 234 1242 1884 1317; baseline -0.001 -17"><span class='ocrx_word' id='word_1_83' title='bbox 234 1245 468 1300; x_wconf 84' lang='lat' dir='ltr'>ordines</span> <span class='ocrx_word' id='word_1_84' title='bbox 500 1244 802 1317; x_wconf 82' lang='lat' dir='ltr'>permittat</span> <span class='ocrx_word' id='word_1_85' title='bbox 832 1244 1102 1299; x_wconf 82' lang='lat' dir='ltr'>accedere</span> <span class='ocrx_word' id='word_1_86' title='bbox 1127 1261 1140 1309; x_wconf 90' lang='lat'><strong>;</strong></span> <span class='ocrx_word' id='word_1_87' title='bbox 1165 1243 1265 1297; x_wconf 90' lang='lat' dir='ltr'>sed</span> <span class='ocrx_word' id='word_1_88' title='bbox 1297 1243 1345 1299; x_wconf 87' lang='lat' dir='ltr'>si</span> <span class='ocrx_word' id='word_1_89' title='bbox 1378 1259 1525 1314; x_wconf 92' lang='lat' dir='ltr'>quos</span> <span class='ocrx_word' id='word_1_90' title='bbox 1546 1242 1884 1313; x_wconf 88' lang='lat' dir='ltr'>hujusmodi</span> 
     </span>
    </p>
   </div>
   <div class='ocr_carea' id='block_1_15' title="bbox 234 1331 1884 1404">
    <p class='ocr_par' dir='ltr' id='par_1_15' title="bbox 234 1331 1884 1404">
     <span class='ocr_line' id='line_1_15' title="bbox 234 1331 1884 1404; baseline -0.001 -16"><span class='ocrx_word' id='word_1_91' title='bbox 234 1334 381 1389; x_wconf 80' lang='lat' dir='ltr'>forte</span> <span class='ocrx_word' id='word_1_92' title='bbox 401 1332 704 1404; x_wconf 90' lang='lat' dir='ltr'>comperit,</span> <span class='ocrx_word' id='word_1_93' title='bbox 731 1349 842 1386; x_wconf 92' lang='lat' dir='ltr'>non</span> <span class='ocrx_word' id='word_1_94' title='bbox 865 1332 1077 1387; x_wconf 90' lang='lat' dir='ltr'>audeat</span> <span class='ocrx_word' id='word_1_95' title='bbox 1098 1347 1453 1403; x_wconf 88' lang='lat' dir='ltr'>promovere.</span> <span class='ocrx_word' id='word_1_96' title='bbox 1474 1331 1641 1386; x_wconf 87' lang='lat' dir='ltr'>Afros</span> <span class='ocrx_word' id='word_1_97' title='bbox 1666 1332 1884 1403; x_wconf 87' lang='lat' dir='ltr'>passim</span> 
     </span>
    </p>
   </div>
   <div class='ocr_carea' id='block_1_16' title="bbox 234 1419 1885 1492">
    <p class='ocr_par' dir='ltr' id='par_1_16' title="bbox 234 1419 1885 1492">
     <span class='ocr_line' id='line_1_16' title="bbox 234 1419 1885 1492; baseline -0.001 -15"><span class='ocrx_word' id='word_1_98' title='bbox 234 1423 305 1477; x_wconf 89' lang='lat' dir='ltr'>ad</span> <span class='ocrx_word' id='word_1_99' title='bbox 329 1420 756 1478; x_wconf 88' lang='lat' dir='ltr'>ecclesiasticos</span> <span class='ocrx_word' id='word_1_100' title='bbox 773 1420 1006 1476; x_wconf 85' lang='lat' dir='ltr'>ordines</span> <span class='ocrx_word' id='word_1_101' title='bbox 1026 1420 1471 1492; x_wconf 66' lang='lat' dir='ltr'>praetendentes,</span> <span class='ocrx_word' id='word_1_102' title='bbox 1489 1419 1650 1475; x_wconf 90' lang='lat' dir='ltr'>nulla</span> <span class='ocrx_word' id='word_1_103' title='bbox 1663 1421 1885 1476; x_wconf 87' lang='lat' dir='ltr'>ratione</span> 
     </span>
    </p>
   </div>
   <div class='ocr_carea' id='block_1_17' title="bbox 233 1507 1884 1582">
    <p class='ocr_par' dir='ltr' id='par_1_17' title="bbox 233 1507 1884 1582">
     <span class='ocr_line' id='line_1_17' title="bbox 233 1507 1884 1582; baseline -0.001 -15"><span class='ocrx_word' id='word_1_104' title='bbox 233 1509 539 1582; x_wconf 84' lang='lat' dir='ltr'>suscipiat,</span> <span class='ocrx_word' id='word_1_105' title='bbox 566 1509 706 1581; x_wconf 89' lang='lat' dir='ltr'>quia</span> <span class='ocrx_word' id='word_1_106' title='bbox 735 1507 916 1581; x_wconf 88' lang='lat' dir='ltr'>aliqui</span> <span class='ocrx_word' id='word_1_107' title='bbox 936 1525 1137 1564; x_wconf 88' lang='lat' dir='ltr'>eorum</span> <span class='ocrx_word' id='word_1_108' title='bbox 1160 1508 1484 1575; x_wconf 84' lang='lat' dir='ltr'>Manichai,</span> <span class='ocrx_word' id='word_1_109' title='bbox 1518 1507 1697 1581; x_wconf 85' lang='lat' dir='ltr'>aliqui</span> <span class='ocrx_word' id='word_1_110' title='bbox 1723 1509 1884 1565; x_wconf 88' lang='lat' dir='ltr'>reba-</span> 
     </span>
    </p>
   </div>
   <div class='ocr_carea' id='block_1_18' title="bbox 234 1596 1882 1671">
    <p class='ocr_par' dir='ltr' id='par_1_18' title="bbox 234 1596 1882 1671">
     <span class='ocr_line' id='line_1_18' title="bbox 234 1596 1882 1671; baseline 0 -18"><span class='ocrx_word' id='word_1_111' title='bbox 234 1598 432 1671; x_wconf 87' lang='lat' dir='ltr'>ptisati</span> <span class='ocrx_word' id='word_1_112' title='bbox 466 1603 605 1655; x_wconf 91' lang='lat' dir='ltr'>sunt</span> <span class='ocrx_word' id='word_1_113' title='bbox 635 1598 881 1670; x_wconf 89' lang='lat' dir='ltr'>probati.</span> <span class='ocrx_word' id='word_1_114' title='bbox 914 1596 1237 1652; x_wconf 89' lang='lat' dir='ltr'>Ministeria</span> <span class='ocrx_word' id='word_1_115' title='bbox 1266 1600 1442 1669; x_wconf 90' lang='lat' dir='ltr'>atque</span> <span class='ocrx_word' id='word_1_116' title='bbox 1474 1604 1749 1653; x_wconf 90' lang='lat' dir='ltr'>ornatum</span> <span class='ocrx_word' id='word_1_117' title='bbox 1779 1601 1882 1653; x_wconf 84' lang='lat' dir='ltr'>Ec-</span> 
     </span>
    </p>
   </div>
   <div class='ocr_carea' id='block_1_19' title="bbox 235 1684 1881 1758">
    <p class='ocr_par' dir='ltr' id='par_1_19' title="bbox 235 1684 1881 1758">
     <span class='ocr_line' id='line_1_19' title="bbox 235 1684 1881 1758; baseline -0.001 -15"><span class='ocrx_word' id='word_1_118' title='bbox 235 1686 444 1752; x_wconf 85' lang='lat' dir='ltr'>clesia,</span> <span class='ocrx_word' id='word_1_119' title='bbox 476 1685 565 1741; x_wconf 89' lang='lat' dir='ltr'>vel</span> <span class='ocrx_word' id='word_1_120' title='bbox 597 1686 884 1758; x_wconf 91' lang='lat' dir='ltr'>quidquid</span> <span class='ocrx_word' id='word_1_121' title='bbox 916 1685 1058 1742; x_wconf 90' lang='lat' dir='ltr'>illud</span> <span class='ocrx_word' id='word_1_122' title='bbox 1091 1689 1180 1741; x_wconf 90' lang='lat' dir='ltr'>est</span> <span class='ocrx_word' id='word_1_123' title='bbox 1234 1684 1293 1740; x_wconf 91' lang='lat' dir='ltr'>in</span> <span class='ocrx_word' id='word_1_124' title='bbox 1354 1685 1704 1757; x_wconf 90' lang='lat' dir='ltr'>patrimonio</span> <span class='ocrx_word' id='word_1_125' title='bbox 1753 1687 1881 1757; x_wconf 86' lang='lat' dir='ltr'>ejus</span> 
     </span>
    </p>
   </div>
   <div class='ocr_carea' id='block_1_20' title="bbox 234 1774 1882 1846">
    <p class='ocr_par' dir='ltr' id='par_1_20' title="bbox 234 1774 1882 1846">
     <span class='ocr_line' id='line_1_20' title="bbox 234 1774 1882 1846; baseline 0 -15"><span class='ocrx_word' id='word_1_126' title='bbox 234 1776 499 1832; x_wconf 89' lang='lat' dir='ltr'>minuere</span> <span class='ocrx_word' id='word_1_127' title='bbox 532 1791 645 1831; x_wconf 92' lang='lat' dir='ltr'>non</span> <span class='ocrx_word' id='word_1_128' title='bbox 669 1775 899 1830; x_wconf 86' lang='lat' dir='ltr'>studeat</span> <span class='ocrx_word' id='word_1_129' title='bbox 928 1774 1028 1830; x_wconf 87' lang='lat' dir='ltr'>sed</span> <span class='ocrx_word' id='word_1_130' title='bbox 1052 1790 1284 1846; x_wconf 87' lang='lat' dir='ltr'>augere.</span> <span class='ocrx_word' id='word_1_131' title='bbox 1318 1774 1397 1830; x_wconf 95' lang='lat' dir='ltr'>De</span> <span class='ocrx_word' id='word_1_132' title='bbox 1420 1774 1606 1829; x_wconf 87' lang='lat' dir='ltr'>reditu</span> <span class='ocrx_word' id='word_1_133' title='bbox 1629 1791 1761 1831; x_wconf 90' lang='lat' dir='ltr'>vero</span> <span class='ocrx_word' id='word_1_134' title='bbox 1784 1779 1882 1831; x_wconf 89' lang='lat' dir='ltr'>Ec-</span> 
     </span>
    </p>
   </div>
   <div class='ocr_carea' id='block_1_21' title="bbox 231 1862 1880 1936">
    <p class='ocr_par' dir='ltr' id='par_1_21' title="bbox 231 1862 1880 1936">
     <span class='ocr_line' id='line_1_21' title="bbox 231 1862 1880 1936; baseline -0.001 -17"><span class='ocrx_word' id='word_1_135' title='bbox 231 1864 442 1930; x_wconf 89' lang='lat' dir='ltr'>clesia,</span> <span class='ocrx_word' id='word_1_136' title='bbox 467 1863 555 1919; x_wconf 91' lang='lat' dir='ltr'>vel</span> <span class='ocrx_word' id='word_1_137' title='bbox 584 1862 873 1919; x_wconf 89' lang='lat' dir='ltr'>oblatione</span> <span class='ocrx_word' id='word_1_138' title='bbox 895 1862 1153 1920; x_wconf 88' lang='lat' dir='ltr'>ﬁdelium</span> <span class='ocrx_word' id='word_1_139' title='bbox 1174 1867 1425 1934; x_wconf 89' lang='lat' dir='ltr'>quatuor</span> <span class='ocrx_word' id='word_1_140' title='bbox 1454 1864 1528 1935; x_wconf 87' lang='lat'>(5)</span> <span class='ocrx_word' id='word_1_141' title='bbox 1553 1864 1727 1919; x_wconf 84' lang='lat' dir='ltr'>faciat</span> <span class='ocrx_word' id='word_1_142' title='bbox 1747 1880 1880 1936; x_wconf 91' lang='lat' dir='ltr'>por-</span> 
     </span>
    </p>
   </div>
   <div class='ocr_carea' id='block_1_22' title="bbox 228 1951 1879 2025">
    <p class='ocr_par' dir='ltr' id='par_1_22' title="bbox 228 1951 1879 2025">
     <span class='ocr_line' id='line_1_22' title="bbox 228 1951 1879 2025; baseline -0.001 -16"><span class='ocrx_word' id='word_1_143' title='bbox 228 1954 724 2025; x_wconf 25' lang='lat' dir='ltr'>tiones,.quarum</span> <span class='ocrx_word' id='word_1_144' title='bbox 752 1968 927 2007; x_wconf 88' lang='lat' dir='ltr'>unam</span> <span class='ocrx_word' id='word_1_145' title='bbox 950 1952 1057 2007; x_wconf 90' lang='lat' dir='ltr'>sibi</span> <span class='ocrx_word' id='word_1_146' title='bbox 1091 1953 1358 2018; x_wconf 90' lang='lat' dir='ltr'>retineat,</span> <span class='ocrx_word' id='word_1_147' title='bbox 1380 1951 1621 2007; x_wconf 87' lang='lat' dir='ltr'>alteram</span> <span class='ocrx_word' id='word_1_148' title='bbox 1655 1952 1879 2008; x_wconf 88' lang='lat' dir='ltr'>clericis</span> 
     </span>
    </p>
   </div>
   <div class='ocr_carea' id='block_1_23' title="bbox 229 2039 1878 2115">
    <p class='ocr_par' dir='ltr' id='par_1_23' title="bbox 229 2039 1878 2115">
     <span class='ocr_line' id='line_1_23' title="bbox 229 2039 1878 2115; baseline -0.002 -15"><span class='ocrx_word' id='word_1_149' title='bbox 229 2060 332 2115; x_wconf 92' lang='lat' dir='ltr'>pro</span> <span class='ocrx_word' id='word_1_150' title='bbox 349 2042 675 2098; x_wconf 89' lang='lat' dir='ltr'>ofﬁciorum</span> <span class='ocrx_word' id='word_1_151' title='bbox 698 2058 940 2097; x_wconf 89' lang='lat' dir='ltr'>suorum</span> <span class='ocrx_word' id='word_1_152' title='bbox 965 2039 1275 2096; x_wconf 88' lang='lat' dir='ltr'>sedulitate</span> <span class='ocrx_word' id='word_1_153' title='bbox 1298 2040 1630 2108; x_wconf 88' lang='lat' dir='ltr'>distribuat,</span> <span class='ocrx_word' id='word_1_154' title='bbox 1644 2042 1878 2097; x_wconf 89' lang='lat' dir='ltr'>tertiam</span> 
     </span>
    </p>
   </div>
   <div class='ocr_carea' id='block_1_24' title="bbox 227 2129 1877 2204">
    <p class='ocr_par' dir='ltr' id='par_1_24' title="bbox 227 2129 1877 2204">
     <span class='ocr_line' id='line_1_24' title="bbox 227 2129 1877 2204; baseline -0.001 -16"><span class='ocrx_word' id='word_1_155' title='bbox 227 2149 359 2188; x_wconf 91' lang='lat' dir='ltr'>vero</span> <span class='ocrx_word' id='word_1_156' title='bbox 391 2132 749 2204; x_wconf 90' lang='lat' dir='ltr'>pauperibus</span> <span class='ocrx_word' id='word_1_157' title='bbox 779 2134 835 2186; x_wconf 88' lang='lat' dir='ltr'>et</span> <span class='ocrx_word' id='word_1_158' title='bbox 865 2129 1207 2202; x_wconf 80' lang='lat' dir='ltr'>peregrinis,</span> <span class='ocrx_word' id='word_1_159' title='bbox 1236 2134 1505 2201; x_wconf 90' lang='lat' dir='ltr'>quartam</span> <span class='ocrx_word' id='word_1_160' title='bbox 1538 2146 1671 2185; x_wconf 90' lang='lat' dir='ltr'>vero</span> <span class='ocrx_word' id='word_1_161' title='bbox 1691 2130 1877 2186; x_wconf 90' lang='lat' dir='ltr'>eccle-</span> 
     </span>
    </p>
   </div>
   <div class='ocr_carea' id='block_1_25' title="bbox 228 2219 1877 2291">
    <p class='ocr_par' dir='ltr' id='par_1_25' title="bbox 228 2219 1877 2291">
     <span class='ocr_line' id='line_1_25' title="bbox 228 2219 1877 2291; baseline -0.001 -14"><span class='ocrx_word' id='word_1_162' title='bbox 228 2221 484 2277; x_wconf 89' lang='lat' dir='ltr'>siasticis</span> <span class='ocrx_word' id='word_1_163' title='bbox 516 2220 752 2276; x_wconf 83' lang='lat' dir='ltr'>fabricis</span> <span class='ocrx_word' id='word_1_164' title='bbox 774 2219 995 2274; x_wconf 89' lang='lat' dir='ltr'>noverit</span> <span class='ocrx_word' id='word_1_165' title='bbox 1023 2219 1448 2274; x_wconf 89' lang='lat' dir='ltr'>observandam</span> <span class='ocrx_word' id='word_1_166' title='bbox 1474 2237 1487 2286; x_wconf 90' lang='lat'><strong>;</strong></span> <span class='ocrx_word' id='word_1_167' title='bbox 1529 2220 1600 2274; x_wconf 90' lang='lat' dir='ltr'>de</span> <span class='ocrx_word' id='word_1_168' title='bbox 1660 2220 1877 2291; x_wconf 90' lang='lat' dir='ltr'>quibus</span> 
     </span>
    </p>
   </div>
   <div class='ocr_carea' id='block_1_26' title="bbox 227 2307 1878 2378">
    <p class='ocr_par' dir='ltr' id='par_1_26' title="bbox 227 2307 1878 2378">
     <span class='ocr_line' id='line_1_26' title="bbox 227 2307 1878 2378; baseline 0 -13"><span class='ocrx_word' id='word_1_169' title='bbox 227 2310 421 2365; x_wconf 92' lang='lat' dir='ltr'>divino</span> <span class='ocrx_word' id='word_1_170' title='bbox 435 2308 543 2365; x_wconf 88' lang='lat' dir='ltr'>erit</span> <span class='ocrx_word' id='word_1_171' title='bbox 555 2308 893 2363; x_wconf 89' lang='lat' dir='ltr'>redditurus</span> <span class='ocrx_word' id='word_1_172' title='bbox 901 2307 1124 2378; x_wconf 89' lang='lat' dir='ltr'>judicio</span> <span class='ocrx_word' id='word_1_173' title='bbox 1147 2307 1449 2365; x_wconf 88' lang='lat' dir='ltr'>rationem.</span> <span class='ocrx_word' id='word_1_174' title='bbox 1468 2308 1878 2365; x_wconf 88' lang='lat' dir='ltr'>Ordinationes</span> 
     </span>
    </p>
   </div>
   <div class='ocr_carea' id='block_1_27' title="bbox 226 2395 1873 2469">
    <p class='ocr_par' dir='ltr' id='par_1_27' title="bbox 226 2395 1873 2469">
     <span class='ocr_line' id='line_1_27' title="bbox 226 2395 1873 2469; baseline -0.001 -16"><span class='ocrx_word' id='word_1_175' title='bbox 226 2414 360 2453; x_wconf 87' lang='lat' dir='ltr'>vero</span> <span class='ocrx_word' id='word_1_176' title='bbox 376 2397 845 2469; x_wconf 83' lang='lat' dir='ltr'>presbyterorum</span> <span class='ocrx_word' id='word_1_177' title='bbox 875 2411 977 2450; x_wconf 91' lang='lat' dir='ltr'>seu</span> <span class='ocrx_word' id='word_1_178' title='bbox 996 2395 1396 2462; x_wconf 86' lang='lat' dir='ltr'>diaconorum,</span> <span class='ocrx_word' id='word_1_179' title='bbox 1414 2395 1645 2452; x_wconf 90' lang='lat' dir='ltr'>nonnisi</span> <span class='ocrx_word' id='word_1_180' title='bbox 1660 2397 1873 2468; x_wconf 84' lang='lat' dir='ltr'>quarti,</span> 
     </span>
    </p>
   </div>
   <div class='ocr_carea' id='block_1_28' title="bbox 226 2483 1876 2558">
    <p class='ocr_par' dir='ltr' id='par_1_28' title="bbox 226 2483 1876 2558">
     <span class='ocr_line' id='line_1_28' title="bbox 226 2483 1876 2558; baseline 0 -17"><span class='ocrx_word' id='word_1_181' title='bbox 226 2485 483 2558; x_wconf 87' lang='lat' dir='ltr'>septimi,</span> <span class='ocrx_word' id='word_1_182' title='bbox 518 2484 604 2540; x_wconf 93' lang='lat' dir='ltr'>vel</span> <span class='ocrx_word' id='word_1_183' title='bbox 635 2483 844 2539; x_wconf 90' lang='lat' dir='ltr'>decimi</span> <span class='ocrx_word' id='word_1_184' title='bbox 879 2484 1194 2551; x_wconf 88' lang='lat' dir='ltr'>mensium,</span> <span class='ocrx_word' id='word_1_185' title='bbox 1220 2484 1486 2555; x_wconf 89' lang='lat' dir='ltr'>jejuniis,</span> <span class='ocrx_word' id='word_1_186' title='bbox 1520 2485 1620 2541; x_wconf 87' lang='lat' dir='ltr'>sed</span> <span class='ocrx_word' id='word_1_187' title='bbox 1669 2490 1727 2541; x_wconf 91' lang='lat' dir='ltr'>et</span> <span class='ocrx_word' id='word_1_188' title='bbox 1780 2485 1876 2541; x_wconf 86' lang='lat' dir='ltr'>in-</span> 
     </span>
    </p>
   </div>
   <div class='ocr_carea' id='block_1_29' title="bbox 227 2571 1877 2648">
    <p class='ocr_par' dir='ltr' id='par_1_29' title="bbox 227 2571 1877 2648">
     <span class='ocr_line' id='line_1_29' title="bbox 227 2571 1877 2648; baseline 0.001 -19"><span class='ocrx_word' id='word_1_189' title='bbox 227 2591 430 2648; x_wconf 89' lang='lat' dir='ltr'>gressu</span> <span class='ocrx_word' id='word_1_190' title='bbox 456 2571 948 2645; x_wconf 90' lang='lat' dir='ltr'>quadragesimali</span> <span class='ocrx_word' id='word_1_191' title='bbox 976 2576 1150 2643; x_wconf 89' lang='lat' dir='ltr'>atque</span> <span class='ocrx_word' id='word_1_192' title='bbox 1175 2572 1454 2628; x_wconf 87' lang='lat' dir='ltr'>mediana</span> <span class='ocrx_word' id='word_1_193' title='bbox 1477 2590 1712 2646; x_wconf 90' lang='lat' dir='ltr'>vespere</span> <span class='ocrx_word' id='word_1_194' title='bbox 1741 2575 1877 2630; x_wconf 89' lang='lat' dir='ltr'>Sab-</span> 
     </span>
    </p>
   </div>
   <div class='ocr_carea' id='block_1_30' title="bbox 225 2660 1875 2734">
    <p class='ocr_par' dir='ltr' id='par_1_30' title="bbox 225 2660 1875 2734">
     <span class='ocr_line' id='line_1_30' title="bbox 225 2660 1875 2734; baseline -0.002 -14"><span class='ocrx_word' id='word_1_195' title='bbox 225 2663 343 2720; x_wconf 88' lang='lat' dir='ltr'>bati</span> <span class='ocrx_word' id='word_1_196' title='bbox 359 2663 581 2718; x_wconf 86' lang='lat' dir='ltr'>noverit</span> <span class='ocrx_word' id='word_1_197' title='bbox 594 2660 989 2717; x_wconf 88' lang='lat' dir='ltr'>celebrandas.</span> <span class='ocrx_word' id='word_1_198' title='bbox 1011 2661 1584 2733; x_wconf 43' lang='lat' dir='ltr'>SacrosanctiIautem</span> <span class='ocrx_word' id='word_1_199' title='bbox 1598 2663 1875 2734; x_wconf 87' lang='lat' dir='ltr'>baptismi</span> 
     </span>
    </p>
   </div>
   <div class='ocr_carea' id='block_1_31' title="bbox 226 2749 1875 2821">
    <p class='ocr_par' dir='ltr' id='par_1_31' title="bbox 226 2749 1875 2821">
     <span class='ocr_line' id='line_1_31' title="bbox 226 2749 1875 2821; baseline 0.001 -15"><span class='ocrx_word' id='word_1_200' title='bbox 226 2755 593 2807; x_wconf 84' lang='lat' dir='ltr'>sacramenta</span> <span class='ocrx_word' id='word_1_201' title='bbox 656 2749 890 2805; x_wconf 87' lang='lat' dir='ltr'>nonnisi</span> <span class='ocrx_word' id='word_1_202' title='bbox 956 2749 1014 2803; x_wconf 91' lang='lat' dir='ltr'>in</span> <span class='ocrx_word' id='word_1_203' title='bbox 1071 2750 1371 2806; x_wconf 88' lang='lat' dir='ltr'>Paschatis</span> <span class='ocrx_word' id='word_1_204' title='bbox 1430 2751 1759 2821; x_wconf 85' lang='lat' dir='ltr'>festivitate,</span> <span class='ocrx_word' id='word_1_205' title='bbox 1819 2756 1875 2807; x_wconf 91' lang='lat' dir='ltr'>et</span> 
     </span>
    </p>
   </div>
   <div class='ocr_carea' id='block_1_32' title="bbox 227 2838 1874 2911">
    <p class='ocr_par' dir='ltr' id='par_1_32' title="bbox 227 2838 1874 2911">
     <span class='ocr_line' id='line_1_32' title="bbox 227 2838 1874 2911; baseline 0 -17"><span class='ocrx_word' id='word_1_206' title='bbox 227 2841 595 2896; x_wconf 88' lang='lat' dir='ltr'>Pentecostcs</span> <span class='ocrx_word' id='word_1_207' title='bbox 626 2838 963 2893; x_wconf 81' lang='lat' dir='ltr'>meminerit</span> <span class='ocrx_word' id='word_1_208' title='bbox 983 2855 1112 2894; x_wconf 91' lang='lat' dir='ltr'>esse</span> <span class='ocrx_word' id='word_1_209' title='bbox 1146 2839 1483 2911; x_wconf 79' lang='lat' dir='ltr'>praebenda;</span> <span class='ocrx_word' id='word_1_210' title='bbox 1509 2839 1761 2911; x_wconf 89' lang='lat' dir='ltr'>exceptis</span> <span class='ocrx_word' id='word_1_211' title='bbox 1782 2838 1874 2895; x_wconf 91' lang='lat' dir='ltr'>his</span> 
     </span>
    </p>
   </div>
   <div class='ocr_carea' id='block_1_33' title="bbox 225 2926 1870 3001">
    <p class='ocr_par' dir='ltr' id='par_1_33' title="bbox 225 2926 1870 3001">
     <span class='ocr_line' id='line_1_33' title="bbox 225 2926 1870 3001; baseline 0 -17"><span class='ocrx_word' id='word_1_212' title='bbox 225 2928 328 3001; x_wconf 90' lang='lat' dir='ltr'>qui</span> <span class='ocrx_word' id='word_1_213' title='bbox 360 2927 566 2983; x_wconf 89' lang='lat' dir='ltr'>mortis</span> <span class='ocrx_word' id='word_1_214' title='bbox 591 2931 878 2999; x_wconf 88' lang='lat' dir='ltr'>urgentur</span> <span class='ocrx_word' id='word_1_215' title='bbox 905 2926 1185 2999; x_wconf 88' lang='lat' dir='ltr'>periculo,</span> <span class='ocrx_word' id='word_1_216' title='bbox 1217 2945 1288 2983; x_wconf 88' lang='lat' dir='ltr'>ne</span> <span class='ocrx_word' id='word_1_217' title='bbox 1318 2928 1378 2982; x_wconf 92' lang='lat' dir='ltr'>in</span> <span class='ocrx_word' id='word_1_218' title='bbox 1433 2931 1714 2983; x_wconf 81' lang='lat' dir='ltr'>aeternum</span> <span class='ocrx_word' id='word_1_219' title='bbox 1773 2945 1870 3000; x_wconf 88' lang='lat' dir='ltr'>pe-</span> 
     </span>
    </p>
   </div>
   <div class='ocr_carea' id='block_1_34' title="bbox 227 3015 1872 3088">
    <p class='ocr_par' dir='ltr' id='par_1_34' title="bbox 227 3015 1872 3088">
     <span class='ocr_line' id='line_1_34' title="bbox 227 3015 1872 3088; baseline -0.001 -15"><span class='ocrx_word' id='word_1_220' title='bbox 227 3022 410 3084; x_wconf 88' lang='lat' dir='ltr'>reant,</span> <span class='ocrx_word' id='word_1_221' title='bbox 447 3015 664 3072; x_wconf 88' lang='lat' dir='ltr'>talibus</span> <span class='ocrx_word' id='word_1_222' title='bbox 695 3015 866 3071; x_wconf 88' lang='lat' dir='ltr'>debet</span> <span class='ocrx_word' id='word_1_223' title='bbox 898 3016 1172 3073; x_wconf 89' lang='lat' dir='ltr'>remediis</span> <span class='ocrx_word' id='word_1_224' title='bbox 1201 3015 1517 3073; x_wconf 87' lang='lat' dir='ltr'>subveniri.</span> <span class='ocrx_word' id='word_1_225' title='bbox 1543 3016 1709 3071; x_wconf 92' lang='lat' dir='ltr'>Nunc</span> <span class='ocrx_word' id='word_1_226' title='bbox 1737 3032 1872 3088; x_wconf 91' lang='lat' dir='ltr'>ergo</span> 
     </span>
    </p>
   </div>
   <div class='ocr_carea' id='block_1_35' title="bbox 226 3105 1238 3175">
    <p class='ocr_par' dir='ltr' id='par_1_35' title="bbox 226 3105 1238 3175">
     <span class='ocr_line' id='line_1_35' title="bbox 226 3105 1238 3175; baseline -0.003 -13"><span class='ocrx_word' id='word_1_227' title='bbox 226 3106 382 3162; x_wconf 89' lang='lat' dir='ltr'>sedis</span> <span class='ocrx_word' id='word_1_228' title='bbox 413 3108 623 3160; x_wconf 82' lang='lat' dir='ltr'>nostra</span> <span class='ocrx_word' id='word_1_229' title='bbox 656 3108 942 3175; x_wconf 84' lang='lat' dir='ltr'>pracepta</span> <span class='ocrx_word' id='word_1_230' title='bbox 963 3105 1238 3175; x_wconf 90' lang='lat' dir='ltr'>servanti,</span> 
     </span>
    </p>
   </div>
   <div class='ocr_carea' id='block_1_36' title="bbox 227 3192 1873 3267">
    <p class='ocr_par' dir='ltr' id='par_1_36' title="bbox 227 3192 1873 3267">
     <span class='ocr_line' id='line_1_36' title="bbox 227 3192 1873 3267; baseline -0.001 -17"><span class='ocrx_word' id='word_1_231' title='bbox 227 3194 393 3267; x_wconf 88' lang='lat' dir='ltr'>sequi</span> <span class='ocrx_word' id='word_1_232' title='bbox 424 3196 674 3265; x_wconf 90' lang='lat' dir='ltr'>oportet,</span> <span class='ocrx_word' id='word_1_233' title='bbox 708 3196 772 3247; x_wconf 92' lang='lat' dir='ltr'>ut</span> <span class='ocrx_word' id='word_1_234' title='bbox 800 3192 1308 3265; x_wconf 90' lang='lat' dir='ltr'>irreprehensibile</span> <span class='ocrx_word' id='word_1_235' title='bbox 1328 3192 1742 3265; x_wconf 90' lang='lat' dir='ltr'>placidumque</span> <span class='ocrx_word' id='word_1_236' title='bbox 1772 3192 1873 3249; x_wconf 88' lang='lat' dir='ltr'>ﬁat</span> 
     </span>
    </p>
   </div>
   <div class='ocr_carea' id='block_1_37' title="bbox 227 3280 1583 3356">
    <p class='ocr_par' dir='ltr' id='par_1_37' title="bbox 227 3280 1583 3356">
     <span class='ocr_line' id='line_1_37' title="bbox 227 3280 1583 3356; baseline -0.002 -17"><span class='ocrx_word' id='word_1_237' title='bbox 227 3299 439 3356; x_wconf 89' lang='lat' dir='ltr'>corpus</span> <span class='ocrx_word' id='word_1_238' title='bbox 470 3280 736 3337; x_wconf 88' lang='lat' dir='ltr'>Ecclesia</span> <span class='ocrx_word' id='word_1_239' title='bbox 768 3298 871 3353; x_wconf 91' lang='lat' dir='ltr'>per</span> <span class='ocrx_word' id='word_1_240' title='bbox 897 3282 1101 3338; x_wconf 86' lang='lat' dir='ltr'>Jesum</span> <span class='ocrx_word' id='word_1_241' title='bbox 1124 3281 1445 3348; x_wconf 87' lang='lat' dir='ltr'>Christum,</span> <span class='ocrx_word' id='word_1_242' title='bbox 1478 3286 1583 3337; x_wconf 91' lang='lat' dir='ltr'>etc.</span> 
     </span>
    </p>
   </div>
   <div class='ocr_carea' id='block_1_38' title="bbox 956 3388 1144 3444">
    <p class='ocr_par' dir='ltr' id='par_1_38' title="bbox 956 3388 1144 3444">
     <span class='ocr_line' id='line_1_38' title="bbox 956 3388 1144 3444; baseline 0.005 -1"><span class='ocrx_word' id='word_1_243' title='bbox 956 3388 1144 3444; x_wconf 88' lang='lat' dir='ltr'>XXVI.</span> 
     </span>
    </p>
   </div>
   <div class='ocr_carea' id='block_1_39' title="bbox 226 3476 1873 3561">
    <p class='ocr_par' dir='ltr' id='par_1_39' title="bbox 226 3476 1873 3561">
     <span class='ocr_line' id='line_1_39' title="bbox 226 3476 1873 3561; baseline -0.002 -25"><span class='ocrx_word' id='word_1_244' title='bbox 226 3479 470 3537; x_wconf 76' lang='lat' dir='ltr'>Nicolaii</span> <span class='ocrx_word' id='word_1_245' title='bbox 526 3479 576 3534; x_wconf 89' lang='lat' dir='ltr'>Il</span> <span class='ocrx_word' id='word_1_246' title='bbox 600 3479 827 3550; x_wconf 79' lang='lat' dir='ltr'>epistola</span> <span class='ocrx_word' id='word_1_247' title='bbox 854 3477 927 3533; x_wconf 87' lang='lat' dir='ltr'>ad</span> <span class='ocrx_word' id='word_1_248' title='bbox 959 3476 1281 3561; x_wconf 55' lang='lat' dir='ltr'>pervastant</span> <span class='ocrx_word' id='word_1_249' title='bbox 1322 3480 1635 3534; x_wconf 64' lang='lat' dir='ltr'>Rsmensem</span> <span class='ocrx_word' id='word_1_250' title='bbox 1686 3478 1873 3535; x_wconf 85' lang='lat' dir='ltr'>archi-</span> 
     </span>
    </p>
   </div>
   <div class='ocr_carea' id='block_1_40' title="bbox 878 3564 1206 3621">
    <p class='ocr_par' dir='ltr' id='par_1_40' title="bbox 878 3564 1206 3621">
     <span class='ocr_line' id='line_1_40' title="bbox 878 3564 1206 3621; baseline -0.006 -17"><span class='ocrx_word' id='word_1_251' title='bbox 878 3564 1206 3621; x_wconf 77' lang='lat' dir='ltr'>cpzswpum.</span> 
     </span>
    </p>
   </div>
   <div class='ocr_carea' id='block_1_41' title="bbox 793 3637 1300 3708">
    <p class='ocr_par' dir='ltr' id='par_1_41' title="bbox 793 3637 1300 3708">
     <span class='ocr_line' id='line_1_41' title="bbox 793 3637 1300 3708; baseline 0 -15"><span class='ocrx_word' id='word_1_252' title='bbox 793 3638 980 3708; x_wconf 90' lang='lat' dir='ltr'>(Anno</span> <span class='ocrx_word' id='word_1_253' title='bbox 1011 3637 1300 3708; x_wconf 69' lang='lat'>1059-61.)</span> 
     </span>
    </p>
   </div>
   <div class='ocr_carea' id='block_1_42' title="bbox 406 3725 1686 3801">
    <p class='ocr_par' dir='ltr' id='par_1_42' title="bbox 406 3725 1686 3801">
     <span class='ocr_line' id='line_1_42' title="bbox 406 3725 1686 3801; baseline 0.002 -20"><span class='ocrx_word' id='word_1_254' title='bbox 406 3726 757 3799; x_wconf 74' lang='lat' dir='ltr'>[DUCHESNE,</span> <span class='ocrx_word' id='word_1_255' title='bbox 791 3728 915 3782; x_wconf 83' lang='lat' dir='ltr'>Rcr.</span> <span class='ocrx_word' id='word_1_256' title='bbox 945 3731 1147 3782; x_wconf 84' lang='lat' dir='ltr'>Franc.</span> <span class='ocrx_word' id='word_1_257' title='bbox 1182 3725 1376 3799; x_wconf 84' lang='lat' dir='ltr'>Script.</span> <span class='ocrx_word' id='word_1_258' title='bbox 1412 3727 1504 3796; x_wconf 90' lang='lat' dir='ltr'>IV,</span> <span class='ocrx_word' id='word_1_259' title='bbox 1541 3730 1686 3801; x_wconf 88' lang='grc'>198.]</span> 
     </span>
    </p>
   </div>
   <div class='ocr_carea' id='block_1_43' title="bbox 298 3815 1873 3887">
    <p class='ocr_par' dir='ltr' id='par_1_43' title="bbox 298 3815 1873 3887">
     <span class='ocr_line' id='line_1_43' title="bbox 298 3815 1873 3887; baseline 0.003 -16"><span class='ocrx_word' id='word_1_260' title='bbox 298 3816 604 3882; x_wconf 78' lang='lat' dir='ltr'>NICOLAUS,</span> <span class='ocrx_word' id='word_1_261' title='bbox 638 3832 842 3872; x_wconf 89' lang='lat' dir='ltr'>servus</span> <span class='ocrx_word' id='word_1_262' title='bbox 871 3831 1170 3871; x_wconf 86' lang='lat' dir='ltr'>servorum</span> <span class='ocrx_word' id='word_1_263' title='bbox 1202 3815 1325 3887; x_wconf 88' lang='lat' dir='ltr'>Dei,</span> <span class='ocrx_word' id='word_1_264' title='bbox 1358 3817 1644 3874; x_wconf 63' lang='lat' dir='ltr'>Gnavasxo</span> <span class='ocrx_word' id='word_1_265' title='bbox 1702 3834 1873 3875; x_wconf 88' lang='lat' dir='ltr'>vene-</span> 
     </span>
    </p>
   </div>
   <div class='ocr_carea' id='block_1_44' title="bbox 228 3901 1876 3978">
    <p class='ocr_par' dir='ltr' id='par_1_44' title="bbox 228 3901 1876 3978">
     <span class='ocr_line' id='line_1_44' title="bbox 228 3901 1876 3978; baseline 0.003 -20"><span class='ocrx_word' id='word_1_266' title='bbox 228 3903 399 3959; x_wconf 89' lang='lat' dir='ltr'>rabili</span> <span class='ocrx_word' id='word_1_267' title='bbox 455 3903 913 3978; x_wconf 88' lang='lat' dir='ltr'>archiepiscopo,</span> <span class='ocrx_word' id='word_1_268' title='bbox 973 3901 1222 3961; x_wconf 89' lang='lat' dir='ltr'>salutem</span> <span class='ocrx_word' id='word_1_269' title='bbox 1280 3922 1414 3962; x_wconf 90' lang='lat' dir='ltr'>cum</span> <span class='ocrx_word' id='word_1_270' title='bbox 1476 3906 1876 3964; x_wconf 87' lang='lat' dir='ltr'>benedictione</span> 
     </span>
    </p>
   </div>
   <div class='ocr_carea' id='block_1_45' title="bbox 228 3991 563 4065">
    <p class='ocr_par' dir='ltr' id='par_1_45' title="bbox 228 3991 563 4065">
     <span class='ocr_line' id='line_1_45' title="bbox 228 3991 563 4065; baseline 0.003 -18"><span class='ocrx_word' id='word_1_271' title='bbox 228 3991 563 4065; x_wconf 89' lang='lat' dir='ltr'>apostolica.</span> 
     </span>
    </p>
   </div>
   <div class='ocr_carea' id='block_1_46' title="bbox 300 4081 1877 4156">
    <p class='ocr_par' dir='ltr' id='par_1_46' title="bbox 300 4081 1877 4156">
     <span class='ocr_line' id='line_1_46' title="bbox 300 4081 1877 4156; baseline 0.001 -19"><span class='ocrx_word' id='word_1_272' title='bbox 300 4081 457 4138; x_wconf 90' lang='lat' dir='ltr'>Licet</span> <span class='ocrx_word' id='word_1_273' title='bbox 486 4082 556 4137; x_wconf 90' lang='lat' dir='ltr'>de</span> <span class='ocrx_word' id='word_1_274' title='bbox 579 4086 772 4138; x_wconf 88' lang='lat' dir='ltr'>vestra</span> <span class='ocrx_word' id='word_1_275' title='bbox 792 4081 1155 4140; x_wconf 84' lang='lat' dir='ltr'>fraternitate</span> <span class='ocrx_word' id='word_1_276' title='bbox 1185 4084 1454 4156; x_wconf 83' lang='lat' dir='ltr'>quadam</span> <span class='ocrx_word' id='word_1_277' title='bbox 1487 4083 1748 4149; x_wconf 88' lang='lat' dir='ltr'>sinistra,</span> <span class='ocrx_word' id='word_1_278' title='bbox 1771 4100 1877 4140; x_wconf 91' lang='lat' dir='ltr'>nec</span> 
     </span>
    </p>
   </div>
   <div class='ocr_carea' id='block_1_47' title="bbox 229 4169 1879 4244">
    <p class='ocr_par' dir='ltr' id='par_1_47' title="bbox 229 4169 1879 4244">
     <span class='ocr_line' id='line_1_47' title="bbox 229 4169 1879 4244; baseline 0.001 -19"><span class='ocrx_word' id='word_1_279' title='bbox 229 4169 354 4226; x_wconf 91' lang='lat' dir='ltr'>sine</span> <span class='ocrx_word' id='word_1_280' title='bbox 385 4169 752 4226; x_wconf 89' lang='lat' dir='ltr'>discussione</span> <span class='ocrx_word' id='word_1_281' title='bbox 782 4169 1149 4238; x_wconf 87' lang='lat' dir='ltr'>dimittenda,</span> <span class='ocrx_word' id='word_1_282' title='bbox 1172 4173 1537 4243; x_wconf 86' lang='lat' dir='ltr'>pervenerint</span> <span class='ocrx_word' id='word_1_283' title='bbox 1551 4173 1625 4227; x_wconf 89' lang='lat' dir='ltr'>ad</span> <span class='ocrx_word' id='word_1_284' title='bbox 1654 4177 1879 4244; x_wconf 86' lang='lat' dir='ltr'>aposto-</span> 
     </span>
    </p>
   </div>
   <div class='ocr_carea' id='block_1_48' title="bbox 228 4257 1874 4331">
    <p class='ocr_par' dir='ltr' id='par_1_48' title="bbox 228 4257 1874 4331">
     <span class='ocr_line' id='line_1_48' title="bbox 228 4257 1874 4331; baseline 0.002 -19"><span class='ocrx_word' id='word_1_285' title='bbox 228 4257 402 4313; x_wconf 89' lang='lat' dir='ltr'>licam</span> <span class='ocrx_word' id='word_1_286' title='bbox 426 4257 656 4313; x_wconf 88' lang='lat' dir='ltr'>sedem:</span> <span class='ocrx_word' id='word_1_287' title='bbox 684 4257 907 4313; x_wconf 89' lang='lat' dir='ltr'>scilicet</span> <span class='ocrx_word' id='word_1_288' title='bbox 927 4260 1081 4331; x_wconf 91' lang='lat' dir='ltr'>quod</span> <span class='ocrx_word' id='word_1_289' title='bbox 1109 4261 1237 4331; x_wconf 87' lang='lat' dir='ltr'>ejus</span> <span class='ocrx_word' id='word_1_290' title='bbox 1259 4260 1629 4318; x_wconf 90' lang='lat' dir='ltr'>invasoribus</span> <span class='ocrx_word' id='word_1_291' title='bbox 1653 4260 1874 4325; x_wconf 89' lang='lat' dir='ltr'>faverit,</span> 
     </span>
    </p>
   </div>
   <div class='ocr_carea' id='block_1_49' title="bbox 230 4344 1879 4421">
    <p class='ocr_par' dir='ltr' id='par_1_49' title="bbox 230 4344 1879 4421">
     <span class='ocr_line' id='line_1_49' title="bbox 230 4344 1879 4421; baseline 0.001 -20"><span class='ocrx_word' id='word_1_292' title='bbox 230 4346 385 4418; x_wconf 92' lang='lat' dir='ltr'>quod</span> <span class='ocrx_word' id='word_1_293' title='bbox 418 4344 782 4418; x_wconf 90' lang='lat' dir='ltr'>pontiﬁcales</span> <span class='ocrx_word' id='word_1_294' title='bbox 813 4352 979 4403; x_wconf 89' lang='lat' dir='ltr'>actus</span> <span class='ocrx_word' id='word_1_295' title='bbox 999 4350 1431 4421; x_wconf 90' lang='lat' dir='ltr'>postposuerit;</span> <span class='ocrx_word' id='word_1_296' title='bbox 1482 4353 1681 4404; x_wconf 89' lang='lat' dir='ltr'>tamen</span> <span class='ocrx_word' id='word_1_297' title='bbox 1740 4348 1879 4419; x_wconf 89' lang='lat' dir='ltr'>quia</span> 
     </span>
    </p>
   </div>
   <div class='ocr_carea' id='block_1_50' title="bbox 2005 451 3661 526">
    <p class='ocr_par' dir='ltr' id='par_1_50' title="bbox 2005 451 3661 526">
     <span class='ocr_line' id='line_1_50' title="bbox 2005 451 3661 526; baseline 0.004 -22"><span class='ocrx_word' id='word_1_298' title='bbox 2005 451 2336 505; x_wconf 88' lang='lat' dir='ltr'>communis</span> <span class='ocrx_word' id='word_1_299' title='bbox 2360 456 2545 506; x_wconf 87' lang='lat' dir='ltr'>mater</span> <span class='ocrx_word' id='word_1_300' title='bbox 2565 456 2764 507; x_wconf 85' lang='lat' dir='ltr'>sancta</span> <span class='ocrx_word' id='word_1_301' title='bbox 2782 453 3046 509; x_wconf 85' lang='lat' dir='ltr'>Romana</span> <span class='ocrx_word' id='word_1_302' title='bbox 3057 452 3335 522; x_wconf 85' lang='lat' dir='ltr'>Ecclesia,</span> <span class='ocrx_word' id='word_1_303' title='bbox 3358 469 3661 526; x_wconf 86' lang='lat' dir='ltr'>quamque</span> 
     </span>
    </p>
   </div>
   <div class='ocr_carea' id='block_1_51' title="bbox 2005 540 3656 612">
    <p class='ocr_par' dir='ltr' id='par_1_51' title="bbox 2005 540 3656 612">
     <span class='ocr_line' id='line_1_51' title="bbox 2005 540 3656 612; baseline 0.003 -19"><span class='ocrx_word' id='word_1_304' title='bbox 2005 540 2074 593; x_wconf 91' lang='lat' dir='ltr'>de</span> <span class='ocrx_word' id='word_1_305' title='bbox 2106 544 2161 594; x_wconf 90' lang='lat' dir='ltr'>te</span> <span class='ocrx_word' id='word_1_306' title='bbox 2194 556 2409 612; x_wconf 88' lang='lat' dir='ltr'>magna</span> <span class='ocrx_word' id='word_1_307' title='bbox 2438 540 2490 595; x_wconf 91' lang='lat' dir='ltr'>ei</span> <span class='ocrx_word' id='word_1_308' title='bbox 2523 540 2758 610; x_wconf 90' lang='lat' dir='ltr'>ﬁducia,</span> <span class='ocrx_word' id='word_1_309' title='bbox 2792 545 2857 598; x_wconf 91' lang='lat' dir='ltr'>ut</span> <span class='ocrx_word' id='word_1_310' title='bbox 2884 546 2986 598; x_wconf 87' lang='lat' dir='ltr'>tua</span> <span class='ocrx_word' id='word_1_311' title='bbox 3031 541 3270 598; x_wconf 88' lang='lat' dir='ltr'>solertia</span> <span class='ocrx_word' id='word_1_312' title='bbox 3297 542 3656 600; x_wconf 84' lang='lat' dir='ltr'>Francorum</span> 
     </span>
    </p>
   </div>
   <div class='ocr_carea' id='block_1_52' title="bbox 2004 628 3656 703">
    <p class='ocr_par' dir='ltr' id='par_1_52' title="bbox 2004 628 3656 703">
     <span class='ocr_line' id='line_1_52' title="bbox 2004 628 3656 703; baseline 0.004 -22"><span class='ocrx_word' id='word_1_313' title='bbox 2004 630 2201 698; x_wconf 88' lang='lat' dir='ltr'>posset</span> <span class='ocrx_word' id='word_1_314' title='bbox 2212 643 2550 683; x_wconf 87' lang='lat' dir='ltr'>succurrere</span> <span class='ocrx_word' id='word_1_315' title='bbox 2570 644 2716 699; x_wconf 91' lang='lat' dir='ltr'>pene</span> <span class='ocrx_word' id='word_1_316' title='bbox 2731 628 2908 701; x_wconf 81' lang='lat' dir='ltr'>lapsa</span> <span class='ocrx_word' id='word_1_317' title='bbox 2918 628 3204 686; x_wconf 85' lang='lat' dir='ltr'>Ecclesia.</span> <span class='ocrx_word' id='word_1_318' title='bbox 3222 629 3470 686; x_wconf 86' lang='lat' dir='ltr'>Proinde</span> <span class='ocrx_word' id='word_1_319' title='bbox 3483 646 3656 703; x_wconf 87' lang='lat' dir='ltr'>agere</span> 
     </span>
    </p>
   </div>
   <div class='ocr_carea' id='block_1_53' title="bbox 2004 716 3654 790">
    <p class='ocr_par' dir='ltr' id='par_1_53' title="bbox 2004 716 3654 790">
     <span class='ocr_line' id='line_1_53' title="bbox 2004 716 3654 790; baseline 0.004 -21"><span class='ocrx_word' id='word_1_320' title='bbox 2004 716 2174 770; x_wconf 92' lang='lat' dir='ltr'>stude</span> <span class='ocrx_word' id='word_1_321' title='bbox 2204 717 2359 787; x_wconf 92' lang='lat' dir='ltr'>quod</span> <span class='ocrx_word' id='word_1_322' title='bbox 2393 716 2463 772; x_wconf 92' lang='lat' dir='ltr'>de</span> <span class='ocrx_word' id='word_1_323' title='bbox 2490 721 2546 771; x_wconf 93' lang='lat' dir='ltr'>te</span> <span class='ocrx_word' id='word_1_324' title='bbox 2578 717 2831 788; x_wconf 87' lang='lat' dir='ltr'>speravit</span> <span class='ocrx_word' id='word_1_325' title='bbox 2857 717 3178 790; x_wconf 88' lang='lat' dir='ltr'>apostolica</span> <span class='ocrx_word' id='word_1_326' title='bbox 3214 718 3408 786; x_wconf 90' lang='lat' dir='ltr'>sedes,</span> <span class='ocrx_word' id='word_1_327' title='bbox 3440 722 3499 774; x_wconf 89' lang='lat' dir='ltr'>et</span> <span class='ocrx_word' id='word_1_328' title='bbox 3554 735 3654 775; x_wconf 84' lang='lat' dir='ltr'>ve-</span> 
     </span>
    </p>
   </div>
   <div class='ocr_carea' id='block_1_54' title="bbox 2005 803 3649 878">
    <p class='ocr_par' dir='ltr' id='par_1_54' title="bbox 2005 803 3649 878">
     <span class='ocr_line' id='line_1_54' title="bbox 2005 803 3649 878; baseline 0.004 -20"><span class='ocrx_word' id='word_1_329' title='bbox 2005 807 2194 858; x_wconf 91' lang='lat' dir='ltr'>strum</span> <span class='ocrx_word' id='word_1_330' title='bbox 2226 819 2423 876; x_wconf 83' lang='lat' dir='ltr'>regem</span> <span class='ocrx_word' id='word_1_331' title='bbox 2454 803 2776 877; x_wconf 88' lang='lat' dir='ltr'>gloriosum</span> <span class='ocrx_word' id='word_1_332' title='bbox 2807 806 3050 877; x_wconf 85' lang='lat' dir='ltr'>castiga,</span> <span class='ocrx_word' id='word_1_333' title='bbox 3081 822 3339 878; x_wconf 83' lang='lat' dir='ltr'>precare,</span> <span class='ocrx_word' id='word_1_334' title='bbox 3378 806 3649 876; x_wconf 86' lang='lat' dir='ltr'>admone,</span> 
     </span>
    </p>
   </div>
   <div class='ocr_carea' id='block_1_55' title="bbox 2000 893 3648 967">
    <p class='ocr_par' dir='ltr' id='par_1_55' title="bbox 2000 893 3648 967">
     <span class='ocr_line' id='line_1_55' title="bbox 2000 893 3648 967; baseline 0.003 -21"><span class='ocrx_word' id='word_1_335' title='bbox 2000 908 2073 946; x_wconf 91' lang='lat' dir='ltr'>ne</span> <span class='ocrx_word' id='word_1_336' title='bbox 2094 896 2458 964; x_wconf 91' lang='lat' dir='ltr'>pervertatur</span> <span class='ocrx_word' id='word_1_337' title='bbox 2476 894 2866 964; x_wconf 89' lang='lat' dir='ltr'>pessimorum</span> <span class='ocrx_word' id='word_1_338' title='bbox 2883 893 3148 963; x_wconf 78' lang='lat' dir='ltr'>consilio,</span> <span class='ocrx_word' id='word_1_339' title='bbox 3175 895 3274 967; x_wconf 90' lang='lat' dir='ltr'>qui</span> <span class='ocrx_word' id='word_1_340' title='bbox 3308 900 3507 951; x_wconf 87' lang='lat' dir='ltr'>nostra</span> <span class='ocrx_word' id='word_1_341' title='bbox 3527 895 3648 952; x_wconf 88' lang='lat' dir='ltr'>dis-</span> 
     </span>
    </p>
   </div>
   <div class='ocr_carea' id='block_1_56' title="bbox 1999 981 3644 1053">
    <p class='ocr_par' dir='ltr' id='par_1_56' title="bbox 1999 981 3644 1053">
     <span class='ocr_line' id='line_1_56' title="bbox 1999 981 3644 1053; baseline 0.001 -16"><span class='ocrx_word' id='word_1_342' title='bbox 1999 981 2197 1037; x_wconf 90' lang='lat' dir='ltr'>cordia</span> <span class='ocrx_word' id='word_1_343' title='bbox 2226 985 2435 1052; x_wconf 90' lang='lat' dir='ltr'>putant</span> <span class='ocrx_word' id='word_1_344' title='bbox 2460 998 2521 1036; x_wconf 91' lang='lat' dir='ltr'>se</span> <span class='ocrx_word' id='word_1_345' title='bbox 2560 982 2943 1053; x_wconf 89' lang='lat' dir='ltr'>apostolicam</span> <span class='ocrx_word' id='word_1_346' title='bbox 2997 999 3308 1050; x_wconf 86' lang='lat' dir='ltr'>censuram</span> <span class='ocrx_word' id='word_1_347' title='bbox 3364 984 3644 1040; x_wconf 88' lang='lat' dir='ltr'>evadere:</span> 
     </span>
    </p>
   </div>
   <div class='ocr_carea' id='block_1_57' title="bbox 1998 1069 3649 1141">
    <p class='ocr_par' dir='ltr' id='par_1_57' title="bbox 1998 1069 3649 1141">
     <span class='ocr_line' id='line_1_57' title="bbox 1998 1069 3649 1141; baseline 0.001 -16"><span class='ocrx_word' id='word_1_348' title='bbox 1998 1073 2310 1141; x_wconf 87' lang='lat' dir='ltr'>caveatque</span> <span class='ocrx_word' id='word_1_349' title='bbox 2338 1069 2522 1125; x_wconf 85' lang='lat' dir='ltr'>sacris</span> <span class='ocrx_word' id='word_1_350' title='bbox 2553 1071 2897 1139; x_wconf 90' lang='lat' dir='ltr'>canonibus,</span> <span class='ocrx_word' id='word_1_351' title='bbox 2926 1071 3044 1127; x_wconf 90' lang='lat' dir='ltr'>imo</span> <span class='ocrx_word' id='word_1_352' title='bbox 3075 1073 3243 1128; x_wconf 87' lang='lat' dir='ltr'>beato</span> <span class='ocrx_word' id='word_1_353' title='bbox 3284 1072 3450 1129; x_wconf 91' lang='lat' dir='ltr'>Petro</span> <span class='ocrx_word' id='word_1_354' title='bbox 3502 1071 3649 1129; x_wconf 87' lang='lat' dir='ltr'>resi-</span> 
     </span>
    </p>
   </div>
   <div class='ocr_carea' id='block_1_58' title="bbox 1997 1158 3644 1233">
    <p class='ocr_par' dir='ltr' id='par_1_58' title="bbox 1997 1158 3644 1233">
     <span class='ocr_line' id='line_1_58' title="bbox 1997 1158 3644 1233; baseline 0.002 -20"><span class='ocrx_word' id='word_1_355' title='bbox 1997 1161 2167 1225; x_wconf 89' lang='lat' dir='ltr'>stere,</span> <span class='ocrx_word' id='word_1_356' title='bbox 2195 1174 2440 1229; x_wconf 89' lang='lat' dir='ltr'>nosque,</span> <span class='ocrx_word' id='word_1_357' title='bbox 2471 1158 2572 1229; x_wconf 90' lang='lat' dir='ltr'>qui</span> <span class='ocrx_word' id='word_1_358' title='bbox 2621 1175 2756 1213; x_wconf 91' lang='lat' dir='ltr'>eum</span> <span class='ocrx_word' id='word_1_359' title='bbox 2813 1159 2969 1214; x_wconf 89' lang='lat' dir='ltr'>sicut</span> <span class='ocrx_word' id='word_1_360' title='bbox 3025 1159 3309 1233; x_wconf 91' lang='lat' dir='ltr'>pupillam</span> <span class='ocrx_word' id='word_1_361' title='bbox 3368 1160 3644 1217; x_wconf 84' lang='lat' dir='ltr'>volumus</span> 
     </span>
    </p>
   </div>
   <div class='ocr_carea' id='block_1_59' title="bbox 1994 1244 3643 1312">
    <p class='ocr_par' dir='ltr' id='par_1_59' title="bbox 1994 1244 3643 1312">
     <span class='ocr_line' id='line_1_59' title="bbox 1994 1244 3643 1312; baseline 0.002 -12"><span class='ocrx_word' id='word_1_362' title='bbox 1994 1262 2189 1302; x_wconf 89' lang='lat' dir='ltr'>amare</span> <span class='ocrx_word' id='word_1_363' title='bbox 2217 1244 2391 1312; x_wconf 90' lang='lat' dir='ltr'>oculi,</span> <span class='ocrx_word' id='word_1_364' title='bbox 2423 1250 2625 1302; x_wconf 88' lang='lat' dir='ltr'>contra</span> <span class='ocrx_word' id='word_1_365' title='bbox 2654 1263 2716 1302; x_wconf 90' lang='lat' dir='ltr'>se</span> <span class='ocrx_word' id='word_1_366' title='bbox 2745 1262 2993 1302; x_wconf 90' lang='lat' dir='ltr'>movere.</span> <span class='ocrx_word' id='word_1_367' title='bbox 3022 1248 3177 1304; x_wconf 89' lang='lat' dir='ltr'>Satis</span> <span class='ocrx_word' id='word_1_368' title='bbox 3222 1248 3379 1304; x_wconf 90' lang='lat' dir='ltr'>enim</span> <span class='ocrx_word' id='word_1_369' title='bbox 3437 1248 3643 1305; x_wconf 89' lang='lat' dir='ltr'>mirari</span> 
     </span>
    </p>
   </div>
   <div class='ocr_carea' id='block_1_60' title="bbox 1993 1333 3641 1409">
    <p class='ocr_par' dir='ltr' id='par_1_60' title="bbox 1993 1333 3641 1409">
     <span class='ocr_line' id='line_1_60' title="bbox 1993 1333 3641 1409; baseline 0.002 -21"><span class='ocrx_word' id='word_1_370' title='bbox 1993 1337 2200 1407; x_wconf 91' lang='lat' dir='ltr'>potest,</span> <span class='ocrx_word' id='word_1_371' title='bbox 2233 1333 2283 1389; x_wconf 88' lang='lat' dir='ltr'>si</span> <span class='ocrx_word' id='word_1_372' title='bbox 2316 1350 2417 1405; x_wconf 91' lang='lat' dir='ltr'>pro</span> <span class='ocrx_word' id='word_1_373' title='bbox 2448 1333 2643 1406; x_wconf 89' lang='lat' dir='ltr'>aliquo</span> <span class='ocrx_word' id='word_1_374' title='bbox 2672 1334 2873 1402; x_wconf 87' lang='lat' dir='ltr'>stulto,</span> <span class='ocrx_word' id='word_1_375' title='bbox 2906 1334 3059 1390; x_wconf 88' lang='lat' dir='ltr'>sicut</span> <span class='ocrx_word' id='word_1_376' title='bbox 3086 1340 3195 1402; x_wconf 88' lang='lat' dir='ltr'>est,</span> <span class='ocrx_word' id='word_1_377' title='bbox 3248 1351 3423 1409; x_wconf 87' lang='lat' dir='ltr'>quem</span> <span class='ocrx_word' id='word_1_378' title='bbox 3451 1336 3641 1392; x_wconf 75' lang='lat' dir='ltr'>voluit</span> 
     </span>
    </p>
   </div>
   <div class='ocr_carea' id='block_1_61' title="bbox 1992 1422 3646 1496">
    <p class='ocr_par' dir='ltr' id='par_1_61' title="bbox 1992 1422 3646 1496">
     <span class='ocr_line' id='line_1_61' title="bbox 1992 1422 3646 1496; baseline 0.001 -19"><span class='ocrx_word' id='word_1_379' title='bbox 1992 1422 2267 1490; x_wconf 89' lang='lat' dir='ltr'>ordinari,</span> <span class='ocrx_word' id='word_1_380' title='bbox 2304 1422 2750 1479; x_wconf 87' lang='lat' dir='ltr'>Matisconensis</span> <span class='ocrx_word' id='word_1_381' title='bbox 2780 1422 3111 1496; x_wconf 85' lang='lat' dir='ltr'>episcOpus,</span> <span class='ocrx_word' id='word_1_382' title='bbox 3163 1423 3288 1479; x_wconf 90' lang='lat' dir='ltr'>vult</span> <span class='ocrx_word' id='word_1_383' title='bbox 3342 1424 3527 1481; x_wconf 87' lang='lat' dir='ltr'>Deum</span> <span class='ocrx_word' id='word_1_384' title='bbox 3584 1428 3646 1481; x_wconf 89' lang='lat' dir='ltr'>et</span> 
     </span>
    </p>
   </div>
   <div class='ocr_carea' id='block_1_62' title="bbox 1990 1511 3643 1580">
    <p class='ocr_par' dir='ltr' id='par_1_62' title="bbox 1990 1511 3643 1580">
     <span class='ocr_line' id='line_1_62' title="bbox 1990 1511 3643 1580; baseline 0.001 -13"><span class='ocrx_word' id='word_1_385' title='bbox 1990 1517 2047 1567; x_wconf 88' lang='lat' dir='ltr'>et</span> <span class='ocrx_word' id='word_1_386' title='bbox 2076 1515 2345 1568; x_wconf 88' lang='lat' dir='ltr'>sanctum</span> <span class='ocrx_word' id='word_1_387' title='bbox 2378 1515 2613 1566; x_wconf 87' lang='lat' dir='ltr'>Petrum</span> <span class='ocrx_word' id='word_1_388' title='bbox 2644 1511 2933 1568; x_wconf 73' lang='lat' dir='ltr'>offendere</span> <span class='ocrx_word' id='word_1_389' title='bbox 2958 1529 2971 1580; x_wconf 91' lang='lat'><strong>;</strong></span> <span class='ocrx_word' id='word_1_390' title='bbox 3006 1516 3268 1568; x_wconf 90' lang='lat' dir='ltr'>nostram</span> <span class='ocrx_word' id='word_1_391' title='bbox 3297 1512 3643 1569; x_wconf 85' lang='lat' dir='ltr'>charitatem</span> 
     </span>
    </p>
   </div>
   <div class='ocr_carea' id='block_1_63' title="bbox 1990 1598 3642 1672">
    <p class='ocr_par' dir='ltr' id='par_1_63' title="bbox 1990 1598 3642 1672">
     <span class='ocr_line' id='line_1_63' title="bbox 1990 1598 3642 1672; baseline -0.001 -17"><span class='ocrx_word' id='word_1_392' title='bbox 1990 1604 2166 1671; x_wconf 91' lang='lat' dir='ltr'>atque</span> <span class='ocrx_word' id='word_1_393' title='bbox 2197 1599 2486 1656; x_wconf 88' lang='lat' dir='ltr'>sinceram</span> <span class='ocrx_word' id='word_1_394' title='bbox 2518 1598 2891 1656; x_wconf 88' lang='lat' dir='ltr'>dilectionem</span> <span class='ocrx_word' id='word_1_395' title='bbox 2921 1600 3075 1655; x_wconf 91' lang='lat' dir='ltr'>circa</span> <span class='ocrx_word' id='word_1_396' title='bbox 3104 1615 3167 1655; x_wconf 89' lang='lat' dir='ltr'>se</span> <span class='ocrx_word' id='word_1_397' title='bbox 3196 1600 3642 1672; x_wconf 88' lang='lat' dir='ltr'>parvipendere.</span> 
     </span>
    </p>
   </div>
   <div class='ocr_carea' id='block_1_64' title="bbox 1989 1686 3644 1761">
    <p class='ocr_par' dir='ltr' id='par_1_64' title="bbox 1989 1686 3644 1761">
     <span class='ocr_line' id='line_1_64' title="bbox 1989 1686 3644 1761; baseline 0.001 -19"><span class='ocrx_word' id='word_1_398' title='bbox 1989 1694 2077 1743; x_wconf 82' lang='lat' dir='ltr'>An</span> <span class='ocrx_word' id='word_1_399' title='bbox 2102 1692 2270 1760; x_wconf 88' lang='lat' dir='ltr'>putat</span> <span class='ocrx_word' id='word_1_400' title='bbox 2289 1686 2925 1761; x_wconf 84' lang='lat' dir='ltr'>aliquismembrorum</span> <span class='ocrx_word' id='word_1_401' title='bbox 2942 1687 3311 1755; x_wconf 87' lang='lat' dir='ltr'>Antichristi,</span> <span class='ocrx_word' id='word_1_402' title='bbox 3331 1688 3490 1760; x_wconf 92' lang='lat' dir='ltr'>quod</span> <span class='ocrx_word' id='word_1_403' title='bbox 3507 1687 3644 1760; x_wconf 88' lang='lat' dir='ltr'>plus</span> 
     </span>
    </p>
   </div>
   <div class='ocr_carea' id='block_1_65' title="bbox 1991 1775 3643 1849">
    <p class='ocr_par' dir='ltr' id='par_1_65' title="bbox 1991 1775 3643 1849">
     <span class='ocr_line' id='line_1_65' title="bbox 1991 1775 3643 1849; baseline 0.001 -17"><span class='ocrx_word' id='word_1_404' title='bbox 1991 1795 2107 1832; x_wconf 92' lang='lat' dir='ltr'>non</span> <span class='ocrx_word' id='word_1_405' title='bbox 2141 1775 2327 1849; x_wconf 89' lang='lat' dir='ltr'>possit</span> <span class='ocrx_word' id='word_1_406' title='bbox 2355 1776 2407 1832; x_wconf 92' lang='lat' dir='ltr'>ei</span> <span class='ocrx_word' id='word_1_407' title='bbox 2437 1777 2714 1848; x_wconf 88' lang='lat' dir='ltr'>prodesse</span> <span class='ocrx_word' id='word_1_408' title='bbox 2734 1775 2922 1848; x_wconf 85' lang='lat' dir='ltr'>gratia</span> <span class='ocrx_word' id='word_1_409' title='bbox 2950 1776 3105 1832; x_wconf 88' lang='lat' dir='ltr'>beati</span> <span class='ocrx_word' id='word_1_410' title='bbox 3126 1776 3299 1844; x_wconf 90' lang='lat' dir='ltr'>Petri,</span> <span class='ocrx_word' id='word_1_411' title='bbox 3324 1792 3502 1848; x_wconf 86' lang='lat' dir='ltr'>quam</span> <span class='ocrx_word' id='word_1_412' title='bbox 3519 1793 3643 1833; x_wconf 91' lang='lat' dir='ltr'>om-</span> 
     </span>
    </p>
   </div>
   <div class='ocr_carea' id='block_1_66' title="bbox 1990 1864 3640 1938">
    <p class='ocr_par' dir='ltr' id='par_1_66' title="bbox 1990 1864 3640 1938">
     <span class='ocr_line' id='line_1_66' title="bbox 1990 1864 3640 1938; baseline 0.001 -17"><span class='ocrx_word' id='word_1_413' title='bbox 1990 1867 2154 1921; x_wconf 90' lang='lat' dir='ltr'>nium</span> <span class='ocrx_word' id='word_1_414' title='bbox 2187 1865 2501 1937; x_wconf 89' lang='lat' dir='ltr'>impiorum</span> <span class='ocrx_word' id='word_1_415' title='bbox 2537 1865 2760 1937; x_wconf 86' lang='lat' dir='ltr'>perﬁda</span> <span class='ocrx_word' id='word_1_416' title='bbox 2786 1864 3037 1921; x_wconf 89' lang='lat' dir='ltr'>ﬁdelitas</span> <span class='ocrx_word' id='word_1_417' title='bbox 3057 1864 3085 1918; x_wconf 79' lang='lat' dir='ltr'>‘I</span> <span class='ocrx_word' id='word_1_418' title='bbox 3112 1866 3263 1938; x_wconf 84' lang='lat' dir='ltr'>Agat</span> <span class='ocrx_word' id='word_1_419' title='bbox 3290 1864 3487 1937; x_wconf 89' lang='lat' dir='ltr'>itaque</span> <span class='ocrx_word' id='word_1_420' title='bbox 3515 1865 3640 1938; x_wconf 73' lang='lat' dir='ltr'>glo-</span> 
     </span>
    </p>
   </div>
   <div class='ocr_carea' id='block_1_67' title="bbox 1989 1952 3637 2025">
    <p class='ocr_par' dir='ltr' id='par_1_67' title="bbox 1989 1952 3637 2025">
     <span class='ocr_line' id='line_1_67' title="bbox 1989 1952 3637 2025; baseline -0.001 -14"><span class='ocrx_word' id='word_1_421' title='bbox 1989 1956 2180 2011; x_wconf 89' lang='lat' dir='ltr'>riosus</span> <span class='ocrx_word' id='word_1_422' title='bbox 2210 1970 2329 2019; x_wconf 81' lang='lat' dir='ltr'>rex,</span> <span class='ocrx_word' id='word_1_423' title='bbox 2363 1959 2427 2009; x_wconf 90' lang='lat' dir='ltr'>ut</span> <span class='ocrx_word' id='word_1_424' title='bbox 2456 1953 2618 2020; x_wconf 87' lang='lat' dir='ltr'>libet,</span> <span class='ocrx_word' id='word_1_425' title='bbox 2650 1956 2852 2009; x_wconf 90' lang='lat' dir='ltr'>contra</span> <span class='ocrx_word' id='word_1_426' title='bbox 2878 1968 3005 2020; x_wconf 88' lang='lat' dir='ltr'>nos,</span> <span class='ocrx_word' id='word_1_427' title='bbox 3041 1953 3180 2024; x_wconf 83' lang='lat' dir='ltr'>quia</span> <span class='ocrx_word' id='word_1_428' title='bbox 3219 1970 3326 2009; x_wconf 91' lang='lat' dir='ltr'>nos</span> <span class='ocrx_word' id='word_1_429' title='bbox 3383 1970 3486 2025; x_wconf 91' lang='lat' dir='ltr'>pro</span> <span class='ocrx_word' id='word_1_430' title='bbox 3538 1952 3637 2010; x_wconf 91' lang='lat' dir='ltr'>illo</span> 
     </span>
    </p>
   </div>
   <div class='ocr_carea' id='block_1_68' title="bbox 1986 2042 3641 2116">
    <p class='ocr_par' dir='ltr' id='par_1_68' title="bbox 1986 2042 3641 2116">
     <span class='ocr_line' id='line_1_68' title="bbox 1986 2042 3641 2116; baseline -0.001 -16"><span class='ocrx_word' id='word_1_431' title='bbox 1986 2045 2232 2116; x_wconf 90' lang='lat' dir='ltr'>ejusque</span> <span class='ocrx_word' id='word_1_432' title='bbox 2263 2043 2516 2099; x_wconf 82' lang='lat' dir='ltr'>exercitu</span> <span class='ocrx_word' id='word_1_433' title='bbox 2546 2042 2730 2099; x_wconf 90' lang='lat' dir='ltr'>Deum</span> <span class='ocrx_word' id='word_1_434' title='bbox 2761 2057 2994 2113; x_wconf 89' lang='lat' dir='ltr'>semper</span> <span class='ocrx_word' id='word_1_435' title='bbox 3016 2042 3241 2114; x_wconf 86' lang='lat' dir='ltr'>precari</span> <span class='ocrx_word' id='word_1_436' title='bbox 3290 2042 3477 2114; x_wconf 88' lang='lat' dir='ltr'>parati</span> <span class='ocrx_word' id='word_1_437' title='bbox 3528 2059 3641 2099; x_wconf 89' lang='lat' dir='ltr'>su—</span> 
     </span>
    </p>
   </div>
   <div class='ocr_carea' id='block_1_69' title="bbox 1988 2129 3638 2198">
    <p class='ocr_par' dir='ltr' id='par_1_69' title="bbox 1988 2129 3638 2198">
     <span class='ocr_line' id='line_1_69' title="bbox 1988 2129 3638 2198; baseline 0 -10"><span class='ocrx_word' id='word_1_438' title='bbox 1988 2150 2143 2188; x_wconf 92' lang='lat' dir='ltr'>mus.</span> <span class='ocrx_word' id='word_1_439' title='bbox 2172 2137 2246 2188; x_wconf 91' lang='lat' dir='ltr'>De</span> <span class='ocrx_word' id='word_1_440' title='bbox 2276 2133 2422 2187; x_wconf 90' lang='lat' dir='ltr'>duce</span> <span class='ocrx_word' id='word_1_441' title='bbox 2442 2147 2572 2187; x_wconf 84' lang='lat' dir='ltr'>vero</span> <span class='ocrx_word' id='word_1_442' title='bbox 2604 2129 2886 2186; x_wconf 86' lang='lat' dir='ltr'>Gotifrido</span> <span class='ocrx_word' id='word_1_443' title='bbox 2910 2147 3083 2187; x_wconf 90' lang='lat' dir='ltr'>nemo</span> <span class='ocrx_word' id='word_1_444' title='bbox 3112 2147 3215 2188; x_wconf 88' lang='lat' dir='ltr'>vos</span> <span class='ocrx_word' id='word_1_445' title='bbox 3244 2134 3479 2198; x_wconf 87' lang='lat' dir='ltr'>terreat,</span> <span class='ocrx_word' id='word_1_446' title='bbox 3502 2148 3638 2188; x_wconf 89' lang='lat' dir='ltr'>cum</span> 
     </span>
    </p>
   </div>
   <div class='ocr_carea' id='block_1_70' title="bbox 1988 2218 3637 2293">
    <p class='ocr_par' dir='ltr' id='par_1_70' title="bbox 1988 2218 3637 2293">
     <span class='ocr_line' id='line_1_70' title="bbox 1988 2218 3637 2293; baseline -0.001 -16"><span class='ocrx_word' id='word_1_447' title='bbox 1988 2222 2161 2278; x_wconf 90' lang='lat' dir='ltr'>fuerit</span> <span class='ocrx_word' id='word_1_448' title='bbox 2191 2238 2339 2293; x_wconf 91' lang='lat' dir='ltr'>opus</span> <span class='ocrx_word' id='word_1_449' title='bbox 2367 2237 2467 2276; x_wconf 90' lang='lat' dir='ltr'>vos</span> <span class='ocrx_word' id='word_1_450' title='bbox 2500 2218 2693 2275; x_wconf 87' lang='lat' dir='ltr'>venire</span> <span class='ocrx_word' id='word_1_451' title='bbox 2721 2219 2989 2287; x_wconf 84' lang='lat' dir='ltr'>Romam,</span> <span class='ocrx_word' id='word_1_452' title='bbox 3041 2219 3179 2291; x_wconf 91' lang='lat' dir='ltr'>quia</span> <span class='ocrx_word' id='word_1_453' title='bbox 3235 2237 3354 2276; x_wconf 92' lang='lat' dir='ltr'>non</span> <span class='ocrx_word' id='word_1_454' title='bbox 3405 2223 3637 2277; x_wconf 89' lang='lat' dir='ltr'>tantum</span> 
     </span>
    </p>
   </div>
   <div class='ocr_carea' id='block_1_71' title="bbox 1986 2308 3633 2383">
    <p class='ocr_par' dir='ltr' id='par_1_71' title="bbox 1986 2308 3633 2383">
     <span class='ocr_line' id='line_1_71' title="bbox 1986 2308 3633 2383; baseline -0.001 -17"><span class='ocrx_word' id='word_1_455' title='bbox 1986 2311 2148 2367; x_wconf 90' lang='lat' dir='ltr'>vobis</span> <span class='ocrx_word' id='word_1_456' title='bbox 2176 2311 2661 2383; x_wconf 90' lang='lat' dir='ltr'>impedimentum</span> <span class='ocrx_word' id='word_1_457' title='bbox 2696 2324 2811 2363; x_wconf 90' lang='lat' dir='ltr'>non</span> <span class='ocrx_word' id='word_1_458' title='bbox 2833 2308 3021 2376; x_wconf 85' lang='lat' dir='ltr'>faciet,</span> <span class='ocrx_word' id='word_1_459' title='bbox 3047 2309 3150 2364; x_wconf 90' lang='lat' dir='ltr'>sed</span> <span class='ocrx_word' id='word_1_460' title='bbox 3179 2309 3357 2366; x_wconf 90' lang='lat' dir='ltr'>etiam</span> <span class='ocrx_word' id='word_1_461' title='bbox 3380 2308 3633 2365; x_wconf 88' lang='lat' dir='ltr'>ﬁdeliter</span> 
     </span>
    </p>
   </div>
   <div class='ocr_carea' id='block_1_72' title="bbox 1986 2395 3636 2471">
    <p class='ocr_par' dir='ltr' id='par_1_72' title="bbox 1986 2395 3636 2471">
     <span class='ocr_line' id='line_1_72' title="bbox 1986 2395 3636 2471; baseline 0.001 -16"><span class='ocrx_word' id='word_1_462' title='bbox 1986 2400 2286 2456; x_wconf 89' lang='lat' dir='ltr'>servitium</span> <span class='ocrx_word' id='word_1_463' title='bbox 2320 2397 2635 2471; x_wconf 91' lang='lat' dir='ltr'>impendet.</span> <span class='ocrx_word' id='word_1_464' title='bbox 2661 2395 2930 2452; x_wconf 83' lang='lat' dir='ltr'>Salutant</span> <span class='ocrx_word' id='word_1_465' title='bbox 2955 2413 3056 2452; x_wconf 88' lang='lat' dir='ltr'>vos</span> <span class='ocrx_word' id='word_1_466' title='bbox 3074 2396 3407 2454; x_wconf 89' lang='lat' dir='ltr'>charissimi</span> <span class='ocrx_word' id='word_1_467' title='bbox 3426 2398 3636 2456; x_wconf 83' lang='lat' dir='ltr'>fratres</span> 
     </span>
    </p>
   </div>
   <div class='ocr_carea' id='block_1_73' title="bbox 1986 2485 3636 2558">
    <p class='ocr_par' dir='ltr' id='par_1_73' title="bbox 1986 2485 3636 2558">
     <span class='ocr_line' id='line_1_73' title="bbox 1986 2485 3636 2558; baseline -0.001 -14"><span class='ocrx_word' id='word_1_468' title='bbox 1986 2488 2169 2544; x_wconf 90' lang='lat' dir='ltr'>nostri</span> <span class='ocrx_word' id='word_1_469' title='bbox 2198 2486 2525 2543; x_wconf 89' lang='lat' dir='ltr'>cardinales</span> <span class='ocrx_word' id='word_1_470' title='bbox 2554 2485 2834 2558; x_wconf 88' lang='lat' dir='ltr'>episcopi,</span> <span class='ocrx_word' id='word_1_471' title='bbox 2900 2501 3126 2541; x_wconf 86' lang='lat' dir='ltr'>necnon</span> <span class='ocrx_word' id='word_1_472' title='bbox 3172 2486 3477 2543; x_wconf 89' lang='lat' dir='ltr'>humilitas</span> <span class='ocrx_word' id='word_1_473' title='bbox 3529 2487 3636 2543; x_wconf 87' lang='lat' dir='ltr'>ﬁlii</span> 
     </span>
    </p>
   </div>
   <div class='ocr_carea' id='block_1_74' title="bbox 1986 2573 2603 2634">
    <p class='ocr_par' dir='ltr' id='par_1_74' title="bbox 1986 2573 2603 2634">
     <span class='ocr_line' id='line_1_74' title="bbox 1986 2573 2603 2634; baseline -0.005 -2"><span class='ocrx_word' id='word_1_474' title='bbox 1986 2576 2169 2634; x_wconf 91' lang='lat' dir='ltr'>nostri</span> <span class='ocrx_word' id='word_1_475' title='bbox 2204 2573 2603 2631; x_wconf 89' lang='lat' dir='ltr'>Hildebrandi.</span> 
     </span>
    </p>
   </div>
   <div class='ocr_carea' id='block_1_75' title="bbox 2697 2662 2918 2718">
    <p class='ocr_par' dir='ltr' id='par_1_75' title="bbox 2697 2662 2918 2718">
     <span class='ocr_line' id='line_1_75' title="bbox 2697 2662 2918 2718; baseline 0.009 -2"><span class='ocrx_word' id='word_1_476' title='bbox 2697 2662 2918 2718; x_wconf 82' lang='lat' dir='ltr'>XXVII.</span> 
     </span>
    </p>
   </div>
   <div class='ocr_carea' id='block_1_76' title="bbox 1981 2751 3628 2822">
    <p class='ocr_par' dir='ltr' id='par_1_76' title="bbox 1981 2751 3628 2822">
     <span class='ocr_line' id='line_1_76' title="bbox 1981 2751 3628 2822; baseline -0.001 -10"><span class='ocrx_word' id='word_1_477' title='bbox 1981 2757 2232 2812; x_wconf 82' lang='lat' dir='ltr'>Nicotaus</span> <span class='ocrx_word' id='word_1_478' title='bbox 2305 2755 2357 2808; x_wconf 89' lang='lat' dir='ltr'>II</span> <span class='ocrx_word' id='word_1_479' title='bbox 2437 2752 2654 2807; x_wconf 82' lang='lat' dir='ltr'>Annam</span> <span class='ocrx_word' id='word_1_480' title='bbox 2708 2753 2955 2822; x_wconf 81' lang='lat' dir='ltr'>reginam</span> <span class='ocrx_word' id='word_1_481' title='bbox 3011 2751 3203 2808; x_wconf 79' lang='lat' dir='ltr'>Gallia</span> <span class='ocrx_word' id='word_1_482' title='bbox 3257 2752 3509 2809; x_wconf 82' lang='lat' dir='ltr'>hortatur</span> <span class='ocrx_word' id='word_1_483' title='bbox 3562 2758 3628 2810; x_wconf 82' lang='lat' dir='ltr'>ut</span> 
     </span>
    </p>
   </div>
   <div class='ocr_carea' id='block_1_77' title="bbox 2054 2824 3631 2895">
    <p class='ocr_par' dir='ltr' id='par_1_77' title="bbox 2054 2824 3631 2895">
     <span class='ocr_line' id='line_1_77' title="bbox 2054 2824 3631 2895; baseline -0.001 -13"><span class='ocrx_word' id='word_1_484' title='bbox 2054 2842 2236 2895; x_wconf 79' lang='lat' dir='ltr'>regem</span> <span class='ocrx_word' id='word_1_485' title='bbox 2258 2825 2327 2880; x_wconf 87' lang='lat' dir='ltr'>ad</span> <span class='ocrx_word' id='word_1_486' title='bbox 2372 2825 2594 2895; x_wconf 82' lang='lat' dir='ltr'>pietatis</span> <span class='ocrx_word' id='word_1_487' title='bbox 2649 2824 3032 2895; x_wconf 70' lang='lat' dir='ltr'>aequitatisque</span> <span class='ocrx_word' id='word_1_488' title='bbox 3090 2824 3465 2895; x_wconf 79' lang='lat' dir='ltr'>gubernacula</span> <span class='ocrx_word' id='word_1_489' title='bbox 3512 2841 3631 2882; x_wconf 87' lang='lat' dir='ltr'>mc-</span> 
     </span>
    </p>
   </div>
   <div class='ocr_carea' id='block_1_78' title="bbox 2052 2893 3523 2967">
    <p class='ocr_par' dir='ltr' id='par_1_78' title="bbox 2052 2893 3523 2967">
     <span class='ocr_line' id='line_1_78' title="bbox 2052 2893 3523 2967; baseline -0.001 -14"><span class='ocrx_word' id='word_1_490' title='bbox 2052 2893 2313 2964; x_wconf 66' lang='lat' dir='ltr'>dei-anda,</span> <span class='ocrx_word' id='word_1_491' title='bbox 2334 2893 2644 2967; x_wconf 82' lang='lat' dir='ltr'>statumque</span> <span class='ocrx_word' id='word_1_492' title='bbox 2672 2893 3292 2951; x_wconf 40' lang='lat' dir='ltr'>Ecclesia‘retincndum</span> <span class='ocrx_word' id='word_1_493' title='bbox 3312 2897 3523 2953; x_wconf 79' lang='lat' dir='ltr'>incitet.</span> 
     </span>
    </p>
   </div>
   <div class='ocr_carea' id='block_1_79' title="bbox 2550 2982 3055 3055">
    <p class='ocr_par' dir='ltr' id='par_1_79' title="bbox 2550 2982 3055 3055">
     <span class='ocr_line' id='line_1_79' title="bbox 2550 2982 3055 3055; baseline 0.002 -18"><span class='ocrx_word' id='word_1_494' title='bbox 2550 2984 2740 3054; x_wconf 86' lang='lat' dir='ltr'>(Anno</span> <span class='ocrx_word' id='word_1_495' title='bbox 2770 2982 3055 3055; x_wconf 72' lang='lat'>1059-64.)</span> 
     </span>
    </p>
   </div>
   <div class='ocr_carea' id='block_1_80' title="bbox 1271 3072 3628 3160">
    <p class='ocr_par' dir='ltr' id='par_1_80' title="bbox 1271 3072 3628 3160">
     <span class='ocr_line' id='line_1_80' title="bbox 1271 3072 3628 3160; baseline -0.002 0"><span class='ocrx_word' id='word_1_496' title='bbox 1271 3072 1490 3160; x_wconf 89' lang='lat' dir='ltr'>devotis</span> <span class='ocrx_word' id='word_1_497' title='bbox 1520 3104 1736 3160; x_wconf 89' lang='lat' dir='ltr'>animis</span> <span class='ocrx_word' id='word_1_498' title='bbox 1765 3072 1866 3160; x_wconf 54' lang='grc' dir='ltr'>οὗ·</span> <span class='ocrx_word' id='word_1_499' title='bbox 1899 3091 1941 3158; x_wconf 89' lang='lat' dir='ltr'>C</span> <span class='ocrx_word' id='word_1_500' title='bbox 1982 3076 2153 3146; x_wconf 56' lang='lat' dir='ltr'>Hujus</span> <span class='ocrx_word' id='word_1_501' title='bbox 2208 3073 2455 3160; x_wconf 52' lang='grc' dir='ltr'>ίῖΡέδίθίίῗδ</span> <span class='ocrx_word' id='word_1_502' title='bbox 2518 3076 2722 3160; x_wconf 42' lang='lat' dir='ltr'>Petri”.</span> <span class='ocrx_word' id='word_1_503' title='bbox 2750 3072 3051 3160; x_wconf 49' lang='grc' dir='ltr'>αἶζδίαηᾳδ</span> <span class='ocrx_word' id='word_1_504' title='bbox 3075 3075 3179 3160; x_wconf 59' lang='grc' dir='ltr'>πεδί</span> <span class='ocrx_word' id='word_1_505' title='bbox 3224 3077 3435 3160; x_wconf 58' lang='lat'>9219&quot;.”-</span> <span class='ocrx_word' id='word_1_506' title='bbox 3502 3073 3628 3130; x_wconf 56' lang='lat' dir='ltr'>Vide</span> 
     </span>
    </p>
   </div>
   <div class='ocr_carea' id='block_1_81' title="bbox 2218 3143 3380 3216">
    <p class='ocr_par' dir='ltr' id='par_1_81' title="bbox 2218 3143 3380 3216">
     <span class='ocr_line' id='line_1_81' title="bbox 2218 3143 3380 3216; baseline -0.001 -17"><span class='ocrx_word' id='word_1_507' title='bbox 2218 3143 2362 3200; x_wconf 78' lang='lat' dir='ltr'>inter</span> <span class='ocrx_word' id='word_1_508' title='bbox 2387 3144 2504 3212; x_wconf 75' lang='lat' dir='ltr'>eius</span> <span class='ocrx_word' id='word_1_509' title='bbox 2532 3144 2804 3215; x_wconf 75' lang='lat' dir='ltr'>epistolas,</span> <span class='ocrx_word' id='word_1_510' title='bbox 2831 3143 2963 3216; x_wconf 82' lang='lat' dir='ltr'>Opp.</span> <span class='ocrx_word' id='word_1_511' title='bbox 2996 3147 3038 3199; x_wconf 93' lang='lat' dir='ltr'>t.</span> <span class='ocrx_word' id='word_1_512' title='bbox 3075 3145 3116 3215; x_wconf 87' lang='grc' dir='ltr'>Ι,</span> <span class='ocrx_word' id='word_1_513' title='bbox 3140 3160 3198 3215; x_wconf 91' lang='lat' dir='ltr'>p.</span> <span class='ocrx_word' id='word_1_514' title='bbox 3233 3144 3380 3214; x_wconf 68' lang='lat'>124.]</span> 
     </span>
    </p>
   </div>
   <div class='ocr_carea' id='block_1_82' title="bbox 2678 3249 2919 3306">
    <p class='ocr_par' dir='ltr' id='par_1_82' title="bbox 2678 3249 2919 3306">
     <span class='ocr_line' id='line_1_82' title="bbox 2678 3249 2919 3306; baseline 0.008 -2"><span class='ocrx_word' id='word_1_515' title='bbox 2678 3249 2919 3306; x_wconf 88' lang='lat' dir='ltr'>XXVIII.</span> 
     </span>
    </p>
   </div>
   <div class='ocr_carea' id='block_1_83' title="bbox 1981 3338 3623 3410">
    <p class='ocr_par' dir='ltr' id='par_1_83' title="bbox 1981 3338 3623 3410">
     <span class='ocr_line' id='line_1_83' title="bbox 1981 3338 3623 3410; baseline -0.002 -13"><span class='ocrx_word' id='word_1_516' title='bbox 1981 3342 2235 3397; x_wconf 73' lang='lat' dir='ltr'>Nicotaus</span> <span class='ocrx_word' id='word_1_517' title='bbox 2294 3341 2345 3395; x_wconf 91' lang='grc'><em>11</em></span> <span class='ocrx_word' id='word_1_518' title='bbox 2401 3338 2654 3395; x_wconf 84' lang='lat' dir='ltr'>Gervasio</span> <span class='ocrx_word' id='word_1_519' title='bbox 2701 3338 3096 3410; x_wconf 81' lang='lat' dir='ltr'>archiepiscopo</span> <span class='ocrx_word' id='word_1_520' title='bbox 3156 3338 3421 3410; x_wconf 79' lang='lat' dir='ltr'>Remcnsi,</span> <span class='ocrx_word' id='word_1_521' title='bbox 3477 3351 3623 3408; x_wconf 68' lang='lat' dir='ltr'>prae-</span> 
     </span>
    </p>
   </div>
   <div class='ocr_carea' id='block_1_84' title="bbox 2052 3409 3621 3484">
    <p class='ocr_par' dir='ltr' id='par_1_84' title="bbox 2052 3409 3621 3484">
     <span class='ocr_line' id='line_1_84' title="bbox 2052 3409 3621 3484; baseline -0.004 -15"><span class='ocrx_word' id='word_1_522' title='bbox 2052 3414 2186 3484; x_wconf 85' lang='lat' dir='ltr'>cipit</span> <span class='ocrx_word' id='word_1_523' title='bbox 2203 3421 2254 3468; x_wconf 85' lang='lat' dir='ltr'>et</span> <span class='ocrx_word' id='word_1_524' title='bbox 2281 3411 2483 3467; x_wconf 86' lang='lat' dir='ltr'>damna</span> <span class='ocrx_word' id='word_1_525' title='bbox 2536 3410 2794 3466; x_wconf 75' lang='lat' dir='ltr'>Ecctesiae</span> <span class='ocrx_word' id='word_1_526' title='bbox 2850 3409 3175 3466; x_wconf 75' lang='lat' dir='ltr'>Virdunensi</span> <span class='ocrx_word' id='word_1_527' title='bbox 3229 3409 3389 3465; x_wconf 79' lang='lat' dir='ltr'>illata</span> <span class='ocrx_word' id='word_1_528' title='bbox 3432 3424 3621 3464; x_wconf 80' lang='lat' dir='ltr'>recon-</span> 
     </span>
    </p>
   </div>
   <div class='ocr_carea' id='block_1_85' title="bbox 2052 3487 2255 3540">
    <p class='ocr_par' dir='ltr' id='par_1_85' title="bbox 2052 3487 2255 3540">
     <span class='ocr_line' id='line_1_85' title="bbox 2052 3487 2255 3540; baseline -0.005 0"><span class='ocrx_word' id='word_1_529' title='bbox 2052 3487 2255 3540; x_wconf 83' lang='lat' dir='ltr'>cinnet.</span> 
     </span>
    </p>
   </div>
   <div class='ocr_carea' id='block_1_86' title="bbox 2551 3550 3056 3623">
    <p class='ocr_par' dir='ltr' id='par_1_86' title="bbox 2551 3550 3056 3623">
     <span class='ocr_line' id='line_1_86' title="bbox 2551 3550 3056 3623; baseline -0.004 -17"><span class='ocrx_word' id='word_1_530' title='bbox 2551 3552 2740 3623; x_wconf 86' lang='lat' dir='ltr'>(Anno</span> <span class='ocrx_word' id='word_1_531' title='bbox 2776 3550 3056 3616; x_wconf 67' lang='lat'>4059-61.)</span> 
     </span>
    </p>
   </div>
   <div class='ocr_carea' id='block_1_87' title="bbox 2166 3636 3441 3711">
    <p class='ocr_par' dir='ltr' id='par_1_87' title="bbox 2166 3636 3441 3711">
     <span class='ocr_line' id='line_1_87' title="bbox 2166 3636 3441 3711; baseline -0.005 -12"><span class='ocrx_word' id='word_1_532' title='bbox 2166 3644 2512 3711; x_wconf 72' lang='lat' dir='ltr'>mecm:st</span> <span class='ocrx_word' id='word_1_533' title='bbox 2543 3643 2686 3697; x_wconf 82' lang='lat' dir='ltr'>Hist.</span> <span class='ocrx_word' id='word_1_534' title='bbox 2717 3642 2911 3697; x_wconf 85' lang='lat' dir='ltr'>Franc.</span> <span class='ocrx_word' id='word_1_535' title='bbox 2935 3639 3133 3710; x_wconf 82' lang='lat' dir='ltr'>Script.</span> <span class='ocrx_word' id='word_1_536' title='bbox 3166 3637 3258 3706; x_wconf 90' lang='lat' dir='ltr'>IV,</span> <span class='ocrx_word' id='word_1_537' title='bbox 3293 3636 3441 3709; x_wconf 88' lang='grc'>199.]</span> 
     </span>
    </p>
   </div>
   <div class='ocr_carea' id='block_1_88' title="bbox 2055 3726 3631 3803">
    <p class='ocr_par' dir='ltr' id='par_1_88' title="bbox 2055 3726 3631 3803">
     <span class='ocr_line' id='line_1_88' title="bbox 2055 3726 3631 3803; baseline -0.003 -15"><span class='ocrx_word' id='word_1_538' title='bbox 2055 3734 2339 3789; x_wconf 66' lang='grc' dir='ltr'>Νιαουλυε</span> <span class='ocrx_word' id='word_1_539' title='bbox 2369 3731 2699 3803; x_wconf 88' lang='lat' dir='ltr'>episcopus,</span> <span class='ocrx_word' id='word_1_540' title='bbox 2733 3745 2934 3786; x_wconf 90' lang='lat' dir='ltr'>servus</span> <span class='ocrx_word' id='word_1_541' title='bbox 2965 3744 3267 3785; x_wconf 86' lang='lat' dir='ltr'>servorum</span> <span class='ocrx_word' id='word_1_542' title='bbox 3294 3726 3421 3797; x_wconf 89' lang='lat' dir='ltr'>Dei,</span> <span class='ocrx_word' id='word_1_543' title='bbox 3480 3726 3631 3783; x_wconf 71' lang='lat' dir='ltr'>Gna-</span> 
     </span>
    </p>
   </div>
   <div class='ocr_carea' id='block_1_89' title="bbox 1983 3815 3634 3889">
    <p class='ocr_par' dir='ltr' id='par_1_89' title="bbox 1983 3815 3634 3889">
     <span class='ocr_line' id='line_1_89' title="bbox 1983 3815 3634 3889; baseline -0.004 -11"><span class='ocrx_word' id='word_1_544' title='bbox 1983 3837 2147 3879; x_wconf 63' lang='lat' dir='ltr'>vasxo</span> <span class='ocrx_word' id='word_1_545' title='bbox 2178 3818 2482 3877; x_wconf 83' lang='lat' dir='ltr'>Remensis</span> <span class='ocrx_word' id='word_1_546' title='bbox 2512 3816 2777 3874; x_wconf 74' lang='lat' dir='ltr'>Ecclesia:</span> <span class='ocrx_word' id='word_1_547' title='bbox 2808 3816 3269 3889; x_wconf 88' lang='lat' dir='ltr'>archiepiscopo,</span> <span class='ocrx_word' id='word_1_548' title='bbox 3300 3815 3552 3873; x_wconf 88' lang='lat' dir='ltr'>salutem</span> <span class='ocrx_word' id='word_1_549' title='bbox 3575 3818 3634 3873; x_wconf 90' lang='lat' dir='ltr'>et</span> 
     </span>
    </p>
   </div>
   <div class='ocr_carea' id='block_1_90' title="bbox 1986 3906 2880 3983">
    <p class='ocr_par' dir='ltr' id='par_1_90' title="bbox 1986 3906 2880 3983">
     <span class='ocr_line' id='line_1_90' title="bbox 1986 3906 2880 3983; baseline -0.006 -17"><span class='ocrx_word' id='word_1_550' title='bbox 1986 3908 2365 3983; x_wconf 87' lang='lat' dir='ltr'>apostolicam</span> <span class='ocrx_word' id='word_1_551' title='bbox 2395 3906 2880 3963; x_wconf 88' lang='lat' dir='ltr'>benedictionem.</span> 
     </span>
    </p>
   </div>
   <div class='ocr_carea' id='block_1_91' title="bbox 2057 3992 3637 4065">
    <p class='ocr_par' dir='ltr' id='par_1_91' title="bbox 2057 3992 3637 4065">
     <span class='ocr_line' id='line_1_91' title="bbox 2057 3992 3637 4065; baseline -0.003 -12"><span class='ocrx_word' id='word_1_552' title='bbox 2057 3996 2339 4065; x_wconf 85' lang='lat' dir='ltr'>Quoniam</span> <span class='ocrx_word' id='word_1_553' title='bbox 2370 3996 2541 4051; x_wconf 91' lang='lat' dir='ltr'>nobis</span> <span class='ocrx_word' id='word_1_554' title='bbox 2573 3994 2959 4052; x_wconf 87' lang='lat' dir='ltr'>commissum</span> <span class='ocrx_word' id='word_1_555' title='bbox 3009 3998 3119 4062; x_wconf 87' lang='lat' dir='ltr'>est,</span> <span class='ocrx_word' id='word_1_556' title='bbox 3178 3996 3238 4050; x_wconf 86' lang='lat' dir='ltr'>et</span> <span class='ocrx_word' id='word_1_557' title='bbox 3288 3992 3637 4049; x_wconf 79' lang='lat' dir='ltr'>auctoritate</span> 
     </span>
    </p>
   </div>
   <div class='ocr_carea' id='block_1_92' title="bbox 1984 4081 3633 4156">
    <p class='ocr_par' dir='ltr' id='par_1_92' title="bbox 1984 4081 3633 4156">
     <span class='ocr_line' id='line_1_92' title="bbox 1984 4081 3633 4156; baseline -0.004 -13"><span class='ocrx_word' id='word_1_558' title='bbox 1984 4086 2137 4144; x_wconf 87' lang='lat' dir='ltr'>beati</span> <span class='ocrx_word' id='word_1_559' title='bbox 2173 4085 2325 4141; x_wconf 90' lang='lat' dir='ltr'>Petri</span> <span class='ocrx_word' id='word_1_560' title='bbox 2355 4084 2659 4151; x_wconf 90' lang='lat' dir='ltr'>traditum,</span> <span class='ocrx_word' id='word_1_561' title='bbox 2709 4100 2889 4156; x_wconf 89' lang='lat' dir='ltr'>supra</span> <span class='ocrx_word' id='word_1_562' title='bbox 2946 4098 3122 4154; x_wconf 88' lang='lat' dir='ltr'>quem</span> <span class='ocrx_word' id='word_1_563' title='bbox 3181 4081 3633 4137; x_wconf 87' lang='lat' dir='ltr'>fundamentum</span> 
     </span>
    </p>
   </div>
   <div class='ocr_carea' id='block_1_93' title="bbox 1986 4170 3637 4242">
    <p class='ocr_par' dir='ltr' id='par_1_93' title="bbox 1986 4170 3637 4242">
     <span class='ocr_line' id='line_1_93' title="bbox 1986 4170 3637 4242; baseline -0.005 -10"><span class='ocrx_word' id='word_1_564' title='bbox 1986 4172 2336 4232; x_wconf 86' lang='lat' dir='ltr'>universalis</span> <span class='ocrx_word' id='word_1_565' title='bbox 2365 4171 2635 4229; x_wconf 86' lang='lat' dir='ltr'>Ecclesia</span> <span class='ocrx_word' id='word_1_566' title='bbox 2665 4170 2982 4228; x_wconf 89' lang='lat' dir='ltr'>solidatum</span> <span class='ocrx_word' id='word_1_567' title='bbox 3005 4175 3113 4239; x_wconf 89' lang='lat' dir='ltr'>est,</span> <span class='ocrx_word' id='word_1_568' title='bbox 3138 4174 3435 4242; x_wconf 88' lang='lat' dir='ltr'>quatenus</span> <span class='ocrx_word' id='word_1_569' title='bbox 3464 4173 3522 4226; x_wconf 92' lang='lat' dir='ltr'>et</span> <span class='ocrx_word' id='word_1_570' title='bbox 3545 4185 3637 4225; x_wconf 85' lang='lat' dir='ltr'>er-</span> 
     </span>
    </p>
   </div>
   <div class='ocr_carea' id='block_1_94' title="bbox 1986 4257 3642 4334">
    <p class='ocr_par' dir='ltr' id='par_1_94' title="bbox 1986 4257 3642 4334">
     <span class='ocr_line' id='line_1_94' title="bbox 1986 4257 3642 4334; baseline -0.004 -15"><span class='ocrx_word' id='word_1_571' title='bbox 1986 4268 2111 4319; x_wconf 87' lang='lat' dir='ltr'>rata</span> <span class='ocrx_word' id='word_1_572' title='bbox 2139 4261 2522 4334; x_wconf 85' lang='lat' dir='ltr'>corrigamus,</span> <span class='ocrx_word' id='word_1_573' title='bbox 2554 4264 2611 4315; x_wconf 90' lang='lat' dir='ltr'>et</span> <span class='ocrx_word' id='word_1_574' title='bbox 2641 4259 2907 4315; x_wconf 82' lang='lat' dir='ltr'>membra</span> <span class='ocrx_word' id='word_1_575' title='bbox 2926 4262 3124 4315; x_wconf 88' lang='lat' dir='ltr'>nostro</span> <span class='ocrx_word' id='word_1_576' title='bbox 3153 4257 3330 4330; x_wconf 89' lang='lat' dir='ltr'>capiti</span> <span class='ocrx_word' id='word_1_577' title='bbox 3352 4257 3642 4314; x_wconf 85' lang='lat' dir='ltr'>coharen-</span> 
     </span>
    </p>
   </div>
   <div class='ocr_carea' id='block_1_95' title="bbox 1984 4344 3638 4419">
    <p class='ocr_par' dir='ltr' id='par_1_95' title="bbox 1984 4344 3638 4419">
     <span class='ocr_line' id='line_1_95' title="bbox 1984 4344 3638 4419; baseline -0.003 -12"><span class='ocrx_word' id='word_1_578' title='bbox 1984 4352 2089 4419; x_wconf 89' lang='lat' dir='ltr'>tia,</span> <span class='ocrx_word' id='word_1_579' title='bbox 2121 4368 2193 4407; x_wconf 91' lang='lat' dir='ltr'>ne</span> <span class='ocrx_word' id='word_1_580' title='bbox 2222 4350 2547 4415; x_wconf 89' lang='lat' dir='ltr'>dissonent,</span> <span class='ocrx_word' id='word_1_581' title='bbox 2579 4347 2923 4404; x_wconf 88' lang='lat' dir='ltr'>studeamus</span> <span class='ocrx_word' id='word_1_582' title='bbox 2948 4364 2960 4401; x_wconf 92' lang='lat'><strong>:</strong></span> <span class='ocrx_word' id='word_1_583' title='bbox 2989 4346 3116 4415; x_wconf 91' lang='lat' dir='ltr'>tibi,</span> <span class='ocrx_word' id='word_1_584' title='bbox 3147 4349 3349 4419; x_wconf 91' lang='lat' dir='ltr'>utpote</span> <span class='ocrx_word' id='word_1_585' title='bbox 3379 4344 3537 4403; x_wconf 89' lang='lat' dir='ltr'>velut</span> <span class='ocrx_word' id='word_1_586' title='bbox 3564 4345 3638 4402; x_wconf 88' lang='lat' dir='ltr'>de</span> 
     </span>
    </p>
   </div>
   <div class='ocr_carea' id='block_1_96' title="bbox 230 4433 3636 4526">
    <p class='ocr_par' dir='ltr' id='par_1_96' title="bbox 230 4433 3636 4526">
     <span class='ocr_line' id='line_1_96' title="bbox 230 4433 3636 4526; baseline 0 -36"><span class='ocrx_word' id='word_1_587' title='bbox 230 4434 567 4490; x_wconf 86' lang='lat' dir='ltr'>testimonio</span> <span class='ocrx_word' id='word_1_588' title='bbox 598 4452 713 4490; x_wconf 92' lang='lat' dir='ltr'>non</span> <span class='ocrx_word' id='word_1_589' title='bbox 742 4434 884 4491; x_wconf 91' lang='lat' dir='ltr'>levis</span> <span class='ocrx_word' id='word_1_590' title='bbox 899 4453 1158 4507; x_wconf 89' lang='lat' dir='ltr'>persona</span> <span class='ocrx_word' id='word_1_591' title='bbox 1188 4436 1538 4502; x_wconf 91' lang='lat' dir='ltr'>defenderis,</span> <span class='ocrx_word' id='word_1_592' title='bbox 1558 4436 1658 4491; x_wconf 89' lang='lat' dir='ltr'>sed</span> <span class='ocrx_word' id='word_1_593' title='bbox 1685 4437 1878 4507; x_wconf 91' lang='lat' dir='ltr'>potius</span> <span class='ocrx_word' id='word_1_594' title='bbox 1907 4462 1955 4526; x_wconf 82' lang='lat' dir='ltr'><strong>D</strong></span> <span class='ocrx_word' id='word_1_595' title='bbox 1986 4440 2205 4497; x_wconf 92' lang='lat' dir='ltr'>nostris</span> <span class='ocrx_word' id='word_1_596' title='bbox 2234 4443 2291 4494; x_wconf 92' lang='lat' dir='ltr'>et</span> <span class='ocrx_word' id='word_1_597' title='bbox 2321 4441 2533 4495; x_wconf 85' lang='lat' dir='ltr'>sancta</span> <span class='ocrx_word' id='word_1_598' title='bbox 2565 4437 2835 4493; x_wconf 84' lang='lat' dir='ltr'>Romana</span> <span class='ocrx_word' id='word_1_599' title='bbox 2866 4433 3135 4491; x_wconf 86' lang='lat' dir='ltr'>Ecclesia</span> <span class='ocrx_word' id='word_1_600' title='bbox 3166 4434 3473 4501; x_wconf 89' lang='lat' dir='ltr'>membris,</span> <span class='ocrx_word' id='word_1_601' title='bbox 3534 4450 3636 4507; x_wconf 87' lang='lat' dir='ltr'>pa-</span> 
     </span>
    </p>
   </div>
   <div class='ocr_carea' id='block_1_97' title="bbox 184 4522 1876 4605">
    <p class='ocr_par' dir='ltr' id='par_1_97' title="bbox 184 4522 1876 4605">
     <span class='ocr_line' id='line_1_97' title="bbox 184 4522 1876 4605; baseline 0.002 -27"><span class='ocrx_word' id='word_1_602' title='bbox 184 4596 189 4605; x_wconf 21' lang='lat'><em>;</em></span> <span class='ocrx_word' id='word_1_603' title='bbox 230 4523 301 4578; x_wconf 91' lang='lat' dir='ltr'>de</span> <span class='ocrx_word' id='word_1_604' title='bbox 331 4522 610 4579; x_wconf 88' lang='lat' dir='ltr'>ﬁdelitate</span> <span class='ocrx_word' id='word_1_605' title='bbox 641 4525 826 4579; x_wconf 92' lang='lat' dir='ltr'>sancti</span> <span class='ocrx_word' id='word_1_606' title='bbox 858 4524 1010 4579; x_wconf 78' lang='lat' dir='ltr'>Petri</span> <span class='ocrx_word' id='word_1_607' title='bbox 1040 4523 1320 4591; x_wconf 89' lang='lat' dir='ltr'>laudaris,</span> <span class='ocrx_word' id='word_1_608' title='bbox 1347 4524 1653 4597; x_wconf 87' lang='lat' dir='ltr'>pramissa</span> <span class='ocrx_word' id='word_1_609' title='bbox 1681 4528 1876 4581; x_wconf 79' lang='lat' dir='ltr'>trans-</span> 
     </span>
    </p>
   </div>
   <div class='ocr_carea' id='block_1_98' title="bbox 230 4611 1875 4685">
    <p class='ocr_par' dir='ltr' id='par_1_98' title="bbox 230 4611 1875 4685">
     <span class='ocr_line' id='line_1_98' title="bbox 230 4611 1875 4685; baseline 0.002 -19"><span class='ocrx_word' id='word_1_610' title='bbox 230 4611 406 4679; x_wconf 89' lang='lat' dir='ltr'>imus,</span> <span class='ocrx_word' id='word_1_611' title='bbox 432 4616 488 4667; x_wconf 91' lang='lat' dir='ltr'>et</span> <span class='ocrx_word' id='word_1_612' title='bbox 512 4616 782 4668; x_wconf 89' lang='lat' dir='ltr'>utverum</span> <span class='ocrx_word' id='word_1_613' title='bbox 798 4612 959 4668; x_wconf 81' lang='lat' dir='ltr'>sitdc</span> <span class='ocrx_word' id='word_1_614' title='bbox 974 4612 1140 4667; x_wconf 90' lang='lat' dir='ltr'>vobis</span> <span class='ocrx_word' id='word_1_615' title='bbox 1154 4612 1558 4668; x_wconf 90' lang='lat' dir='ltr'>testimonium</span> <span class='ocrx_word' id='word_1_616' title='bbox 1582 4617 1875 4685; x_wconf 86' lang='lat' dir='ltr'>optamus.</span> 
     </span>
    </p>
   </div>
   <div class='ocr_carea' id='block_1_99' title="bbox 228 4695 1876 4770">
    <p class='ocr_par' dir='ltr' id='par_1_99' title="bbox 228 4695 1876 4770">
     <span class='ocr_line' id='line_1_99' title="bbox 228 4695 1876 4770; baseline 0.004 -17"><span class='ocrx_word' id='word_1_617' title='bbox 228 4698 345 4755; x_wconf 89' lang='lat' dir='ltr'>Vos</span> <span class='ocrx_word' id='word_1_618' title='bbox 375 4703 569 4755; x_wconf 86' lang='lat' dir='ltr'>autem</span> <span class='ocrx_word' id='word_1_619' title='bbox 603 4695 764 4755; x_wconf 63' lang='lat' dir='ltr'>om&#39;ni</span> <span class='ocrx_word' id='word_1_620' title='bbox 789 4700 1095 4755; x_wconf 88' lang='lat' dir='ltr'>conamine</span> <span class='ocrx_word' id='word_1_621' title='bbox 1126 4700 1357 4756; x_wconf 88' lang='lat' dir='ltr'>studete</span> <span class='ocrx_word' id='word_1_622' title='bbox 1403 4700 1484 4754; x_wconf 91' lang='lat' dir='ltr'>ita</span> <span class='ocrx_word' id='word_1_623' title='bbox 1538 4701 1748 4770; x_wconf 90' lang='lat' dir='ltr'>vivere,</span> <span class='ocrx_word' id='word_1_624' title='bbox 1809 4708 1876 4759; x_wconf 90' lang='lat' dir='ltr'>ut</span> 
     </span>
    </p>
   </div>
   <div class='ocr_carea' id='block_1_100' title="bbox 229 4786 1874 4860">
    <p class='ocr_par' dir='ltr' id='par_1_100' title="bbox 229 4786 1874 4860">
     <span class='ocr_line' id='line_1_100' title="bbox 229 4786 1874 4860; baseline 0.003 -18"><span class='ocrx_word' id='word_1_625' title='bbox 229 4786 407 4843; x_wconf 88' lang='lat' dir='ltr'>vestri</span> <span class='ocrx_word' id='word_1_626' title='bbox 434 4805 551 4844; x_wconf 91' lang='lat' dir='ltr'>non</span> <span class='ocrx_word' id='word_1_627' title='bbox 583 4787 838 4843; x_wconf 89' lang='lat' dir='ltr'>habeant</span> <span class='ocrx_word' id='word_1_628' title='bbox 867 4787 1089 4842; x_wconf 91' lang='lat' dir='ltr'>inimici</span> <span class='ocrx_word' id='word_1_629' title='bbox 1121 4788 1275 4843; x_wconf 91' lang='lat' dir='ltr'>unde</span> <span class='ocrx_word' id='word_1_630' title='bbox 1297 4805 1404 4844; x_wconf 91' lang='lat' dir='ltr'>nos</span> <span class='ocrx_word' id='word_1_631' title='bbox 1443 4790 1670 4860; x_wconf 89' lang='lat' dir='ltr'>possint</span> <span class='ocrx_word' id='word_1_632' title='bbox 1692 4790 1750 4846; x_wconf 92' lang='lat' dir='ltr'>in</span> <span class='ocrx_word' id='word_1_633' title='bbox 1774 4808 1874 4848; x_wconf 92' lang='lat' dir='ltr'>vos</span> 
     </span>
    </p>
   </div>
   <div class='ocr_carea' id='block_1_101' title="bbox 272 4928 1877 5001">
    <p class='ocr_par' dir='ltr' id='par_1_101' title="bbox 272 4928 1877 5001">
     <span class='ocr_line' id='line_1_101' title="bbox 272 4928 1877 5001; baseline 0.003 -16"><span class='ocrx_word' id='word_1_634' title='bbox 272 4945 351 5001; x_wconf 71' lang='lat' dir='ltr'>us</span> <span class='ocrx_word' id='word_1_635' title='bbox 372 4928 778 4985; x_wconf 89' lang='lat' dir='ltr'>Sistaricensis</span> <span class='ocrx_word' id='word_1_636' title='bbox 808 4930 869 5001; x_wconf 87' lang='lat' dir='ltr'>in</span> <span class='ocrx_word' id='word_1_637' title='bbox 902 4945 1113 5001; x_wconf 80' lang='lat' dir='ltr'>magno</span> <span class='ocrx_word' id='word_1_638' title='bbox 1145 4930 1390 5001; x_wconf 88' lang='lat' dir='ltr'>concilio</span> <span class='ocrx_word' id='word_1_639' title='bbox 1420 4933 1802 4989; x_wconf 86' lang='lat' dir='ltr'>Avenionensi</span> <span class='ocrx_word' id='word_1_640' title='bbox 1843 4952 1877 4990; x_wconf 90' lang='lat' dir='ltr'>a</span> 
     </span>
    </p>
   </div>
   <div class='ocr_carea' id='block_1_102' title="bbox 230 4945 1872 5076">
    <p class='ocr_par' dir='ltr' id='par_1_102' title="bbox 230 4945 1872 5076">
     <span class='ocr_line' id='line_1_102' title="bbox 230 4945 1872 5056; baseline 0.003 -71"><span class='ocrx_word' id='word_1_641' title='bbox 230 4945 342 5056; x_wconf 62' lang='lat' dir='ltr'>gas</span> <span class='ocrx_word' id='word_1_642' title='bbox 372 4945 778 4985; x_wconf 67' lang='lat' dir='ltr'>mstancenms</span> <span class='ocrx_word' id='word_1_643' title='bbox 808 4946 869 4983; x_wconf 86' lang='lat' dir='ltr'>1n</span> <span class='ocrx_word' id='word_1_644' title='bbox 902 4945 1113 5001; x_wconf 83' lang='lat' dir='ltr'>magno</span> <span class='ocrx_word' id='word_1_645' title='bbox 1145 4945 1390 4986; x_wconf 80' lang='lat'>001101110</span> <span class='ocrx_word' id='word_1_646' title='bbox 1420 4945 1802 4989; x_wconf 76' lang='lat' dir='ltr'>Avemonensi</span> <span class='ocrx_word' id='word_1_647' title='bbox 1843 4952 1872 4990; x_wconf 88' lang='lat' dir='ltr'>a</span> 
     </span>
     <span class='ocr_line' id='line_1_103' title="bbox 231 5000 1872 5076; baseline 0.004 -21"><span class='ocrx_word' id='word_1_648' title='bbox 231 5072 249 5076; x_wconf 84' lang='lat'><strong><em>_</em></strong></span> <span class='ocrx_word' id='word_1_649' title='bbox 267 5000 549 5076; x_wconf 89' lang='lat' dir='ltr'>_._Hugons</span> <span class='ocrx_word' id='word_1_650' title='bbox 561 5002 769 5076; x_wconf 74' lang='lat' dir='ltr'>abbate</span> <span class='ocrx_word' id='word_1_651' title='bbox 781 5000 1168 5076; x_wconf 71' lang='lat' dir='ltr'>Cluniacensi,</span> <span class='ocrx_word' id='word_1_652' title='bbox 1184 5000 1605 5076; x_wconf 81' lang='lat' dir='ltr'>legatoNicolai</span> <span class='ocrx_word' id='word_1_653' title='bbox 1625 5022 1784 5076; x_wconf 86' lang='lat' dir='ltr'>papa</span> <span class='ocrx_word' id='word_1_654' title='bbox 1806 5006 1872 5062; x_wconf 94' lang='lat' dir='ltr'>II.</span> 
     </span>
    </p>
   </div>
   <div class='ocr_carea' id='block_1_103' title="bbox 230 5071 1879 5156">
    <p class='ocr_par' dir='ltr' id='par_1_103' title="bbox 230 5071 1879 5156">
     <span class='ocr_line' id='line_1_104' title="bbox 230 5071 1879 5156; baseline 0.005 -31"><span class='ocrx_word' id='word_1_655' title='bbox 230 5071 449 5154; x_wconf 64' lang='lat' dir='ltr'>Missus</span> <span class='ocrx_word' id='word_1_656' title='bbox 480 5089 514 5127; x_wconf 89' lang='lat' dir='ltr'>a</span> <span class='ocrx_word' id='word_1_657' title='bbox 530 5071 778 5156; x_wconf 63' lang='lat' dir='ltr'>concilio</span> <span class='ocrx_word' id='word_1_658' title='bbox 795 5072 867 5156; x_wconf 67' lang='lat' dir='ltr'>ad</span> <span class='ocrx_word' id='word_1_659' title='bbox 895 5072 1221 5156; x_wconf 71' lang='lat' dir='ltr'>Nicolaum,</span> <span class='ocrx_word' id='word_1_660' title='bbox 1245 5071 1317 5130; x_wconf 74' lang='lat' dir='ltr'>ab</span> <span class='ocrx_word' id='word_1_661' title='bbox 1348 5071 1879 5156; x_wconf 39' lang='lat' dir='ltr'>ipso‘consecfratur</span> 
     </span>
    </p>
   </div>
   <div class='ocr_carea' id='block_1_104' title="bbox 230 5141 1873 5217">
    <p class='ocr_par' dir='ltr' id='par_1_104' title="bbox 230 5141 1873 5217">
     <span class='ocr_line' id='line_1_105' title="bbox 230 5141 1873 5217; baseline 0.005 -21"><span class='ocrx_word' id='word_1_662' title='bbox 230 5141 291 5197; x_wconf 91' lang='lat' dir='ltr'>in</span> <span class='ocrx_word' id='word_1_663' title='bbox 322 5142 501 5213; x_wconf 90' lang='lat' dir='ltr'>episc.</span> <span class='ocrx_word' id='word_1_664' title='bbox 530 5142 783 5217; x_wconf 73' lang='lat' dir='ltr'>Sittaric.</span> <span class='ocrx_word' id='word_1_665' title='bbox 818 5147 935 5217; x_wconf 86' lang='lat' dir='ltr'>H_ac</span> <span class='ocrx_word' id='word_1_666' title='bbox 967 5142 1127 5217; x_wconf 81' lang='lat' dir='ltr'>bulla</span> <span class='ocrx_word' id='word_1_667' title='bbox 1155 5161 1257 5200; x_wconf 89' lang='lat' dir='ltr'>seu</span> <span class='ocrx_word' id='word_1_668' title='bbox 1289 5141 1536 5217; x_wconf 77' lang='lat' dir='ltr'>epistola</span> <span class='ocrx_word' id='word_1_669' title='bbox 1556 5147 1873 5217; x_wconf 90' lang='lat' dir='ltr'>munitum,</span> 
     </span>
    </p>
   </div>
   <div class='ocr_carea' id='block_1_105' title="bbox 230 5212 1879 5337">
    <p class='ocr_par' dir='ltr' id='par_1_105' title="bbox 230 5212 1879 5337">
     <span class='ocr_line' id='line_1_106' title="bbox 230 5212 1879 5337; baseline 0.006 -71"><span class='ocrx_word' id='word_1_670' title='bbox 230 5229 384 5337; x_wconf 62' lang='lat' dir='ltr'>gapa</span> <span class='ocrx_word' id='word_1_671' title='bbox 414 5228 546 5292; x_wconf 78' lang='lat' dir='ltr'>eum</span> <span class='ocrx_word' id='word_1_672' title='bbox 577 5212 784 5293; x_wconf 78' lang='lat' dir='ltr'>direxit</span> <span class='ocrx_word' id='word_1_673' title='bbox 803 5214 872 5267; x_wconf 88' lang='lat' dir='ltr'>ad</span> <span class='ocrx_word' id='word_1_674' title='bbox 897 5214 1094 5269; x_wconf 91' lang='lat' dir='ltr'>sedem</span> <span class='ocrx_word' id='word_1_675' title='bbox 1117 5231 1306 5271; x_wconf 91' lang='lat' dir='ltr'>suam.</span> <span class='ocrx_word' id='word_1_676' title='bbox 1324 5212 1570 5289; x_wconf 85' lang='lat' dir='ltr'>lndigne</span> <span class='ocrx_word' id='word_1_677' title='bbox 1586 5218 1823 5277; x_wconf 88' lang='lat' dir='ltr'>habitus</span> <span class='ocrx_word' id='word_1_678' title='bbox 1843 5212 1879 5276; x_wconf 61' lang='grc' dir='ltr'>εἰ.</span> 
     </span>
     <span class='ocr_line' id='line_1_107' title="bbox 274 5283 1879 5337; baseline 0.001 -1"><span class='ocrx_word' id='word_1_679' title='bbox 274 5283 905 5337; x_wconf 67' lang='grc' dir='ltr'>ἰῐιειιοιοθῐιεώυεΝθηὶῐ</span> <span class='ocrx_word' id='word_1_680' title='bbox 925 5284 1420 5337; x_wconf 84' lang='lat' dir='ltr'>Forcalnuierum-</span> <span class='ocrx_word' id='word_1_681' title='bbox 1440 5289 1538 5337; x_wconf 88' lang='lat' dir='ltr'>ubi</span> <span class='ocrx_word' id='word_1_682' title='bbox 1562 5288 1879 5337; x_wconf 69' lang='lat' dir='ltr'>honoriﬁca</span> 
     </span>
    </p>
   </div>
   <div class='ocr_carea' id='block_1_106' title="bbox 274 5282 1879 5357">
    <p class='ocr_par' dir='ltr' id='par_1_106' title="bbox 274 5282 1879 5357">
     <span class='ocr_line' id='line_1_108' title="bbox 274 5282 1879 5357; baseline 0.007 -21"><span class='ocrx_word' id='word_1_683' title='bbox 274 5282 905 5357; x_wconf 53' lang='lat' dir='ltr'>ittaricensibuswenit</span> <span class='ocrx_word' id='word_1_684' title='bbox 925 5284 1420 5357; x_wconf 86' lang='lat' dir='ltr'>Forcalquierum,</span> <span class='ocrx_word' id='word_1_685' title='bbox 1440 5282 1539 5342; x_wconf 79' lang='lat' dir='ltr'>ubi</span> <span class='ocrx_word' id='word_1_686' title='bbox 1562 5288 1879 5347; x_wconf 91' lang='lat' dir='ltr'>honoriﬁce</span> 
     </span>
    </p>
   </div>
   <div class='ocr_carea' id='block_1_107' title="bbox 230 5352 1878 5430">
    <p class='ocr_par' dir='ltr' id='par_1_107' title="bbox 230 5352 1878 5430">
     <span class='ocr_line' id='line_1_109' title="bbox 230 5352 1878 5430; baseline 0.007 -23"><span class='ocrx_word' id='word_1_687' title='bbox 230 5357 321 5430; x_wconf 77' lang='lat' dir='ltr'>est</span> <span class='ocrx_word' id='word_1_688' title='bbox 348 5356 646 5430; x_wconf 81' lang='lat' dir='ltr'>exceptu_s._</span> <span class='ocrx_word' id='word_1_689' title='bbox 677 5352 1000 5430; x_wconf 67' lang='lat' dir='ltr'>Consilium</span> <span class='ocrx_word' id='word_1_690' title='bbox 1040 5352 1163 5411; x_wconf 47' lang='lat' dir='ltr'>hoc‘</span> <span class='ocrx_word' id='word_1_691' title='bbox 1185 5359 1584 5430; x_wconf 52' lang='lat' dir='ltr'>Avenionense</span> <span class='ocrx_word' id='word_1_692' title='bbox 1640 5368 1878 5430; x_wconf 87' lang='lat' dir='ltr'>prater-</span> 
     </span>
    </p>
   </div>
   <div class='ocr_carea' id='block_1_108' title="bbox 232 5378 1877 5489">
    <p class='ocr_par' dir='ltr' id='par_1_108' title="bbox 232 5378 1877 5489">
     <span class='ocr_line' id='line_1_110' title="bbox 232 5378 1877 5422; baseline 0.007 -15"><span class='ocrx_word' id='word_1_693' title='bbox 232 5378 321 5407; x_wconf 70' lang='grc' dir='ltr'>υδι</span> <span class='ocrx_word' id='word_1_694' title='bbox 348 5378 644 5422; x_wconf 66' lang='grc' dir='ltr'>ωιυυμιυυ.</span> <span class='ocrx_word' id='word_1_695' title='bbox 677 5378 1000 5409; x_wconf 73' lang='grc' dir='ltr'>υυιιδιιιυω</span> <span class='ocrx_word' id='word_1_696' title='bbox 1040 5378 1146 5411; x_wconf 81' lang='lat' dir='ltr'>nuc</span> <span class='ocrx_word' id='word_1_697' title='bbox 1185 5378 1584 5416; x_wconf 67' lang='lat' dir='ltr'>nvemonense</span> <span class='ocrx_word' id='word_1_698' title='bbox 1681 5378 1877 5418; x_wconf 77' lang='lat' dir='ltr'>ratar-</span> 
     </span>
     <span class='ocr_line' id='line_1_111' title="bbox 232 5378 1877 5489; baseline 0.009 -13"><span class='ocrx_word' id='word_1_699' title='bbox 232 5419 609 5489; x_wconf 75' lang='lat' dir='ltr'>missum_est</span> <span class='ocrx_word' id='word_1_700' title='bbox 632 5420 692 5473; x_wconf 94' lang='lat' dir='ltr'>in</span> <span class='ocrx_word' id='word_1_701' title='bbox 725 5422 1102 5479; x_wconf 90' lang='lat' dir='ltr'>conciliorum</span> <span class='ocrx_word' id='word_1_702' title='bbox 1124 5426 1585 5486; x_wconf 82' lang='lat' dir='ltr'>collectionibus.</span> <span class='ocrx_word' id='word_1_703' title='bbox 1620 5378 1877 5489; x_wconf 49' lang='lat' dir='ltr'>Igonora-</span> 
     </span>
    </p>
   </div>
   <div class='ocr_carea' id='block_1_109' title="bbox 228 5487 1882 5569">
    <p class='ocr_par' dir='ltr' id='par_1_109' title="bbox 228 5487 1882 5569">
     <span class='ocr_line' id='line_1_112' title="bbox 228 5487 1882 5569; baseline 0.009 -18"><span class='ocrx_word' id='word_1_704' title='bbox 228 5494 330 5551; x_wconf 83' lang='lat' dir='ltr'>tus</span> <span class='ocrx_word' id='word_1_705' title='bbox 339 5487 574 5546; x_wconf 83' lang='lat' dir='ltr'>Bouche</span> <span class='ocrx_word' id='word_1_706' title='bbox 592 5489 1056 5569; x_wconf 83' lang='lat' dir='ltr'>observatipsius</span> <span class='ocrx_word' id='word_1_707' title='bbox 1075 5500 1204 5556; x_wconf 85' lang='lat' dir='ltr'>acta</span> <span class='ocrx_word' id='word_1_708' title='bbox 1221 5497 1364 5560; x_wconf 84' lang='lat' dir='ltr'>olim</span> <span class='ocrx_word' id='word_1_709' title='bbox 1384 5487 1882 5566; x_wconf 15' lang='lat' dir='ltr'>asservata’t‘uisse</span> 
     </span>
    </p>
   </div>
   <div class='ocr_carea' id='block_1_110' title="bbox 1984 4524 3638 4598">
    <p class='ocr_par' dir='ltr' id='par_1_110' title="bbox 1984 4524 3638 4598">
     <span class='ocr_line' id='line_1_113' title="bbox 1984 4524 3638 4598; baseline -0.004 -13"><span class='ocrx_word' id='word_1_710' title='bbox 1984 4533 2147 4586; x_wconf 90' lang='lat' dir='ltr'>terne</span> <span class='ocrx_word' id='word_1_711' title='bbox 2164 4527 2490 4583; x_wconf 89' lang='lat' dir='ltr'>intimando</span> <span class='ocrx_word' id='word_1_712' title='bbox 2513 4525 2681 4598; x_wconf 86' lang='lat' dir='ltr'>praci</span> <span class='ocrx_word' id='word_1_713' title='bbox 2690 4524 2906 4597; x_wconf 90' lang='lat' dir='ltr'>pimus,</span> <span class='ocrx_word' id='word_1_714' title='bbox 2924 4527 3216 4596; x_wconf 90' lang='lat' dir='ltr'>quatenus</span> <span class='ocrx_word' id='word_1_715' title='bbox 3236 4540 3339 4596; x_wconf 91' lang='lat' dir='ltr'>per</span> <span class='ocrx_word' id='word_1_716' title='bbox 3360 4528 3435 4592; x_wconf 91' lang='lat' dir='ltr'>te,</span> <span class='ocrx_word' id='word_1_717' title='bbox 3460 4539 3638 4595; x_wconf 90' lang='lat' dir='ltr'>quem</span> 
     </span>
    </p>
   </div>
   <div class='ocr_carea' id='block_1_111' title="bbox 1987 4611 3637 4691">
    <p class='ocr_par' dir='ltr' id='par_1_111' title="bbox 1987 4611 3637 4691">
     <span class='ocr_line' id='line_1_114' title="bbox 1987 4611 3637 4691; baseline -0.003 -19"><span class='ocrx_word' id='word_1_718' title='bbox 1987 4618 2046 4675; x_wconf 91' lang='lat' dir='ltr'>in</span> <span class='ocrx_word' id='word_1_719' title='bbox 2078 4616 2298 4691; x_wconf 87' lang='lat' dir='ltr'>gremio</span> <span class='ocrx_word' id='word_1_720' title='bbox 2313 4615 2520 4672; x_wconf 87' lang='lat' dir='ltr'>matris</span> <span class='ocrx_word' id='word_1_721' title='bbox 2541 4619 2675 4683; x_wconf 86' lang='lat' dir='ltr'>tua,</span> <span class='ocrx_word' id='word_1_722' title='bbox 2697 4611 3047 4670; x_wconf 90' lang='lat' dir='ltr'>universalis</span> <span class='ocrx_word' id='word_1_723' title='bbox 3060 4612 3326 4669; x_wconf 87' lang='lat' dir='ltr'>videlicet</span> <span class='ocrx_word' id='word_1_724' title='bbox 3344 4611 3637 4680; x_wconf 85' lang='lat' dir='ltr'>Ecclesia,</span> 
     </span>
    </p>
   </div>
   <div class='ocr_carea' id='block_1_112' title="bbox 1987 4698 3636 4776">
    <p class='ocr_par' dir='ltr' id='par_1_112' title="bbox 1987 4698 3636 4776">
     <span class='ocr_line' id='line_1_115' title="bbox 1987 4698 3636 4776; baseline -0.005 -13"><span class='ocrx_word' id='word_1_725' title='bbox 1987 4705 2329 4763; x_wconf 88' lang='lat' dir='ltr'>conclusum</span> <span class='ocrx_word' id='word_1_726' title='bbox 2344 4720 2471 4761; x_wconf 88' lang='lat' dir='ltr'>esse</span> <span class='ocrx_word' id='word_1_727' title='bbox 2491 4718 2828 4776; x_wconf 89' lang='lat' dir='ltr'>speramus;</span> <span class='ocrx_word' id='word_1_728' title='bbox 2848 4718 2954 4759; x_wconf 91' lang='lat' dir='ltr'>nec</span> <span class='ocrx_word' id='word_1_729' title='bbox 2964 4700 3320 4758; x_wconf 88' lang='lat' dir='ltr'>Virdunensi</span> <span class='ocrx_word' id='word_1_730' title='bbox 3342 4698 3636 4770; x_wconf 82' lang='lat' dir='ltr'>Ecclesia,</span> 
     </span>
    </p>
   </div>
   <div class='ocr_carea' id='block_1_113' title="bbox 1984 4788 3637 4867">
    <p class='ocr_par' dir='ltr' id='par_1_113' title="bbox 1984 4788 3637 4867">
     <span class='ocr_line' id='line_1_116' title="bbox 1984 4788 3637 4867; baseline -0.005 -15"><span class='ocrx_word' id='word_1_731' title='bbox 1984 4811 2110 4867; x_wconf 89' lang='lat' dir='ltr'>qua</span> <span class='ocrx_word' id='word_1_732' title='bbox 2141 4792 2310 4850; x_wconf 91' lang='lat' dir='ltr'>nobis</span> <span class='ocrx_word' id='word_1_733' title='bbox 2341 4792 2659 4849; x_wconf 89' lang='lat' dir='ltr'>commissa</span> <span class='ocrx_word' id='word_1_734' title='bbox 2686 4795 2779 4848; x_wconf 89' lang='lat' dir='ltr'>est</span> <span class='ocrx_word' id='word_1_735' title='bbox 2808 4807 2942 4847; x_wconf 91' lang='lat' dir='ltr'>cum</span> <span class='ocrx_word' id='word_1_736' title='bbox 2975 4790 3278 4857; x_wconf 89' lang='lat' dir='ltr'>fratribus,</span> <span class='ocrx_word' id='word_1_737' title='bbox 3310 4788 3637 4861; x_wconf 88' lang='lat' dir='ltr'>quidquam</span> 
     </span>
    </p>
   </div>
   <div class='ocr_carea' id='block_1_114' title="bbox 1985 4925 3634 5017">
    <p class='ocr_par' dir='ltr' id='par_1_114' title="bbox 1985 4925 3634 5017">
     <span class='ocr_line' id='line_1_117' title="bbox 1985 4925 3634 5017; baseline -0.007 -25"><span class='ocrx_word' id='word_1_738' title='bbox 1985 4938 2047 5017; x_wconf 68' lang='lat' dir='ltr'>ip</span> <span class='ocrx_word' id='word_1_739' title='bbox 2078 4934 2309 5017; x_wconf 46' lang='lat' dir='ltr'>archiv‘o</span> <span class='ocrx_word' id='word_1_740' title='bbox 2341 4930 3053 5017; x_wconf 36' lang='lat' dir='ltr'>Forcalqueriensihnunc</span> <span class='ocrx_word' id='word_1_741' title='bbox 3104 4945 3261 5017; x_wconf 46' lang='lat' dir='ltr'>vero.</span> <span class='ocrx_word' id='word_1_742' title='bbox 3293 4925 3634 5017; x_wconf 50' lang='lat' dir='ltr'>desidegari:</span> 
     </span>
    </p>
   </div>
   <div class='ocr_carea' id='block_1_115' title="bbox 1983 4996 3639 5083">
    <p class='ocr_par' dir='ltr' id='par_1_115' title="bbox 1983 4996 3639 5083">
     <span class='ocr_line' id='line_1_118' title="bbox 1983 4996 3639 5083; baseline -0.007 -20"><span class='ocrx_word' id='word_1_743' title='bbox 1983 5008 2238 5083; x_wconf 78' lang='lat' dir='ltr'>Tempus</span> <span class='ocrx_word' id='word_1_744' title='bbox 2269 4996 2663 5083; x_wconf 33' lang='lat' dir='ltr'>habitiﬁhpjus</span> <span class='ocrx_word' id='word_1_745' title='bbox 2709 4996 2961 5083; x_wconf 77' lang='lat' dir='ltr'>co_ncilii_</span> <span class='ocrx_word' id='word_1_746' title='bbox 2996 5002 3360 5083; x_wconf 55' lang='lat' dir='ltr'>nonupotest</span> <span class='ocrx_word' id='word_1_747' title='bbox 3413 4996 3639 5083; x_wconf 69' lang='lat' dir='ltr'>diﬂ‘erri</span> 
     </span>
    </p>
   </div>
   <div class='ocr_carea' id='block_1_116' title="bbox 1987 5069 3632 5142">
    <p class='ocr_par' dir='ltr' id='par_1_116' title="bbox 1987 5069 3632 5142">
     <span class='ocr_line' id='line_1_119' title="bbox 1987 5069 3632 5142; baseline -0.006 -8"><span class='ocrx_word' id='word_1_748' title='bbox 1987 5069 2148 5134; x_wconf 71' lang='lat' dir='ltr'>ultra</span> <span class='ocrx_word' id='word_1_749' title='bbox 2162 5091 2382 5132; x_wconf 88' lang='lat' dir='ltr'>annum</span> <span class='ocrx_word' id='word_1_750' title='bbox 2415 5075 2534 5130; x_wconf 83' lang='lat' dir='ltr'>l06l</span> <span class='ocrx_word' id='word_1_751' title='bbox 2551 5069 2581 5142; x_wconf 65' lang='grc'>,⁷</span> <span class='ocrx_word' id='word_1_752' title='bbox 2591 5091 2706 5142; x_wconf 92' lang='lat' dir='ltr'>quo</span> <span class='ocrx_word' id='word_1_753' title='bbox 2726 5075 2913 5131; x_wconf 87' lang='lat' dir='ltr'>vivere</span> <span class='ocrx_word' id='word_1_754' title='bbox 2929 5073 3104 5130; x_wconf 90' lang='lat' dir='ltr'>desiit</span> <span class='ocrx_word' id='word_1_755' title='bbox 3119 5069 3392 5127; x_wconf 85' lang='lat' dir='ltr'>Nicolaus</span> <span class='ocrx_word' id='word_1_756' title='bbox 3424 5069 3494 5142; x_wconf 79' lang='lat' dir='ltr'>II,</span> <span class='ocrx_word' id='word_1_757' title='bbox 3518 5069 3632 5125; x_wconf 88' lang='lat' dir='ltr'>sub</span> 
     </span>
    </p>
   </div>
   <div class='ocr_carea' id='block_1_117' title="bbox 1986 5139 3634 5221">
    <p class='ocr_par' dir='ltr' id='par_1_117' title="bbox 1986 5139 3634 5221">
     <span class='ocr_line' id='line_1_120' title="bbox 1986 5139 3634 5221; baseline -0.005 -16"><span class='ocrx_word' id='word_1_758' title='bbox 1986 5150 2153 5221; x_wconf 88' lang='lat' dir='ltr'>cujus</span> <span class='ocrx_word' id='word_1_759' title='bbox 2208 5139 2719 5221; x_wconf 45' lang='lat' dir='ltr'>pontiﬁcatu&#39;luit</span> <span class='ocrx_word' id='word_1_760' title='bbox 2787 5145 3166 5202; x_wconf 89' lang='lat' dir='ltr'>celebratum.</span> <span class='ocrx_word' id='word_1_761' title='bbox 3228 5142 3394 5215; x_wconf 74' lang='lat' dir='ltr'>(Gal).</span> <span class='ocrx_word' id='word_1_762' title='bbox 3432 5139 3634 5197; x_wconf 80' lang='lat' dir='ltr'>Christ.</span> 
     </span>
    </p>
   </div>
   <div class='ocr_carea' id='block_1_118' title="bbox 1983 5217 3165 5297">
    <p class='ocr_par' dir='ltr' id='par_1_118' title="bbox 1983 5217 3165 5297">
     <span class='ocr_line' id='line_1_121' title="bbox 1983 5217 3165 5297; baseline 0.005 -21"><span class='ocrx_word' id='word_1_763' title='bbox 1983 5217 2132 5297; x_wconf 45' lang='lat' dir='ltr'>nota,</span> <span class='ocrx_word' id='word_1_764' title='bbox 2162 5217 2305 5297; x_wconf 68' lang='lat' dir='ltr'>tom.</span> <span class='ocrx_word' id='word_1_765' title='bbox 2344 5219 2385 5287; x_wconf 86' lang='grc' dir='ltr'>Ι,</span> <span class='ocrx_word' id='word_1_766' title='bbox 2413 5217 2527 5297; x_wconf 71' lang='lat' dir='ltr'>_col.</span> <span class='ocrx_word' id='word_1_767' title='bbox 2561 5219 2709 5286; x_wconf 81' lang='grc'>483.)</span> <span class='ocrx_word' id='word_1_768' title='bbox 2784 5286 2799 5297; x_wconf 42' lang='lat'><strong><em>‘</em></strong></span> <span class='ocrx_word' id='word_1_769' title='bbox 2875 5286 2887 5297; x_wconf 82' lang='lat'><em>_</em></span> <span class='ocrx_word' id='word_1_770' title='bbox 3013 5286 3053 5297; x_wconf 54' lang='grc' dir='ltr'>υ</span> <span class='ocrx_word' id='word_1_771' title='bbox 3099 5285 3109 5296; x_wconf 83' lang='lat'><strong>_</strong></span> <span class='ocrx_word' id='word_1_772' title='bbox 3153 5283 3165 5297; x_wconf 74' lang='grc'><em>,</em></span> 
     </span>
    </p>
   </div>
   <div class='ocr_carea' id='block_1_119' title="bbox 2058 5285 3206 5363">
    <p class='ocr_par' dir='ltr' id='par_1_119' title="bbox 2058 5285 3206 5363">
     <span class='ocr_line' id='line_1_122' title="bbox 2058 5285 3206 5363; baseline -0.004 -18"><span class='ocrx_word' id='word_1_773' title='bbox 2058 5291 2134 5363; x_wconf 88' lang='grc'>(5)</span> <span class='ocrx_word' id='word_1_774' title='bbox 2165 5289 2295 5344; x_wconf 83' lang='lat' dir='ltr'>Hac</span> <span class='ocrx_word' id='word_1_775' title='bbox 2332 5285 2623 5363; x_wconf 76' lang='lat' dir='ltr'>redditum</span> <span class='ocrx_word' id='word_1_776' title='bbox 2644 5286 2940 5363; x_wconf 82' lang='lat' dir='ltr'>__eccle_sia</span> <span class='ocrx_word' id='word_1_777' title='bbox 2975 5285 3206 5363; x_wconf 84' lang='lat' dir='ltr'>_divi_si_o</span> 
     </span>
    </p>
   </div>
   <div class='ocr_carea' id='block_1_120' title="bbox 1988 5352 3637 5436">
    <p class='ocr_par' dir='ltr' id='par_1_120' title="bbox 1988 5352 3637 5436">
     <span class='ocr_line' id='line_1_123' title="bbox 1988 5352 3637 5436; baseline -0.004 -19"><span class='ocrx_word' id='word_1_778' title='bbox 1988 5352 2183 5434; x_wconf 78' lang='lat' dir='ltr'>partes</span> <span class='ocrx_word' id='word_1_779' title='bbox 2211 5365 2302 5436; x_wconf 80' lang='lat' dir='ltr'>est</span> <span class='ocrx_word' id='word_1_780' title='bbox 2330 5360 2387 5415; x_wconf 89' lang='lat' dir='ltr'>S.</span> <span class='ocrx_word' id='word_1_781' title='bbox 2422 5360 2683 5436; x_wconf 81' lang='lat' dir='ltr'>Gregorii</span> <span class='ocrx_word' id='word_1_782' title='bbox 2711 5357 3126 5436; x_wconf 52' lang='lat' dir='ltr'>scribentisad</span> <span class='ocrx_word' id='word_1_783' title='bbox 3155 5357 3210 5412; x_wconf 93' lang='lat' dir='ltr'>S.</span> <span class='ocrx_word' id='word_1_784' title='bbox 3238 5352 3637 5436; x_wconf 62' lang='lat' dir='ltr'>Augustinum</span> 
     </span>
    </p>
   </div>
   <div class='ocr_carea' id='block_1_121' title="bbox 1985 5424 3638 5511">
    <p class='ocr_par' dir='ltr' id='par_1_121' title="bbox 1985 5424 3638 5511">
     <span class='ocr_line' id='line_1_124' title="bbox 1985 5424 3638 5511; baseline -0.004 -22"><span class='ocrx_word' id='word_1_785' title='bbox 1985 5424 2459 5511; x_wconf 51' lang='lat' dir='ltr'>gantuariensem</span> <span class='ocrx_word' id='word_1_786' title='bbox 2480 5424 2986 5505; x_wconf 63' lang='lat' dir='ltr'>archiepiscopum</span> <span class='ocrx_word' id='word_1_787' title='bbox 3005 5426 3131 5505; x_wconf 90' lang='lat' dir='ltr'>(lib.</span> <span class='ocrx_word' id='word_1_788' title='bbox 3155 5443 3236 5497; x_wconf 72' lang='grc' dir='ltr'>χι,</span> <span class='ocrx_word' id='word_1_789' title='bbox 3258 5424 3430 5511; x_wconf 83' lang='lat' dir='ltr'>epist.</span> <span class='ocrx_word' id='word_1_790' title='bbox 3453 5424 3544 5483; x_wconf 74' lang='grc'>64.</span> <span class='ocrx_word' id='word_1_791' title='bbox 3567 5453 3638 5471; x_wconf 74' lang='grc' dir='ltr'>-ο</span> 
     </span>
    </p>
   </div>
   <div class='ocr_carea' id='block_1_122' title="bbox 1986 5502 2417 5583">
    <p class='ocr_par' dir='ltr' id='par_1_122' title="bbox 1986 5502 2417 5583">
     <span class='ocr_line' id='line_1_125' title="bbox 1986 5502 2417 5583; baseline -0.014 -15"><span class='ocrx_word' id='word_1_792' title='bbox 1986 5505 2133 5568; x_wconf 73' lang='lat' dir='ltr'>Gali.</span> <span class='ocrx_word' id='word_1_793' title='bbox 2169 5502 2417 5583; x_wconf 61' lang='lat' dir='ltr'>Christ).</span> 
     </span>
    </p>
   </div>
   <div class='ocr_carea' id='block_1_123' title="bbox 3266 5281 3637 5355">
    <p class='ocr_par' dir='ltr' id='par_1_123' title="bbox 3266 5281 3637 5355">
     <span class='ocr_line' id='line_1_126' title="bbox 3266 5281 3637 5355; baseline -0.003 -17"><span class='ocrx_word' id='word_1_794' title='bbox 3266 5284 3520 5355; x_wconf 84' lang='lat' dir='ltr'>quatuor</span> <span class='ocrx_word' id='word_1_795' title='bbox 3574 5281 3637 5337; x_wconf 90' lang='lat' dir='ltr'>in</span> 
     </span>
    </p>
   </div>
  </div>
