3970 6218
261 301 419 368 1349

1433 307 1836 373 EPISTULA?
1879 303 1979 374 E’l‘
2022 305 2496 376 DIPLOMA'I‘A.

3504 317 3660 379 1350

261 439 490 510 injuria:
521 442 639 494 tam
673 453 776 512 per
804 444 858 495 te
891 457 1066 513 quam
1115 457 1218 514 per
1265 445 1396 496 tuos
1451 443 1658 498 inferre
1694 445 1903 498 amodo
1935 445 1990 511 Α
2023 445 2202 500 torica
2224 449 2343 500 arte
2373 444 2638 501 cbaritati
2662 451 2866 501 vestra:
2897 447 3187 504 mittimus
3209 442 3564 506 ‘edocendos.
3590 450 3661 506 Ut

263 526 525 600 patiaris.
551 528 712 591 Quod
737 533 932 585 autem
956 534 1158 585 contra
1197 531 1460 601 ejusdem
1502 531 1765 586 Ecclesiae
1791 533 1904 586 fra-

261 623 381 673 tres
415 633 574 671 nunc
604 617 848 685 naviter,
883 623 939 673 et
969 623 1053 686 tu,
1085 624 1140 674 et
1180 619 1283 684 tui,
1333 619 1533 674 damni
1577 624 1632 674 et
1681 619 1905 690 injuria;

263 703 569 771 intulistis,
596 705 986 761 communiter
1006 711 1062 761 et
1092 712 1304 762 sancta:
1336 706 1601 762 Ecclesiaa
1634 706 1906 763 Romana:

266 810 370 850 cau
391 809 475 860 sa,
509 795 759 849 etnostri
785 811 979 850 amore
1001 796 1310 851 emendare
1328 800 1401 863 te,
1427 796 1584 851 omni
1605 796 1909 852 occasione

267 887 510 946 remota,
544 882 912 938 admonendo
938 883 1236 952 jubemus,
1269 883 1377 939 hoc
1416 889 1502 939 est
1551 886 1801 956 praedam
1839 886 1909 940 de

267 969 591 1037 Postviller,
625 987 751 1042 qum
784 973 1051 1042 potestati
1086 977 1196 1027 tua:
1227 973 1489 1044 contigit,
1521 978 1578 1028 et
1607 974 1676 1028 de
1705 973 1906 1038 Mecla,

270 1075 446 1130 quam
480 1059 906 1130 Engobrandus
936 1061 1304 1132 deprssdatus
1335 1067 1440 1126 est,
1484 1063 1708 1132 prmdaz,
1743 1064 1911 1132 cujus

273 1163 553 1202 numerus
576 1147 725 1201 infra
753 1147 1006 1219 scriptus
1028 1154 1134 1215 est,
1163 1150 1416 1206 ducenta
1439 1150 1738 1221 sexaginta
1769 1167 1910 1222 qua-

275 1240 406 1291 tuor
429 1234 728 1290 animalia.
760 1236 1010 1291 Clericos
1043 1243 1239 1292 autem
1291 1239 1362 1292 de
1410 1239 1613 1293 eadem
1660 1238 1915 1293 Ecclesia

273 1324 584 1379 canonicos
617 1324 780 1379 nulla
809 1325 1222 1381 interveniente
1266 1343 1451 1394 mora,
1503 1325 1722 1381 recludi
1755 1343 1788 1381 a
1817 1343 1914 1380 ca-

273 1419 442 1485 ptura
474 1414 796 1485 praseipias,
825 1418 888 1467 ut
921 1431 1024 1485 pro
1055 1414 1163 1469 hac
1193 1420 1249 1469 et
1279 1415 1569 1486 praedictis
1594 1417 1766 1470 rebus
1791 1423 1912 1469 stu-

274 1503 438 1558 diose
463 1501 730 1574 peractis,
756 1507 813 1558 et
844 1503 1090 1574 gratiam
1122 1503 1519 1575 apostolorum
1552 1503 1832 1575 principis
1861 1506 1918 1557 et

275 1596 537 1646 nostram
569 1589 782 1646 habere
814 1591 1219 1661 promerearis.

1008 1697 1196 1752 XXIX.

279 1785 500 1842 Νίσοιαὶ
531 1787 580 1842 II
625 1787 852 1858 epistola
905 1785 976 1842 ad
1018 1788 1343 1874 Cervasium
1379 1788 1690 1842 Remcnsem
1736 1788 1916 1842 archi-
1950 1810 1996 1874 Β

937 1859 1267 1929 episcopum.

841 1947 1033 2017 (Anno
1066 1947 1294 2002 4059-64
1315 1950 1359 2016 .)

456 2035 811 2106 (DUCHESNE,
854 2037 977 2091 Hist
1006 2037 1200 2090 Franc.
1237 2035 1433 2107 Script.
1467 2036 1561 2103 IV,
1595 2037 1742 2107 199.)

344 2125 657 2192 NICOLAUS,
689 2140 894 2180 servus
939 2140 1238 2180 servorum
1269 2123 1389 2193 Dei,
1431 2124 1710 2180 Gsnvasro
1757 2143 1921 2182 venev

278 2212 449 2268 rabili
480 2211 936 2284 archiepiSCOpo,
969 2211 1218 2268 salutem
1251 2217 1306 2267 et
1335 2211 1712 2284 apostolicam
1745 2214 1922 2269 bene-

278 2301 616 2357 dictionem.

347 2389 499 2454 Quia
525 2389 802 2445 relerente
837 2388 954 2444 ﬁlio
988 2394 1186 2444 nostro
1216 2393 1281 2444 G.
1315 2395 1371 2444 te
1392 2389 1449 2445 in
1477 2389 1750 2446 fidelitate
1769 2391 1923 2446 beati

282 2478 436 2534 Petri
459 2477 793 2550 persistere,
813 2477 1056 2549 ejusque
1079 2478 1408 2533 auctoritati
1433 2496 1534 2550 per
1555 2480 1752 2534 omnia
1774 2497 1924 2536 reve-

282 2572 478 2624 renter
520 2582 828 2638 assurgere
880 2565 1296 2638 comperimus,
1363 2571 1601 2638 paterna
1647 2555 1926 2624 charitate

281 2657 437 2712 sicut
467 2653 882 2710 cbarissimum
915 2653 1101 2709 ﬁlium
1151 2655 1582 2726 amplectimur,
1621 2660 1678 2710 et
1707 2656 1924 2729 ample-

282 2747 493 2803 ctende
515 2749 636 2801 toto
660 2746 872 2801 mentis
890 2746 1096 2801 aflectu
1120 2745 1442 2817 diligimus.
1463 2746 1723 2818 Denique
1746 2763 1926 2818 quan-

283 2837 379 2891 diu
415 2839 472 2890 te
505 2833 737 2890 ﬁdelem
769 2833 953 2889 ﬁlium
983 2835 1304 2901 exbibebis,
1353 2839 1554 2890 nostra
1603 2835 1928 2907 paternitas

283 2925 384 2981 tibi
429 2939 692 2995 nuquam
744 2923 958 2979 deerit:
985 2923 1103 2979 imo
1124 2924 1319 2980 debita
1356 2923 1636 2979 cbaritate
1659 2923 1932 2996 safl‘raga-

286 3014 463 3079 bitur,
497 3017 813 3083 nostraque
858 3013 1202 3068 auctoritate
1249 3013 1608 3069 incessanter
1650 3013 1928 3068 tuebitur.

285 3101 444 3165 Quod
483 3101 556 3155 de
573 3100 844 3172 episcopo
867 3099 1278 3157 Silvancctensi
1303 3101 1471 3156 nobis
1493 3117 1594 3172 per
1614 3099 1800 3156 ﬁlium
1827 3118 1929 3156 no-

2022 533 2173 588 sicut
2195 539 2250 588 te
2272 539 2384 588 Deo
2426 533 2642 607 gratias
2674 534 3031 607 singularem
3074 538 3132 591 in
3167 537 3276 592 hoc
3316 538 3468 594 bivio
3492 539 3661 594 audi-

2014 621 2228 700 vimus,
2253 621 2335 677 sic
2357 621 2500 677 istos
2522 622 2849 695 singulares
2872 628 3062 680 tecum
3091 635 3267 696 quam
3310 627 3422 682 cito
3445 627 3660 698 poteris

2018 711 2215 766 Romae
2242 709 2326 765 vel
2360 710 2504 765 forte
2534 728 2668 766 cum
2716 713 2868 783 apud
2923 729 3026 768 vos
3068 715 3180 769 cito
3226 731 3436 770 venero
3467 717 3658 771 videa-

2020 815 2172 854 mus.
2200 799 2258 854 Si
2281 815 2414 853 vero
2436 799 2648 866 divina,
2678 806 2743 855 ut
2761 802 3112 868 audivimus,
3139 803 3347 874 pagina
3368 804 3440 858 ab
3464 805 3660 872 hujus-

2019 887 2176 941 modi
2208 886 2402 940 studio
2435 905 2536 942 vos
2581 887 2807 952 retinet,
2859 906 2924 943 ex
2975 896 3135 961 parte
3185 891 3370 945 sancti
3421 891 3572 946 Petri
3606 898 3662 947 ct

2019 981 2220 1029 nostra
2250 975 2412 1030 vobis
2445 976 2834 1048 praecipimus,
2868 983 2923 1032 et
2943 995 3009 1032 ex
3030 996 3160 1033 vera
3181 979 3510 1035 obedientia
3529 979 3661 1034 illos

2018 1053 2343 1109 edocendos
2368 1055 2532 1110 vobis
2553 1057 2923 1118 mandamus,
2949 1075 3094 1129 quos
3119 1059 3310 1113 adhuc
3342 1064 3542 1114 vestras
3574 1061 3662 1114 di-

2019 1141 2254 1196 lectioni
2290 1143 2598 1208 mittimus,
2631 1148 2686 1197 et
2733 1151 2936 1198 vestra:
2983 1146 3248 1200 charitati
3296 1147 3352 1201 in
3387 1147 3660 1204 omnibus

2023 1230 2452 1284 subveniendos
2469 1230 2875 1302 relinquimus.
2900 1235 3178 1290 Comitem
3193 1241 3390 1291 autem
3405 1242 3662 1291 vestrum

2025 1317 2280 1372 amicum
2307 1323 2596 1389 nostrum,
2626 1336 2798 1390 quem
2817 1323 3020 1377 vestris
3033 1325 3366 1379 audivimus
3385 1326 3527 1380 satis
3548 1326 3662 1380 Deo

2023 1405 2240 1476 gratias
2263 1408 2630 1478 acquiescere
2651 1408 2930 1475 consiliis,
2954 1411 3032 1464 ita
3071 1414 3435 1479 custodiatis,
3470 1419 3533 1468 ut
3572 1414 3666 1468 hic

2026 1498 2084 1550 et
2115 1495 2171 1548 in
2203 1495 2433 1551 Christo
2466 1496 2652 1550 valere
2685 1498 2887 1568 possit.
2939 1499 3175 1555 Confido
3217 1501 3370 1556 enim
3422 1504 3567 1557 bene
3598 1504 3668 1558 de

2025 1581 2150 1647 illo,
2184 1583 2352 1652 cujus
2383 1583 2696 1639 concilium
2737 1590 2793 1641 et
2838 1589 3338 1644 conversationem
3369 1592 3669 1646 vobiscum

2027 1671 2222 1726 audio.
2257 1672 2317 1725 In
2351 1671 2502 1728 clero
2536 1677 2729 1728 autem
2761 1678 2818 1729 et
2848 1675 2964 1730 fero
2997 1675 3096 1732 illo
3119 1677 3334 1749 populo
3354 1677 3399 1732 si
3429 1679 3673 1749 potestis

2029 1759 2400 1829 fructiﬁcare,
2437 1766 2501 1817 ut
2531 1763 2602 1817 de
2633 1762 2853 1818 talento
2903 1765 3064 1821 vobis
3095 1767 3410 1822 commisso
3461 1783 3674 1824 merea-

2029 1846 2170 1902 mini
2205 1849 2438 1904 tandem
2471 1851 2710 1905 audire:
2746 1851 2922 1924 Euge,
2957 1870 3118 1909 serve
3153 1855 3321 1924 bone,
3355 1873 3547 1912 amen.

2754 1957 2937 2014 XXXI.

2031 2043 2191 2098 Bulla
2221 2045 2435 2100 Nicolai
2464 2046 2510 2099 Il
2532 2061 2697 2126 papae
2744 2047 2812 2101 ad
2855 2047 3194 2126 Grimaldum
3235 2053 3499 2108 Joannem
3525 2072 3672 2126 pres-

2647 2118 2915 2188 byterum,
2947 2125 3054 2175 etc.

2647 2208 2835 2272 (Anno
2867 2209 3047 2279 1061.)

2353 2295 2714 2364 [SPERANDIO,
2755 2296 2962 2352 Sabina
2990 2315 3167 2368 sagra,
3199 2302 3349 2372 272.]

2102 2382 2352 2438 Jouass
2395 2383 2728 2454 episcopus,
2781 2401 2981 2440 servus
3032 2403 3329 2445 servorum
3373 2390 3495 2458 Dei,
3547 2394 3676 2449 Glu-

2035 2471 2446 2525 MALDOJOANNI
2476 2472 2831 2544 presbytsro,
2850 2473 3384 2545 BENEDICTOjudlci.
3411 2480 3675 2538 MABTINO

2036 2559 2154 2614 filio
2186 2559 2407 2628 Sabini,
2437 2563 2650 2615 Riccno
2681 2578 2749 2615 DE
2781 2561 3092 2630 ΗΑΥΝεῐυο,
3116 2567 3323 2620 Joanni
3349 2585 3415 2622 ns
3442 2577 3674 2639 ABIZEA,

2038 2649 2284 2704 Martino
2317 2667 2387 2704 DE
2415 2649 2656 2716 JOANNE,
2695 2649 2858 2705 Petro
2893 2668 2962 2705 DE
2995 2651 3168 2720 Uaso,
3206 2656 3374 2710 Leoni
3399 2673 3468 2711 DE
3493 2659 3674 2727 Lupo,

2039 2738 2202 2793 Petro
2235 2756 2304 2792 ns
2334 2739 2551 2805 HENDO,
2587 2739 2770 2794 Homo
2803 2757 2871 2793 ns
2889 2739 3175 2810 MARTINO,
3201 2760 3301 2798 seu
3327 2745 3462 2801 filiis
3477 2753 3535 2802 et
3560 2747 3677 2804 has-

2038 2827 2274 2906 redibus
2295 2843 2517 2894 eorum,
2543 2831 2717 2898 atque
2735 2829 3106 2885 consortibus
3130 2831 3583 2907 quibuscumque
3605 2838 3678 2892 ab

2039 2915 2124 2971 eis
2154 2914 2445 2970 advocatis
2471 2914 2528 2968 in
2562 2932 2621 2970 re
2652 2916 2897 2972 inferius
2931 2916 3176 2989 legenda
3220 2920 3276 2975 in
3309 2928 3677 2994 perpetuum.

2112 3003 2252 3059 Cum
2289 3003 2461 3057 ofﬁcii
2493 3004 2676 3059 nostri
2719 3005 2797 3059 sit
2846 3005 3109 3061 omnium
3160 3007 3546 3067 Ecclesiarum
3579 3014 3679 3070 Dei

2043 3093 2395 3148 utilitatibus
2417 3091 2739 3165 invigilare,
2765 3094 3040 3150 Romanae
3064 3104 3254 3152 tamen
3277 3104 3334 3154 et
3353 3103 3681 3171 apostolicae

287 3196 474 3246 strum
511 3189 825 3254 mandasti,
858 3189 996 3260 quia
1037 3190 1385 3245 canonicum
1416 3193 1524 3255 est,
1558 3205 1692 3245 cum
1724 3189 1927 3244 eodem
1961 3173 2003 3239 C
2043 3183 2221 3247 sedis,
2245 3182 2339 3237 cui
2363 3182 2727 3238 auctoreDeo
2746 3185 3508 3258 praesidemus,0portetnos
3526 3207 3684 3248 com-

286 3279 404 3334 ﬁlio
436 3282 639 3333 nostro
671 3276 774 3331 tibi
801 3277 1195 3337 concedimus.
1251 3281 1451 3349 Neque
1493 3277 1646 3332 enim
1690 3277 1934 3349 justitiaa

286 3366 577 3424 contraire
604 3365 896 3433 volumus,
923 3381 1025 3438 pro
1048 3383 1164 3438 qua
1192 3367 1359 3434 mori,
1384 3366 1432 3421 si
1467 3382 1704 3422 necesse
1725 3367 1820 3432 sit,
1847 3365 1934 3421 lu~

285 3473 450 3512 crum
476 3459 776 3527 putamus.
801 3454 1083 3510 Caeterum
1106 3455 1176 3510 de
1199 3460 1396 3510 nostro
1409 3455 1660 3510 adventu
1679 3454 1735 3508 in
1756 3455 1935 3510 Fran-

286 3546 462 3611 ciam,
482 3542 703 3598 nullam
720 3543 789 3598 ad
805 3560 1024 3614 praesen
1037 3560 1064 3598 s
1081 3543 1187 3598 tibi
1201 3543 1934 3599 scribimuscertitudinem

285 3635 432 3690 Cum
459 3636 652 3688 autem
676 3632 748 3687 ad
769 3636 824 3686 te
845 3638 1046 3688 noster
1085 3632 1241 3687 ﬁlius
1287 3632 1526 3697 venerit,
1569 3632 1691 3703 ipse
1712 3636 1831 3686 tam
1865 3633 1938 3686 de

259 3723 397 3778 -hoe
427 3737 610 3794 quam
641 3721 713 3776 de
743 3721 1019 3777 omnibus
1049 3720 1179 3777 allis
1208 3726 1266 3777 te
1298 3721 1659 3776 certiﬁcabit.
1694 3721 1935 3776 Manda-

287 3829 424 3868 mus
455 3816 652 3867 autem
676 3815 732 3866 et
753 3811 1143 3883 precipimus,
1168 3816 1457 3883 quatenus
1478 3826 1610 3865 cum
1634 3809 1778 3864 duce
1799 3809 1933 3864 cha-

290 3900 531 3957 rissimo
565 3899 685 3956 ﬁlio
714 3904 914 3955 nostro
944 3916 1146 3972 pacem
1179 3899 1361 3965 ineas,
1394 3903 1460 3953 ut
1483 3898 1568 3954 tui
1603 3898 1672 3952 ad
1708 3914 1813 3952 nos
1845 3914 1933 3953 se-

287 4007 426 4046 cure
454 3987 690 4045 valeant
717 3989 932 4057 venire,
966 4004 1188 4059 nosque
1238 4004 1339 4043 eos
1383 3986 1680 4059 possimus
1710 3986 1932 4043 audire.

282 4079 575 4134 Nolumus
601 4079 814 4133 etenim
847 4077 993 4134 duos
1021 4082 1141 4132 tam
1165 4077 1545 4132 charissimos
1569 4075 1720 4132 ﬁlios
1738 4075 1797 4130 in
1821 4076 1936 4132 dis-

283 4167 487 4223 cordia
520 4182 776 4222 manere.

1026 4254 1169 4310 XXX
1185 4297 1196 4310 .

570 4345 783 4401 Nicolai
809 4346 859 4400 11
885 4344 1112 4416 epistola
1145 4343 1232 4398 ad"
1253 4343 1646 4414 Lanfrancum.

859 4433 1048 4506 (Anno
1080 4432 1364 4500 1059-61.)

387 4526 772 4598 [Tm-namus,
809 4522 1223 4593 Disquisitz‘oncs
1256 4522 1482 4588 critica},
1518 4536 1644 4592 pag.
1676 4516 1826 4590 206.]

350 4613 646 4668 NICOLAUS
676 4609 1005 4681 episcopus,
1039 4625 1239 4664 servus
1269 4623 1566 4663 servorum
1598 4605 1717 4673 Dei,
1766 4605 1929 4660 fratri

281 4703 652 4765 Lmen/meo,
686 4697 936 4754 salutem
960 4703 1018 4754 et
1039 4696 1415 4770 apostolicam
1440 4695 1923 4751 benedictionem.

349 4789 514 4845 Satis
546 4787 934 4843 desideratam
966 4793 1236 4853 vestram,
1270 4784 1612 4840 charissima
1643 4784 1835 4850 frater,
1865 4783 1931 4838 li-

278 4878 488 4934 benter
504 4876 758 4931 viderem
784 4877 1154 4948 praesentiam
1187 4875 1246 4929 in
1281 4872 1687 4929 ecclesiasticis
1710 4872 1929 4928 nostris

276 4967 438 5021 curis
473 4964 726 5020 libenter
753 4964 962 5020 vestris
993 4978 1281 5020 recrearer
1325 4960 1607 5028 consiliis,
1661 4976 1834 5032 quem
1867 4960 1927 5015 in

279 5053 570 5111 Romanis
603 5057 661 5109 et
688 5053 1022 5125 apostolicis
1063 5051 1313 5108 servitiis
1358 5050 1499 5106 satis
1529 5053 1925 5124 opportunum

275 5143 638 5198 audivimus.
663 5141 773 5198 Sed
797 5143 932 5215 quia
953 5147 1075 5197 tam
1098 5140 1262 5196 facile
1279 5157 1433 5195 nunc
1456 5139 1649 5194 forsan
1669 5137 1790 5192 ﬁeri
1809 5154 1925 5193 non

274 5235 493 5302 potest,
540 5229 810 5286 volumus
858 5231 1047 5302 ipsam
1068 5233 1321 5285 vestram
1345 5226 1658 5284 stationem
1682 5225 1851 5281 nobis
1871 5230 1928 5282 et

273 5319 558 5375 Romanae
589 5319 794 5373 matris
844 5318 1107 5374 Ecclesiae
1156 5333 1283 5372 esse
1327 5317 1711 5382 fructuosam,
1766 5317 1830 5368 ut
1857 5331 1926 5370 ex

272 5406 470 5463 fructu
495 5409 704 5460 vestrae
731 5407 999 5462 stationis
1040 5409 1422 5477 cognoscatur
1443 5407 1500 5458 et
1532 5403 1753 5458 fructus
1775 5402 1926 5458 desi-

271 5494 560 5552 derabilis
574 5493 1002 5550 adventus.Hos
1016 5494 1194 5566 igitur
1207 5496 1417 5548 nostrae
1431 5490 1758 5547 dilectionis
1773 5490 1925 5548 ﬁlios

269 5581 651 5661 imperatoris
673 5581 1000 5656 capellanos
1038 5585 1096 5640 et
1115 5585 1346 5640 nostros
1377 5579 1684 5639 dialectica
1703 5583 1758 5638 et
1783 5579 1920 5640 rhe-

2047 3271 2240 3326 modis
2306 3269 2592 3326 sollicitus
2639 3272 2893 3328 studere.
2948 3273 3310 3347 Quapropter
3355 3279 3687 3351 castellum,

2049 3359 2203 3430 quod
2237 3365 2614 3430 nuncupatur
2644 3359 2872 3415 Roccha
2903 3361 2972 3416 de
3013 3363 3291 3435 Antiquo,
3341 3368 3619 3435 quoniam
3653 3388 3690 3427 a

2044 3447 2343 3502 Grimaldo
2367 3447 2482 3503 filio
2503 3448 2797 3503 Benedicti
2819 3449 3108 3504 Teobaldo
3129 3467 3263 3505 cum
3283 3455 3557 3510 omnibus
3579 3474 3681 3528 ap-

2046 3534 2350 3607 pendiciis,
2374 3541 2429 3590 et
2452 3534 2823 3606 pertinenciis
2845 3537 2968 3591 suis
2995 3543 3192 3592 sancto
3213 3539 3376 3595 Petro
3409 3548 3685 3614 perpetuo

2037 3625 2172 3694 jure
2203 3623 2623 3694 acquisivimus
2653 3641 2666 3690 ;
2700 3623 2806 3677 tibi
2833 3629 2892 3678 et
2941 3623 3085 3694 ipsis
3116 3627 3484 3683 consortibus
3513 3635 3569 3684 et
3591 3631 3684 3687 his

2046 3717 2218 3782 atque
2250 3709 2365 3766 iliis
2396 3710 2455 3765 in
2485 3712 2686 3767 eadem
2721 3727 2780 3766 re
2811 3712 3107 3767 advocatis
3138 3730 3171 3768 a
3199 3714 3386 3782 vobis,
3419 3734 3520 3774 seu
3548 3717 3686 3776 ﬁliis

2044 3806 2101 3856 et
2132 3799 2458 3855 haeredibus
2488 3800 2693 3856 vestris
2733 3817 2835 3872 per
2879 3800 3212 3870 hujusmodi
3265 3805 3449 3860 nostri
3502 3807 3685 3879 privi-

2043 3887 2178 3960 legii
2201 3889 2472 3961 paginam
2504 3890 2898 3956 concedimus,
2932 3894 2989 3945 et
3020 3891 3459 3962 conﬁrmamus,
3506 3901 3686 3968 atque

2044 3977 2102 4032 in
2134 3981 2478 4050 perpetuum
2509 3994 2575 4032 eo
2609 3979 2779 4033 modo
2809 3984 2865 4032 et
2894 3984 3090 4034 tenore
3122 3983 3585 4050 corroboramus,
3620 3992 3686 4042 ut

2043 4081 2172 4121 eam
2202 4081 2334 4120 eum
2368 4065 2729 4137 appendiciis
2761 4067 2884 4136 ejus
2934 4067 3204 4123 domibus
3248 4069 3598 4139 raediﬁcatis,
3627 4079 3688 4131 et

2044 4154 2398 4210 habitatores
2415 4154 2495 4211 ibi
2518 4159 2769 4228 quantos
2790 4156 3033 4228 potestis
3055 4157 3345 4216 advocetis
3370 4177 3404 4216 a
3422 4161 3606 4228 vobis,
3627 4168 3685 4219 et

2045 4243 2294 4315 singulis
2327 4247 2583 4302 vestrum
2611 4261 2714 4316 per
2739 4245 2968 4317 domos,
2991 4251 3048 4302 et
3067 4246 3340 4317 familias,
3360 4249 3577 4323 quique
3600 4268 3684 4309 se-

2044 4333 2301 4388 cundum
2331 4333 2718 4403 quantitatem
2767 4335 3175 4406 possibilitatis
3223 4356 3342 4394 sua:
3393 4340 3683 4397 annaliter

2041 4421 2384 4494 persolvetis
2406 4421 2704 4492 pensionis
2726 4423 2962 4480 nomine
2983 4425 3042 4480 in
3066 4427 3287 4483 Pascha
3307 4428 3680 4484 resurrectio-

1961 4535 2008 4599 D
2042 4512 2134 4567 nis
2167 4511 2394 4566 Domini
2429 4511 2593 4566 beato
2628 4511 2816 4580 Petro,
2847 4518 2902 4569 et
2943 4516 3112 4571 nobis
3146 4533 3211 4572 ac
3243 4517 3680 4573 successoribus

2041 4601 2260 4657 nostris
2290 4617 2409 4668 vos,
2445 4608 2500 4655 et
2529 4599 2808 4667 haeredes,
2841 4619 2906 4657 ac
2939 4619 3304 4661 successores
3333 4608 3530 4672 vestri,
3565 4623 3682 4664 ma-

2032 4691 2187 4760 jores
2211 4688 2431 4744 scilicet
2453 4689 2742 4756 denarios,
2776 4690 3106 4757 duodecim,
3150 4693 3451 4750 inferiores
3482 4700 3677 4751 autem

2041 4778 2376 4850 retrogradu
2393 4781 2520 4832 octo
2542 4777 3010 4846 denarios,tertio
3028 4781 3296 4837 denarios
3320 4799 3440 4850 sex,
3472 4789 3678 4854 quarto

2039 4867 2311 4922 denarios
2341 4867 2518 4921 duos:
2553 4882 2657 4921 nec
2687 4883 2801 4923 non
2825 4871 2883 4922 et
2911 4867 3173 4923 foderum
3205 4869 3450 4937 facietis,
3483 4875 3540 4926 et
3560 4871 3679 4944 pla-

2037 4956 2152 5010 cita
2187 4954 2435 5010 ﬁdeliter
2463 4955 2780 5011 observetis
2813 4955 2980 5011 nobis
3021 4961 3078 5011 et
3119 4959 3577 5025 successoribus,
3610 4978 3678 5017 ac

2037 5043 2260 5100 nuntiis
2283 5043 2498 5099 nostris
2521 5061 2623 5115 pro
2647 5043 2738 5099 his
2765 5045 2934 5100 rebus
2955 5045 3080 5102 sitis
3114 5047 3168 5102 in
3192 5047 3480 5103 territorio
3512 5049 3676 5105 Sabi-

2036 5134 2225 5189 nsnsi.
2258 5133 2584 5188 Statuimus
2615 5150 2864 5204 quoque,
2899 5139 2954 5190 et
2984 5137 3299 5206 apostolica
3331 5138 3676 5194 auctoritate

2035 5222 2353 5287 sancimus,
2388 5226 2454 5276 ut
2482 5221 2609 5276 sitis
2649 5223 2759 5276 sub
2809 5223 3124 5294 apostolica
3155 5225 3509 5282 defensionis
3541 5245 3672 5299 pro-

2032 5311 2283 5366 tectione
2304 5311 2508 5381 quieti,
2548 5314 2604 5364 et
2632 5311 2704 5365 ab
2735 5312 2892 5366 omni
2929 5312 3329 5370 molestatione
3358 5321 3414 5371 et
3443 5315 3678 5372 infesta-

2031 5400 2187 5456 tione
2209 5398 2395 5454 securi
2424 5417 2436 5453 :
2463 5415 2565 5453 nec
2588 5397 2758 5454 alicui
2778 5399 3138 5473 imperatori,
3161 5402 3674 5476 duci.marchioni,

2030 5489 2117 5546 vel
2148 5488 2366 5558 comiti,
2408 5487 2508 5544 sed
2559 5491 2625 5543 ut
2674 5490 2882 5544 amodo
2936 5491 3206 5549 Romana:
3256 5497 3313 5548 et
3343 5492 3672 5567 apostolicae

2031 5578 2174 5652 sedi,
2209 5594 2274 5637 ac
2305 5576 2536 5637 nunciis
2556 5577 2685 5655 ejus
2708 5578 2976 5656 subjecti.
3001 5581 3059 5640 Si
3081 5599 3206 5659 quas
3226 5581 3406 5660 igitur
3424 5597 3676 5664 persona
