3970 6218
384 263 535 329 1351

1743 263 2050 326 NICOLAI
2090 262 2146 328 ΙΙ
2189 266 2417 328 ΡΑΡλΈ

3628 269 3805 333 1352

388 417 601 473 magna
645 402 934 470 autparva
966 400 1166 451 contra
1204 395 1544 466 hujusmodi
1571 395 1851 467 privilegii
1874 395 2032 468 pagi-
2060 399 2114 464 Α
2145 404 2495 468 peratorum,
2531 415 2630 455 seu
2665 417 2887 472 regum,
2914 400 3252 473 plenissime
3273 400 3626 456 continetur.
3654 401 3800 457 Haec

386 505 520 542 nam
543 487 731 541 venire
750 485 1354 557 prmsnmpseritﬁciat
1368 501 1427 539 se
1440 483 1828 538 anathematis
1841 484 2032 538 vincu-

386 576 438 629 lo
455 575 876 637 innodatam,et
889 572 1130 643 insuper
1143 573 1187 626 si
1207 572 1336 641 quis
1352 576 1613 626 nostrum
1629 577 1727 626 aut
1741 589 2031 628 successo-

383 679 512 715 rum
547 665 878 716 nostrorum
909 666 1009 715 aut
1032 660 1244 732 aliquis
1274 666 1532 716 vestrum
1571 677 1670 716 seu
1709 661 2029 730 haeredum,

383 765 905 821 successurumque
968 752 1069 802 aut
1126 750 1485 804 consortium
1539 755 1860 806 vestrorum
1910 751 2030 806 haec

394 837 592 893 omnia
627 842 752 891 acta
784 842 841 891 et
888 842 1104 891 statuta
1135 855 1246 892 non
1283 838 1693 907 observaverit,
1718 840 1940 894 noverit
1969 857 2030 894 se

381 929 844 996 composrturum
879 943 979 996 per
1011 943 1488 998 unamquamque
1520 928 1784 993 domum,
1817 933 1916 982 aut
1946 929 2027 982 fa-

382 1013 625 1082 miliam,
658 1015 781 1068 auri
812 1014 1016 1085 optimi
1045 1014 1255 1070 libram
1288 1032 1486 1070 unam.
1513 1017 1618 1081 Qui
1642 1033 1779 1071 vero
1800 1017 1894 1088 pia
1925 1018 2027 1072 de-

378 1104 606 1158 votione
624 1104 959 1158 observator
981 1120 1106 1159 esse
1130 1105 1721 1176 studuerit,precibus
1746 1107 2027 1176 apostolo-

380 1209 511 1246 rum
545 1192 899 1264 principium
935 1192 1080 1248 Petri
1112 1198 1169 1248 et
1201 1193 1360 1247 Pauli
1385 1199 1757 1265 peccatorum
1783 1212 2023 1250 suorum

379 1281 646 1336 omnium
669 1282 740 1336 ab
764 1281 1145 1353 omnipotenti
1181 1282 1295 1337 Deo
1331 1283 1555 1337 veniam
1599 1288 1825 1338 aiternze
1859 1285 2022 1339 retri-

377 1370 637 1425 butionis
667 1375 1078 1441 consequatur,
1111 1374 1166 1425 et
1196 1370 1466 1441 gloriam.

448 1459 743 1529 Scriptum
785 1475 885 1530 per
918 1475 1157 1514 manum
1183 1457 1477 1514 Octaviani
1525 1459 1813 1515 scriniarii
1846 1465 1901 1515 et
1930 1478 2026 1515 n0-

382 1547 513 1602 tarii
545 1547 694 1602 sacri
725 1546 924 1618 palatii
953 1547 1013 1601 in
1046 1563 1246 1602 mense
1278 1547 1508 1619 Aprilis,
1561 1547 1877 1603 indictione
1906 1566 2022 1605 xw.

450 1635 663 1690 Datum
689 1634 880 1690 Roma:
921 1651 1016 1689 xxv
1041 1635 1333 1691 Kalendas
1361 1636 1517 1704 Maii,
1561 1653 1714 1691 anno
1737 1637 1808 1691 ab
1839 1637 2024 1692 incar-

381 1723 614 1779 natione
634 1723 863 1778 Domini
888 1723 1071 1778 nostri
1091 1723 1228 1778 Jesu
1271 1723 1484 1778 Christi
1512 1723 1825 1781 millesimo
1870 1743 2026 1782 sexa-
2056 1763 2105 1828 B

379 1811 601 1883 gesimo
617 1812 823 1883 primo,
848 1828 950 1883 per
973 1829 1184 1867 manus
1208 1811 1512 1868 Humberti
1531 1819 1742 1869 sanctae
1763 1814 2025 1871 Ecclesiae

381 1900 547 1955 Silvae
591 1900 859 1956 Candida:
917 1901 1172 1973 episcopi
1249 1906 1306 1956 et
1356 1902 1685 1972 apostolicae
1737 1904 1894 1959 sedis
1945 1904 2027 1958 hi-

381 1988 765 2057 bliothecarii,
822 2007 973 2045 anno
1047 1991 1218 2046 tertio
1276 1991 1478 2047 domni
1547 1990 1788 2059 Nicolai,
1843 1993 2024 2048 indic-

380 2077 535 2134 tione
568 2095 684 2132 xw.

383 2284 547 2338 Bulla
575 2285 792 2340 Nicolai
829 2285 878 2338 II
918 2299 1078 2355 papa
1101 2195 1605 2354 xp::linomisterio
1652 2290 1705 2340 S.
1753 2287 2024 2357 Dionysii.

990 2390 1172 2459 (Anno
1215 2390 1398 2460 1061.)

381 2496 689 2566 [Douensn
744 2496 888 2549 Hist.
939 2494 1003 2549 de
1063 2495 1309 2567 l’abbaye
1354 2495 1418 2551 de
1466 2497 1832 2567 Saint—Denis,
1879 2500 2027 2571 464.]

456 2613 735 2666 NICOLAUS
768 2611 1098 2682 episcopus,
1151 2628 1352 2667 servus
1401 2629 1699 2669 servorum
1751 2614 1872 2679 Dei,
1907 2631 2030 2669 om-

392 2700 564 2755 nibus
597 2699 854 2770 regibus,
875 2699 1162 2771 episcopis
1183 2704 1238 2755 et
1259 2700 1624 2772 principibus
1647 2703 2027 2772 praesentibus

391 2793 447 2843 et
487 2789 694 2842 futuris
727 2805 881 2842 nunc
912 2792 968 2843 et
996 2789 1254 2843 venturis
1287 2789 1671 2861 temporibus.

457 2875 836 2931 Petitionibus
857 2878 1131 2948 congruis
1151 2878 1531 2949 apostolicam
1555 2879 1897 2950 dignitatem
1929 2882 2028 2936 de-

385 2969 476 3020 cet
495 2981 693 3020 aurem
717 2966 1178 3029 accommodare,
1215 2971 1278 3020 ut
1297 2967 1646 3022 venerabilia
1668 2969 1791 3024 loca
1813 2971 2030 3026 nostris

387 3052 830 3109 auctoritatibus
853 3053 901 3106 si
931 3053 1143 3108 fuerint
1163 3053 1480 3109 sublimata
1500 3073 1655 3110 nunc
1671 3061 1727 3112 et
1743 3059 1868 3128 ejus
1889 3063 2030 3114 tem-

2141 486 2338 559 itaque
2365 505 2491 560 quae
2514 488 2692 559 hujus
2721 490 2980 560 praecepti
3005 491 3337 561 decretique
3365 489 3547 546 nostri
3570 489 3802 562 pagina

2141 577 2415 645 continet,
2441 582 2561 632 tam
2578 578 2740 633 vobis
2762 595 2937 649 quam
2961 578 3188 634 cunctis
3209 579 3307 650 qui
3333 579 3392 632 in
3415 595 3481 634 eo
3514 595 3630 650 quo
3648 579 3804 635 estis

2143 663 2344 719 ordine
2377 665 2618 736 locoque
2649 666 3057 733 successerint,
3087 666 3144 720 in
3179 671 3523 738 perpetuum
3555 682 3803 724 conser-

2139 753 2327 808 vanda
2342 754 2709 810 decernimus
2745 755 3085 811 auctoritate
3115 759 3173 810 et
3199 755 3414 811 honore
3437 760 3652 812 sanctae
3670 756 3801 812 Ro-

2141 859 2323 897 manis
2371 843 2637 898 Ecclesiae
2683 847 2740 899 et
2783 845 2939 900 sedis
2989 844 3310 915 apostolicae
3356 843 3679 916 privilegio.
3733 845 3800 900 Si

2139 930 2272 1000 quis
2302 937 2494 986 autem
2529 934 2837 989 temerario
2867 950 3014 990 ausu
3066 950 3280 1006 magna
3330 950 3622 1006 parvaque
3652 950 3797 1004 per-

2140 1035 2284 1074 sona
2325 1026 2525 1075 contra
2578 1020 2687 1078 hoc
2733 1027 3003 1077 nostrum
3052 1022 3433 1094 apostolicum
3480 1023 3794 1079 decretum

2137 1123 2304 1178 agere
2334 1110 2792 1178 praesumpserit,
2828 1111 2978 1166 sciat
3017 1128 3078 1167 se
3124 1101 3518 1167 anathematis
3551 1111 3793 1168 vinculo

2135 1213 2261 1252 esse
2286 1196 2652 1262 innodatum,
2683 1202 2740 1252 et
2768 1215 2802 1253 a
2833 1215 3007 1271 regno
3052 1200 3152 1254 Dei
3205 1217 3447 1270 prorsus
3497 1199 3791 1268 alienum,

2134 1299 2265 1338 cum
2297 1285 2571 1340 omnibus
2602 1285 2798 1356 impiis
2828 1288 3025 1342 aeterni
3056 1287 3310 1342 incendii
3331 1287 3621 1360 supplicio
3651 1305 3811 1368 con;

2133 1373 2496 1428 demnatum.
2529 1378 2604 1428 At
2644 1391 2774 1430 vero
2807 1375 2906 1446 qui
2953 1377 3287 1432 observator
3332 1376 3513 1447 hujus
3561 1361 3793 1433 decreti

2133 1461 2433 1529 exstiterit,
2466 1463 2714 1534 gratiam
2746 1468 2919 1534 atque
2949 1465 3430 1530 misericordiam,
3476 1465 3792 1535 vitamque

2135 1554 2408 1605 aeternam
2440 1567 2472 1605 a
2503 1551 2925 1622 benignissimo
2962 1553 3200 1608 Domino
3224 1557 3367 1609 Jesu
3390 1553 3617 1610 Christo
3639 1569 3794 1610 con-

2135 1638 2299 1709 sequi
2324 1643 2633 1694 mereatur.
2669 1639 2819 1695 Bene
2851 1641 3052 1696 valete.

2211 1726 2353 1781 Data
2381 1744 2474 1781 xw
2506 1726 2628 1782 Kal.
2661 1727 2796 1783 Maii
2828 1745 2930 1798 per
2968 1745 3176 1784 manus
3219 1729 3522 1785 Humberti
3554 1729 3792 1786 cancel-

2138 1815 2262 1870 larii
2294 1820 2508 1871 sanctae
2539 1815 2869 1886 apostolica:
2900 1816 3076 1883 sedis,
3108 1817 3168 1872 in
3201 1818 3577 1874 Lateranensi
3620 1819 3789 1874 basi-

2136 1904 2268 1967 lica,
2301 1920 2452 1960 anno
2482 1921 2541 1959 111
2572 1904 2795 1960 domini
2827 1904 3045 1962 Nicolai
3085 1905 3327 1963 secundi
3374 1923 3556 1979 papae,
3591 1907 3792 1964 indic-

2139 1993 2294 2048 tione
2324 2010 2425 2048 x11.

2838 2083 3086 2139 XXXIII.

2138 2171 2356 2226 Nicolai
2384 2171 2436 2226 Il
2473 2187 2627 2243 papa:
2666 2172 3024 2244 privilegium
3067 2188 3172 2244 pro
3216 2175 3552 2230 monasterio
3578 2173 3634 2229 S.
3670 2175 3795 2230 Tri-

2631 2243 2822 2298 nitatis
2859 2243 3281 2300 Viudocinensis.

2760 2331 2946 2401 (Anno
2979 2332 3163 2404 1061.)

2577 2417 2837 2491 [Launoii
2870 2419 3036 2492 Opp.,
3073 2423 3172 2490 III,
3196 2421 3347 2493 354.]

2217 2524 2505 2580 NICOLAUS
2536 2525 2867 2597 episcopus,
2910 2543 3114 2584 servus
3149 2545 3447 2586 servorum
3496 2528 3600 2585 Dei
3631 2529 3793 2585 ODE-

2138 2631 2267 2669 meo
2299 2613 2568 2685 religioso
2601 2613 2794 2670 abbati
2823 2617 3172 2672 venerabilis
3205 2618 3543 2674 monasterii
3570 2617 3793 2674 Vindo-

2137 2703 2415 2767 cinensis,
2443 2701 2789 2774 cunctisque
2819 2706 3258 2762 successoribus
3287 2703 3416 2778 ejus
3445 2707 3666 2764 ibidem
3699 2723 3792 2763 re-

2136 2790 2417 2863 gulariter
2450 2792 2859 2861 promovendis
2885 2793 2944 2847 in
2986 2799 3352 2866 perpetuum.
3631 2841 3638 2847 .

2205 2880 2392 2935 Justis
2423 2879 2802 2951 petitionibus
2840 2885 2897 2937 et
2943 2882 3124 2954 quieti
3157 2900 3457 2941 servorum
3487 2884 3589 2941 Dei
3621 2901 3790 2957 pros-

2139 2967 2485 3039 picientibus
2518 2974 2852 3041 competens
2882 2974 2938 3026 et
2969 2971 3156 3027 facilis
3186 2974 3430 3030 debetur
3477 2990 3788 3032 assensus.

2139 3059 2497 3127 QuaprOpter
2527 3058 2866 3113 monasterii
2905 3063 3118 3114 sancta
3148 3064 3206 3116 et
3251 3061 3561 3118 individuis
3591 3060 3788 3118 Trini-

389 3141 628 3212 poribus
661 3146 786 3196 rata
816 3145 989 3213 atque
1032 3141 1374 3198 inconvulsa
1413 3144 1768 3200 omnimodis
1799 3163 2026 3217 perma-
2059 3122 2101 3189 Ο
2137 3147 2273 3200 tatis
2305 3146 2459 3215 apud
2493 3149 2748 3201 castrum
2791 3147 3180 3205 Vindocinum
3225 3149 3351 3221 siti,
3399 3151 3555 3222 quod
3597 3167 3632 3206 a
3663 3149 3790 3206 suis

389 3235 582 3284 neant.
611 3229 792 3300 Igitur
813 3230 1076 3284 noverint
1098 3231 1361 3286 omnium
1395 3234 1762 3302 praesentium
1786 3241 1841 3288 et
1872 3238 2027 3290 futu-

388 3335 585 3374 rorum
618 3335 843 3388 regum,
868 3318 1295 3390 episc0porum,
1337 3321 1861 3394 universorumque
1890 3342 2027 3396 apo-

387 3407 601 3462 stolicae
619 3409 775 3462 sedis
791 3407 1049 3462 fidelium
1067 3408 1442 3471 unanimitas.
1462 3410 1663 3465 fratres
1680 3413 2028 3469 venerabilis

389 3496 958 3553 monasteriiChristi
1000 3497 1273 3568 martyris
1316 3497 1595 3566 Dionysii,
1639 3499 1739 3555 ubi
1771 3501 1893 3570 ipse
1927 3508 2029 3558 Do-

386 3585 578 3640 minus
607 3584 666 3640 in
699 3602 940 3656 corpore
991 3586 1323 3656 requiescit,
1377 3591 1636 3642 nostram
1689 3589 2030 3660 implorasse

387 3673 846 3730 benevolentiam
881 3679 943 3728 ut
973 3673 1339 3746 privilegium
1370 3676 1699 3746 apostolicae
1730 3680 2029 3750 dignitatis

388 3763 458 3816 de
484 3763 736 3832 quadam
770 3761 1026 3818 Praadicti
1066 3761 1175 3818 loci
1212 3763 1504 3818 abbatiola
1541 3765 1624 3820 eis
1657 3767 1824 3822 edere
1856 3770 2029 3826 debe-

388 3867 606 3905 remus.
643 3851 741 3906 Est
772 3855 964 3905 autem
1000 3851 1292 3907 abbatiola
1324 3852 1381 3906 in
1437 3870 1584 3924 pago
1628 3854 1938 3912 Alsatiensi
1969 3860 2028 3914 in

387 3939 538 3995 saltu
573 3939 813 4012 quidam
834 3939 1047 4011 Vosagi
1089 3940 1220 4007 sita,
1273 3940 1716 4012 appellaturque
1748 3945 2028 4018 Lebroha,

389 4045 567 4100 quam
602 4027 930 4083 Fuldradus
957 4027 1136 4084 abbas
1167 4029 1226 4083 in
1259 4046 1364 4085 suo
1413 4031 1640 4101 proprio
1685 4034 2029 4091 munificen-

390 4118 470 4172 tia
501 4118 698 4172 domni
745 4116 934 4172 Caroli
983 4116 1350 4188 imperatoris
1394 4118 1786 4186 invictissimi,
1836 4125 2030 4179 condi-

389 4205 492 4267 dit,
531 4209 703 4275 atque
731 4203 1154 4276 gloriosissimo
1186 4209 1429 4277 patrono
1469 4223 1574 4262 suo
1609 4209 1826 4264 domno
1873 4212 2028 4266 scili-

389 4297 478 4349 cet
537 4293 808 4364 Dionysio
860 4293 1228 4348 contradidit.
1279 4295 1537 4358 Quorum
1596 4297 2030 4356 considerantes

387 4390 559 4454 atque
611 4385 996 4452 agnoscentes
1035 4382 1259 4450 justam
1308 4398 1436 4438 esse
1485 4385 1842 4455 petitionem,
1898 4387 2027 4456 hoc,

2139 3233 2566 3299 fundatoribus,
2610 3235 2892 3290 Gaul‘redo
2941 3235 3162 3293 scilicet
3207 3238 3652 3311 Andegavorum
3682 3255 3784 3294 co-

2141 3322 2278 3377 mite
2308 3327 2364 3378 et
2394 3327 2612 3394 Agnete
2643 3322 3010 3380 nobilissima
3032 3325 3333 3382 comitissa
3352 3327 3599 3398 conjuge
3628 3327 3786 3396 ejus,

2139 3410 2396 3467 oblatum
2420 3413 2481 3466 B.
2515 3413 2700 3480 Petro,
2724 3418 2782 3468 et
2820 3413 3091 3470 Romanis
3129 3415 3386 3471 Ecclesiae
3423 3415 3482 3470 in
3512 3413 3781 3470 alodium

2139 3506 2195 3555 et
2227 3500 2645 3570 patrimonium
2678 3501 2966 3569 novimus,
2996 3506 3116 3556 tam
3143 3503 3305 3571 juxta
3330 3507 3529 3559 votum
3565 3502 3784 3562 funda-

2139 3588 2548 3660 torumiipsius
2577 3588 2709 3655 loci,
2761 3607 2937 3661 quam
2988 3590 3162 3646 etiam
3205 3592 3372 3660 juxta
3416 3591 3781 3648 desiderium

2140 3677 2466 3733 sanctitatis
2497 3683 2632 3745 tuae,
2679 3679 3021 3735 charissima
3075 3679 3159 3734 fili
3201 3679 3353 3735 abba
3402 3680 3663 3745 Oderice,
3709 3680 3790 3736 ita

2141 3765 2436 3820 beatorum
2480 3766 2876 3835 apostolorum
2925 3767 3075 3823 Petri
3122 3771 3179 3823 et
3225 3767 3389 3823 Pauli
3439 3770 3789 3824 auctoritate

2139 3853 2461 3923 sancimus,
2494 3860 2781 3925 quatenus
2812 3856 2963 3912 inter
2992 3857 3320 3928 apostolicae
3353 3857 3510 3913 sedis
3545 3856 3785 3928 pontifi-

2139 3958 2263 3998 cem
2297 3947 2354 3997 et
2384 3941 2652 3998 abbatem
2687 3943 2846 3999 illius
2875 3944 3221 4001 venerabilis
3250 3945 3386 4014 loci,
3430 3945 3595 4002 nulla
3621 3961 3787 4016 pror-
3845 3977 3848 3980 ~

2139 4048 2242 4086 sus
2275 4047 2522 4101 persona
2553 4032 2744 4088 media
2772 4032 3077 4089 habeatur.
3114 4035 3446 4090 Statuimus
3491 4034 3665 4089 etiam
3699 4037 3782 4100 ut,

2139 4120 2410 4174 defuncto
2443 4121 2671 4188 abbate,
2705 4122 2891 4192 ipsius
2921 4123 3259 4179 monasterii
3284 4137 3591 4179 successor
3615 4121 3667 4177 ei
3691 4121 3789 4178 eli-

2139 4213 2312 4279 gatur
2353 4209 2424 4264 de
2465 4209 2665 4264 eadem
2715 4211 3183 4282 congregatione,
3231 4212 3278 4267 si
3327 4215 3522 4268 tamen
3567 4210 3791 4283 dignus

2141 4302 2302 4353 tanto
2330 4297 2613 4370 regimine
2633 4298 2982 4353 inveniatur.
3007 4299 3168 4362 Quod
3195 4300 3244 4355 si
3271 4300 3482 4373 dignus
3510 4299 3664 4369 apud
3685 4315 3784 4354 eos

2138 4402 2251 4440 non
2284 4386 2456 4440 fuerit
2487 4386 2777 4454 inventus,
2809 4387 2966 4459 quod
2999 4387 3153 4442 absit
3186 4387 3198 4441 l
3233 4405 3268 4443 a
3291 4387 3586 4455 Cluniaco,
3619 4403 3723 4443 seu
3747 4403 3782 4442 a

388 4469 540 4526 beati
576 4468 726 4524 Petri
757 4470 1150 4540 apostolorum
1185 4470 1466 4541 principis
1507 4473 1872 4542 auctoritate,
1905 4495 2034 4547 pro-
2066 4489 2112 4553 ι)
2145 4475 2347 4545 majori
2380 4475 2752 4540 monasterio,
2803 4473 2892 4530 vel
2941 4475 3331 4547 undecunque
3378 4475 3587 4533 melius
3631 4479 3784 4546 pote-

391 4557 724 4630 mulgantes
751 4557 1069 4626 sancimus,
1106 4563 1170 4612 ut
1208 4559 1447 4629 praedita
1477 4560 1766 4616 abbatiola
1805 4572 2034 4633 aposto-

391 4649 502 4703 lica
524 4646 989 4703 corroboratione
1013 4647 1260 4703 subnixa
1277 4649 1515 4719 perenni
1533 4653 1784 4720 tempore
1809 4653 2030 4712 illibata

391 4737 516 4792 loco
547 4737 734 4791 sancti
766 4735 1021 4808 Dionysii
1062 4737 1298 4808 profusa
1326 4743 1680 4807 permaneat.
1716 4741 2028 4799 Constitui-

391 4843 525 4881 mus
547 4841 778 4897 quoque
792 4825 1129 4880 auctoritate
1146 4824 1484 4890 beatiPetri,
1501 4829 1564 4878 ut
1590 4827 1787 4883 nullus
1806 4847 2027 4901 regum,

392 4932 564 4971 nemo
589 4915 943 4980 antistitum,
969 4913 1050 4968 vel
1077 4915 1374 4980 abbatum,
1399 4929 1497 4968 seu
1515 4913 2030 4990 quilibetquacun-

394 5021 506 5075 que
554 5003 832 5075 praeditus
882 5002 1176 5071 dignitate,
1225 5003 1416 5073 ipsum
1467 5001 1660 5058 locum
1709 5006 1828 5062 ullo
1860 5011 2032 5066 modo

393 5091 718 5163 inquietare
751 5092 980 5161 audeat,
1017 5107 1127 5146 non
1165 5093 1221 5145 in
1258 5089 1431 5153 villis,
1464 5107 1578 5145 non
1614 5094 1668 5149 in
1701 5098 2032 5170 mancipiis,

395 5197 511 5234 non
542 5181 599 5234 in
634 5197 794 5248 auro,
835 5197 948 5235 non
982 5179 1040 5234 in
1069 5183 1329 5252 argento,
1363 5196 1477 5234 non
1510 5180 1568 5234 in
1600 5183 1879 5253 vestibus,
1915 5187 2034 5243 sive

396 5268 455 5320 in
484 5268 932 5338 quibuscunque
960 5269 1153 5337 rebus,
1186 5268 1335 5322 sicut
1363 5267 1421 5322 in
1471 5269 1786 5343 privilegiis
1817 5276 2034 5345 praede-

399 5369 697 5408 cessorum
713 5359 1040 5410 nsstrorum
1056 5357 1252 5411 domni
1268 5355 1487 5411 scilicet
1499 5357 2035 5431 Stephani,Leonis,

399 5439 753 5512 alteriusque
782 5441 1020 5510 Nicolai,
1053 5444 1139 5498 vel
1168 5443 1342 5499 etiam
1375 5443 1432 5498 in
1456 5448 1755 5518 praeceptis
1775 5451 2036 5521 praedicti

399 5525 584 5580 Caroli
621 5529 840 5602 magni,
863 5527 1116 5588 Heiurici
1151 5548 1403 5607 quoque,
1445 5537 1903 5612 ceterorumque
1933 5538 2040 5599 im-

2145 4567 2302 4631 runt,
2349 4567 2660 4634 procurent
2709 4563 2978 4618 monachi
3031 4563 3142 4619 sibi
3198 4568 3420 4636 patrem
3461 4563 3788 4619 secundum

2138 4656 2316 4708 Deum
2347 4649 2579 4722 eligere,
2614 4668 2729 4706 non
2761 4654 2957 4706 tamen
2985 4651 3112 4708 sine
3135 4654 3313 4708 trium
3337 4653 3621 4708 abbatum
3644 4667 3783 4709 con-

2138 4739 2457 4811 silio,quos
2492 4739 2880 4810 religiosiores
2920 4740 2990 4794 de
3012 4740 3220 4796 vicinis
3242 4741 3385 4796 locis
3424 4740 3677 4812 potuerit
3704 4739 3787 4794 in-

2118 4902 2120 4905 .
2139 4829 2353 4884 venire.
2380 4827 2607 4882 Electus
2621 4833 2815 4884 autem
2841 4845 2913 4885 ne
2935 4829 3136 4885 statim
3155 4830 3402 4885 Romam
3419 4828 3613 4885 venire
3628 4844 3795 4900 coga-

2140 4922 2304 4984 tur,a
2335 4933 2684 4987 quocunque
2698 4917 3242 4974 volueritcatholico
3273 4918 3545 4990 episcopo
3592 4933 3801 4987 conse-

2141 5005 2457 5061 crationem
2480 5005 3000 5077 suscipiat.Electio
3015 5007 3098 5063 vel
3123 5007 3408 5063 ordinatio
3439 5004 3691 5078 qualiter
3711 5005 3796 5061 fa-

2141 5099 2235 5150 cta
2267 5094 2458 5161 fuerit,
2483 5095 2757 5150 studeant
2779 5095 3054 5151 monachi
3075 5113 3239 5168 papa:
3264 5095 3473 5151 litteris
3504 5094 3796 5163 intimare,

2144 5187 2208 5238 ut
2234 5186 2335 5238 aut
2355 5182 2646 5250 emendet,
2678 5183 2724 5238 si
2756 5201 2903 5255 opus
2926 5185 3120 5252 fuerit,
3151 5183 3608 5249 emendandum,
3627 5186 3728 5238 aut
3745 5181 3792 5237 si

2146 5271 2319 5327 fuerit
2350 5271 2675 5328 secundum
2708 5272 2891 5328 Deum
2923 5277 2979 5328 et
3019 5277 3285 5329 nostrum
3320 5274 3621 5328 decretum
3655 5272 3800 5327 facta

2144 5359 2346 5415 electio
2373 5360 2488 5415 sive
2517 5363 2903 5428 consecratio,
2936 5363 3089 5418 bono
3121 5362 3314 5418 studio
3339 5360 3796 5433 congratulatur,

2146 5449 2288 5505 etab
2319 5448 2445 5520 ipso
2469 5449 2866 5506 confirmetur.
2892 5451 3270 5523 Praecipimus
3307 5451 3481 5506 etiam
3523 5456 3587 5506 ut
3618 5450 3793 5508 abbas

2146 5539 2290 5616 ipse,
2323 5535 2420 5613 qui
2451 5535 2771 5598 alodiarius
2803 5540 3086 5600 Romanae
3133 5540 3408 5600 Ecclesia
3440 5539 3701 5600 noscitur
3728 5538 3794 5601 ab
