3970 6218
153 248 326 312 1353

1345 245 1751 310 ΕΡΙΒΤΟΙΛΕ
1794 245 1893 308 ET
1942 245 2410 308 DIPLOMATA.

3421 256 3574 317 1354

159 382 296 452 ipso
321 381 619 453 episcopo,
653 380 740 436 vel
775 398 806 436 a
835 380 1095 454 quolibet
1128 381 1456 452 apostolica:
1491 382 1646 438 sedis
1665 382 1817 436 vica-
1849 383 1900 447 Α
1934 379 2463 436 Vindocinensibus
2485 386 2539 436 et
2563 381 2632 435 ab
2648 382 2935 436 universis
2954 382 3292 439 hominibus
3315 384 3577 456 ipsorum

165 469 361 533 rio,ad
389 468 705 524 concilium
731 487 844 526 non
881 473 1135 534 vocetur,
1170 487 1276 525 nec
1325 474 1559 525 coactus
1589 471 1783 525 veniat
1812 488 1825 536 ;

162 559 270 614 sed
298 557 625 613 Romanam
643 559 961 615 Ecclesiam
983 558 1107 631 ipse
1130 562 1232 613 aut
1255 575 1354 629 per
1375 557 1629 629 legatum
1654 575 1827 614 suum

162 647 409 703 studeat
424 646 683 702 visitare.
712 651 964 702 Censum
986 663 1118 702 vero
1153 646 1225 701 ad
1257 646 1602 714 memoriam
1634 646 1828 716 cogni-

161 735 509 810 tionemque
559 737 981 808 sempiternam
1041 735 1351 790 duodecim
1400 734 1724 789 solidorum
1757 734 1829 788 de

166 828 411 880 moneta
440 825 706 895 ejusdem
741 824 941 896 patrias
973 841 1091 878 sua:
1125 827 1411 878 statutum
1447 839 1480 877 a
1513 821 1829 877 fundatori-

163 911 282 967 bus
313 911 426 966 loci
459 912 627 966 beato
661 911 826 966 Petro
860 911 1018 966 reddi
1056 926 1156 982 per
1188 927 1370 964 unum
1405 926 1698 981 quemque
1731 926 1828 963 an-

164 1017 312 1055 num
346 998 822 1067 volumus.Quod
849 1000 895 1054 si
925 1001 1068 1054 forte
1091 998 1318 1068 legatus
1346 1002 1613 1052 Romanae
1637 997 1827 1051 Eccle-

171 1088 272 1145 sia
296 1088 701 1160 supradictum
725 1089 877 1144 beati
901 1089 1050 1145 Petri
1073 1087 1266 1142 locum
1299 1087 1534 1141 visitare
1565 1085 1825 1153 voluerit,

166 1177 245 1232 ibi
271 1194 405 1232 cum
441 1177 599 1233 omni
625 1178 908 1233 charitate
939 1176 1329 1249 suscipiatur,
1363 1181 1420 1230 et
1451 1193 1575 1246 qua:
1607 1175 1832 1247 corpori

164 1270 341 1322 erunt
377 1265 786 1331 necessaria,ei
810 1283 843 1321 a
866 1265 1146 1320 fratribus
1175 1265 1487 1336 diligenter
1515 1266 1676 1333 juxta
1708 1281 1831 1334 pos-

168 1355 514 1412 sibilitatem
543 1354 653 1410 loci
700 1355 1130 1410 ministrentur.
1165 1353 1299 1424 Ipse
1323 1370 1454 1407 vero
1478 1351 1622 1406 nihil
1658 1353 1712 1405 in
1748 1368 1836 1405 eo-

170 1444 304 1500 dem
331 1443 458 1499 loco
476 1459 579 1516 per
620 1459 683 1498 se
725 1442 1012 1516 corrigere
1042 1459 1231 1514 neque
1261 1441 1564 1497 occasione
1595 1440 1832 1512 legatio-

176 1532 267 1588 nis
291 1536 579 1588 rectorem
612 1531 722 1587 loci
753 1529 841 1587 vel
884 1531 1097 1586 fratres
1143 1529 1454 1585 molestare
1495 1532 1830 1600 praesumat,

175 1621 277 1677 sed
304 1620 351 1676 si
385 1620 524 1692 quid
554 1619 762 1675 viderit
787 1619 1391 1692 corrigendum,papaa
1423 1617 1632 1672 litteris
1664 1617 1715 1670 ei
1745 1617 1832 1671 in-

176 1710 388 1766 timare
408 1707 624 1764 licebit.
664 1708 812 1764 Illud
844 1709 1019 1764 etiam
1070 1708 1514 1772 confirmamus,
1549 1712 1614 1760 ut
1665 1704 1831 1760 locus

177 1796 377 1855 Sancti
399 1797 716 1853 Salvatoris
740 1813 920 1869 prope
951 1813 1157 1851 muros
1207 1795 1459 1850 civitatis
1494 1794 1835 1865 Andegaviaa

171 1890 552 1943 constructus
582 1887 693 1942 sub
743 1885 1115 1941 monasterio
1163 1882 1575 1938 Vindocinensi
1607 1898 1838 1953 semper

169 1977 429 2042 maneat,
462 1989 567 2029 nec
598 1972 915 2045 aliquando
953 1971 1032 2028 ibi
1071 1971 1378 2027 ordinetur
1407 1969 1621 2041 aliquis
1650 1974 1838 2025 rector

176 2061 265 2119 vel
297 2062 670 2135 praepositus,
707 2061 819 2116 nisi
851 2061 1148 2116 voluntate
1189 2059 1418 2116 abbatis
1445 2058 1834 2113 Vindocinen-

181 2152 284 2210 sis.
317 2151 436 2207 Hoc
463 2151 661 2220 etiam,
687 2149 812 2206 freti
848 2149 1063 2205 fiducia
1091 2147 1422 2220 apostolica:
1453 2147 1836 2218 auctoritatis,

187 2239 592 2313 prohibemus,
620 2255 693 2294 ne
741 2239 797 2292 in
851 2235 1267 2292 Vindocinensi
1329 2235 1613 2301 ccsnobio,
1647 2251 1746 2290 seu
1779 2235 1836 2289 in

182 2327 464 2403 praedicta
493 2329 552 2384 S.
594 2327 909 2383 Salvatoris
955 2325 1222 2394 ecclesia,
1256 2323 1360 2380 ulli
1416 2339 1675 2395 unquam
1711 2339 1839 2394 per-

174 2416 472 2485 sone,nisi
499 2414 607 2472 soli
643 2415 994 2489 papzeliceat
1045 2418 1388 2487 potestatem
1431 2417 1531 2468 aut
1568 2412 1836 2467 domina-

170 2507 389 2563 tionem
421 2521 705 2573 exercere,
737 2509 839 2560 aut
901 2501 1428 2568 excommunicare,
1463 2517 1564 2556 seu
1597 2499 1835 2555 interdi-

175 2611 328 2660 cere,
360 2593 593 2649 etiamsi
625 2591 1002 2648 Carnotensis
1033 2589 1119 2646 vel
1177 2587 1613 2662 Andegavensis
1654 2587 1841 2659 patria

166 2681 577 2741 excommunic
593 2685 687 2737 ata
719 2679 892 2736 fuerit
923 2684 1026 2736 aut
1068 2679 1416 2745 interdicta;
1449 2676 1840 2732 excommuni-

172 2777 336 2829 catos
368 2775 566 2826 tamen
594 2787 708 2826 non
731 2769 1086 2841 suscipiant.
1112 2771 1228 2822 Nos
1250 2771 1443 2822 autem
1481 2765 1677 2821 omnia
1707 2781 1834 2836 quaa

177 2862 254 2918 ab
276 2859 423 2933 ipsis
444 2856 970 2928 fundatoribus,vel
992 2857 1064 2912 ab
1086 2855 1217 2912 aliis
1239 2855 1545 2911 hominum
1571 2854 1835 2926 personis

166 2967 236 3007 us
256 2964 372 3022 que
405 2949 475 3003 ad
506 2947 657 3003 hanc
699 2947 852 3002 diem
879 2947 1068 3002 eidem
1105 2945 1230 3001 loco
1246 2944 1442 3000 oblata
1469 2947 1833 3011 sunt,nostra

175 3037 524 3096 auctoritate
555 3037 863 3092 firmamus
887 3040 942 3091 et
964 3034 1510 3098 corroboramus,ut
1536 3032 1595 3086 in
1629 3046 1830 3102 perpe-

163 3130 335 3182 tuum
359 3123 482 3196 juri
506 3123 770 3195 ejusdem
804 3122 912 3178 loci
948 3121 1074 3177 sine
1099 3120 1488 3176 diminutione
1516 3117 1605 3173 vel
1637 3118 1826 3190 quali-
1857 3103 1899 3170 C

166 3215 266 3270 bet
299 3212 709 3268 retractatione
739 3211 953 3282 persist
965 3215 1081 3266 ant.
1093 3210 1151 3264 Si
1187 3210 1318 3281 quis
1340 3225 1471 3264 vero
1493 3213 1693 3264 contra
1716 3223 1833 3262 me-

175 3305 477 3359 moratum
509 3299 663 3356 beati
694 3299 846 3356 Petri
888 3299 1081 3355 locum
1140 3315 1244 3370 pro
1303 3297 1600 3369 aliquibus
1659 3297 1832 3352 rebus

175 3389 410 3448 causari
443 3387 712 3455 voluerit,
746 3405 859 3444 non
910 3386 962 3444 ei
1015 3387 1197 3443 abbas
1223 3385 1311 3442 vel
1345 3387 1552 3442 fratres
1590 3401 1829 3457 respon-

168 3480 371 3546 deant,
413 3480 730 3549 antequam
768 3475 1094 3531 Romanum
1136 3474 1470 3547 pontificem
1501 3472 1828 3539 consulant,

166 3568 317 3642 quia
341 3563 630 3639 quidquid
667 3565 792 3620 sine
818 3569 1025 3621 nostro
1055 3563 1138 3618 vel
1178 3579 1582 3618 successorum
1612 3564 1834 3616 nostro-

173 3672 317 3714 rum
345 3653 572 3726 judicio
601 3653 1057 3721 definitum,sive
1087 3653 1448 3707 diminutum
1481 3649 1670 3715 fuerit,
1699 3648 1828 3703 irri~

165 3749 307 3802 tum
339 3743 468 3800 erit.
497 3742 608 3799 Res
637 3759 780 3798 vero
817 3759 942 3815 qua:
973 3741 1043 3797 ad
1077 3742 1378 3814 praefatum
1414 3738 1833 3795 monasterium

164 3832 492 3908 pertinent,
525 3830 582 3886 in
615 3830 923 3904 praesentis
956 3829 1238 3902 privilegii
1264 3828 1707 3902 paginaidcirco
1736 3843 1834 3882 ne“

169 3919 391 3978 minari
405 3924 462 3975 et
484 3919 726 3991 exprimi
745 3919 1109 3985 volumus,ut
1126 3917 1569 3990 nulladeinceps
1588 3931 1835 3989 persona

172 4009 406 4082 aliquid
429 4009 500 4063 de
521 4008 740 4063 eisdem
755 4008 927 4062 rebus
958 4007 1145 4063 eidem
1167 4007 1519 4062 monasterio
1538 4004 1838 4060 subtrahe’

169 4115 255 4165 re,
280 4097 576 4162 minuere,
605 4100 707 4151 aut
736 4095 1001 4166 qualibet
1032 4095 1336 4150 occasione
1363 4095 1588 4149 auferre
1617 4111 1834 4165 praesu-

171 4191 318 4244 mat.
337 4185 470 4242 Haec
485 4189 623 4240 sunt
641 4202 768 4257 quae
781 4185 850 4239 ad
865 4184 1205 4256 praedictum
1227 4182 1645 4238 monasterium
1666 4182 1835 4254 perti.

169 4292 310 4332 nere
332 4278 669 4329 noscuntur
698 4291 710 4328 :
741 4274 797 4328 in
844 4289 992 4344 pago
1041 4272 1454 4327 Vindocinensi
1488 4271 1739 4326 Ecclesia
1765 4270 1836 4324 de

171 4361 445 4419 Ferraria
467 4366 523 4416 et
563 4361 700 4416 villa
725 4362 795 4416 de
824 4361 1114 4429 Pruneto;
1147 4360 1401 4415 ecclesia:
1432 4376 1662 4431 quoque
1689 4375 1838 4442 quas

173 4450 580 4508 Theodericus
626 4451 1002 4507 Carnotensis
1057 4449 1367 4521 episcopus
1423 4449 1835 4504 Vindocinensl
1870 4469 1912 4535 D

173 4538 541 4596 monasterio
592 4539 796 4607 dedit;
829 4537 1073 4594 ecclesia
1121 4537 1316 4593 Sancti
1365 4535 1834 4606 Beati;ecc1esia

167 4628 373 4684 Sancti
400 4627 642 4682 Joannis
695 4628 765 4682 de
807 4627 1299 4693 Castrodunensi;
1331 4624 1575 4680 ecclesia
1606 4626 1675 4680 de
1705 4625 1831 4680 Bal-

161 4716 350 4773 neolis
376 4732 392 4785 ;
433 4715 680 4772 ecclesia
708 4716 780 4772 de
809 4714 970 4771 Valle
1001 4714 1216 4778 Rebla;
1251 4714 1494 4770 ecclesia
1527 4713 1777 4768 Autheni
1807 4729 1823 4769 :

170 4807 230 4860 In
261 4806 607 4878 episcopatu
631 4802 1340 4869 Cenomanensi,ecclesia
1368 4803 1560 4858 Sancti
1583 4803 1829 4858 Joannis

171 4893 243 4949 de
265 4892 644 4963 Villa-Dei,et
659 4891 796 4947 villa
835 4893 964 4964 ipsa
985 4909 1117 4947 cum
1143 4890 1666 4947 consuetudinibus
1695 4892 1829 4946 uni-

169 4981 401 5049 versis;
435 4979 684 5037 ecclesia
711 4980 903 5036 Sancti
957 4980 1258 5035 Michaelis
1294 4980 1366 5035 de
1410 4980 1660 5046 Hulleto,
1693 4996 1828 5035 cum

170 5068 534 5125 molendinis
563 5073 620 5124 et
647 5068 862 5134 boscis,
884 5073 940 5123 et
972 5085 1106 5124 cum
1139 5067 1416 5123 omnibus
1445 5069 1825 5124 consuetudi-

171 5158 354 5213 nibus
385 5157 534 5214 suis.
573 5158 633 5212 In
667 5159 876 5213 forests
905 5157 1187 5212 Wastinze
1237 5160 1422 5211 totum
1474 5159 1828 5230 pannagium

167 5246 238 5301 de
271 5247 538 5318 propriis
578 5247 770 5318 porcis
811 5247 1077 5302 omnium
1136 5245 1558 5302 monachorum
1619 5251 1831 5301 sancta:

171 5335 512 5400 Trinitatis,
539 5340 596 5389 et
628 5334 908 5390 medietas
939 5336 1009 5389 de
1043 5334 1333 5406 pannagio
1365 5332 1612 5389 aliorum
1646 5335 1834 5390 homi-

169 5439 340 5490 num,
377 5428 434 5479 et
483 5421 599 5477 mel
660 5427 716 5477 et
764 5439 894 5478 cera
945 5423 1210 5493 ejusdem
1278 5420 1456 5490 silvae,
1508 5425 1832 5496 assumptio

177 5511 361 5573 etiam
417 5508 685 5574 omnium
734 5510 1008 5567 arborum
1065 5509 1136 5566 ab
1195 5510 1471 5568 omnibus
1531 5512 1833 5574 monachis

514 5637 778 5726 Persen.
821 5635 1082 5706 CXLIII.

1938 469 2006 524 ad
2035 485 2238 525 omnes
2281 469 2558 526 utilitates
2603 487 2744 525 suas
2790 470 2845 524 in
2879 472 3050 527 terris
3082 473 3421 529 monasterii
3453 475 3581 533 sine

1939 556 2167 611 licentia
2197 558 2656 614 forestariorum.
2692 559 2751 613 In
2787 558 3125 630 episcopatu
3175 561 3580 634 Andegavensi

1935 645 2179 700 ecclesia
2209 647 2265 701 S.
2299 647 2612 702 Salvatoris
2654 649 2821 718 juxta
2870 649 3287 720 Andegavum;
3335 652 3582 709 ecclesia

1936 735 2130 789 Sancti
2150 735 2390 790 Joannis
2406 754 2581 808 super
2604 737 2662 791 Li
2671 738 3059 808 gerim,super
3079 739 3277 793 decem
3300 743 3357 793 et
3372 757 3578 797 novem

1937 839 2224 894 arpennos
2275 824 2600 891 vinearum,
2647 831 2703 879 et
2751 827 2866 882 duo
2927 827 3283 895 molendini;
3336 830 3582 886 ecclesia

1936 911 2131 965 Sancti
2187 913 2484 967 Saturnini
2539 919 2594 968 et
2644 915 2918 986 parochia
2967 919 3106 981 tota,
3158 921 3213 970 et
3257 916 3399 974 silva
3453 936 3580 990 quae

1937 999 2151 1053 dicitur
2179 1001 2364 1068 Later,
2398 1006 2454 1056 et
2499 1006 2652 1056 terra
2683 1002 2856 1069 silva),
2893 1004 2940 1058 si
2973 1004 3116 1059 silva
3173 1006 3346 1062 fuerit
3370 1009 3578 1064 exstir-

1941 1092 2074 1158 pata
2098 1090 2268 1158 ;apud
2298 1095 2556 1144 castrum
2581 1092 2946 1147 Credoncnse
2974 1094 3319 1163 parochialis
3341 1097 3585 1154 ecclesia

1940 1177 1997 1229 S.
2032 1176 2383 1244 Clementis;
2419 1179 2490 1231 de
2516 1178 2624 1232 hac
2654 1179 2801 1234 inter
2844 1181 3300 1239 Vindocinenses
3348 1190 3404 1240 et
3430 1187 3582 1242 beati

1940 1263 2132 1317 Albini
2164 1266 2480 1320 monachos
2513 1266 2570 1320 in
2621 1269 2926 1338 prmscntia
2967 1276 3160 1324 nostra
3219 1275 3586 1343 querimonia

1941 1358 2067 1407 orta
2095 1353 2221 1421 fuit,
2255 1359 2309 1407 et
2342 1355 2667 1424 aposlolicre
2702 1358 2858 1410 sedis
2898 1359 3119 1427 judicio
3171 1360 3582 1419 Vindocinensi

1943 1441 2298 1496 monasterio
2330 1443 2698 1512 adjudicata;
2734 1445 2980 1500 ecclesia
3014 1447 3183 1519 burgi
3215 1449 3583 1524 Meduanilis,

1942 1534 1998 1584 et
2029 1530 2253 1602 burgus
2281 1535 2437 1587 totus
2468 1549 2601 1587 cum
2638 1533 2966 1605 integritate
2997 1552 3104 1591 sua
3128 1555 3140 1598 ;
3166 1537 3408 1594 ecclesia
3437 1541 3588 1597 beati

1944 1617 2092 1672 Petri
2126 1619 2195 1673 de
2227 1619 2479 1674 Maziaeo
2512 1623 2668 1688 tota;
2702 1622 2758 1676 in
2793 1639 2941 1694 pago
2974 1625 3322 1682 Pictaviensi
3349 1627 3590 1684 ecclesia

1942 1706 2012 1760 de
2043 1706 2245 1773 Olona,
2277 1713 2333 1762 et
2361 1708 2608 1763 ecclesia
2657 1709 2808 1764 beati
2861 1712 3094 1766 Martini
3149 1713 3219 1768 de
3267 1715 3498 1784 Avalia;
3531 1716 3591 1771 in

1944 1811 2092 1866 pago
2126 1795 2369 1850 Sconico
2394 1797 2450 1850 in
2497 1797 2740 1852 Olerone
2764 1799 3012 1855 ecclesia
3035 1802 3228 1856 Sancti
3255 1804 3505 1876 Georgii,
3538 1808 3595 1861 et

1942 1884 2112 1938 tertia
2138 1901 2271 1955 pars
2311 1883 2566 1939 ecclesia:
2615 1885 2820 1940 insulae
2872 1905 3004 1942 cum
3064 1892 3594 1948 consuetudinibus

1945 1971 2352 2039 universis;in
2396 1977 2586 2028 castro
2637 1974 2904 2029 Oleronis
2955 1977 3201 2033 ecclesia
3239 1979 3592 2050 parochialis

1945 2060 2167 2115 Sancta:
2200 2061 2413 2126 Mariae,
2446 2063 2690 2116 ecclesia
2722 2064 2888 2118 Rodii
2941 2065 3196 2132 rebellis,
3243 2067 3488 2124 ecclesia
3519 2071 3593 2126 de

1949 2147 2615 2217 Blasnceriaco,ecclesia
2645 2151 2839 2205 Sancti
2873 2152 3198 2224 Saturnini,
3219 2157 3371 2211 terra
3393 2158 3589 2213 Sancti

1946 2238 2268 2299 Saturnini,
2302 2243 2357 2293 et
2388 2243 2542 2294 terra
2589 2240 2783 2294 Sancti
2841 2241 3051 2296 Aniani
3111 2260 3244 2298 cum
3300 2244 3506 2302 salinis
3531 2250 3590 2302 et
3643 2241 3646 2246 ’

1946 2324 2368 2396 piscationibus
2394 2331 2449 2382 et
2466 2327 2755 2383 universis
2774 2330 3139 2400 pertinentiis
3167 2333 3373 2388 suis.Si
3390 2338 3588 2390 autem

1947 2414 2126 2469 abbas
2158 2415 2415 2486 prredicti
2449 2414 2558 2470 loci
2582 2417 2862 2472 adversus
2889 2419 3164 2474 comitem
3198 2421 3588 2478 Vindocinen-

1946 2519 2090 2569 sem,
2119 2502 2204 2556 vel
2240 2503 2562 2574 quemlibet
2610 2504 2909 2560 hominem
2966 2524 3140 2562 suum
3189 2510 3593 2582 cujuscunque

1945 2590 2181 2646 honoris
2212 2591 2298 2645 vir
2329 2590 2423 2646 ille
2455 2592 2650 2658 fuerit,
2687 2594 2985 2664 querelam
3035 2595 3327 2668 habuerit,
3361 2597 3592 2656 incuria

1947 2678 2280 2734 monasterii
2311 2679 2780 2748 Vindocinensis,
2816 2699 2916 2754 pro
2949 2683 3231 2755 dignitate
3262 2691 3318 2740 et
3349 2704 3588 2745 venera-

1946 2767 2101 2822 tione
2147 2767 2256 2822 loci
2315 2769 2680 2839 querimonia
2729 2770 2856 2841 ipsa
2906 2771 3165 2838 finiatur,
3199 2789 3304 2829 nec
3344 2775 3402 2829 in
3459 2775 3592 2848 ipsa

1943 2856 2105 2911 curia
2135 2857 2474 2912 monasterii
2523 2857 2771 2912 dimidia
2824 2877 2959 2930 pars
3009 2861 3324 2931 cujuslibet
3362 2864 3590 2921 forfacti

1942 2949 2237 3015 quaeratur
2265 2945 2337 2999 ab
2369 2945 2568 3017 aliquo
2599 2945 2686 3001 vel
2748 2947 3015 3003 donetur.
3059 2949 3341 3008 Praeterea
3385 2956 3588 3008 notum

1940 3047 2068 3087 esse
2092 3031 2363 3088 volumus
2395 3037 2606 3089 sanctae
2638 3033 2738 3089 Dei
2773 3035 3035 3091 Ecclesiae
3056 3037 3343 3105 fidelibus,
3364 3045 3420 3095 et
3449 3040 3587 3096 huic

1938 3124 2147 3175 nostra:
2179 3121 2607 3176 confirmationi
2650 3123 3103 3193 adnectendum,
3135 3129 3290 3198 quod
3323 3127 3579 3184 Theode-

1939 3209 2098 3264 ricus
2127 3209 2506 3265 Carnotensis
2534 3211 2868 3284 episcopus,
2897 3213 2956 3267 in
3009 3213 3178 3284 cujus
3228 3216 3459 3272 diwcesi
3492 3234 3584 3274 su-

1940 3297 2268 3369 pradictum
2303 3299 2723 3354 monasterium
2744 3300 3169 3357 Vindocinense
3193 3304 3370 3360 situm
3393 3305 3585 3361 nosci-

1940 3390 2055 3454 tur,
2087 3385 2404 3441 Clementis
2435 3403 2596 3458 papae
2629 3388 2947 3458 praesentire
2989 3407 3159 3444 suam
3192 3393 3586 3448 transmiserit

1939 3473 2270 3544 epistolam,
2331 3491 2542 3546 rogans
2599 3491 2756 3541 eum,
2815 3479 3105 3546 quatenus
3157 3479 3582 3536 monasterium

1941 3561 2135 3632 ipsum
2167 3562 2249 3616 sic
2284 3579 2392 3616 sua
2421 3562 2724 3616 roboretur
2776 3564 3141 3631 auctoritate,
3171 3570 3235 3619 ut
3270 3565 3413 3620 nulli
3446 3584 3581 3624 suc-

1941 3667 2237 3704 cessorum
2270 3668 2511 3705 suorum
2546 3655 2676 3721 post
2706 3668 2839 3706 eum
2873 3668 2964 3707 res
3007 3652 3184 3722 hujus
3215 3653 3322 3709 loci
3355 3656 3583 3713 auferre

1941 3738 2028 3792 vel
2059 3739 2341 3803 minuere,
2374 3738 2458 3793 vel
2487 3740 3012 3808 excommunicare,
3047 3742 3164 3798 sive
3212 3742 3578 3815 interdicere,

1939 3825 2025 3882 vel
2053 3832 2396 3898 potestatem
2423 3833 2524 3882 aut
2544 3827 3002 3884 dominationem
3027 3831 3083 3884 in
3118 3831 3244 3904 ipso
3265 3831 3387 3888 loco
3418 3851 3585 3890 exer-

1942 3931 2070 3970 cere
2101 3914 2316 3983 liceret,
2351 3933 2448 3970 seu
2483 3915 2742 3988 quolibet
2789 3917 2960 3971 modo
3015 3925 3295 3975 rectorem
3346 3920 3455 3976 loci
3494 3923 3584 3978 vel

1944 4005 2149 4060 fratres
2173 4005 2496 4075 inquietare
2528 4005 2784 4073 auderet,
2818 4007 2972 4076 quod
3027 4009 3275 4081 benigne
3318 4009 3584 4066 Clemens

1944 4110 2094 4165 papa
2117 4093 2344 4157 annuit,
2376 4098 2430 4147 et
2461 4111 2565 4149 nos
2600 4099 2797 4149 nostra
2831 4095 3172 4152 auctoritate
3204 4098 3446 4169 dignum
3479 4115 3583 4153 an-

1944 4197 2123 4236 nuere
2172 4181 2532 4236 censuimus.
2568 4181 2623 4236 Si
2681 4183 2814 4254 quis
2861 4188 3055 4238 autem
3116 4185 3358 4241 violator
3403 4186 3584 4258 hujus

1944 4269 2125 4324 nostri
2162 4269 2428 4340 praecepti
2469 4270 2774 4338 exstiterit,
2809 4271 2918 4325 nisi
2970 4273 3300 4345 resipuerit,
3334 4292 3437 4330 nec
3470 4293 3586 4331 non

1945 4358 2213 4412 Ecclesia:
2242 4358 2605 4425 satisfecerit,
2624 4359 2769 4413 sciat
2803 4379 2861 4414 se
2891 4361 3208 4432 apostolica
3239 4364 3587 4420 auctoritate

1946 4452 2222 4519 perpetuo
2255 4447 2624 4501 anathemate
2678 4465 3051 4520 percussum,
3080 4457 3254 4523 atque
3286 4471 3318 4507 a
3348 4469 3587 4524 corpore

1945 4536 2226 4608 praedicta:
2259 4535 2524 4590 Ecclesia:
2557 4536 3191 4612 divisum,diaboloque
3217 4558 3350 4595 cum
3382 4540 3582 4612 impiis

1939 4625 2234 4680 traditum.
2268 4623 2374 4689 Qui
2423 4641 2554 4679 vero
2605 4631 2973 4680 conservator
3020 4633 3076 4682 et
3119 4629 3399 4685 obediens
3444 4629 3584 4685 huic

1941 4718 2149 4769 nostra:
2173 4713 3004 4784 conlirmationietapostolicae
3028 4715 3360 4771 auctoritati
3385 4717 3578 4773 fuerit.

1937 4801 2336 4857 benedictione
2365 4805 2422 4855 et
2449 4801 2636 4873 gratia
2668 4802 3084 4872 omnipotentis
3107 4805 3200 4858 Dei
3225 4807 3581 4876 perfruatur,

1937 4895 1994 4946 et
2023 4890 2173 4944 inter
2203 4905 2480 4961 prospera
2509 4889 2772 4958 humilis,
2806 4895 2861 4944 et
2891 4891 3042 4946 inter
3075 4892 3319 4949 adversa
3352 4899 3587 4952 maneat

1940 4996 2202 5045 securus,
2227 4982 2289 5033 ut
2319 4977 2515 5033 divina
2546 4978 2942 5034 misericordia
2973 4981 3240 5037 munitus
3273 4983 3460 5038 valeat
3479 4999 3584 5057 per

1941 5071 2178 5125 beatum
2230 5067 2462 5122 Petrum
2525 5067 2778 5122 ccclestia
2837 5086 3013 5141 regna
3071 5071 3289 5126 intrare
3345 5080 3399 5128 et
3450 5090 3585 5130 cum

1940 5157 2170 5212 Christo
2198 5156 2257 5210 in
2289 5160 2566 5211 aeternum
2599 5157 2872 5227 gaudere.

2014 5246 2307 5316 Scriptum
2341 5263 2442 5317 per
2473 5261 2680 5301 manus
2729 5246 3023 5302 Octaviani
3069 5248 3362 5304 scriniarii
3394 5254 3447 5305 et
3481 5267 3587 5306 no-

1941 5335 2071 5388 tarii
2104 5334 2250 5387 sacri
2281 5334 2479 5404 palatii
2516 5335 2571 5388 in
2605 5350 2802 5389 mense
2849 5335 3049 5407 Aprili,
3082 5334 3402 5394 indictione
3437 5357 3512 5395 1v.

2015 5423 2226 5478 Datum
2251 5439 2285 5478 v
2308 5422 2694 5477 Kalend.Maii
2721 5423 2911 5478 Romm
2935 5441 3034 5496 per
3056 5427 3588 5485 manusilumberti

1945 5511 2102 5572 card.
2137 5509 2394 5588 episcopi
2442 5517 2654 5570 sanctae
2710 5513 2962 5573 ecclesiae
3011 5513 3173 5572 Silvae
3203 5515 3502 5592 Candidas,
3535 5520 3596 5604 et

3191 5641 3277 5742 Β.
