3970 6218
291 304 444 371 1861

1469 309 1872 374 EPISTULA?
1915 309 2014 372 ET
2058 306 2534 374 DIPLOMATA.

3543 299 3702 374 1862

291 449 472 517 q‘uem
501 456 620 499 non
652 439 779 500 sine
808 440 1128 501 multorum
1160 443 1545 501 admiratione
1591 450 1816 502 tantum
1851 446 1937 501 in-
1968 449 2023 514 Α
2053 449 2390 518 cooperator
2409 445 2675 503 existam.
2696 443 2905 504 Dicant
2927 440 3243 502 adversarii
3267 441 3704 522 quantumlibet

289 531 626 589 horruerat.
657 531 886 589 Gratias
930 532 1318 590 nihilominus
1345 551 1451 607 ago
1475 541 1679 591 vestrze
1711 535 1944 591 humili-

287 621 398 679 tati
432 621 637 692 [Forte,
672 621 1022 679 humanitati.
1058 624 1296 694 110110.]:
1347 641 1472 696 quae
1521 629 1740 697 quanta
1788 625 1943 697 prin-

290 710 484 783 cipem
517 716 576 766 et
606 717 899 782 pastorem
925 716 1139 769 sanctae
1163 715 1435 768 Romanae
1459 713 1726 770 Ecclesia:
1750 715 1944 769 decuit

287 800 676 872 benignitate,
709 802 1177 874 nostroslegatos
1210 819 1383 857 sanos
1414 804 1657 874 accepit,
1681 804 1944 858 inﬁrmos

287 889 569 954 visitavit,
603 895 866 944 mortuos
914 891 1199 962 sepelivit.
1237 891 1358 945 Etsi
1391 891 1544 945 enim
1580 893 1679 946 uni
1712 897 1941 946 tantum

289 977 448 1050 apud
477 994 580 1032 vos
611 978 904 1033 inlirmato
925 985 983 1034 et
1006 985 1236 1034 mortuo
1262 979 1380 1033 haec
1405 979 1752 1034 visitationis
1777 984 1829 1034 et
1853 997 1940 1035 se-

288 1065 542 1139 pulturae
575 1067 786 1121 solatia
816 1067 1210 1138 impendistis,
1244 1068 1301 1122 in
1336 1085 1450 1122 uno
1480 1073 1675 1122 tamen
1709 1073 1943 1123 cmteros

285 1154 598 1220 visitastis,
625 1160 864 1212 cieteros
895 1156 1209 1227 sepelistis.
1244 1155 1344 1211 Cui
1381 1174 1494 1211 non
1528 1173 1633 1227 ego
1664 1157 1760 1228 qui
1798 1157 1940 1211 nihil

288 1261 446 1310 sum,
471 1243 573 1299 sed
594 1248 715 1298 tota
745 1245 1050 1300 Remensis
1072 1244 1335 1311 ecclesia,
1363 1246 1524 1300 bonae
1549 1246 1940 1300 conversatio-

291 1332 385 1388 nis
400 1333 806 1388 testimonium
822 1333 1107 1404 perhibet.
1121 1335 1220 1404 ϐυ]
1233 1334 1472 1388 usobitu
1485 1340 1941 1402 m,cu'.ter0rum-

289 1437 426 1493 que,
459 1420 562 1492 qui
596 1437 740 1491 pene
771 1438 974 1476 omnes
1007 1421 1295 1488 obierunt,
1323 1421 1589 1487 audiens,
1617 1422 1942 1478 incredibili

284 1507 532 1564 tristitia
557 1525 691 1564 sum
722 1509 982 1573 affectus,
1016 1525 1122 1564 nec
1144 1526 1401 1581 unquam
1427 1527 1540 1564 non
1563 1510 1756 1565 odisse
1782 1510 1940 1565 valeo

289 1596 462 1652 illum
494 1597 662 1667 cujus
694 1597 969 1669 superbia
1012 1599 1068 1652 id
1110 1598 1298 1653 ell'ecit
1332 1603 1391 1652 ut
1423 1598 1518 1653 isti
1552 1599 1939 1654 mitterentur.

289 1685 353 1742 Si
386 1685 543 1740 enim
579 1685 809 1758 qualem
843 1686 1167 1742 existimavi
1201 1686 1455 1758 legatum
1492 1687 1807 1753 misissem,
1842 1687 1938 1743 isti

287 1789 397 1830 nec
418 1774 813 1840 mitterentur,
837 1791 942 1830 nec
966 1775 1211 1830 fortasse
1234 1779 1599 1830 morerentur
1626 1792 1637 1830 :
1673 1777 1824 1846 quod
1849 1793 1940 1831 ve-
1972 1817 2020 1880 Β

286 1867 411 1919 stra
442 1863 756 1934 prudentia
787 1862 1004 1934 optime
1027 1865 1406 1935 recognoscit.
1443 1865 1724 1920 Praeterea
1755 1865 1940 1919 multo

287 1951 698 2024 graviorangit
714 1967 804 2006 me
827 1951 1068 2006 tristitia
1089 1952 1158 2006 de
1173 1952 1333 2006 obitu
1360 1951 1579 2006 domini
1605 1953 1938 2026 regis,quod

287 2039 469 2096 etiam
498 2044 751 2096 vestram
787 2057 899 2095 non
950 2039 1088 2095 latet
1119 2041 1513 2111 prudentiam.
1565 2041 1738 2096 Scitis
1783 2043 1939 2097 enim

289 2131 581 2200 quantum
614 2127 871 2184 infrenes
897 2133 952 2183 et
983 2129 1254 2184 indomiti
1281 2133 1419 2183 sunt
1451 2134 1762 2197 nostrates,
1797 2149 1939 2202 quo-

287 2233 424 2272 rum
454 2217 801 2271 divisionem
851 2216 1028 2272 timeo
1062 2218 1222 2288 regni
1257 2219 1438 2272 nostri
1475 2219 1592 2273 fore
1627 2218 1938 2274 desolatio-

287 2322 446 2362 nem.
480 2305 566 2360 Ad
590 2321 766 2376 quam
795 2305 1146 2370 evitandam,
1173 2309 1433 2361 vestrum
1462 2307 1606 2362 mihi
1629 2307 1938 2363 consilium

287 2393 643 2451 etauxilium
659 2392 878 2464 ﬂagito,
901 2410 1027 2464 quae
1053 2392 1203 2448 nulli
1223 2411 1401 2466 regno
1419 2398 1612 2466 utpote
1638 2401 1800 2466 pater
1821 2413 1940 2452 om-

288 2483 697 2553 nium,negare
711 2482 1324 2554 poteritis,praesertim
1344 2499 1477 2537 eum
1495 2489 1691 2538 nostro
1708 2502 1940 2556 semper

290 2569 552 2626 debeatis
581 2571 734 2640 quod
770 2570 973 2641 optimi
997 2570 1102 2624 viri
1127 2572 1324 2642 patriae
1346 2572 1539 2626 deberi
1565 2581 1935 2628 censuerunt.

290 2661 370 2716 De
401 2662 591 2715 vestro
624 2659 875 2714 adventu
908 2659 965 2712 in
991 2664 1250 2715 nostram
1281 2660 1529 2716 Galliam
1562 2661 1704 2732 quid
1756 2662 1935 2716 animi

289 2747 617 2816 habuerim,
642 2747 869 2803 vivente
892 2747 1130 2804 domino
1157 2748 1450 2821 rege,licet
1469 2749 1805 2824 diffamatus
1827 2752 1938 2806 sim

286 2837 346 2893 id
380 2835 660 2905 noluisse,
694 2835 859 2904 satis,
895 2841 959 2891 ut
1007 2841 1167 2908 puto,
1229 2838 1551 2908 significavi
1603 2840 1938 2910 paternitati

286 2931 528 2993 vestras;
563 2930 621 2980 et
651 2941 806 2980 nunc
838 2925 897 2979 in
930 2941 996 2980 eo
1029 2926 1078 2981 is
1112 2926 1253 2980 mihi
1289 2928 1524 2982 animus
1555 2931 1662 2993 est,
1707 2933 1822 2982 Deo
1855 2932 1936 2984 te-

287 3018 499 3082 stante,
525 3018 592 3070 ut
609 3031 725 3069 non
747 3017 975 3069 tantum
992 3031 1125 3069 eum
1149 3015 1497 3079 desiderem,
1521 3016 1620 3071 sed
1649 3017 1938 3083 etsitiam,

287 3105 370 3160 ita
399 3109 465 3160 ut
493 3103 822 3159 venientem
868 3103 1272 3158 auctoritatem
1305 3109 1560 3160 vestram
1610 3121 1743 3160 cum
1775 3111 1934 3160 tanto

286 3192 501 3268 gaudio
532 3197 590 3248 et
619 3191 838 3247 honore
869 3191 1209 3263 suscipiam,
1239 3199 1456 3264 quanto
1488 3195 1653 3249 decet
1684 3194 1834 3250 Petri
1859 3195 1936 3248 vi-
1968 3192 2010 3258 C

285 3282 511 3338 cerium
543 3280 787 3352 suscipi,
820 3286 875 3336 et
927 3281 1257 3352 apostolica:
1288 3299 1548 3338 censurae
1593 3300 1695 3354 per
1742 3284 1939 3338 omnia

287 3407 1676 3436 επ

2053 551 2144 590 me
2158 533 2450 590 inﬁdelem
2465 540 2520 592 et
2540 534 2812 592 rebellem
2827 532 3196 608 magistratui
3209 537 3421 602 vestro;
3446 550 3552 607 ego
3564 533 3703 590 sub-

2044 623 2361 694 jectionem
2393 641 2581 679 meam
2603 625 2770 681 vobis
2791 625 3096 697 proﬁteor;
3121 626 3175 679 et
3206 623 3550 696 quicunque
3569 638 3699 680 eam

2052 712 2214 767 vobis
2247 713 2600 784 negaverint,
2636 713 2953 784 cujuslibet
2974 712 3198 768 ordinis
3215 712 3353 781 sint,
3379 711 3520 767 mihi
3547 728 3702 768 com-

2054 801 2352 857 municare
2388 819 2500 856 non
2535 807 2830 874 poterunt.
2857 801 3210 875 Obloquitur
3237 802 3414 856 etiam
3438 801 3702 857 adversa-

2052 889 2155 944 riis
2178 889 2277 944 illa
2298 890 2833 963 obedientia,quam
2857 892 2983 946 sine
2999 890 3160 946 omni
3179 895 3443 962 respectu
3458 907 3702 964 suspen-

2053 977 2229 1033 sionis
2252 979 2803 1035 etinterdictivestri
2819 984 3180 1046 conservant,
3198 997 3312 1035 non
3337 979 3463 1035 sine
3485 995 3698 1053 magno

2052 1067 2266 1121 damno
2294 1067 2686 1122 Ecclesiarum
2710 1073 3045 1123 nostrarum
3072 1072 3129 1123 et
3152 1072 3370 1122 nostro.
3394 1068 3700 1140 Impedivit

2053 1170 2285 1225 quoque
2317 1171 2511 1210 meum
2539 1171 2676 1227 erga
2704 1173 2804 1210 vos
2837 1154 3186 1211 famulatum
3218 1155 3317 1211 illa
3364 1158 3694 1228 suspensio.

2053 1243 2137 1296 Ad
2169 1243 2320 1314 quod
2350 1244 2819 1310 restaurandum,
2854 1244 3006 1300 sicut
3037 1261 3377 1317 recuperare
3419 1245 3699 1319 possibile

2055 1334 2162 1395 est,
2191 1329 2240 1385 si
2273 1331 2352 1386 ita
2383 1331 2453 1386 ad
2486 1337 2689 1386 emtera
2742 1331 3192 1403 redintegranda
3238 1331 3444 1398 saltem
3499 1332 3700 1406 aliqua

2055 1435 2187 1490 spes
2221 1423 2484 1485 restaret,
2508 1421 2579 1475 de
2599 1423 2760 1474 tanto
2785 1419 3000 1486 dolore,
3027 1421 3194 1491 quasi
3220 1421 3292 1476 de
3311 1422 3468 1494 gravi
3491 1438 3698 1479 somno

2054 1523 2443 1579 resurgerem.
2476 1509 2578 1563 Est
2600 1508 2758 1563 enim
2788 1507 2931 1564 mihi
2956 1509 3210 1576 animus,
3236 1525 3339 1564 nec
3369 1510 3610 1581 despero
3640 1510 3698 1565 id

2052 1596 2340 1664 futurum,
2374 1613 2506 1650 cum
2537 1596 2751 1668 gaudio
2793 1600 2966 1668 atque
2998 1597 3316 1652 reverentia
3348 1598 3700 1670 quandoque

2050 1684 2444 1756 apostolatum
2468 1691 2726 1740 vestrum
2747 1685 3068 1758 suscipere,
3092 1689 3442 1757 tantumque
3463 1685 3701 1742 honoris

2049 1773 2214 1828 vobis
2249 1774 2608 1845 impendere,
2628 1778 2915 1845 quantum
2940 1791 3202 1846 personas
3229 1779 3286 1830 et
3303 1773 3495 1830 ofﬁcio
3511 1779 3701 1830 vestro

2050 1863 2354 1917 convenire
2385 1863 2763 1918 manifestum
2797 1867 2902 1918 est.
2938 1863 3051 1918 Nec
3090 1862 3306 1919 nostris
3339 1863 3702 1936 temporibus

2049 1950 2250 2020 fuisse,
2284 1950 2369 2006 vel
2404 1952 2667 2006 futurum
2703 1967 2830 2007 esse
2879 1951 2938 2006 in
2997 1955 3190 2006 vestra
3249 1952 3386 2006 sede
3440 1950 3698 2022 aliquem

2048 2040 2240 2107 credo,
2274 2057 2447 2112 quem
2496 2039 2790 2113 copiosius
2834 2039 3118 2095 honorare
3151 2039 3500 2096 desiderem.
3547 2038 3697 2096 Nam

2049 2129 2148 2200 qui
2173 2145 2277 2184 nos
2300 2129 2383 2184 sic
2405 2129 2736 2185 honorastis
2760 2128 3068 2200 prudentia
3085 2133 3138 2183 et
3161 2128 3468 2184 sanctitate
3479 2132 3695 2197 vestra,

2048 2222 2114 2273 ut
2135 2218 2205 2272 de
2228 2233 2404 2289 regno
2426 2221 2624 2273 nostro
2643 2219 2828 2272 Roma
2851 2216 3289 2289 eligeret,quem
3315 2215 3427 2272 sibi
3449 2222 3506 2271 et
3528 2231 3699 2271 mun-

2049 2306 2121 2361 do
2151 2311 2330 2377 caput
2361 2307 2689 2362 ordinaret:
2746 2322 2853 2361 nos
2892 2321 3126 2377 quoque
3156 2307 3316 2359 tanto
3346 2303 3565 2359 honore
3592 2320 3697 2359 vos

2051 2395 2387 2467 dignamur,
2422 2399 2640 2467 quanto
2669 2394 2953 2449 Dominus
2999 2397 3194 2449 noster
3229 2393 3404 2448 Jesus
3432 2392 3698 2449 Christus

2051 2484 2281 2539 Petrum
2302 2484 2612 2549 decoravit,
2641 2483 2734 2538 ubi
2761 2482 3030 2538 Ecclesiae
3053 2480 3383 2552 principatu
3404 2479 3574 2536 illum
3593 2498 3699 2537 su-

2049 2572 2332 2628 blimavit.
2351 2573 2634 2628 Dominus
2657 2572 3030 2644 omnipotens
3047 2571 3419 2626 sanctitatem
3443 2573 3698 2625 vestram

2049 2662 2120 2716 ad
2157 2661 2463 2717 utilitatem
2492 2665 2707 2716 sanctae
2731 2659 2996 2715 Ecclesiae
3019 2658 3350 2714 diutissime
3371 2662 3697 2726 conservet,

2049 2754 2105 2806 et
2125 2755 2343 2806 avertat
2363 2769 2396 2806 a
2413 2751 2723 2823 prudentia
2743 2754 2954 2816 vestra,
2980 2765 3051 2803 ne
3071 2747 3322 2819 alicujus
3344 2746 3486 2803 levis
3500 2762 3696 2803 sermo

2047 2839 2292 2912 gratiam
2323 2843 2574 2895 vestram
2601 2839 2765 2903 mihi,
2791 2856 2930 2894 neve
2952 2837 3254 2894 servitium
3277 2840 3334 2892 et
3354 2835 3695 2892 ﬁdelitatem

2049 2944 2238 2984 meam
2269 2929 2435 2984 vobis
2467 2928 2709 2984 auferat.

2825 3043 2920 3098 XL

2192 3151 2444 3222 Epistolas
2475 3152 2532 3205 S.
2567 3152 2720 3206 Petri
2756 3151 3020 3206 Damiani
3046 3149 3115 3204 ad
3143 3149 3437 3204 Nicolaum
3483 3147 3552 3203 ΙΙ.

2221 3285 2386 3356 (Vide
2420 3283 2758 3356 Patrologiaa
2788 3288 2931 3338 tom.
2964 3283 3201 3349 CXLIV,
3235 3281 3344 3337 col.
3376 3283 3530 3352 210.)

1667 3525 2328 3630 ΑΡΡΕΝΒΙΧ.

838 3773 1176 3828 EPISTULA
1216 3773 1350 3828 SUB
1391 3772 1592 3828 FlC’l‘O
1633 3771 1867 3827 ULRICI
1906 3771 2180 3827 NOMINE
2220 3772 2314 3827 AD
2354 3772 2726 3830 NICOLAUM
2769 3773 2815 3828 ll
2857 3747 3129 3828 ΡᾹΡΑΜ.

1321 3899 1409 3968 (D.
1445 3898 1741 3964 MARTENE,
1775 3896 2123 3967 Amplissima
2164 3895 2404 3967 ϐοηθοίη
2439 3899 2484 3967 Ι,
2519 3898 2665 3969 449.)

1808 4129 2169 4186 MONITUM.

353 4253 486 4328 Haec
516 4251 764 4328 epistola
792 4267 859 4307 ex
875 4254 1078 4309 eodem
1105 4254 1262 4328 fonte
1285 4252 1573 4328 prodiisse
1596 4255 1786 4324 potuit
1807 4271 1873 4310 ac
1891 4253 1993 4310 illa
2014 4272 2187 4328 quam
2207 4256 2265 4311 in
2288 4257 2569 4312 eumdum
2593 4255 2770 4328 linem
2794 4255 3077 4328 scriptam
3101 4250 3702 4328 edidimusThesauri

283 4323 472 4396 nostri
499 4324 950 4396 Anecdotorum.
984 4331 1124 4380 tom.
1161 4326 1203 4392 Ι,
1238 4341 1371 4396 pag.
1402 4323 1705 4396 23(),cujus
1731 4323 2422 4383 auctorem—credidimus
2444 4327 2799 4383 Guenricum
2825 4323 3227 4382 Trevirensem
3257 4323 3702 4389 scholasticum,

287 4395 482 4471 virum
515 4394 1264 4471 impudentissimum._Eam
1297 4394 1490 4471 autem
1509 4394 1858 4471 bicdamus,
1892 4404 1958 4452 ut
1989 4415 2165 4471 quam
2197 4401 2450 4471 corrupti
2485 4399 2702 4454 fuerint
2730 4398 2830 4454 illo
2861 4415 2977 4471 aevo
3009 4395 3701 4471 presbyterorummores

287 4466 788 4538 demonstremus,
821 4471 878 4522 et
907 4484 1084 4538 quam
1119 4469 1265 4522 bene
1297 4467 1366 4522 de
1400 4466 1655 4538 Ecclesia
1684 4471 1964 4524 meruerit

2046 4472 2308 4544 regorius
2349 4465 2498 4544 papa
2529 4472 2650 4537 VII,
2681 4471 2781 4543 qui
2814 4465 3285 4542 presbiterorum
3326 4465 3703 4522 matrimonia

285 4551 389 4594 seu
424 4537 622 4608 potius
651 4537 1105 4594 concubinatum
1139 4537 1465 4594 incredibili
1498 4555 1643 4610 pene
1673 4539 1868 4595 labore
1899 4537 2164 4597 abstulit.

283 4665 420 4719 Haec
474 4663 895 4734 esthrescriptio
953 4664 1132 4717 sancti
1191 4661 1369 4718 Utrici
1419 4663 1677 4732 episcopi,
1738 4665 1794 4717 in
1830 4681 1936 4734 qua
1965 4668 2011 4730 υ
2049 4669 2199 4721 stam
2219 4665 2627 4722 conculcantes
2647 4665 2847 4732 libere,
2875 4679 3142 4729 onerosa,
3167 4656 3699 4734 imoimportabili,

346 4748 508 4804 papae
538 4732 758 4788 Nicolao
788 4733 852 4787 de
892 4736 1227 4788 continentia
1273 4733 1593 4788 clericorum
1639 4749 1746 4787 non
1790 4732 1937 4804 jaste

353 4804 446 4860 sed
479 4805 667 4928 imgine,
698 4821 807 4860 non
841 4807 1103 4862 canonice
1132 4805 1223 4860 sed
1255 4804 1546 4860 indiscrete
1579 4808 1843 4860 tractanti
1866 4808 1938 4862 ita

357 4890 553 4928 resvon
591 4891 620 4928 θ
652 4916 664 4928 .

357 4890 664 4945 respondet.

359 4962 612 5035 NICQLAO
643 4963 879 5019 domino
907 4967 963 5019 et
1010 4964 1186 5035 Patri,
1239 4963 1501 5035 pervigili
1551 4968 1609 5018 S.
1662 4965 1935 5020 Romanae

286 5033 878 5107 Ecclesiaaiprovieori,
905 5035 994 5101 U.,
1019 5034 1143 5092 solo
1166 5033 1754 5107 nomine'episcopus,
1780 5054 1939 5092 amo-

288 5121 413 5162 rem
447 5110 512 5161 ut
545 5106 724 5174 ﬁlius,
760 5108 1030 5162 timorem
1064 5111 1129 5162 ut
1161 5123 1383 5160 servus.

357 5177 506 5250 cum
536 5181 658 5244 tua,
717 5194 749 5233 0
780 5178 948 5250 Pater
977 5183 1033 5233 et
1079 5177 1338 5243 domine,
1379 5177 1608 5250 decreta
1638 5180 1714 5249 (6)
1767 5195 1944 5250 super

288 5247 637 5320 clericorum
658 5249 1030 5320 continentia
1059 5265 1248 5320 nuper
1273 5248 1624 5303 transmissa
1647 5247 1695 5303 Va
1725 5247 1938 5305 disc—re-

285 5318 446 5391 tione
476 5319 797 5391 invenirem
830 5320 1044 5388 aliena,
1074 5318 1251 5376 timor
1284 5336 1375 5374 me
1417 5321 1778 5391 perturbavit
1807 5338 1940 5376 cum

288 5389 774 5464 tristitia._Timor
804 5393 1040 5464 quidem
1073 5389 1449 5464 propterhoe
1482 5392 1634 5464 quod
1689 5392 1938 5464 dicitur:

296 5483 318 5510 α
345 5462 606 5520 Pastoris
630 5461 921 5518 sententia
946 5461 1253 5532 sive'jus’ta
1285 5461 1404 5517 sive
1435 5461 1654 5532 injusta
1683 5463 1945 5518 timenda

290 5536 397 5604 est.
425 5555 453 5582 ››
488 5533 793 5588 Timebam
824 5535 980 5589 enim
1015 5533 1267 5587 infirmis
1298 5534 1609 5604 Scripturre
1661 5535 1940 5588 auditori-

291 5603 425 5672 bus,
459 5605 562 5675 qui
592 5604 679 5660 vel
705 5605 882 5676 justae
912 5605 1007 5661 vix
1037 5605 1321 5662 obediunt
1342 5603 1662 5672 sententiae,
1693 5622 1764 5660 ne
1793 5605 1946 5678 inju-

364 5726 441 5799 (6)
471 5726 780 5784 Decretum
837 5729 996 5786 istud
1027 5731 1214 5784 exstat
1269 5727 1328 5783 in
1390 5726 1632 5799 concilio
1684 5729 1944 5784 Romano

295 5798 533 5856 centum
563 5799 837 5860 tredecim
869 5800 1278 5874 episcoporum
1301 5801 1412 5858 sub
1433 5798 1664 5858 Nicolao
1686 5800 1735 5857 II
1749 5801 1946 5874 ponti-

2049 4739 2298 4809 pastoris
2331 4736 2796 4809 praevaricatione
2819 4730 3098 4809 praecepti
3130 4750 3191 4790 se
3212 4730 3695 4809 obligarent.'l_‘ri-

2050 4801 2210 4865 stitia
2239 4801 2372 4864 vero
2405 4809 2492 4864 vel
2541 4801 2890 4879 compassib,
2927 4823 2998 4862 ne
3019 4801 3150 4877 'qua
3179 4801 3400 4879 ratione
3419 4801 3700 4879 membra

2050 4887 2513 4959 possent_ca_rere
2546 4871 2732 4959 capite
2765 4871 2884 4959 suo
2929 4871 3238 4959 tam‘gravi
3262 4873 3490 4959 “morbo
3535 4871 3695 4959 l‘abo-

2051 4942 2235 5008 rante.
2291 4952 2439 5027 Quid
2470 4942 2646 5027 enini
2683 4950 2940 5023 gravius,
2987 4942 3138 5027 quid
3195 4945 3377 5001 totius
3412 4942 3700 5027 Ecclesia:

2051 5015 2458 5095 compassione
2489 5015 2746 5095 dignius,
2780 5037 2958 5095 quam
2981 5015 3037 5095 te
3061 5034 3314 5095 summa
3331 5015 3487 5073 sedis
3507 5015 3699 5087 ponti-

2051 5091 2218 5149 ﬁcem
2252 5095 2322 5148 ad
2356 5111 2533 5166 quem
2554 5091 2755 5148 'totius
2787 5091 3050 5166 Ecclesia:
3101 5093 3633 5166 spectat_examep_,
3667 5102 3702 5141 a

2051 5171 2255 5221 sancta
2286 5157 2636 5221 discretione
2666 5169 2754 5219 vel
2797 5164 3108 5218 minimum
3134 5157 3485 5216 exorbitare
3511 5161 3534 5212 Ρ
3573 5157 3701 5212 Non

2051 5255 2257 5309 parum
2290 5238 2507 5309 quippe
2527 5237 2598 5291 ab
2622 5236 2730 5309 hac
2745 5235 3019 5309 deviasti,
3045 5249 3178 5309 cum
3201 5229 3424 5286 clericis
3445 5245 3594 5309 quos
3616 5229 3688 5284 ad

2050 5299 2466 5382 abstinentiam
2493 5306 2753 5382 coniugii
2791 5305 3384 5382 moneredebueras,
3431 5299 3513 5382 ad.
3540 5299 3701 5382 .hanc

2051 5381 2366 5455 imperiosa
2395 5371 2923 5455 violentiaﬂcogere
2972 5376 3227 5455 volebas.
3280 5371 3700 5455 Nunquidnam

2052 5441 2258 5507 me‘rito
2281 5449 2576 5505 communi
2611 5441 2873 5504 omniiim
2911 5446 3262 5519 sapientium
3310 5441 3527 5514 iudicio
3580 5441 3700 5497 haec

2053 5541 2166 5579 non
2199 5527 2288 5577 est
2308 5521 2603 5586 violentia,
2628 5537 2760 5576 cum
2784 5517 3433 5574 contrainstitutionem
3456 5529 3702 5586 evange-

2053 5596 2228 5650 licam
2258 5611 2322 5649 ac
2355 5593 2540 5648 sancti
2573 5593 2825 5665 Spiritus
2848 5590 3226 5647 dictationem
3249 5587 3320 5643 ad
3353 5586 3580 5659 privata
3598 5585 3703 5642 ali-

2057 5721 2160 5775 ﬁce
2190 5717 2476 5775 celebrato
2514 5734 2665 5774 anno
2701 5717 2858 5782 1039,
2890 5733 3017 5788 cap.
3045 5715 3100 5783 3,
3135 5715 3490 5786 renovatque
3511 5711 3708 5770 simile

2057 5796 2345 5850 statutum
2380 5807 2412 5847 a
2443 5790 2628 5848 Leone
2658 5806 2810 5863 papa
2840 5788 2911 5845 IX
2941 5788 3186 5846 editum.
