3970 6218
327 354 474 419 1371

723 360 1042 424 WIDRICI
1088 364 1421 426 ABBATIS
1469 367 1530 423 Β.
1582 362 1948 426 GHISLENI
1999 360 2376 422 EPISTULA
2419 364 2522 423 AD
2567 361 2977 428 HENHIGUM
3021 360 3105 425 Ill
3147 359 3309 427 IMP.

3576 355 3732 422 1372

322 494 472 547 Deus
504 493 645 548 mihi
670 494 849 549 vitam
882 512 1015 551 cum
1047 497 1327 569 sospitate
1358 496 1619 563 servarit,
1655 502 1719 551 ut
1751 513 1962 568 oppor-
1996 497 2048 562 Α
2088 500 2183 549 tur
2206 512 2517 567 suggerere
2538 499 2826 567 quatenus
2849 496 3224 569 peccatricem
3254 511 3448 552 meam
3467 492 3731 551 animam

321 580 544 636 tunitas
577 582 644 635 ad
677 586 732 636 te
764 582 907 637 mihi
937 583 1201 639 veniendi
1235 590 1734 657 esset,nunquam
1768 584 1963 639 dimit-

2086 582 2317 639 liberari
2349 584 2646 656 praecipiat
2673 586 2744 640 de
2774 585 2979 641 mortis
3009 601 3272 642 carcere:
3328 584 3447 640 imo
3490 586 3555 639 tu
3600 582 3732 655 ipse

322 673 522 734 tercm,
557 668 697 739 quin
730 671 830 725 diu
862 677 1209 743 conceptum
1248 674 1604 729 desiderium
1650 673 1735 728 tui
1797 675 1866 728 ad
1918 678 1972 728 te
2080 673 2262 729 fultus
2294 674 2575 729 orationis
2608 674 3168 739 munere,interdum
3200 680 3258 729 et
3274 674 3489 746 saepius
3521 671 3723 745 piissi-

317 757 640 811 accedcudo
666 759 1228 832 adimplerem,quia
1254 762 1397 818 illud
1430 781 1544 818 non
1576 764 1849 818 auderem
1883 763 1969 817 di-

317 861 463 911 cere,
497 850 559 899 ut
593 852 653 901 tu
687 848 756 901 ad
792 858 1021 904 nostras
1055 856 1249 921 partes
1280 852 1365 905 vel
1397 852 1453 905 in
1489 852 1595 907 hac
1637 852 1967 923 Quadrage-

2079 778 2245 817 mum
2277 765 2334 817 et
2376 761 2867 832 benignissimum
2893 762 3127 833 Regem,
3162 767 3226 816 ut
3256 779 3358 833 pro
3390 761 3520 816 aliis
3549 758 3728 826 soles,

2077 867 2183 921 pro
2212 867 2303 904 me
2335 851 2648 921 aggredere
2682 868 2695 903 :
2728 855 2785 905 et
2816 867 2917 922 per
2936 856 2991 905 te
3025 850 3375 906 fiducialiter
3403 850 3642 906 obsecra
3662 851 3732 902 ut

314 933 465 987 sima
522 935 723 989 orandi
775 938 964 1007 gratia
994 939 1321 1010 dignareris
1369 940 1656 995 advenire.
1715 940 1877 1005 Quod
1922 939 1967 994 si
2076 938 2349 1009 dignetur
2381 940 2523 993 mihi
2554 955 2805 1010 parcere.
2867 940 3182 994 Dominum
3251 940 3316 994 R.
3370 940 3640 994 abbatem
3671 936 3726 992 ei

314 1028 477 1076 tanta
506 1023 931 1096 circumseptus
967 1028 1125 1082 fuero
1169 1028 1527 1095 infelicitate,
1558 1031 1711 1101 quod
1773 1046 1960 1099 neque

314 1109 425 1165 huc
469 1127 595 1182 ego,
644 1129 831 1184 neque
890 1118 949 1169 tu
1011 1116 1081 1170 ad
1147 1133 1237 1170 me
1296 1116 1488 1170 valeas
1545 1117 1772 1179 venire;
1823 1121 1879 1169 et
1909 1116 1957 1169 si

313 1206 746 1272 prreoccupatus
791 1208 977 1257 morte
1028 1206 1206 1267 luero,
1267 1206 1524 1260 animam
1588 1221 1777 1258 meam
1850 1203 1952 1257 tibi

311 1290 607 1343 rommito.
647 1289 808 1344 Mitte
843 1309 943 1362 pro
976 1310 1040 1345 ea
1071 1293 1142 1346 ad
1176 1292 1468 1346 caelestem
1529 1292 1749 1346 curiam
1797 1293 1962 1345 obse-

309 1378 597 1432 crationes
620 1379 878 1447 nuntias,
905 1396 1041 1451 roga
1063 1380 1546 1451 archangelorum
1580 1384 1635 1433 et
1666 1379 1955 1450 apostolo-

310 1482 441 1519 rum
474 1465 785 1536 principes,
812 1472 868 1520 et
898 1472 1140 1521 cmtcros
1166 1468 1323 1522 illius
1374 1466 1515 1521 aula:
1558 1468 1949 1536 centuriones,

308 1553 407 1624 qui
426 1557 586 1608 tanto
610 1554 744 1625 Regi
771 1555 1056 1609 assistunt
1079 1554 1575 1621 familiarioresmt
1595 1555 1676 1610 illi
1703 1556 1945 1628 dignen-

2074 1033 2308 1081 caeteros
2337 1026 2605 1081 dominos
2636 1032 2694 1080 et
2728 1026 2953 1091 fratres,
2987 1044 3136 1097 quos
3171 1026 3315 1082 mihi
3350 1032 3451 1082 tua
3489 1025 3725 1081 dilectio

2071 1115 2518 1186 acquisivit,sub
2542 1131 2669 1168 meo
2693 1115 2928 1169 nomine
2949 1115 3158 1181 saluta,
3182 1122 3240 1171 et
3274 1116 3332 1170 in
3356 1115 3725 1172 orationibus

2072 1204 2195 1257 suis
2231 1207 2291 1256 ut
2323 1203 2435 1258 mei
2468 1203 2843 1257 meminerint
2862 1202 3120 1258 obsecra.
3154 1204 3448 1275 Quidquid
3474 1203 3580 1259 tibi
3605 1201 3724 1275 pla-

2069 1291 2272 1351 cuerit,
2311 1291 2451 1345 mihi
2486 1293 2783 1345 remanda.
2840 1290 2985 1344 Illud
3040 1292 3165 1346 volo
3222 1292 3558 1348 fraternitas
3619 1296 3723 1346 tua

2068 1378 2290 1433 noverit
2320 1379 2470 1449 quod
2506 1378 2753 1432 multum
2786 1378 3029 1432 ﬁrmiter
3082 1379 3362 1450 acquisivi
3422 1380 3528 1434 tibi
3587 1397 3722 1451 gra-

2064 1466 2203 1521 tiam
2240 1466 2461 1521 domini
2492 1467 2600 1521 mei
2628 1466 2801 1537 regis.
2836 1465 2994 1529 Vale,
3026 1470 3084 1521 et
3115 1466 3384 1537 quamvis
3427 1467 3721 1522 monitore

2069 1572 2180 1610 non
2217 1571 2409 1625 egeas,
2439 1559 2502 1609 ut
2534 1553 2643 1608 mei
2667 1554 3007 1609 memineris
3039 1556 3299 1610 attende.

1588 1839 1752 1877 CIRCA
1792 1839 1998 1877 ANNUM
2037 1839 2243 1878 DOMINI
2285 1839 2460 1877 MLXV.

1345 1982 2697 2141 WlDlllCUS

485 2206 883 2299 ABBAS
954 2208 1724 2304 MONASTERII
1799 2213 1889 2306 S.
1950 2212 2548 2307 GHISLENI
2618 2211 2748 2303 IN
2821 2207 3514 2301 HANNONIA.

1661 2468 1955 2526 NOTITIA
1993 2462 2394 2525 HISTORICA.

1805 2601 2198 2616 ψ

372 2694 668 2767 Widricus
726 2711 828 2751 seu
860 2695 1176 2763 Guidricus,
1209 2698 1390 2754 abbas
1422 2700 1479 2754 S.
1514 2698 1776 2755 Ghisleni
1807 2699 1868 2754 in
1890 2700 2197 2755 Hannonia
2226 2701 2383 2755 circa
2412 2716 2635 2755 annum
2660 2698 3023 2753 1065.Exstat
3042 2697 3170 2767 ejus
3200 2693 3445 2767 epistola
3468 2696 3541 2751 ad
3563 2695 3712 2753 Hen-

299 2766 485 2844 ricum
517 2767 600 2838 (d)
627 2766 1037 2839 imperatorem
1068 2773 1269 2825 contra
1295 2769 1672 2837 Balduinum,
1704 2772 2023 2828 Hannoniae
2049 2772 2344 2841 comitem,
2366 2771 2467 2844 qui
2498 2768 2918 2828 monasterium
2951 2769 3009 2824 S.
3050 2766 3315 2823 Ghisleni
3364 2766 3488 2823 dire
3535 2784 3705 2825 vexa-

298 2841 476 2893 verat.

367 2961 444 3039 (1)
473 2960 735 3039 Tertium
768 2960 1007 3030 scilicet,
1030 2969 1412 3036 cognomento
1461 2966 1727 3039 Nigrum,
1781 2984 1933 3023 anno

2046 2983 2198 3023 anno
2226 2969 2363 3023 1084
2393 2969 2693 3038 Augustus
2724 2963 3096 3038 renuntiatus
3143 2960 3248 3038 est
3268 2976 3404 3017 cum
3427 2960 3711 3038 pluribus

296 3034 434 3088 1056
462 3033 824 3101 defunctum,
852 3050 969 3089 non
1000 3032 1194 3091 autem
1226 3042 1501 3109 quartum
1536 3032 1649 3110 qui
1701 3032 1933 3093 nonnisi
2036 3039 2163 3110 jam
2196 3040 2267 3094 ad
2300 3039 2434 3093 inde
2462 3032 2631 3093 annis
2664 3036 2958 3091 Widricus
2988 3051 3018 3089 e
3048 3032 3189 3089 vivis
3222 3032 3589 3091 excessisset.

1157 3161 3714 3191 Ἣ

1253 3289 1964 3389 πιυωαι
2023 3284 2751 3388 ABBATIS

1724 3493 2269 3581 EPISTOLA
2308 3598 2315 3601 τ

963 3645 1057 3701 AD
1097 3645 1462 3702 HENRICUM
1502 3646 1577 3701 ΙΙΙ
1616 3642 2157 3711 IMPERATOREM,
2199 3642 2692 3698 GOGNOMENTO
2734 3639 3015 3731 MGRUM.

1237 3770 1455 3841 (Edidit
1481 3770 1625 3826 Dom
1656 3768 1881 3824 MABILL
1906 3766 2105 3823 Annal.
2143 3766 2335 3823 Bened.
2372 3768 2415 3823 t.
2448 3769 2516 3835 V,
2551 3783 2608 3839 p.
2634 3767 2750 3835 26.)

1785 3901 2215 3924 -—-——-—-—s

363 4001 612 4059 Domino
641 4000 892 4073 glorioso
925 4002 1320 4058 Romanorum
1351 4001 1685 4072 imperatori
1725 4002 1932 4058 Caesari
1964 4006 2013 4070 Β
2041 4002 2344 4058 obtendas.
2372 4000 2570 4072 Neque
2588 4015 2696 4055 nos
2717 3999 2943 4054 frustra
2962 3964 3488 4068 conquerijudicet
3507 3996 3701 4069 pietas

294 4091 550 4163 Augusto
572 4089 639 4145 H.
676 4092 789 4159 W.,
822 4089 1102 4146 Cellensis
1124 4090 1364 4146 cmnobii
1395 4089 1738 4158 abbas,cum
1770 4107 1943 4164 grege

294 4179 406 4235 sibi
432 4177 771 4246 commisso,
790 4179 1157 4252 triumphare
1180 4178 1424 4234 feliciter
1455 4182 1511 4234 et
1542 4195 1784 4253 regnare
1805 4196 1940 4236 cum

292 4266 542 4323 Christo.

365 4355 608 4411 Summe
637 4358 899 4427 priorum
923 4355 1313 4430 princeps,cui
1338 4355 1493 4411 Deus
1518 4356 1680 4428 regni
1698 4357 1939 4412 commi-

294 4444 371 4501 sit
402 4442 680 4512 habenas,
715 4448 777 4500 ut
797 4445 1091 4517 judicium
1142 4460 1467 4517 pauperum
1496 4461 1722 4517 quaeras
1753 4449 1810 4500 et
1840 4462 1941 4518 op-

295 4549 631 4606 pressorum
683 4552 922 4590 causam
953 4533 1256 4602 discutias,
1301 4533 1406 4588 tibi
1440 4533 1805 4591 miseriarum
1838 4553 1939 4591 no-

295 4628 548 4678 strarum
581 4627 637 4678 et
665 4623 1063 4695 oppressionis
1120 4620 1430 4694 tyrannica:
1475 4639 1650 4694 quam
1684 4624 1943 4694 patimur

296 4710 612 4767 clamorem
634 4711 950 4783 dirigimus
974 4729 986 4779 ;
1009 4728 1043 4767 a
1061 4715 1118 4766 te
1138 4711 1465 4783 gemituum
1491 4702 1822 4767 nostrorum
1847 4730 1937 4768 so-

292 4798 486 4856 lamen
511 4799 1274 4872 imploramus.Balduimus
1303 4815 1518 4868 comes,
1542 4801 1601 4855 in
1622 4802 1793 4872 cujus
1822 4802 1938 4857 exi-

294 4887 475 4942 tiabili
509 4890 786 4945 comitatu
818 4893 1020 4944 nostra
1049 4889 1270 4961 pridem
1323 4887 1573 4944 ecclesia
1620 4888 1681 4944 in
1721 4890 1938 4946 honore

291 4977 572 5049 principis
592 4977 992 5050 apostolorum
1012 4982 1068 5034 et
1090 4976 1280 5033 sancti
1306 4977 1492 5033 Patris
1516 4978 1699 5034 nostri
1718 4979 1937 5037 Gisleni

291 5066 693 5122 munificentia
749 5066 927 5141 regali
961 5066 1204 5123 fundata
1242 5069 1301 5120 et
1331 5066 1544 5138 regalis
1573 5066 1939 5142 eleemosyna

289 5155 828 5226 nuncupata,modo
860 5172 993 5212 vero
1022 5155 1117 5211 vix
1141 5154 1429 5223 subsistit,
1465 5172 1570 5211 nos
1601 5172 1703 5228 per
1731 5162 1851 5213 tres
1880 5166 1940 5213 et

289 5260 355 5298 eo
388 5242 647 5315 amplius
678 5261 863 5301 annos
922 5246 1003 5301 ita
1029 5244 1296 5311 vastavit,
1339 5244 1556 5300 attrivit
1586 5249 1643 5300 et
1672 5246 1936 5319 diripuit,

289 5336 355 5387 ut
385 5331 622 5402 penitus
646 5350 809 5405 spem
831 5334 1193 5392 subsistendi
1217 5350 1331 5389 non
1356 5333 1822 5401 haheamus,nisi
1848 5341 1934 5402 tu,
1970 5372 2010 5437 C

286 5419 542 5493 gloriose
565 5421 897 5493 imperator,
917 5426 1087 5496 cujus
1111 5429 1325 5496 patres,
1349 5422 1457 5491 avi,
1482 5423 1633 5479 atavi
1668 5441 1773 5479 nos
1806 5425 1936 5479 fun-

287 5510 591 5574 darunt,et
612 5508 825 5567 liberos
845 5513 1026 5584 regali
1041 5513 1174 5582 jure
1204 5514 1323 5568 fore
1344 5513 1793 5581 constituerunt,
1826 5516 1938 5569 tua:

289 5592 650 5650 defensionis
682 5613 922 5653 manum
952 5616 1203 5667 exseras,
1227 5604 1283 5655 et
1303 5604 1537 5655 scutum
1560 5601 1937 5674 protectionis

2050 4088 2304 4146 tua.Non
2336 4089 2492 4145 enim
2548 4093 2865 4161 tyrannum
2894 4084 3180 4142 miracula
3217 4101 3349 4156 quae
3378 4101 3481 4156 per
3510 4089 3711 4158 patro-

2052 4196 2196 4234 num
2225 4182 2516 4246 nostrum,
2550 4180 2821 4233 sanctum
2852 4175 3121 4232 videlicet
3149 4172 3480 4239 Gislenum,
3512 4173 3708 4229 Domi-

2051 4285 2163 4324 nus
2196 4267 2493 4323 multoties
2525 4269 2818 4339 operatur,
2842 4265 3077 4337 quando
3109 4280 3211 4335 pro
3243 4262 3615 4335 perpetratis,
3647 4262 3709 4319 in

2051 4373 2157 4412 nos
2189 4356 2412 4427 rapinis
2436 4360 2493 4410 et
2521 4352 2912 4421 violentiis,ut
2931 4354 2981 4425 ej
2993 4369 3060 4410 us
3081 4355 3340 4424 tepescat
3359 4351 3541 4418 furor,
3567 4367 3707 4408 san-

2050 4449 2212 4500 ctum
2243 4444 2354 4499 sibi
2385 4460 2600 4516 corpus
2630 4446 3035 4516 praesentatur,
3096 4440 3168 4495 ab
3200 4439 3452 4510 incmpto
3482 4437 3705 4495 scelere

2050 4536 2320 4589 revocant
2342 4550 2355 4598 ;
2381 4549 2495 4587 non
2520 4531 2894 4587 dominorum
2917 4530 3339 4601 imperatorum
3361 4527 3591 4582 decreta
3611 4543 3704 4583 co-

2050 4622 2254 4679 hibent
2271 4639 2292 4683 ;
2311 4638 2427 4677 non
2450 4622 2789 4692 majestates
2811 4618 3022 4691 sigillis
3040 4616 3343 4689 impressae
3369 4615 3667 4672 deterrent
3691 4633 3706 4684 ;

2051 4729 2165 4767 non
2199 4712 2487 4767 bonorum
2519 4709 2778 4765 virorum
2810 4706 3162 4773 dehortatio,
3197 4721 3313 4760 non
3347 4702 3510 4760 illata
3536 4703 3707 4760 Chri-

2049 4799 2365 4857 stianitatis
2385 4797 2835 4862 animadversio,
2861 4811 2978 4851 non
2998 4798 3333 4851 nostrorum
3352 4791 3704 4863 solidorum,

2046 4890 2718 4954 1ibrarum,'marcarum
2751 4882 3132 4940 multiformis
3153 4881 3464 4953 impensio.
3488 4880 3574 4935 Ad
3601 4897 3705 4936 cu-

2050 4978 2277 5034 mulum
2314 4992 2493 5048 quam
2552 4974 2887 5045 frequenter
2944 4972 3002 5026 in
3034 4970 3207 5040 villis,
3269 4970 3328 5024 in
3361 4967 3609 5037 mansis,
3642 4968 3706 5024 in

2047 5062 2617 5139 possessionibus,ob
2650 5077 2909 5117 amorem
2932 5059 3032 5116 Dei
3064 5060 3522 5127 sanctorumque
3546 5056 3702 5113 Petri

2046 5160 2220 5226 atque
2249 5149 2491 5217 Gisleni,
2524 5149 2793 5222 largitate
2819 5166 3046 5222 regum,
3079 5149 3320 5216 ducum,
3353 5144 3701 5218 pontificum

2047 5248 2503 5311 caeterorumque
2525 5238 2788 5295 ﬁdelium
2812 5238 3114 5307 Dei,nobis
3132 5236 3384 5305 collatis,
3410 5234 3704 5316 imperiali

2048 5333 2317 5386 libertate
2350 5327 2622 5398 ﬁrmatis,
2678 5329 3037 5395 demoratur,
3078 5330 3258 5401 jacet,
3303 5324 3469 5398 ponit
3520 5323 3704 5379 collo-

2049 5421 2224 5494 quia;
2249 5422 2542 5492 postremo
2575 5420 2852 5474 recedens
2901 5417 3126 5490 diripit,
3158 5419 3368 5482 vastat,
3403 5411 3703 5485 praedatur

2049 5508 2264 5567 omnia.
2299 5508 2451 5563 Dum
2484 5524 2585 5578 per
2615 5508 2877 5580 quinque
2908 5508 3034 5564 dies
3068 5506 3132 5562 in
3162 5504 3445 5571 Hornuto,
3472 5501 3705 5571 Durno,

2050 5602 2320 5666 Bussuto,
2354 5597 2514 5669 regia
2541 5596 2886 5653 liberalitate
2916 5594 3229 5661 concessis,
3258 5593 3415 5665 regio
3432 5592 3568 5662 jure
3597 5590 3701 5646 fir-
