3970 6218
65 328 227 393 1373

456 325 896 393 ΕἮΔΝΕΟΝΓΒ
930 327 1203 391 SCHOL.
1239 326 1466 390 LEOD.
1499 327 1597 390 EX
1629 326 1885 390 OPERF.
1918 329 2015 389 DE
2049 330 2278 403 QUAD.
2321 333 2634 398 CIHCULI
2669 333 3086 399 SPECIMEN.

3325 339 3476 400 1374

64 462 273 533 matis,
311 466 657 532 moreretur,
689 462 895 537 quinta
926 462 1040 532 die,
1064 478 1190 535 qua:
1222 462 1276 517 S.
1308 460 1561 517 Matthaai
1592 477 1723 534 apo-
1750 463 1806 529 Α
1834 463 2019 534 ptistaa
2068 463 2488 533 celebritatem,
2532 483 2660 539 quae
2711 483 2898 541 nuper
2945 469 3237 529 celebrata
3274 483 3382 541 est,
3417 474 3476 530 in

66 552 203 611 stoli
236 556 298 609 et
334 551 704 625 evangelista:
737 556 876 608 tunc
906 549 1189 623 temporis
1212 550 1483 623 passione
1512 567 1720 606 verna-

67 642 191 710 bat,
218 641 513 714 quidquid
539 641 748 714 praedas
774 638 994 696 invenit
1016 638 1258 694 abduxit
1282 656 1295 694 :
1319 655 1571 710 cumque
1593 655 1723 694 san-

71 731 147 788 cti
179 729 374 786 Patris
403 729 588 785 nostri
620 746 833 802 corpus
878 732 1238 802 Opponentes
1286 727 1419 793 sibi,
1452 728 1720 782 timorem

71 819 172 876 Dei
201 818 552 891 regiamque
592 817 921 873 libertatem
956 816 1433 883 reclamarcmus,
1478 817 1720 887 quidam

72 924 319 966 suorum
336 912 862 975 nostros,sanctum
883 923 1094 978 corpus
1113 910 1528 969 sustentantes,
1546 904 1723 959 tantis

74 997 421 1054 verberibus
461 997 802 1065 affecerunt,
833 999 896 1050 ut
928 993 1154 1050 loculus
1202 993 1387 1049 sancti
1439 993 1724 1064 sanguine

73 1086 522 1143 vulneratorum
546 1084 922 1155 pollueretur.
949 1084 1070 1138 Ileu
1094 1082 1107 1139 Ι
1134 1087 1276 1154 quot
1292 1098 1487 1137 servos
1505 1088 1561 1135 et
1584 1082 1725 1135 ﬁde-

78 1176 161 1231 les
184 1173 447 1231 ecclesiae
488 1177 697 1228 nostrae
741 1171 1055 1244 plageariis
1098 1171 1226 1225 suis
1252 1170 1512 1242 captivos
1546 1169 1723 1225 tradi-

80 1274 258 1339 dit,et
282 1272 486 1327 omnia
506 1271 658 1326 bona
679 1269 912 1326 illorum
936 1269 1203 1341 diripuit!
1233 1268 1356 1323 llcu
1384 1267 1395 1320 l
1424 1272 1567 1338 quot
1590 1285 1727 1338 pra:-

82 1363 184 1417 das
206 1378 323 1416 non
350 1359 542 1416 solum
563 1358 917 1414 familiarum
942 1362 1297 1421 nostrarum,
1314 1356 1413 1411 sed
1438 1373 1507 1410 ex
1528 1358 1727 1410 nostro

82 1449 305 1523 peculio
333 1447 606 1504 ducentis
628 1446 794 1502 libris
816 1451 871 1500 et
893 1463 959 1501 eo
989 1444 1242 1517 amplius
1269 1444 1535 1498 meliores
1561 1443 1728 1499 nobis

84 1538 327 1611 arripuit
351 1537 363 1591 l
399 1538 534 1602 Quae
561 1535 760 1591 omnia
780 1534 1030 1606 qualiter
1050 1532 1405 1600 distraxerit,
1436 1548 1506 1587 ne
1538 1532 1727 1603 regias

85 1644 251 1683 aures
281 1626 674 1691 offendamus,
707 1624 897 1679 dicere
946 1623 1247 1679 timemus.
1284 1622 1345 1676 In
1395 1621 1504 1675 hoc
1537 1621 1728 1676 adhuc

88 1715 350 1789 praesenti
373 1731 528 1770 anno
541 1713 729 1786 ipsius
743 1728 1009 1784 rapacem
1028 1711 1282 1766 furorem
1302 1726 1538 1781 quoquo
1554 1709 1725 1765 modo

1831 551 2009 608 altera
2033 552 2167 609 villa
2227 572 2356 626 quas
2398 555 2679 624 Erchana,
2723 562 2958 614 centum
3007 560 3329 618 solidorum
3364 582 3477 635 prae

1831 641 1962 695 dum
1992 647 2048 697 et
2078 660 2143 697 eo
2175 643 2427 712 amplius
2458 645 2759 701 meliorem
2793 648 2973 703 servis
3023 654 3078 704 et
3119 652 3350 707 ancillis
3383 670 3472 708 ec-

1832 728 2018 785 clesiae
2043 736 2250 786 nostra:
2279 733 2547 804 arripuit,
2575 739 2633 789 et
2655 734 2895 807 insuper
2916 738 3016 792 uni
3052 741 3471 799 monachorum

1834 822 2164 875 nostrorum
2196 838 2436 891 equum,
2470 838 2586 893 quo
2619 822 2676 877 in
2720 825 2935 881 nostris
2973 830 3316 886 necessariis
3350 838 3475 888 ute-

1834 907 2024 974 batur,
2057 909 2321 964 abstulit.
2356 911 2519 966 Nunc
2542 912 2690 981 jam,
2725 929 2955 969 summe
2981 917 3189 984 Caesar,
3224 920 3474 990 gloriose

1835 1012 1931 1051 rex
1959 1013 2024 1051 ac
2054 997 2306 1067 domine,
2340 999 2616 1069 quoniam
2642 999 2825 1055 honor
2852 1002 3308 1073 regisjudicium
3342 1010 3472 1064 dili-

1835 1085 1937 1155 git,
1969 1090 2045 1151 et,
2078 1090 2221 1141 teste
2252 1087 2548 1157 Apostolo,
2571 1104 2683 1143 non
2710 1090 2835 1146 sine
2859 1107 3038 1147 causa
3058 1094 3319 1165 gladium
3344 1117 3472 1170 por-

1836 1179 2056 1243 tas,pro
2072 1174 2161 1228 ani
2174 1191 2263 1229 ma
2275 1174 2497 1230 domini
2513 1177 2695 1231 nostri
2713 1178 2855 1232 diva:
2878 1182 3171 1238 memoriae
3190 1187 3374 1241 Patris
3390 1189 3474 1244 tui

1836 1262 2006 1332 cujus
2027 1262 2183 1333 regia
2202 1264 2480 1333 majestas
2500 1281 2606 1320 nos
2640 1264 2890 1321 libertati
2913 1270 3279 1339 condonavit,
3303 1292 3473 1332 aures

1836 1349 2068 1420 pietatis
2091 1351 2163 1405 ad
2178 1350 2492 1409 clamorem
2506 1357 2771 1409 nostrum
2790 1357 2969 1427 aperi,
2989 1358 3283 1416 dexteram
3300 1364 3475 1433 justi-

1837 1439 1928 1493 tiae
1955 1438 2196 1495 viriliter
2226 1458 2443 1509 exsere,
2470 1443 2542 1497 ad
2572 1442 2757 1499 instar
2786 1447 3100 1517 evangelici
3143 1452 3296 1521 regis
3327 1470 3476 1509 mor-

1838 1532 1958 1582 tem
1990 1529 2094 1583 ﬁlii
2122 1528 2308 1585 viduae
2346 1531 2718 1601 vindieantis,
2766 1534 2996 1590 vindica
3044 1553 3151 1594 nos
3182 1540 3252 1594 de
3281 1542 3477 1597 adver-

1839 1617 1992 1671 sario
2023 1622 2260 1675 nostro:
2294 1636 2365 1675 ne
2398 1626 2597 1676 sancta
2627 1627 2814 1678 mater
2856 1624 3113 1681 Ecclesia
3160 1629 3484 1685 reclamans

1837 1705 2188 1761 invindicaia
2207 1708 2458 1764 venienti
2482 1711 2539 1765 in
2555 1711 2780 1782 judicio
2803 1712 3077 1785 suggillet
3095 1719 3168 1771 te.
3202 1717 3376 1789 Regis
3399 1737 3482 1775 re-

89 1806 282 1861 sedare
310 1804 653 1877 gestientes,
686 1803 886 1859 decem
920 1816 1147 1857 marcas
1179 1799 1403 1871 argenti
1431 1815 1498 1854 ex
1528 1804 1730 1854 nostra
1760 1827 1808 1891 Β
1838 1812 1980 1867 gum
2004 1796 2405 1853 misericordia
2426 1803 2483 1854 et
2504 1800 3209 1869 Dominidominantium,
3235 1806 3291 1861 in
3312 1810 3481 1877 cujus

92 1894 426 1965 paupertate
482 1907 586 1963 pro
655 1889 825 1945 nobis
869 1888 1171 1960 notrisque
1218 1886 1510 1955 dedimus,
1559 1887 1728 1958 quasi

92 1981 240 2054 pacis
270 1996 336 2036 ac
381 1978 827 2051 tranquillitatis
876 1978 1132 2034 obsides.
1182 1976 1405 2042 Quibus
1458 1976 1728 2048 receptis,

96 2088 219 2127 mox
262 2069 498 2126 cuidam
543 2067 691 2127 villaa
739 2072 969 2133 nostrae,
1012 2082 1140 2138 quis
1188 2064 1426 2131 Villare,
1480 2063 1726 2134 insiluit,

1841 1902 2017 1939 manu
2054 1891 2195 1940 sunt
2234 1888 2409 1942 corda
2431 1904 2632 1959 regum
2669 1889 2755 1944 vel
2780 1894 3269 1961 tempora,vestra
3299 1896 3483 1969 impe-

1840 1972 1928 2027 ria
1957 1972 2039 2028 sic
2070 1974 2299 2030 ordinet
2328 1979 2383 2029 et
2414 1976 2688 2048 disponat
2718 1982 2782 2033 ut
2819 1984 2876 2034 et
2924 1980 3120 2039 hostes
3156 1990 3394 2053 pacatos
3425 1991 3483 2041 et

1840 2062 2131 2133 subjectos
2154 2063 2354 2129 facias,
2381 2064 2579 2120 ﬁdeles
2609 2071 2667 2121 et
2686 2067 2907 2123 amicos
2927 2068 3277 2142 multiplicet
3302 2079 3358 2128 et
3380 2092 3480 2129 cu-

95 2175 305 2215 necnon
335 2157 494 2213 inter
521 2156 739 2212 atrium
778 2154 1033 2211 ecclesia:
1066 2153 1245 2209 totius
1294 2151 1439 2207 villaa
1472 2153 1728 2224 priedam

98 2246 370 2320 diripiens
403 2244 709 2303 abscessit.
743 2243 879 2299 Post
909 2243 1058 2299 hanc
1102 2241 1290 2298 sancti
1336 2241 1583 2297 Joannis
1612 2241 1718 2296 Ba-

1840 2150 2075 2206 stodiat.
2111 2150 2268 2220 Vale,
2304 2153 2489 2210 ducus
2530 2154 2780 2226 imperii.

101 2417 3493 2463 mm

1486 2570 1635 2609 ΑΝΝΟ
1674 2569 1881 2608 DOMINI
1922 2569 2094 2607 MLXV.

1189 2706 2396 2879 FBANCO

890 2973 1830 3069 SCHOLASTICUS
1902 2973 2686 3099 LEODIEN§IS.

1468 3293 2112 3382 FRANCONIS

355 3494 517 3606 EX
579 3490 959 3606 OPERE
1026 3497 1175 3604 DE
1245 3494 2020 3624 QUADRATURA
2097 3493 2551 3606 ClltCULl
2617 3493 3225 3609 SPECIMEN.

1274 3710 1433 3781 (MAI,
1465 3709 1697 3767 Classici
1725 3714 1995 3776 auctores,
2028 3708 2128 3780 III,
2161 3708 2312 3781 346.)

1571 3857 1997 3870 *α

161 3985 426 4058 Diximus
453 3984 603 4058 falso
631 3984 825 4058 videri,
846 3986 1121 4058 Bertium
1170 3985 1383 4058 referre
1430 3985 1503 4041 ad
1548 3984 1865 4058 Boethium
1908 3984 2159 4058 opus‘de
2190 3982 2391 4058 circuli
2431 3984 2809 4058 quadratum,
2843 3985 2999 4058 quod
3027 3989 3118 4041 est
3148 3987 3493 4047 Franconis.

98 4056 247 4142 _Nunc
266 4057 460 4142 placet
476 4073 547 4140 ex
566 4057 675 4114 hoc
702 4056 919 4142 inedito
940 4072 1145 4142 opere“
1158 4058 1315 4142 qugd
1338 4057 1396 4142 in
1423 4073 1523 4113 sex
1548 4056 1777 4113 libellos
1814 4055 2211 4142 distribuitur,
2238 4055 2534 4142 specimen
2574 4055 2970 4142 profana—ita
2996 4060 3207 4142 tamen
3226 4065 3293 4142 ut
3322 4067 3497 4142 antea

94 4125 333 4185 hominis
364 4125 1074 4201 operisquegnotitiam‘ex
1112 4125 1412 4201 Sigeberto
1454 4145 1762 4201 ponamus.
1814 4128 1907 4201 Sic
1936 4126 2117 4201 igitur
2156 4125 2516 4199 Sigébertus,
2548 4125 2678 4201 cap.
2710 4131 2833 4201 164.
2868 4150 2899 4201 ν‹‹
2920 4129 3141 4186 Franco
3172 4131 3493 4189 Scholasti-

94 4198 878 4280 cus_teodiensisireligione
908 4206 966 4280 et
996 4198 1243 4280 utraque
1277 4198 1603 4280 litterarum
1636 4199 1886 4280 scientia
1937 4198 2294 4280 nominatus,
2322 4198 2638 4280 .quantum'
2658 4200 2910 4280 valuerit
2925 4201 3259 4280 scribendo
3303 4205 3496 4261 notiti-

92 4269 226 4355 gavit
252 4272 524 4355 posteris.
553 4269 856 4354 Amatores
887 4269 1470 4355 scientias'saicularis
1502 4275 1704 4355 tegent
1729 4272 1858 4342 ejus
1887 4270 2195 4355 scientiam
2226 4285 2295 4327 ex
2322 4269 2675 4355 libronquem
2708 4272 2942 4355 scripsit
2980 4273 3492 4355 adullermannum

93 4339 323 4425 coloniae
348 4343 857 4425 archiepiscopum
893 4343 1360 4425 De_quna_dr.a‘tura
1390 4339 1894 4425 circuli_;"de'qua
1919 4341 2265 4425 Aristoteles
2311 4341 2391 4397 ait
2411 4358 2431 4396 τι
2475 4339 2844 4425 Quadratum:
2891 4343 3094 4400 circuli
3123 4349 3233 4425 .est
3262 4348 3493 4425 scibile,

93 4412 317 4489 scientia
345 4412 592 4489 quidem
623 4412 887 4472 nondum
910 4412 1314 4489 est.__0b_illud
1346 4412 1713 4489 veroscibile
1742 4412 2163 4489 conferantvel
2193 4414 2370 4489 etiam
2416 4415 2730 4489 praeferant
2775 4432 2911 4489 eum
2970 4415 3277 4489 saeculares
3308 4412 3496 4489 philo-

92 4483 273 4564 sophi;
305 4483 415 4543 nos
444 4484 756 4568 laudamus
784 4501 920 4542 eum
952 4485 1089 4559 quia
1126 4485 1333 4567 divinae
1384 4485 1703 4556 Scriptura)
1752 4483 2076 4555 invigilavit
2124 4489 2182 4540 et
2230 4483 2704 4557 plura—scripsit,
2749 4491 2817 4542 ut
2864 4488 2935 4542 de
2979 4487 3203 4543 ratione
3231 4483 3358 4543 cofn
3407 4491 3491 4545 uti

90 4551 288 4612 librum
319 4573 532 4614 unum.
561 4561 620 4613 et
654 4557 771 4614 alia
826 4573 952 4614 uuas
982 4558 1054 4613 ab
1122 4556 1254 4612 alus
1313 4555 1624 4611 habentur.
1659 4579 1688 4605 ››
1747 4555 1963 4610 Eadem
2025 4559 2231 4610 narrat
2288 4557 2361 4611 de
2423 4557 2719 4613 Francone
2755 4558 3115 4614 Tritbemius
3175 4576 3303 4614 can.
3361 4506 3489 4614 girl.

1611 4597 1624 4610 .
1659 4579 1688 4605 ››
1747 4572 1963 4610 manem
2025 4572 2231 4610 narrat
2288 4572 2361 4610 αθ
2423 4572 2719 4610 r'raneone
2755 4572 3115 4610 Trltnemms
3175 4576 3303 4610 θαι).
3361 4572 3468 4610 34⁸)

97 4573 288 4636 uorum
319 4573 532 4626 unum,
561 4573 620 4613 et
654 4573 771 4614 ana
826 4573 952 4629 quas
982 4573 1054 4613 an
1122 4573 1254 4612 auis
1314 4573 1624 4611 nanentur.
1659 4579 1688 4605 »
1747 4573 1963 4610 nauem
2025 4573 2231 4610 narrat
2288 4573 2361 4611 ae
2423 4573 2719 4613 r'raneone
2755 4573 3115 4614 'I'ritnemius
3175 4576 3303 4631 cap.
3361 4573 3489 4624 34η,

97 4625 359 4699 additque
390 4627 676 4684 claruisse
706 4643 840 4684 eum
874 4629 984 4684 sub
1024 4627 1270 4683 Henrico
1299 4626 1647 4699 imperatore
1678 4625 1894 4699 _tertio,
1958 4643 2109 4699 anno
2167 4626 2390 4699 domini
2452 4628 2607 4699 1060.
2669 4629 2828 4684 Idem
2887 4629 3208 4686 Tritemius
3251 4631 3493 4685 adnotat

93 4693 450 4755 Miscenatem
481 4699 652 4755 illum
686 4699 1003 4755 Franconis
1034 4699 1216 4755 fuisse
1246 4693 1644 4753 Hermannum
1677 4697 1746 4764 ll,
1780 4712 1953 4768 quem
1984 4696 2388 4753 Coloniensem
2421 4698 2620 4753 sedem
2661 4700 2733 4754 ab
2764 4716 2916 4754 anno
2948 4701 3086 4755 1036
3134 4701 3206 4756 ad
3238 4702 3377 4755 1055
3411 4710 3489 4756 tu-

92 4768 277 4849 nuisse
303 4770 566 4849 scimus;
600 4770 929 4849 unde_satis
957 4769 1141 4849 liquet
1194 4768 1510 4849 granconis
1563 4766 1898 4849 cpus‘intra
1936 4766 2059 4849 hoc.
2090 4768 2679 4849 tem‘pori‘snspatium
2710 4769 2906 4849 fuisse
2956 4771 3370 4849 conscriptum.
3406 4773 3487 4826 Ειι

92 4842 271 4924 putem
294 4846 526 4924 partem
555 4837 868 4924 prologiad
902 4837 1160 4924 primum
1191 4837 1865 4924 librum,‘it.em:initium
1885 4837 2115 4924 operis,
2167 4837 2407 4924 θειωδιῇ
2438 4837 2911 4924 libriprologum
2944 4857 3121 4924 prOpe
3153 4837 3444 4913 integrum
3470 4861 3480 4897 :

92 4906 190 4967 hos
218 4906 371 4970 enim
404 4906 575 4969 locos'
591 4914 663 4970 ad
694 4906 992 4985 specimen
1021 4913 1399 4986 praabendum
1422 4906 1640 4984 delegi,
1673 4911 1813 4983 quia
1838 4906 2144 4967 historicas
2172 4909 2396 4981 aliquot
2427 4906 2665 4967 notitias
2705 4906 3022 4967 continent.

402 5080 660 5137 INCIPIT
689 5080 1065 5137 PROLOGUS
1096 5080 1169 5136 IN
1203 5079 1491 5136 PRIMUM
1522 5080 1755 5138 DOMNI
1786 5078 2181 5137 FRANCONIS
2212 5078 2301 5134 DE
2329 5077 2820 5145 QUADRATURA
2850 5079 3156 5138 CIRCULI.

156 5216 230 5274 Ex
257 5237 396 5293 quo,
430 5222 510 5278 mi
542 5238 692 5296 papa
724 5221 1039 5296 praesulum
1070 5222 1269 5289 decus,
1301 5239 1516 5280 corona
1544 5224 1728 5280 totius
1758 5225 1802 5293 α
1842 5224 1984 5279 tiam
2004 5221 2351 5294 promerceri
2372 5222 2665 5278 deberem.
2694 5224 2919 5299 Quippe
2936 5221 3316 5297 pecuniarum
3337 5223 3481 5280 nillil

92 5319 183 5375 per
204 5309 402 5366 orbem
425 5310 589 5379 cleri,
613 5311 1435 5384 nulliusunquamimmemor
1452 5312 1721 5370 honesta—
1831 5314 1974 5379 erat,
2008 5328 2124 5368 non
2155 5328 2289 5368 cava
2317 5311 2553 5384 superbi
2574 5312 2904 5385 cornipedis
2955 5310 3189 5383 ungula,
3215 5329 3329 5368 non
3374 5315 3480 5368 Mi-

92 5391 180 5461 tis,
200 5410 264 5452 ex
287 5414 406 5470 quo
425 5397 837 5457 liberalitatem
856 5405 1022 5457 tuam
1046 5399 1298 5474 gratuito
1321 5399 1379 5455 in
1403 5417 1497 5457 me
1519 5403 1725 5459 conﬁr—
1834 5399 2063 5457 nervale
2086 5399 2340 5473 pretium
2364 5418 2616 5473 operosa:
2661 5406 2897 5475 arteque
2936 5401 3241 5458 elaborata:
3280 5405 3482 5467 vestis,

95 5485 252 5541 musti
279 5504 293 5554 ;
326 5504 397 5544 ex
426 5489 632 5545 eodem
655 5490 782 5562 jam
814 5493 1075 5562 tempore
1096 5488 1255 5545 nulla
1276 5488 1421 5546 hora
1435 5490 1724 5548 sollicitus
1835 5508 1952 5545 non
1972 5489 2167 5546 fusilis
2182 5490 2783 5550 metalliadmirandis
2798 5493 2997 5564 ﬁguris
3019 5510 3166 5567 opus
3187 5492 3478 5561 incusum,

91 5584 206 5629 esse
229 5591 343 5632 non
368 5576 558 5649 potui,
582 5578 888 5651 cujusdam
911 5577 1086 5635 ofﬁcii
1107 5577 1328 5635 ratione
1344 5581 1567 5637 tantam
1588 5597 1719 5655 gra-
1834 5597 1951 5637 non
2002 5580 2295 5655 peregrini
2311 5580 2527 5655 lapidis
2545 5583 2848 5660 multiplex
2865 5602 2930 5643 ac
2942 5583 3081 5644 varii
3101 5582 3308 5642 coloris
3325 5601 3485 5667 aspe-
