3970 6218
464 358 618 420 1375

1459 352 1530 418 Β.
1583 356 1938 423 ΜΑΠΗΗᾸῙ
1983 356 2347 421 ARCHIEP.
2395 357 2856 425 RO'I‘HOMAG.

3711 359 3849 426 1376

461 493 1106 562 ctus.Quanquamego,
1129 487 1179 548 si
1211 489 1504 563 ejusmodi
1535 507 1730 548 rerum
1745 489 2102 547 abundantia
2134 494 2187 560 Α
2217 493 2373 549 niam
2397 495 2651 550 edictum
2675 500 2782 563 est,
2810 500 2867 553 te
2893 495 2965 553 ad
3000 495 3198 554 studia
3238 511 3348 553 nos
3389 493 3693 554 beneﬂciis
3713 496 3849 552 invi-
3944 475 3945 482 ἶ

461 581 758 652 pollerem,
791 579 947 634 haud
982 596 1243 652 unquam
1276 581 1332 635 in
1368 579 1628 635 animum
1663 581 1972 652 subrepere
1998 597 2102 634 au-

458 670 619 724 deret
641 673 810 724 tanta:
835 669 1123 724 nobilitati
1146 674 1436 742 tantaeque
1478 669 1746 740 dignitati
1779 685 1846 723 ex
1878 670 2097 724 eisdem

460 757 812 812 munuscula
833 759 1058 813 offerre.
1085 759 1213 814 Haec
1235 758 1389 813 enim
1413 775 1545 812 cum
1575 758 1902 829 principum
1927 757 2100 830 largi-

459 847 612 900 tione
638 847 1141 902 distribuunturin
1172 848 1393 919 vulgus,
1416 847 1742 914 indigentia
1765 852 1822 901 et
1846 849 2099 902 necessi-

454 939 555 989 tati
581 936 954 1003 subvenitur;
977 953 1106 990 cum
1134 952 1260 991 vero
1293 952 1494 991 eorum
1517 935 1806 990 oblatione
1831 936 2096 1006 ipsorum

454 1025 784 1094 principum
849 1025 1234 1080 benivolentia
1271 1029 1660 1092 comparatur,
1692 1024 1889 1095 procul
1919 1025 2096 1079 dubio

451 1115 692 1168 avaritia
719 1113 957 1168 illorum
990 1113 1214 1168 occulto
1247 1114 1501 1184 quodam
1551 1113 1735 1182 elogio
1789 1114 2097 1184 exprobra-

455 1208 778 1272 tur;ncque
801 1203 957 1256 enim
994 1202 1202 1256 redimi
1241 1202 1582 1256 muneribus
1623 1207 1881 1271 possent,
1906 1201 2092 1257 sinon

453 1308 572 1350 eos,
598 1292 752 1361 quod
772 1292 1049 1346 nimirum
1075 1291 1300 1354 accidit,
1326 1307 1394 1344 ex
1417 1289 1515 1344 illo
1554 1291 1808 1345 avaritiae
1833 1296 2094 1346 monstro

453 1379 580 1450 ipsa
616 1397 853 1434 munera
875 1379 1248 1446 delectarent,
1284 1384 1392 1433 etc.
1427 1384 1630 1450 Itaque
1669 1379 1775 1434 hac
1799 1379 1885 1433 via
1909 1380 2092 1434 addu-

453 1475 580 1522 ctus
623 1483 753 1521 sum
805 1472 869 1521 ut
886 1465 1391 1522 ederemlibellum
1411 1467 1482 1521 de
1503 1466 2093 1538 circuliquadratura,

450 1553 741 1624 imperitia
771 1553 1090 1625 plurimum
1127 1554 1431 1618 renitente,
1482 1556 1581 1610 sed
1631 1557 1703 1610 ad
1757 1555 2092 1610 temerarios

449 1659 628 1697 ausus
664 1647 1006 1712 perurgente
1038 1642 1363 1698 devotione.
1427 1644 1545 1698 Hoc
1576 1644 1752 1714 igitur
1780 1659 1925 1716 opus
1957 1659 2094 1714 quo-

2212 586 2373 638 tante
2411 583 2655 640 alterius
2703 602 2851 658 opus
2897 585 3012 642 nisi
3060 588 3229 642 tuum
3279 602 3408 643 esse
3457 603 3572 642 non
3627 585 3848 659 poterit.

2209 671 2601 735 Quamobrem
2633 679 2827 732 certus
2856 680 2981 732 esto
3013 691 3245 730 omnem
3296 676 3424 747 ejus
3469 674 3849 748 diligentiam,

2209 760 2328 816 sive
2359 761 2594 833 penitus
2625 764 3058 835 reprobandum
3089 765 3185 827 sit,
3222 764 3342 820 sive
3374 765 3432 819 in
3483 768 3649 836 parte
3681 763 3850 820 corri-

2207 850 2484 920 gendum,
2518 852 2638 906 sive
2669 868 2736 907 ex
2767 856 2887 908 toto
2919 852 3381 924 provehendum,
3407 852 3464 906 id
3484 857 3587 908 tua
3608 852 3852 908 maxime

2209 936 2506 992 interesse.
2543 938 2732 994 Habes
2765 940 2919 994 enim
2955 940 3333 1011 quamplures
3364 945 3420 994 et
3436 941 3659 995 Tuccas
3683 945 3738 995 et
3758 939 3856 995 Va-

2207 1041 2321 1091 ros,
2357 1026 2574 1096 quibus
2607 1027 2849 1083 minime
2882 1029 2958 1083 sit
2990 1028 3172 1084 moris
3222 1028 3432 1084 alienis
3469 1029 3681 1084 studiis
3714 1029 3854 1083 invi-

2206 1113 2359 1168 dere.
2386 1114 2602 1168 Horum
2629 1116 3002 1183 ﬁdei,horum
3019 1117 3290 1172 charitati
3308 1117 3567 1173 laborem
3589 1123 3855 1173 nostrum

2206 1202 2555 1266 committas,
2589 1205 2654 1256 ut
2686 1220 2800 1256 non
2845 1207 3071 1258 tantum
3124 1206 3422 1276 superflua
3443 1211 3720 1271 resecent,
3757 1205 3853 1260 sed

2203 1290 2409 1343 erratis
2441 1306 2672 1361 quoque
2703 1291 3040 1359 adhibeant,
3075 1298 3129 1347 te
3181 1294 3486 1364 probante,
3542 1294 3858 1349 correctio-

2204 1394 2357 1431 nem.
2389 1380 2583 1449 Itaque
2603 1379 2710 1433 hoc
2732 1396 2879 1451 opus
2908 1397 3029 1436 suae
3051 1381 3475 1436 emendationis
3492 1399 3670 1453 opera
3690 1381 3863 1437 casti-

2202 1471 2359 1537 gent,
2394 1471 2459 1520 ut
2491 1483 2605 1522 non
2641 1468 2716 1522 sit
2746 1468 3056 1540 indignum
3089 1474 3242 1540 quod
3270 1473 3370 1524 tuo
3397 1470 3645 1535 nomini,
3677 1470 3862 1525 veluti

2203 1555 2436 1610 cuidam
2470 1555 2722 1623 numini,
2752 1557 2958 1612 debeat
2989 1559 3338 1613 consecrari.

906 1740 1135 1795 DOMNI
1167 1741 1564 1796 FRANCONIS
1598 1742 1808 1797 LIBER
1839 1741 2107 1797 PRIMUS
2148 1740 2412 1796 INCIPIT
2441 1740 2530 1796 DE
2569 1741 3056 1805 QUADRATURA
3088 1741 3398 1799 CIRCULI.

520 1828 880 1894 Quadratura
909 1827 1112 1882 circuli
1173 1831 1326 1884 inter
1354 1830 1612 1885 occultas
1636 1846 1830 1886 rerum
1851 1831 1990 1886 adeo
2007 1835 2096 1885 est
2125 1839 2172 1902 Β
2203 1829 2539 1893 Gerbertus,
2589 1829 2872 1900 multique
2920 1828 3019 1884 alii
3070 1830 3334 1885 studiose
3383 1829 3818 1903 investigarunt
3845 1848 3857 1899 ;

449 1917 720 1972 abstrusa
740 1922 978 1971 naturas
1002 1922 1065 1972 ut
1097 1918 1166 1973 de
1201 1919 1328 1988 ejus
1369 1919 1589 1974 ratione
1611 1936 1780 1974 nemo
1803 1919 1975 1974 hodie
2003 1918 2092 1974 vel

449 2006 757 2073 dubitaret,
789 2005 898 2060 nisi
923 2005 1282 2074 Aristoteles,
1308 2022 1481 2078 quem
1513 2008 1690 2062 etiam
1732 2008 2092 2062 inventorem

451 2097 660 2159 ferunt,
682 2094 866 2165 ipsius
893 2095 1248 2150 mentionem
1272 2096 1742 2167 prmdicamentis
1781 2095 1905 2151 suis
1946 2094 2093 2150 indi-

448 2184 648 2238 disset.
685 2183 822 2254 Ejus
847 2183 1046 2255 itaque
1080 2184 1386 2238 scientiam
1419 2184 1574 2239 haud
1626 2185 1866 2240 dubiam
1900 2185 2095 2240 ferunt

449 2289 636 2344 usque
657 2274 726 2327 ad
751 2273 1058 2328 Boethium
1077 2273 1462 2343 perdurasse;
1495 2273 1591 2328 illo
1614 2279 1807 2327 autem
1836 2272 2090 2338 sublato,

448 2363 575 2433 ipsa
597 2378 826 2434 quoque
846 2361 1037 2416 omnis
1061 2361 1236 2415 simul
1260 2361 1499 2428 interiit,
1534 2366 1739 2432 prmter
1762 2360 1946 2417 solam
1981 2361 2092 2414 du-

449 2450 791 2505 bitationem
823 2467 948 2520 qum
979 2448 1112 2503 talis
1144 2466 1208 2503 ac
1258 2454 1419 2504 tanta
1466 2455 1553 2504 est
1602 2455 1665 2504 ut
1694 2449 1752 2503 in
1785 2465 1853 2504 ea
1887 2466 2092 2504 omnes

455 2539 644 2604 Italia",
660 2537 875 2604 Gallice,
901 2550 1074 2608 atque
1096 2538 1418 2592 Germania:
1433 2539 1750 2593 defecerint
1776 2538 2090 2610 sapientes.

450 2629 749 2699 Siquidem
783 2627 931 2680 hanc
964 2631 1159 2680 noster
1189 2625 1568 2692 Adelboldus,
1615 2626 1767 2681 hanc
1799 2627 2093 2682 maximus

451 2718 750 2771 doctorum
799 2716 990 2782 Wazo,
1041 2715 1190 2769 hanc
1239 2714 1365 2786 ipse
1413 2716 1744 2770 studiorum
1796 2720 2095 2787 reparator

2202 1919 2301 1991 qui
2336 1918 2386 1972 si
2416 1917 2622 1972 etfectu
2655 1917 2823 1990 potiti
2856 1917 3127 1984 fuissent,
3164 1935 3306 1973 num
3359 1919 3416 1974 id
3467 1918 3540 1974 ab
3571 1919 3688 1976 illis
3722 1937 3864 1993 pro-

2202 2005 2404 2074 fectos,
2437 2022 2687 2076 quorum
2719 2004 2900 2076 aliqui
2933 2005 3125 2061 adhuc
3175 2011 3520 2078 supersunt,
3550 2008 3863 2065 universos

2201 2093 2452 2150 lateret?
2481 2095 2550 2149 Et
2579 2095 2839 2150 Gerberti
2891 2096 3128 2167 quidem
3178 2095 3567 2167 geometricus
3620 2096 3859 2154 libellus

2201 2181 2452 2237 habetur
2483 2182 2580 2253 (-l),
2619 2181 2817 2254 aliqua
2849 2183 3115 2253 ejusdem
3147 2183 3387 2255 scripta,
3441 2201 3474 2239 a
3523 2184 3762 2256 quibus,
3797 2186 3860 2240 ni

2201 2269 2389 2335 fallor,
2415 2286 2721 2340 nunquam
2747 2269 3111 2339 exclusisset,
3150 2271 3445 2342 siquidem
3465 2273 3593 2343 ejus
3610 2273 3864 2345 diligen-

2200 2358 2290 2413 tia
2315 2375 2490 2430 super
2510 2358 2619 2435 hac
2639 2359 2883 2414 scientia
2900 2364 3266 2431 compertum
3290 2359 3516 2415 fuisset.
3541 2361 3698 2416 Nihil
3723 2378 3864 2436 ergo

2200 2445 2472 2502 volumus
2503 2447 2865 2517 promittere,
2899 2454 3108 2518 praeter
3155 2448 3418 2503 studium
3466 2453 3522 2504 et
3570 2448 3862 2519 laborem,

2202 2534 2300 2608 qui
2325 2535 2514 2606 primo
2538 2535 2780 2590 sudabit
2801 2534 2858 2590 in
2880 2534 2980 2591 illa
3001 2536 3340 2608 quaestione,
3375 2554 3502 2609 qua:
3531 2537 3860 2610 plurimum

2201 2624 2374 2679 etiam
2409 2623 2668 2695 fatigavit
2700 2624 2954 2694 majores
2987 2630 3239 2692 nostros,
3287 2626 3358 2681 de
3407 2627 3860 2699 comparatione

2202 2712 2472 2768 videlicet
2500 2711 2874 2784 angulorum,
2910 2717 3021 2768 etc.

1713 2812 2086 2869 PROLOGUS
2117 2810 2358 2866 TERTII
2389 2810 2600 2866 LIBRI.

522 2905 578 2960 Si
614 2909 668 2957 tu
705 2903 755 2958 is
784 2903 950 2968 isses,
986 2901 1197 2984 praesul
1239 2901 1467 2969 eximie,
1509 2902 1682 2973 cujus
1736 2920 1852 2958 suae
1885 2901 2090 2957 laudes
2121 2902 2162 2968 C
2203 2916 2336 2955 mus
2369 2900 2661 2972 regnavit;
2696 2899 2854 2956 filius
2881 2900 3035 2972 apud
3067 2900 3227 2972 ipsos
3269 2900 3496 2973 primus
3522 2903 3862 2976 imperavit.

453 2994 716 3048 animum
755 2991 1107 3046 delectarent
1149 2996 1206 3046 et
1245 2996 1570 3062 pascerent,
1627 2991 1790 3046 nulla
1819 2991 2096 3046 facundia

451 3082 595 3138 satis
621 3084 774 3136 esset
803 3079 896 3134 his
927 3096 1053 3150 quae
1085 3083 1210 3133 tum
1242 3079 1312 3133 de
1345 3084 1399 3133 te
1431 3078 1579 3150 ipso,
1615 3083 1742 3134 tum
1776 3080 1847 3134 de
1880 3079 2001 3134 avis
2024 3081 2096 3135 de

453 3171 676 3243 preavis
707 3170 894 3240 deqne
925 3168 1211 3222 universis
1244 3167 1567 3237 majoribus
1598 3170 1735 3235 tuis,
1773 3185 1886 3222 non
1920 3169 2095 3223 modo

453 3261 845 3316 Remanorum
878 3257 978 3311 sed
1010 3255 1337 3311 Graiorium
1371 3271 1602 3326 quoque
1643 3255 1996 3328 principium
2029 3256 2097 3312 il-

453 3346 849 3414 lustrissimis,
882 3347 951 3400 de
984 3345 1190 3400 horum
1225 3344 1548 3412 nobilitate,
1575 3345 1646 3399 de
1686 3346 1995 3416 dignitate,
2029 3346 2099 3401 de

452 3437 656 3510 gloria,
690 3436 760 3490 de
791 3433 1070 3506 potentia,
1103 3434 1174 3488 de
1213 3433 1416 3504 copiis,
1467 3433 1538 3488 de
1586 3433 1973 3505 amplitudine
2004 3451 2098 3489 re-

453 3543 605 3588 rum,
629 3525 698 3578 de
722 3521 1188 3595 praclarissimis
1211 3522 1398 3592 factis,
1421 3521 1493 3576 de
1515 3522 1746 3593 virtute,
1772 3524 1842 3578 dc
1863 3523 2096 3594 sapien-

451 3614 551 3680 tia,
584 3614 655 3669 de
687 3610 910 3668 meritis
942 3611 1201 3682 ipsorum
1226 3611 1436 3681 jactari
1489 3611 1764 3666 valerent.
1817 3611 2097 3683 Virgilius

451 3703 692 3775 cupiens
721 3719 755 3757 a
771 3700 1115 3773 parentibus
1131 3699 1509 3772 magnificare
1529 3703 1882 3770 Augustum,
1909 3700 2094 3756 dinei-

450 3793 524 3848 da
578 3792 672 3845 XII
721 3789 886 3844 libris
935 3787 1318 3861 conscripsit;
1373 3793 1590 3859 quanto
1648 3788 1916 3860 pluribus
1947 3806 2096 3862 opus

448 3887 624 3944 esset,
659 3879 707 3934 si
735 3878 868 3950 quis
897 3877 1067 3932 vellet
1097 3876 1366 3948 colligere
1398 3893 1526 3947 quae
1557 3877 1806 3947 primus,
1840 3894 1968 3949 quas
1999 3894 2094 3933 se-

448 3970 698 4036 cundus,
730 3984 855 4039 quae
885 3966 1091 4023 tertius
1111 3965 1295 4039 gessit
1323 3965 1612 4022 Octonum
1632 3966 1659 4019 ‘2
1693 3983 1947 4038 quorum
1978 3968 2094 4039 pri-

450 4077 584 4115 mus
615 4058 688 4114 ab
718 4056 964 4114 Henrico
1015 4058 1177 4126 patre
1225 4070 1330 4109 suo
1381 4054 1642 4125 suscepit
1689 4070 1958 4128 regnum,
1991 4056 2093 4112 sed

453 4147 570 4203 tilio
602 4147 840 4218 reliquit
861 4143 1173 4216 imperium
1203 4159 1216 4209 ;
1242 4145 1406 4213 pater
1433 4143 1587 4214 apud
1618 4143 1952 4199 Theutones
1986 4144 2096 4215 pri-

521 4289 598 4359 (1)
629 4285 886 4359 Cerberti
918 4285 1155 4359 quidem
1185 4287 1242 4338 et
1272 4283 1575 4359 Adelboldi
1607 4283 1858 4357 legimus
1880 4285 2098 4358 scripta

453 4355 984 4431 geometricagapu’d
1018 4355 1266 4431 Pe_zi_u_m_
1295 4357 1563 4431 _anecdot.
1609 4355 1790 4431 thlI,
1825 4363 1974 4429 part.
1998 4355 2095 4426 'm,

541 4432 598 4496 6,
617 4435 685 4502 _et
714 4446 770 4502 p..
802 4426 992 4502 82'sq.
1027 4426 1335 4502 Adelboldi
1375 4432 1568 4484 autem
1606 4429 1689 4502 _de
1736 4426 2098 4502 quadratum

453 4499 654 4558 circuli
681 4499 1033 4572 opusculum
1062 4504 1151 4555 est
1171 4500 1324 4571 apud
1354 4516 1446 4555 me
1468 4516 1580 4556 ms.
1603 4499 1865 4572 Denique
1884 4501 2097 4556 Wazo-

2207 2989 2274 3044 Et
2321 2989 2538 3059 quibus
2587 2989 2703 3045 nisi
2755 2989 2897 3059 illis,
2947 2990 3258 3047 Germania
3305 2991 3496 3062 debet,
3550 2993 3706 3064 quod
3741 2993 3858 3048 sibi

2207 3093 2342 3132 cum
2365 3081 2574 3132 cuncto
2597 3078 2735 3133 orbe
2756 3079 2884 3151 ipsa
2905 3078 3147 3134 exsolvit
3185 3080 3477 3136 tributum
3515 3079 3682 3137 Italia
3700 3081 3730 3137 ‘I
3754 3082 3862 3137 Per

2208 3183 2356 3237 quos
2380 3164 2526 3220 alios
2563 3167 2745 3221 nostri
2788 3165 3166 3238 imperatores
3207 3167 3454 3223 Romani
3477 3168 3690 3241 sceptri
3719 3170 3866 3226 facti

2209 3259 2345 3310 sunt
2392 3253 2812 3311 successores?
2857 3254 3077 3310 Vellem
3129 3255 3274 3310 mihi
3324 3257 3547 3313 diceres
3593 3274 3625 3314 ο
3676 3259 3866 3327 Maro,

2209 3343 2347 3414 quid
2379 3342 2495 3398 tale
2523 3342 2770 3398 contulit
2799 3348 2988 3399 vestro
3019 3344 3178 3400 Latio
3219 3343 3317 3399 ille
3362 3349 3522 3412 tuus,
3572 3345 3669 3402 ille
3699 3349 3868 3418 pius,

2208 3431 2307 3488 ille
2330 3447 2600 3504 magnus,
2626 3431 2722 3486 ille
2744 3433 2853 3488 dea
2883 3435 3059 3488 natus
3079 3435 3308 3489 .Eneas.
3339 3439 3626 3506 Agnosce,
3661 3441 3873 3509 Augu-

2208 3526 2318 3588 ste,
2342 3524 2559 3592 quanto
2582 3519 2660 3574 sit
2683 3518 2836 3575 infra
2868 3524 3036 3576 tuum
3073 3538 3280 3594 genus,
3322 3521 3436 3594 piis
3474 3525 3532 3580 et
3557 3523 3869 3594 praeclaris

2207 3609 2524 3666 Octonibus
2549 3614 2973 3680 comparatum.
3009 3610 3120 3665 Sed
3143 3611 3266 3666 csto
3292 3610 3466 3666 fuerit
3489 3610 3625 3668 talis
3648 3613 3868 3671 Encas

2204 3697 2324 3763 ille,
2358 3697 2501 3768 quid
2529 3701 2632 3752 tua
2661 3697 2880 3753 refert?
2908 3699 2996 3753 Tu
3027 3698 3183 3754 enim
3228 3699 3470 3756 Eneam
3515 3701 3610 3756 vix
3665 3702 3863 3759 mille-

2205 3786 2393 3841 simus
2405 3785 2658 3857 attingas
2672 3787 3134 3857 nepos.Putasne
3149 3786 3330 3860 igitur
3343 3787 3634 3844 Octonum
3653 3806 3864 3862 nepos,

2203 3875 2252 3930 si
2275 3871 2510 3946 qualem
2535 3877 2598 3928 tu
2617 3873 2927 3946 Virgilium
2950 3875 3211 3941 haberet,
3253 3876 3354 3948 qui
3389 3893 3525 3932 eum
3557 3879 3866 3936 extolleret

2203 3980 2238 4018 a
2265 3961 2436 4018 laude
2469 3965 2798 4032 parentum,
2832 3967 3004 4035 putas
3053 3981 3124 4020 ne
3173 3967 3337 4022 tuam
3385 3965 3604 4021 famam
3636 3972 3863 4038 quanta

2203 4049 2390 4124 gloria
2417 4050 2780 4108 oﬂ‘uscaret?
2807 4056 2918 4109 etc.

2209 4287 2303 4343 nis
2324 4291 2450 4357 (seu
2475 4289 2775 4360 Wasonis)
2797 4286 2898 4360 qui
2926 4285 3037 4360 fuit
3057 4285 3371 4360 Francpnis
3394 4287 3750 4360 comtaneus,
3773 4301 3871 4360 e3-

2207 4355 2556 4432 statinotitia
2576 4355 3090 4432 iapudF‘ahricu-m
3125 4355 3283 4432 Bibl.
3301 4357 3452 4432 Lat,
3478 4357 3634 4432 med.
3659 4361 3718 4412 et
3737 4357 3873 4423 inf.,

2207 4434 2249 4484 t.
2285 4431 2374 4497 VI,
2408 4432 2546 4487 edit.
2571 4427 2772 4487 Patav.
2807 4445 2942 4485 cum
2979 4427 3189 4483 Mansii
3215 4427 3653 4484 additamentis.

458 4593 3876 4638 Μ

1831 4703 1984 4742 ANNO
2023 4703 2220 4744 DOIINI
2259 4704 2480 4744 Μικνιι.

1156 4818 1946 4984 BEATUS
2070 4817 3184 4984 MAURILIUS

1525 5033 2122 5090 ARCHIEPISCOPUS
2152 5033 2778 5092 ROTHOMAGENSIS.

1953 5136 2362 5150 _—

1466 5207 1754 5301 VITA
1823 5205 2192 5299 BEATI
2261 5204 2869 5302 MAURILII.

1280 5360 1543 5434 (MABILL.
1577 5362 1727 5416 Acta.
1759 5359 1854 5415 SS.
1888 5358 2121 5428 Bendd.,
2155 5361 2294 5412 Sasc.
2327 5357 2421 5424 VI,
2454 5359 2602 5429 part.
2641 5372 2702 5424 ιι,
2735 5369 2867 5427 pag.
2899 5355 3053 5423 222.)

539 5529 1769 5603 l.IIocpracsentisznculoRothomagensem
1793 5526 2108 5584 Ecclesiam
2139 5531 2186 5594 Β
2218 5526 2386 5582 rilius
2416 5527 2661 5580 antistes
2695 5524 3018 5597 piissimus,
3052 5524 3222 5595 cujus
3270 5522 3474 5578 laudes
3504 5519 3869 5578 nobilissimi

465 5616 875 5687 Lugdunensis
905 5618 1171 5674 secundae
1203 5618 1573 5690 metropolim
1605 5617 1919 5674 illustravit
1949 5617 2108 5673 Mau-

2216 5615 2436 5689 quique
2459 5616 2585 5687 ejus
2608 5613 2710 5672 aevi
2747 5613 3060 5686 scriptores
3101 5613 3471 5670 celebrarunt
3499 5629 3512 5681 ;
3550 5609 3758 5668 nullus
3789 5615 3872 5668 ta-
