3970 6218
117 277 281 348 13.77

1736 274 1957 345 VITA.‘

3391 288 3551 353 ηπ

118 430 281 481 men,
316 412 483 484 quod
518 410 756 484 quidem
789 411 995 479 sciam,
1024 410 1211 469 Vitam
1242 413 1370 484 ejus
1392 412 1601 469 litteris
1631 430 1791 470 man-
1822 411 1882 479 Α
1909 414 2216 471 educatum
2250 417 2432 473 fuisse
2487 435 2601 475 non
2659 418 2846 476 solum
2905 422 3256 477 recentiores
3288 421 3551 479 historici

123 500 309 567 davit.
341 499 470 557 Nec
497 500 700 559 obstat
719 500 1021 557 Trithemii
1056 499 1396 568 auctoritas,
1425 501 1525 573 qui
1556 502 1614 557 in
1646 518 1797 558 nova

121 589 409 651 Chronici
451 588 899 662 Hirsaugiensis
919 588 1283 661 Sangallensi
1316 588 1567 645 editione
1587 591 1659 645 ad
1688 608 1788 647 an-

123 695 268 737 num
293 677 445 736 1064
472 677 627 735 beati
658 676 915 734 Maurilii
939 681 1104 736 Gesta
1160 680 1473 750 conscripta
1525 695 1655 735 esse
1702 695 1789 734 re-

124 768 254 824 fert.
285 765 523 830 Quibus
562 765 758 822 verbis
809 764 957 822 nihil
997 764 1156 822 aliud
1188 766 1435 823 fortasse
1486 767 1793 838 designare

121 855 309 915 voluit
340 852 448 910 ille
479 856 699 923 auctor,
725 858 934 926 prater
949 853 1111 911 varia
1140 853 1329 926 elogia
1385 854 1637 912 Maurilii
1686 872 1789 912 no-

126 944 255 1010 stri,
288 942 518 1016 quain
570 942 747 1000 istius
790 942 1072 1015 temporis
1130 942 1513 1014 scriptoribus
1568 944 1790 1017 passim

126 1034 466 1092 occurrant.
490 1030 639 1088 Huic
668 1032 1012 1103 coniectura
1044 1031 1198 1088 favet
1253 1031 1378 1104 ipse
1432 1032 1789 1089 Trithemius

127 1122 189 1181 in
218 1120 407 1179 altera
425 1119 694 1192 ejusdem
715 1119 986 1177 Chronici
1007 1119 1278 1188 editione,
1312 1120 1413 1176 ubi
1445 1120 1594 1177 facta
1625 1121 1790 1178 Mau-

129 1208 242 1269 rilii
271 1208 518 1281 egregia
545 1209 864 1275 mentione,
892 1207 1014 1264 hac
1082 1208 1258 1264 verba
1313 1207 1658 1279 subjungit:
1714 1209 1792 1264 De

128 1300 282 1370 cujus
309 1300 512 1353 sancta
533 1298 942 1353 conversatione
960 1297 1230 1368 praecelsa
1291 1296 1521 1351 laudum
1571 1311 1787 1367 praco-

132 1390 229 1443 nia
263 1387 555 1457 feruntur.
579 1389 647 1440 Et
686 1384 836 1440 libro
886 1388 1094 1457 quarto
1156 1385 1231 1441 De
1278 1385 1419 1440 viris
1459 1383 1789 1442 illustribus

136 1475 355 1533 ordinis
383 1472 608 1530 nostris
624 1490 751 1546 cap.
791 1473 909 1527 ι20.
941 1472 1300 1530 Μαυνὶὶίαδ...
1335 1473 1401 1528 de
1450 1489 1555 1545 quo
1609 1474 1790 1531 multa

136 1565 273 1621 bona
295 1560 775 1621 narrantur.Sed
802 1563 859 1617 et
890 1560 1109 1618 frustra
1126 1561 1197 1617 de
1227 1560 1335 1617 hac
1365 1578 1425 1619 re
1456 1561 1645 1617 fusius
1668 1561 1786 1619 dis-

136 1668 416 1719 seremus,
449 1666 587 1707 cum
622 1648 875 1706 Maurilii
903 1649 1055 1717 Vita,
1088 1648 1137 1705 si
1171 1665 1430 1722 unquam
1476 1650 1782 1714 exstiterit,

1900 503 2489 575 scripserunt,verum
2512 508 2690 563 etiam
2714 509 2865 565 idem
2887 513 3201 565 attestatur
3216 526 3471 583 anonym
3482 528 3550 567 us

1900 596 2097 647 noster
2124 610 2302 665 supra
2332 594 2626 661 laudatus,
2658 612 2727 652 ex
2747 615 2861 669 quo
2884 598 3058 653 etiam
3103 598 3389 653 discimus
3410 616 3544 655 eum

1898 683 2030 749 post
2048 686 2319 737 navatam
2343 682 2721 756 philosophia
2744 684 3065 740 ediscenda
3091 686 3245 758 apud
3260 687 3539 742 Leodium

1898 769 2656 838 operam,Halberstatensis
2686 772 2952 828 Ecclesia
2985 773 3317 829 scholastici
3348 774 3541 847 digni-

1898 859 2075 911 tatem
2107 858 2449 917 obtinuisse.
2473 861 2583 916 Sed
2614 860 2733 916 hac
2751 862 2950 916 omnia
2972 861 3223 917 Maurilii
3252 862 3541 930 animum,

1897 945 1996 1016 qui
2049 947 2391 1017 perfectiora
2447 948 2804 1005 charismata
2859 948 3231 1017 amulantur,
3286 950 3543 1007 detinere

1896 1048 2012 1088 non
2044 1037 2376 1105 potuerunt.
2409 1035 2595 1099 Quare
2623 1035 2681 1091 in
2739 1036 3152 1093 Fiscamnense
3182 1038 3536 1105 cmncbium,

1897 1121 2010 1188 cui,
2042 1126 2109 1176 ut
2136 1123 2374 1194 quidem
2401 1124 2546 1179 mihi
2590 1125 2838 1193 videtur,
2883 1135 3126 1197 praerat
3155 1129 3297 1181 tunc
3326 1127 3535 1183 beatus

1899 1208 2531 1280 Willelmus,secessit;
2560 1229 2810 1284 cumque
2833 1212 3051 1269 multos
3085 1214 3162 1267 ibi
3193 1231 3379 1270 annos
3409 1231 3538 1270 exe-

1896 1298 2099 1369 gisset.
2132 1300 2369 1354 obtenta
2389 1300 2635 1355 exeundi
2658 1300 2986 1367 licentia,in
3015 1301 3239 1356 Italiam
3263 1301 3425 1368 abiit,
3442 1303 3540 1358 ubi

1898 1404 2032 1442 cum
2065 1387 2346 1442 Gerberto
2378 1404 2486 1443 suo
2538 1387 2716 1455 socio,
2777 1389 2874 1459 qui
2934 1390 3314 1461 postmodum
3361 1391 3543 1446 abbas

1893 1476 2079 1531 sancti
2112 1475 2535 1548 Wandregesili
2563 1477 2803 1531 ell‘ectus
2832 1481 2940 1543 est,
2966 1476 3429 1534 anachoreticam
3459 1479 3542 1531 vi-

1897 1568 2020 1619 tam
2052 1563 2562 1636 duxit.Utriusque
2580 1572 2845 1621 sanctam
2878 1564 2934 1619 in
2970 1564 3084 1621 illis
3116 1566 3378 1636 partibus
3409 1583 3546 1622 con-

1893 1651 2284 1707 versationem
2344 1652 2674 1724 magniticis
2705 1652 2894 1709 verbis
2946 1652 3171 1708 extollit
3196 1652 3545 1708 Guillelmus

131 1742 251 1813 jam
280 1738 454 1813 plane
484 1739 569 1795 sit
590 1738 807 1811 ignota.
840 1739 1029 1804 Quare
1052 1738 1228 1837 breve
1257 1738 1393 1837 ejus.
1434 1735 1786 1837 elogium,e_x
1816 1770 1865 1837 B
1896 1739 2300 1807 Pictaviensis,
2323 1746 2528 1797 auctor
2546 1740 2808 1813 aqualis,
2831 1741 2888 1795 in
2912 1740 3061 1796 libro
3081 1740 3162 1798 De
3184 1740 3364 1813 gestis
3385 1740 3546 1797 Guil-

138 1828 310 1886 variis
330 1828 433 1901 qui
454 1828 530 1884 de
551 1843 619 1883 eo
639 1829 887 1899 egerunt
905 1842 1010 1898 pro
1035 1826 1175 1882 data
1204 1826 1509 1882 occasione
1537 1827 1790 1883 auctori-

142 1919 268 1984 bus,
297 1933 402 1990 pro
435 1931 601 1973 more
629 1920 830 1972 nostro
861 1914 1263 1972 conficiemus.

206 2009 260 2062 2.
286 2004 628 2062 Maurilium
660 2004 858 2061 Remis
875 2007 1079 2060 natum
1110 2003 1460 2059 difﬁteretur
1489 2020 1682 2073 nemo,
1739 2004 1792 2061 si

146 2093 441 2151 Ordericus
467 2092 681 2149 Vitalis
709 2091 823 2148 sibi
851 2092 964 2164 ipsi
995 2091 1375 2149 constitisset.
1432 2092 1506 2148 At
1558 2108 1691 2148 cum
1722 2092 1793 2149 1i-

146 2182 241 2238 bro
272 2197 323 2238 Iv
353 2180 626 2239 Historia
658 2197 778 2236 sua
807 2178 1210 2236 ecclesiastica
1265 2180 1501 2236 beatum
1561 2180 1793 2238 antisti-

148 2273 256 2327 tem
286 2270 490 2327 Remis
520 2273 716 2326 ortum
747 2285 817 2324 ex
846 2268 1033 2340 ipsius
1049 2268 1343 2341 epitaphio
1364 2269 1793 2333 dixerit,aliun-

149 2358 324 2431 deque
347 2358 503 2416 libro
523 2375 558 2414 v
583 2357 884 2429 scripserit
904 2357 1175 2413 eumdem
1196 2373 1395 2428 genere
1413 2359 1792 2430 Maguntinum

154 2446 357 2504 fuisse:
386 2447 493 2519 qui
526 2445 901 2519 postmodum
925 2446 1109 2501 secuti
1134 2451 1275 2503 sunt
1295 2450 1564 2503 auctores
1602 2447 1792 2504 varias

155 2536 208 2591 in
236 2537 558 2593 sententias
577 2535 866 2593 abierunt.
890 2534 1057 2591 Viam
1082 2536 1338 2592 mediam
1381 2535 1511 2591 iniit
1566 2537 1789 2593 Menar-

153 2625 254 2681 dus
272 2629 472 2682 noster
492 2626 550 2681 in
566 2624 721 2681 notis
734 2624 805 2680 ad
829 2623 1303 2697 Martyrologium
1327 2625 1788 2693 Benedictinum,

155 2713 243 2769 ubi
276 2713 617 2770 Maurilium
641 2713 839 2771 Remis
868 2713 1109 2784 quidem
1139 2717 1346 2769 natum
1397 2714 1629 2777 fatetur,
1688 2714 1789 2770 sed

155 2818 219 2858 ex
244 2803 585 2874 parentibus
612 2801 971 2875 Maguntinis
997 2819 1009 2856 :
1046 2817 1221 2873 quam
1256 2801 1492 2873 quidem
1516 2802 1791 2859 dirimen-

156 2890 233 2946 da
260 2890 376 2947 litis
396 2891 687 2948 rationem
716 2889 884 2947 multi
914 2894 1047 2961 post
1076 2907 1144 2946 ea
1164 2889 1475 2961 amplexati
1504 2896 1790 2964 sunt.Ego

155 2994 274 3036 vero
297 2978 631 3036 deMaurilii
650 2979 991 3051 parentibus
1006 2977 1152 3034 nihil
1177 2978 1362 3036 habeo
1384 2980 1540 3051 quod
1572 2980 1786 3050 dicam,

157 3083 281 3124 cum
311 3070 381 3126 ad
409 3069 473 3124 id
505 3066 669 3123 nulla
699 3071 1015 3140 suppetant
1044 3067 1461 3137 instrumenta,
1496 3069 1607 3124 nisi
1624 3071 1789 3142 quod

1901 1828 2060 1883 lelmi
2090 1828 2278 1896 ducis,
2315 1833 2518 1900 postea
2546 1828 2768 1901 Anglia
2801 1830 2978 1901 regis,
3010 1829 3109 1883 ubi
3137 1829 3224 1885 sic
3254 1828 3547 1901 loquitur:

1901 1917 2065 1973 Ambo
2093 1918 2155 1972 hi
2182 1920 2240 1973 in
2269 1922 2434 1975 ac'tate
2462 1920 2850 1987 ﬂorentissima
2894 1918 3269 1985 divinitatem,
3300 1923 3352 1973 et
3383 1935 3550 1989 quam

1899 2006 2160 2062 divinitas
2189 2008 2429 2076 largitur
2477 2007 2867 2062 beatitudinem
2913 2007 3201 2077 speculati,
3258 2007 3371 2062 alio
3398 2008 3545 2062 mul-

1901 2103 2055 2167 toque
2072 2097 2459 2167 perspicaciori
2484 2098 2682 2151 mentis
2702 2097 2957 2150 acumine
2985 2112 3151 2165 quam
3180 2094 3366 2161 Plato,
3395 2096 3545 2150 nuda

1897 2186 2231 2255 professione
2259 2184 2643 2255 impedimenta
2672 2200 2856 2238 rerum
2893 2185 3282 2256 temporalium
3307 2200 3541 2249 evasere,

1900 2273 2234 2344 despicantes
2261 2274 2559 2329 mundanae
2578 2272 2939 2344 philosOphiaz
2970 2274 3268 2328 vehementi
3297 2273 3540 2345 applica-

1900 2363 2047 2417 tione
2074 2378 2109 2416 a
2141 2377 2201 2416 se
2227 2364 2412 2415 amata
2467 2362 2776 2431 gymnasia,
2807 2362 2981 2432 patrii
3018 2362 3125 2417 soli
3153 2362 3368 2416 dulcem
3394 2361 3544 2415 arri-

1897 2467 2041 2517 sum,
2074 2451 2263 2521 opibus
2294 2466 2357 2504 ac
2384 2451 2742 2517 generositate
2770 2450 2981 2505 claram
3007 2450 3370 2519 parentelam,
3397 2465 3546 2520 spem

1898 2539 2219 2594 sublimium
2245 2547 2611 2610 provectuum.
2671 2538 2761 2593 Sic
2816 2541 3008 2594 animo
3056 2540 3256 2595 victore
3284 2536 3542 2611 expediti,

1898 2644 2047 2683 nunc
2101 2627 2201 2682 sub
2248 2628 2385 2698 jugo
2432 2626 2823 2689 camobiorum,
2882 2643 3030 2681 nunc
3080 2629 3142 2681 in
3170 2627 3343 2680 eremi
3373 2626 3542 2692 lucta,

1897 2717 2119 2773 aemulis
2168 2714 2597 2771 Machabaaorum
2617 2738 2630 2749 ο
2665 2713 3014 2769 decertabant
3077 2714 3386 2782 sudoribus,
3443 2729 3544 2784 pro

1900 2804 2304 2860 interminabili
2330 2806 2379 2859 et
2412 2803 2744 2858 liberalitate
2787 2810 2838 2857 et
2865 2804 3068 2874 quiete,
3117 2816 3334 2857 omnem
3361 2803 3542 2856 extre-

1896 2894 2163 2960 mitatem,
2195 2892 2412 2946 nullam
2437 2890 2832 2963 prwlationem
2863 2892 2924 2946 in
2951 2891 3148 2946 exsilio
3176 2889 3373 2945 mundi
3396 2904 3546 2961 pra—

1895 2982 2162 3038 tereuntis
2189 2981 2507 3035 ambientes.

1970 3072 2022 3126 4.
2055 3071 2243 3126 Tanta
2269 3067 2519 3123 Maurilli
2549 3068 2734 3124 virtus
2764 3067 2991 3123 diutius
3032 3066 3143 3122 sub
3173 3066 3367 3122 modio
3397 3065 3544 3123 deli-

156 3173 281 3214 sum
299 3159 520 3229 generis
545 3136 835 3213 nobilitate
853 3155 1245 3228 pracelluisse
1262 3161 1529 3214 asserant
1556 3136 1789 3215 Guillel-
1819 3136 1862 3202 (ἶ
1900 3164 2123 3215 tescere
2154 3175 2269 3213 non
2302 3157 2510 3229 potuit.
2548 3156 2689 3211 llinc
2712 3161 2777 3211 ut
2806 3155 2937 3211 aliis
2967 3155 3142 3211 etiam
3176 3153 3338 3210 utilis
3368 3161 3544 3222 esset,

158 3261 279 3302 mus
307 3245 708 3311 Pictaviensis,
741 3248 800 3301 et
848 3245 1175 3302 monachus
1220 3262 1550 3318 anonymus
1606 3248 1793 3304 sancti

158 3335 409 3391 Audoeni
431 3333 1022 3407 Rotbomagensis,au
1033 3338 1159 3391 ctor
1184 3338 1493 3391 Gestorum
1520 3336 1796 3410 archiepi-

158 3439 455 3495 scoporum
489 3422 1049 3495 Rothomagensium
1068 3422 1177 3494 ipsi
1190 3423 1459 3481 Maurilio
1469 3425 1715 3497 aqualis
1726 3442 1794 3481 ex

159 3511 509 3584 autographo
539 3511 732 3568 editus
755 3515 909 3567 tonio
930 3515 980 3565 ll
996 3509 1434 3577 Analectorum,
1459 3512 1560 3584 qui
1590 3514 1794 3584 paucis

157 3599 339 3656 verbis
367 3598 644 3673 praeclara
670 3599 741 3655 de
768 3603 970 3655 sancto
1001 3598 1269 3655 Maurilio
1300 3599 1537 3671 scripsit
1562 3602 1621 3655 in
1665 3602 1793 3672 ejus

158 3686 287 3743 Vita
316 3687 685 3760 compendio.
717 3687 823 3743 Hic
851 3692 1069 3755 autem,
1104 3688 1273 3758 cujus
1312 3687 1506 3744 locum
1548 3688 1793 3745 inferius

160 3773 441 3850 integrum
470 3776 1133 3844 eahibebimus,diserte
1190 3776 1403 3833 asserit
1456 3777 1793 3835 Maurilium

165 3865 331 3921 nobili
359 3865 634 3939 prosapia
662 3881 731 3922 ex
752 3865 1022 3923 Remensi
1058 3882 1207 3938 pago
1271 3870 1537 3923 exortum
1591 3867 1791 3924 fuisse.

162 3949 313 4010 Certe
336 3955 698 4026 huncipsum
730 3953 927 4012 Remis
947 3958 1152 4011 natum
1203 3955 1403 4027 negari
1458 3972 1572 4012 non
1625 3973 1798 4029 posse

160 4040 433 4110 existimo,
468 4060 602 4100 cum
635 4044 690 4099 id
724 4044 778 4098 in
805 4041 1102 4115 epitaphio
1135 4043 1403 4114 sepulcro
1434 4044 1562 4114 ejus
1618 4062 1796 4119 appo-

161 4128 261 4185 sito
289 4131 526 4189 disertis
552 4148 894 4204 expressum
927 4132 1119 4188 verbis
1149 4130 1457 4188 habeatur.
1490 4132 1651 4195 Quod
1673 4135 1799 4206 qui-

161 4215 278 4274 dem
307 4220 675 4294 epitaphium
703 4236 819 4277 non
851 4222 923 4277 ab
957 4219 1199 4276 homine
1230 4219 1454 4292 ignoto,
1484 4226 1588 4277 aut
1618 4220 1794 4296 longo

164 4310 283 4375 post
308 4309 460 4365 beati
490 4308 772 4366 antistitis
802 4307 1027 4365 obitum
1084 4312 1347 4381 tempore
1403 4310 1795 4381 compositum

166 4390 384 4464 fuigsed
406 4415 440 4454 a
456 4397 577 4455 viro
604 4396 1335 4470 illustri,Rothomsgensis
1355 4396 1618 4455 Ecclesia
1631 4415 1802 4457 cano-

1898 3246 2256 3303 monasterio
2287 3245 2520 3301 cuidam
2555 3245 2613 3300 in
2634 3246 2837 3301 eadem
2860 3244 3093 3316 regione
3114 3244 3418 3315 praefectus
3439 3249 3547 3299 est.

1902 3338 2027 3403 Qua
2057 3336 2114 3391 in
2141 3334 2520 3407 dignitate,ut
2549 3333 2759 3389 asserit
2790 3333 2944 3388 idem
2975 3331 3348 3398 Guillelmus,
3379 3327 3552 3403 supra

1900 3430 2125 3482 caeteros
2151 3425 2371 3479 abbatcs
2399 3424 2639 3478 eximius
2670 3422 2913 3477 emicuit.
2970 3421 3412 3486 Monasterium,
3454 3422 3546 3475 cui

1902 3512 2210 3569 Maurilius
2222 3510 2537 3582 prafuit,in
2555 3510 2683 3581 ipsa
2700 3510 2843 3564 urbe
2855 3507 3146 3564 Florentia
3167 3508 3346 3561 situm
3366 3506 3549 3561 fuisse

1902 3601 2106 3671 scribit
2126 3599 2439 3655 Ordericus
2454 3598 2663 3653 Vitalis
2686 3597 2835 3652 libro
2855 3614 2916 3660 v,
2943 3597 3045 3652 sed
3074 3611 3286 3651 nomen
3306 3595 3436 3665 ejus
3451 3610 3549 3649 ex-

1902 3690 2103 3763 primit
2122 3692 2321 3744 nostcr
2343 3703 2695 3758 anonymus,
2744 3685 2843 3757 qui
2877 3685 3054 3740 etiam
3086 3683 3289 3739 laudat
3317 3682 3546 3739 Bonil‘a-

1892 3779 2059 3835 cium
2090 3776 2510 3843 marchionem,
2564 3790 2679 3849 quo
2729 3777 2937 3846 agente
2985 3771 3289 3829 Maurilius
3318 3771 3551 3828 abbatis

1904 3867 2247 3940 dignitatem
2279 3864 2555 3935 suscepit.
2615 3865 2904 3931 Defuncto,
2952 3861 3164 3933 inquit,
3197 3861 3391 3916 abbate
3421 3861 3548 3919 Flo-

1904 3942 2233 4014 rentinensis
2263 3954 2549 4019 Ecclesiae,
2582 3968 2705 4024 quae
2737 3954 2793 4006 in
2834 3951 3037 4006 honore
3067 3950 3230 4005 beatae
3260 3948 3546 4005 Mariam"

1904 4049 2209 4103 constructa
2253 4048 2350 4111 est,
2394 4044 2553 4114 elegit
2598 4058 2726 4097 eum
2777 4038 3015 4095 Marchio
3062 4039 3398 4108 Bonifacius,
3432 4041 3545 4092 etc.

1905 4131 2323 4192 Monasterium
2353 4132 2576 4187 Sancta
2599 4129 2814 4198 Maria,
2846 4127 3021 4199 vulgo
3053 4126 3313 4194 Labadia,
3343 4124 3548 4181 hodie-

1906 4240 2019 4295 que
2059 4224 2391 4294 perseverat
2444 4219 2667 4276 celebre
2711 4217 2865 4291 apud
2924 4215 3299 4283 Florentiam,
3357 4214 3547 4271 ordini

1907 4315 2104 4368 nostro
2125 4309 2566 4375 addictum,sub
2592 4305 2897 4363 Casinensi
2917 4304 3549 4379 congregatione,haud

1906 4398 2109 4473 procul
2164 4415 2198 4454 a
2253 4395 2705 4469 metropolitana
2758 4394 3005 4452 ecclesia
3061 4394 3264 4459 situm,
3321 4394 3392 4449 de
3434 4410 3550 4464 quo

163 4479 297 4550 nico,
325 4489 390 4541 ut
418 4503 596 4559 super
639 4485 826 4559 ipsius
876 4502 1093 4558 corpus
1142 4490 1482 4558 poneretur,
1541 4488 1795 4560 ipsomet
1824 4500 1869 4567 ι)
1900 4486 2179 4559 Ughellus
2202 4485 2380 4542 Italia
2401 4502 2579 4541 sacra
2596 4489 2758 4540 tomo
2783 4484 2850 4551 II,
2878 4486 2936 4539 et
2958 4482 3221 4538 Lubinus
3251 4482 3308 4537 in
3330 4480 3549 4536 Notitia

164 4570 458 4631 attestante
487 4574 760 4632 Orderico
790 4573 986 4630 Vitali.
1014 4574 1188 4631 Porro
1218 4574 1529 4632 Ordericus
1578 4574 1727 4631 libro
1758 4592 1794 4631 ν

162 4657 477 4720 Maurilium
508 4678 720 4737 genere
748 4663 1157 4736 Moguntinum
1189 4663 1437 4720 fortasse
1465 4662 1792 4736 dixit,quod

164 4742 459 4808 Gerbertus
487 4753 613 4823 ejus
643 4751 840 4809 socius
872 4752 1180 4825 Ioguntia
1211 4756 1375 4809 ortus
1405 4751 1600 4818 fuerit,
1633 4756 1699 4808 ut
1725 4769 1795 4809 ex

162 4833 280 4903 ejus
298 4839 591 4913 epitaphio
620 4845 802 4913 patet,
833 4839 920 4898 vel
953 4842 1128 4897 etiam
1160 4841 1315 4913 quod
1339 4840 1681 4913 aliquandiu
1731 4842 1793 4897 in

163 4920 485 4996 lognntina
514 4930 811 5003 provincia
858 4935 1255 4987 commoratus
1312 4931 1439 5002 ipse
1490 4929 1794 4987 Maurilius

151 5006 343 5069 tuerit.
375 5016 493 5075 Hoc
512 5019 669 5076 enim
692 5023 861 5092 pacto
891 5020 1047 5075 idem
1078 5023 1280 5076 auctor
1308 5020 1595 5076 Joannem
1618 5020 1795 5076 abba-

165 5098 271 5155 tem
298 5103 791 5176 Fiscamnensem,
834 5124 1009 5180 quem
1060 5107 1274 5163 Italum
1334 5108 1515 5166 fuisse
1558 5126 1628 5165 ex
1664 5109 1798 5164 Vita

167 5182 309 5245 beati
338 5191 636 5255 Guillelmi
667 5201 891 5254 certum
937 5200 1027 5251 est
1078 5198 1498 5268 compatriotam
1544 5197 1796 5254 Maurilii

166 5279 335 5335 nostri
364 5284 641 5356 appellat,
672 5285 826 5357 quod
845 5289 905 5341 et
926 5284 1052 5357 ipse
1080 5284 1385 5343 Maurilius
1408 5285 1470 5342 in
1504 5286 1672 5343 Italia
1696 5286 1800 5343 ali-

164 5367 409 5503 ?uandtiu
440 5377 723 5441 versatus,
754 5373 951 5445 ibique
981 5372 1210 5429 abbatis
1257 5388 1503 5431 munere
1562 5374 1796 5431 functus

188 5464 333 5503 mssa
363 5499 375 5503 _

188 5458 375 5515 uisset.

229 5539 280 5602 8.
311 5543 465 5617 Inter
491 5548 792 5613 Remensi:
834 5546 1106 5609 Ecclesia
1160 5546 1403 5612 clericos
1457 5552 1795 5614 Maurilium

1902 4575 2273 4632 abbatiarum
2306 4572 2482 4630 Italia
2505 4574 2908 4629 disserunt.At
2935 4575 3075 4626 tunc
3095 4574 3285 4637 erant,
3316 4569 3549 4641 quando

1902 4666 1955 4719 ei
1984 4663 2296 4736 prafectus
2322 4666 2415 4719 est
2443 4660 2773 4727 Maurilius,
2823 4659 2953 4729 ejus
2984 4657 3095 4714 loci
3126 4657 3546 4713 monachorum

1901 4751 2159 4824 corrupti
2182 4766 2394 4818 mores,
2422 4750 2520 4821 qui
2543 4765 2610 4805 eo
2630 4748 2932 4804 devenisse
2952 4747 3247 4813 dicuntur,
3275 4749 3340 4801 ut
3360 4745 3549 4800 sancti

1899 4840 2007 4896 viri
2038 4838 2362 4911 disciplina
2389 4839 2668 4893 fervorem
2692 4836 2840 4891 ferre
2857 4851 2971 4889 non
2993 4833 3254 4889 valentes
3276 4832 3550 4889 eumdem

1905 4944 2124 4986 veneno
2172 4942 2414 4983 enecare
2468 4925 2661 4982 conati
2719 4924 2956 4979 fuerint.
3017 4922 3147 4978 Hac
3180 4921 3294 4979 fuit
3324 4919 3551 4977 occasio

1903 5015 2172 5074 Maurilio
2201 5014 2261 5069 in
2293 5013 2510 5069 Gallias
2542 5010 2848 5080 redeundi,
2911 5014 2976 5065 ut
3007 5013 3208 5064 narrat
3235 5008 3547 5065 Ordericus

1905 5109 1967 5163 In
1995 5105 2149 5169 urbe,
2181 5104 2392 5176 inquit,
2424 5103 2705 5160 Florentia
2732 5099 3034 5155 monachili
3060 5098 3302 5154 cmnobio
3341 5098 3553 5154 abbatis

1897 5197 2026 5269 jure
2050 5195 2299 5267 prefuit,
2356 5201 2407 5250 et
2459 5206 2651 5248 exosus
2707 5187 3197 5259 transgressoribus
3236 5203 3340 5260 pro
3368 5189 3553 5256 rigore

1905 5284 2238 5355 disciplina,
2267 5298 2533 5338 venenum
2562 5281 2624 5335 in
2651 5284 2779 5351 potu
2807 5276 2917 5331 sibi
2940 5276 3231 5348 propinata
3259 5275 3550 5349 deprchen-

1906 5373 2004 5429 dit.
2045 5372 2191 5430 Unde
2213 5373 2615 5429 sanctissimum
2663 5370 2902 5431 Patrem,
2950 5366 3328 5436 doctoremque
3380 5370 3548 5421 Bene-

1905 5463 2110 5519 dictum
2130 5466 2343 5519 secutus
2368 5458 2766 5532 incorrigibiles
2785 5457 3053 5522 deseruit,
3085 5459 3137 5512 et
3162 5456 3219 5511 in
3244 5456 3553 5513 Neustriam

1904 5565 2030 5613 cum
2064 5549 2317 5614 Gerberto
2345 5552 2584 5631 sapienti
2611 5553 2663 5611 et
2690 5546 2946 5620 religioso
2999 5544 3286 5617 monacho,
3318 5548 3554 5626 tempore
