3970 6218
437 283 465 341 i
477 282 593 342 3'79

1430 284 1500 342 Β.
1549 283 1905 345 MAURILII
1961 279 2324 346 ARCHIEP.
2369 285 2830 349 ROTHOMAG.

3675 284 3833 350 i380

435 417 662 472 Joannis
710 417 920 469 abbatis
969 417 1332 484 compatriotw
1389 417 1478 468 sui
1536 417 1864 470 Fiscannum
1912 417 2074 482 venit,
2105 415 2161 481 Α
2191 420 2456 486 appetiit;
2485 420 2668 490 sicque
2697 421 3077 474 Fiscamnense
3132 420 3437 476 coenobium
3472 418 3684 488 adiens,
3713 437 3832 478 mc-

436 507 618 575 ibique
667 503 916 558 stabilem
942 501 1012 556 ad
1040 503 1250 556 cultum
1277 518 1502 557 summae
1529 507 1579 558 et
1622 504 1924 560 indiuiduae
1960 506 2078 560 Tri-

433 595 626 648 nilalis
655 591 1048 645 habitationem
1100 591 1209 644 sibi
1261 591 1439 660 elegit.
1491 591 1703 646 Eadem
1754 593 1872 647 fere
1903 591 2079 648 habet

435 695 783 750 anonymus.

501 771 556 824 5.
591 768 845 839 [tegebat
869 767 964 823 his
995 769 1354 840 temporibus
1387 767 1703 824 Ecclesiam
1759 769 2077 825 Rothoma-

432 872 672 929 gensem
705 855 1020 926 Malgerius
1049 855 1549 928 archiepiscopus.
1582 857 1878 912 Guillelmi
1909 857 2078 914 ducis

433 945 802 1018 patruus,qui
836 945 908 1000 ob
941 946 1099 999 varia
1127 944 1376 1000 crimina
1394 944 1450 999 in
1473 946 1720 1001 concilio
1745 946 2074 1002 Lexoviensi

433 1052 584 1090 anno
619 1035 758 1090 4055
787 1037 1194 1089 exauctoratus
1253 1038 1359 1089 est.
1409 1035 1524 1090 Nec
1555 1035 1654 1090 diu
1687 1034 2073 1090 deliberatum

433 1125 543 1178 fuit
563 1125 632 1178 de
653 1139 986 1178 successore
1013 1122 1064 1177 ei
1090 1122 1518 1179 substituendo.
1538 1123 1844 1178 Maurilius
1867 1140 2075 1196 nempe

430 1214 695 1268 omnium
727 1216 846 1266 tam
869 1211 1277 1282 episcoporum
1310 1212 2072 1283 comprovincialum,quam

431 1301 628 1356 vicarii
661 1299 818 1356 sedis
859 1298 1186 1370 apostolica:
1237 1299 1335 1372 qui
1395 1299 1640 1354 concilio
1699 1305 1957 1371 praeerat,
2016 1304 2073 1354 et

430 1391 740 1462 ipsiusmet
770 1388 936 1442 ducis
967 1405 1253 1442 consensu
1287 1388 1358 1442 ad
1392 1387 1541 1442 hanc
1571 1387 1912 1459 dignitatem
1944 1403 2072 1443 eve-

429 1483 687 1546 ctusest;
712 1477 794 1532 sic
807 1494 874 1532 ca
893 1479 962 1531 de
993 1476 1325 1546 reloquitur
1345 1475 1693 1530 Guillelmus
1717 1475 2072 1532 Pictavensis

431 1569 553 1623 loco
577 1569 702 1634 jam
733 1565 1284 1634 laudato.Princeps,
1319 1581 1526 1635 nempe
1548 1563 1897 1618 Guillelmus
1928 1565 2066 1631 dux,

429 1655 864 1712 animadvertens
883 1656 1006 1725 jam
1034 1669 1140 1707 non
1171 1653 1392 1707 monitis
1422 1654 1516 1719 agi
1543 1657 1787 1723 oportere
1816 1655 1873 1707 in
1905 1670 2070 1708 causa

427 1748 726 1820 praecipuae
775 1743 1080 1814 gravitatis,
1135 1757 1203 1795 ne
1257 1742 1404 1796 ultra
1435 1741 1688 1812 patiendo
1724 1744 1950 1813 superni
1962 1745 2069 1814 ju-

427 1837 563 1890 dicis
585 1837 728 1888 iram
751 1833 993 1886 irritaret
1019 1831 1078 1884 in
1099 1845 1172 1894 se,
1207 1828 1453 1899 deposuit
1479 1837 1741 1900 patruum
1769 1833 1830 1884 in
1854 1832 2074 1900 publica

426 1928 629 1980 sancta:
657 1920 872 1993 synodi,
931 1917 1218 1984 apostolici
1275 1919 1498 1983 vicario,
1557 1921 1874 1990 cunctisque
1915 1921 2072 1974 Nort-

432 2014 673 2068 manniae
729 2009 990 2079 episcopis
1036 2007 1206 2075 juxta
1233 2022 1506 2060 canonum
1535 2009 1913 2062 auctoritatem
1950 2024 2072 2063 sen-

429 2105 657 2157 tentiam
685 2095 940 2152 dantibus
993 2096 1253 2150 unanimi
1279 2111 1560 2150 consensu.
1595 2097 1920 2151 Maurilium
1947 2113 2074 2151 vero

427 2190 700 2245 cathedrw
753 2185 1003 2239 liberatae
1055 2183 1384 2254 providit....
1443 2184 1826 2252 dignissimum
1864 2200 2074 2240 summo

428 2281 673 2334 omni-um
725 2272 1203 2343 archiprwsulatu,
1260 2276 1453 2327 merito
1509 2275 1745 2340 generis,
1801 2289 2070 2344 personae,

426 2357 710 2426 virtutum,
743 2363 1037 2417 docirina’.
1063 2361 1366 2416 Consentit
1391 2360 1741 2416 Guillelmus
1763 2362 2076 2417 Gemmeti-

426 2455 616 2508 censis
648 2450 793 2506 libro
824 2450 1072 2520 septimo
1103 2449 1365 2504 Historia:
1397 2449 1900 2504 Nortmannorum
1942 2467 2069 2522 cap.

426 2543 514 2604 24,
551 2541 644 2594 ubi
703 2539 904 2610 synodi
933 2539 1137 2592 decreto
1197 2539 1675 2608 metropolitanum
1703 2541 1880 2594 sedem
1909 2544 2073 2596 Mau-

427 2633 556 2686 rilio
588 2630 940 2683 Fiscannensi
992 2625 1276 2695 monacho,
1335 2629 1527 2681 multis
1567 2629 1862 2682 virtutibus
1889 2630 2073 2684 excel-

429 2720 566 2774 lenti
619 2718 894 2773 traditam
929 2715 1107 2770 fuisse
1139 2716 1361 2770 scribit.
1412 2717 1789 2771 Ecclesiastica
1817 2718 2075 2772 electione

425 2816 763 2878 assumptum
793 2805 972 2859 tuisse
1004 2805 1075 2859 ad
1105 2804 1256 2860 hanc
1295 2804 1640 2876 dignitatem
1673 2805 1940 2859 observat
1969 2806 2071 2861 Or-

429 2897 660 2951 rlericus
681 2894 827 2950 libro
849 2893 1169 2964 v.Denique
1187 2893 1309 2964 ipse
1331 2891 1682 2948 Guillelmus
1704 2893 1873 2948 morti
1889 2894 2075 2966 proxi-

430 3002 582 3048 mus,
633 2983 787 3056 apud
827 2981 1164 3038 0rdericum
1219 2981 1365 3036 libro
1397 2998 1496 3050 vn,
1529 2999 1597 3038 ea
1622 2983 1819 3038 omnia
1849 2999 1978 3054 quae
2013 2984 2070 3040 in

427 3089 671 3131 suorum
691 3071 1037 3144 populorum
1061 3070 1306 3142 gratiam
1329 3075 1486 3126 recte
1509 3071 1721 3126 fecerat
1742 3089 2070 3138 recensens,

431 3166 716 3218 memorat
746 3159 998 3215 Maurilii
1056 3159 1432 3214 electionem:
1482 3163 1823 3226 Protervum,
1856 3161 2068 3233 inquit,

425 3252 740 3323 prmsulcm,
773 3250 868 3320 qui
892 3264 992 3303 nec
1022 3249 1125 3302 Deo
1153 3248 1392 3312 devotus,
1450 3265 1549 3303 nec
1575 3249 1719 3303 mihi
1763 3250 1903 3319 ﬁdus
1931 3253 2068 3318 erat,

427 3342 494 3396 de
520 3339 826 3412 pontiﬁcali
875 3336 998 3391 sede
1051 3352 1150 3408 per
1203 3337 1476 3391 decretum
1527 3352 1692 3408 papae
1746 3337 1988 3409 deposui,
2023 3343 2072 3394 et

431 3430 774 3484 Maurilium
802 3427 1166 3481 venerabilem
1197 3425 1538 3491 cirnobitam,
1578 3442 1735 3497 quem
1765 3427 1906 3481 mihi
1933 3429 2072 3482 Deus

427 3519 492 3574 de
523 3519 796 3573 Florentia
825 3517 1044 3570 civitate
1087 3515 1263 3570 Italia
1295 3517 1696 3578 transmiserat,
1722 3517 1779 3570 in
1810 3517 1928 3586 ejus
1961 3517 2072 3571 loco

428 3604 1241 3675 substitui.Rothomagensem
1263 3603 1541 3658 thronum
1557 3604 1896 3658 conscendit
1917 3603 2074 3659 Mau-

430 3695 594 3751 rilius
623 3711 775 3750 anno
844 3694 1004 3758 1055,
1035 3697 1099 3746 ut
1127 3709 1196 3746 ex
1244 3691 1488 3746 concilio
1531 3692 1862 3748 Lexoviensi
1896 3711 2074 3766 supra

427 3785 662 3839 laudato
693 3782 1172 3853 colligitur.ldem
1201 3780 1448 3835 habetur
1470 3780 1528 3834 in
1556 3780 1839 3836 Chronico
1859 3781 2072 3837 Rotho-

432 3872 691 3942 magcnsi
730 3871 882 3944 apud
919 3870 1213 3925 Labbeum
1245 3874 1402 3925 tomo
1435 3871 1454 3924 Ι
1487 3870 1654 3924 Novae
1690 3869 2069 3938 bibliothecae,

427 3967 482 4017 et
519 3963 574 4016 in
606 3961 887 4016 Chronico
917 3959 1260 4016 Cadomensi
1324 3959 1478 4030 apud
1538 3960 1961 4022 Quercetanum
2013 3958 2073 4013 in

431 4049 682 4106 Historia
705 4049 1220 4104 Nortmannorum.
1255 4047 1370 4102 Nec
1401 4063 1469 4102 ea
1498 4047 1568 4102 de
1601 4064 1660 4102 re
1689 4047 1920 4102 videtur
1946 4062 2074 4102 esse

431 4140 581 4194 inter
641 4141 905 4193 auctores
935 4136 1132 4208 aliqua
1178 4135 1468 4192 dissensio
1495 4152 1508 4202 ;
1538 4135 1638 4206 qui
1665 4135 1839 4190 etiam
1871 4152 2076 4190 omnes

429 4245 562 4283 eum
591 4244 658 4280 cx
687 4224 969 4279 monacho
1002 4223 1377 4280 Fiscannensi
1411 4223 1482 4278 ad
1542 4223 1692 4278 hanc
1730 4223 2074 4296 dignitatem

429 4319 694 4370 evectum
728 4313 909 4369 fuisse
939 4313 1335 4368 consentiunt.
1942 4333 1947 4338 ·

501 4407 554 4458 6.
590 4403 700 4458 Sed
726 4402 1070 4475 priusquam
1098 4400 1341 4458 ulterius
1365 4402 1419 4455 in
1440 4400 1799 4472 exponendis
1823 4400 2076 4456 Maurilii

433 4493 625 4550 Gestis
684 4491 1148 4564 progrediamur,
1209 4489 1606 4544 exhibendum
1663 4494 1752 4544 est
1792 4491 1921 4560 ejus
1949 4489 2076 4545 vita:

433 4581 846 4654 compendium
868 4597 935 4636 ex
957 4595 1248 4648 anonymo
1297 4595 1448 4650 saepe
1469 4576 1704 4633 laudato
1737 4579 2075 4636 monasterii

435 4670 620 4727 sancti
636 4668 891 4725 Audoeni
905 4669 963 4722 in
979 4668 1158 4739 gestis
1177 4666 1746 4738 archiepiscoporum
1773 4667 2080 4723 Rothoma-

435 4761 707 4833 gensium
739 4757 840 4830 qui
860 4757 945 4813 sic
961 4756 1136 4812 habet
1155 4755 1560 4810 Analectorum
1585 4759 1740 4810 tomo
1766 4756 1834 4819 ΙΙ,
1859 4773 1916 4828 p.
1939 4757 2074 4812 439:

434 4849 688 4918 Malgerio
743 4847 1018 4914 destituto,
1069 4846 1232 4913 elegit
1261 4844 1376 4898 dua:
1434 4843 1758 4898 Wiltelmus
1789 4845 2076 4915 quemdam

436 4937 782 5005 monachum,
833 4937 1055 4990 nomine
1109 4933 1449 4997 Maurilium,
1500 4935 1596 5004 qui
1622 4933 1800 4987 nobili
1827 4936 2083 5006 prosapia

436 5043 506 5082 ac
538 5027 786 5081 Remensi
827 5039 973 5096 pago
1003 5031 1246 5091 exortus,
1278 5031 1329 5078 et
1357 5038 1427 5075 "in
1457 5021 1697 5092 ejusdem
1726 5023 1965 5077 civitatis
1991 5039 2082 5078 ec-

436 5119 602 5171 clesia
658 5115 936 5177 educatus,
995 5113 1126 5168 inde
1180 5113 1239 5166 in
1287 5111 1598 5166 Leodicensi
1651 5111 1887 5166 Ecclesia
1933 5113 2086 5167 omni

439 5205 757 5260 liberali-um
811 5203 1016 5258 artium
1071 5202 1272 5273 peritia
1346 5199 1609 5270 imbutus,
1662 5201 2084 5258 Halvertatensis

439 5293 694 5347 Ecclesia:
711 5291 1062 5346 scholasticus
1083 5291 1303 5362 eﬂectus
1321 5297 1399 5345 est
1418 5307 1437 5343 :
1467 5291 1566 5362 qui
1594 5289 1740 5345 locus
1763 5292 1823 5344 in
1844 5289 2086 5346 Saxonia

441 5379 745 5434 ditissimus
776 5379 1028 5444 habetur,
1086 5380 1148 5432 in
1177 5395 1282 5450 quo
1306 5378 1566 5450 pluribus
1595 5379 1760 5433 annis
1792 5377 2088 5450 honoriﬁce

438 5466 607 5522 vixit.
642 5465 835 5520 Postea
891 5481 1022 5522 vero
1049 5481 1338 5522 succensus
1391 5483 1580 5522 amore
1609 5467 1836 5523 caelestis
1863 5470 2083 5540 patriae,

445 5554 614 5614 uncta
641 5567 760 5628 quas
787 5552 985 5611 mundi
1029 5558 1157 5614 sunt
1178 5555 1494 5640 fastidiens,
1534 5557 1891 5614 monasticam
1920 5558 2084 5616 vitam

2191 507 2398 560 nachus
2429 506 2513 561 ibi
2537 507 2755 578 effectus
2784 510 2879 573 est,
2913 511 2974 562 in
3033 523 3136 580 quo
3162 517 3348 565 sancte
3391 509 3566 565 multo
3595 517 3835 582 tempore

2186 595 2347 660 vixit,
2379 596 2693 666 ceterisque
2720 595 3032 666 exemplum
3071 597 3384 653 sanctitatis
3420 597 3692 654 exhibuit.
3722 597 3834 654 De-

2185 683 2352 752 nique
2382 684 2509 753 igne
2535 684 2714 738 divini
2742 687 2948 740 amoris
3005 694 3331 754 emtuans,
3363 687 3635 742 acriorem
3657 688 3839 742 vitam

2149 771 2412 840 'eligens,
2470 773 2694 828 licentia
2749 773 2817 828 ab
2871 773 3082 842 abbate,
3137 777 3234 848 qui
3281 775 3518 832 ecclesia
3567 782 3839 847 praeerat,

2185 869 2420 930 accepta,
2452 861 2673 915 Italiam
2725 863 2926 932 petiit;
2955 864 3228 934 eremique
3278 861 3480 930 cultor,
3525 863 3845 919 solitariam

2185 949 2354 1003 vitam
2401 948 2619 1016 ducens,
2651 965 2810 1020 opere
2840 964 3106 1006 manuum
3141 952 3302 1006 vixit.
3337 951 3598 1021 Defuncto
3647 952 3844 1022 itaque

2183 1038 2376 1093 abbate
2403 1039 2838 1094 Florentinensis
2868 1039 3140 1106 Ecclesia,
3169 1055 3290 1110 qua
3320 1041 3381 1094 in
3429 1039 3628 1095 honore
3657 1040 3845 1094 beatae

2182 1125 2374 1182 Μανία»
2426 1142 2640 1196 semper
2695 1129 2930 1195 virginis
2985 1131 3288 1183 constructa
3343 1135 3444 1195 est,
3500 1128 3662 1199 elegit
3703 1142 3846 1183 eum

2182 1213 2426 1269 marchio
2454 1216 2797 1284 Bonefacius,
2855 1218 2942 1270 vir
2965 1216 3170 1271 nobilis
3227 1221 3280 1270 et
3303 1217 3712 1288 potentissimus
3732 1232 3756 1268 :
3793 1218 3847 1270 et

2181 1304 2278 1368 ita,
2311 1303 2438 1358 licet
2466 1304 2689 1369 invitus,
2726 1303 2986 1358 bonorum
3015 1312 3197 1358 tamen
3227 1307 3472 1360 virorum
3499 1305 3847 1361 admonitio-

2179 1392 2343 1445 nibus
2367 1399 2674 1462 superatus,
2731 1391 2896 1446 abbas
2951 1393 3198 1458 eiusdem
3229 1391 3334 1446 loci
3387 1393 3678 1448 ordinatus
3705 1395 3847 1452 est:

2177 1479 2272 1534 ubi
2308 1480 2479 1533 multo
2509 1487 2742 1550 tempore
2792 1479 3037 1535 subditos
3065 1496 3165 1552 pro
3231 1496 3386 1552 posse
3434 1496 3532 1535 suo
3559 1484 3756 1536 sancte
3789 1489 3848 1535 et

2177 1567 2506 1637 regulariter
2532 1569 2694 1622 rexit.
2731 1567 2830 1623 Sed
2887 1569 3019 1638 quia
3072 1571 3186 1623 vita
3222 1569 3495 1640 justorum
3540 1578 3617 1623 est
3655 1568 3847 1622 detri-

2176 1660 2422 1710 mentum
2444 1658 2824 1727 pessimorum,
2854 1655 3112 1711 monachi
3137 1658 3236 1728 qui
3264 1664 3501 1727 tempore
3526 1655 3844 1727 predeces-

2104 1779 2152 1844 B
2180 1746 2320 1800 seris
2347 1745 2440 1798 sui
2469 1743 2881 1814 indisciplinate
2909 1745 3184 1811 vixerant,
3213 1745 3583 1799 constantiam
3621 1745 3850 1815 regulae

2183 1833 2367 1888 Patris
2396 1833 2696 1898 Benedicti,
2727 1848 2833 1903 qua
2881 1847 2970 1887 eos
3015 1833 3344 1902 regulariter
3405 1834 3843 1899 constrinxerat,

2181 1923 2330 1992 ferre
2360 1922 2622 1986 nolentes,
2653 1919 2744 1976 sed
2776 1923 2836 1974 in
2861 1921 3112 1976 omnibus
3144 1921 3297 1976 bonis
3322 1921 3574 1992 operibus
3600 1921 3710 1976 sibi
3742 1937 3845 1978 re-

2180 2012 2445 2076 sistentes,
2504 2009 2884 2064 detrimentum
2937 2011 3069 2066 vita
3123 2011 3175 2064 ei
3230 2010 3532 2065 machinati
3581 2018 3726 2065 sunt.
3763 2011 3841 2065 Et

2182 2101 2315 2169 quia
2341 2098 2592 2169 pluribus
2620 2099 2785 2152 annis
2813 2100 2875 2152 in
2903 2099 3000 2153 hoc
3029 2098 3310 2167 laborans,
3340 2097 3656 2154 nullomodo
3682 2112 3743 2153 se
3777 2100 3846 2153 in

2181 2190 2258 2242 eis
2286 2187 2423 2242 vidit
2443 2187 2900 2258 pro/icere,saluti
2924 2188 3168 2258 propriae
3193 2187 3531 2258 prospiciens
3547 2185 3845 2242 abbatiam

2179 2276 2432 2343 deseruit,
2461 2283 2513 2330 et
2539 2274 2608 2330 ad
2653 2276 2937 2346 proprium
2979 2275 3178 2341 locum,
3210 2275 3417 2330 scilicet
3445 2275 3838 2343 Fiscamnum,

2181 2365 2368 2430 rediit,
2398 2365 2459 2418 in
2487 2380 2590 2435 quo
2616 2371 2821 2430 sancte,
2855 2379 3130 2435 usquequo
3181 2365 3242 2417 in
3270 2365 3581 2434 episcopatu
3611 2362 3840 2418 inthro-

2180 2455 2400 2507 nizatus
2427 2457 2524 2518 est,
2558 2454 2718 2507 vixit.
2750 2451 2850 2506 Hic
2885 2453 3173 2508 ecclesiam
3200 2468 3234 2506 a
3282 2451 3529 2508 Rotberto
3557 2451 3841 2523 archiepi-

2180 2559 2335 2612 scopo
2363 2543 2649 2614 inctrptam
2677 2541 3002 2613 complevit;
3033 2549 3084 2596 et
3113 2544 3326 2595 astante
3364 2540 3630 2595 Willelmo
3661 2542 3838 2595 Nort-

2181 2647 2510 2686 mannorum
2529 2631 2685 2693 duce,
2715 2633 2900 2702 postea
2940 2631 3243 2700 Anglorum
3272 2644 3548 2699 rege,cum
3574 2628 3842 2684 omnibus

2179 2721 2544 2790 su/fraganeis
2573 2718 3007 2783 suis,concilium
3037 2718 3098 2771 in
3127 2717 3542 2787 Rothomagensi
3592 2715 3840 2770 Ecclesia

2181 2809 2247 2863 de
2273 2809 2522 2863 castitate
2547 2807 2934 2873 conservanda,
2983 2814 3037 2861 et
3077 2807 3292 2861 caeteris
3346 2807 3660 2860 sanctorum
3712 2803 3840 2859 Pa-

2179 2899 2330 2951 trum
2357 2896 2811 2960 institutionibus,
2865 2897 3152 2966 pastorum
3205 2895 3430 2948 incuria
3484 2892 3840 2962 negligenter

2177 2987 2506 3058 postpositis,
2541 2985 2780 3039 viriliter
2823 2982 3196 3048 restituendis,
3226 2983 3483 3052 religiose
3509 2980 3838 3036 celebravit.

2182 3078 2371 3131 Postea
2396 3075 2641 3144 per/ecta
2665 3071 2908 3138 ecclesia,
2968 3069 3234 3126 dedicavit
3274 3086 3416 3140 eam,
3446 3071 3660 3126 astante
3697 3069 3840 3124 Wil-

2102 3145 2144 3210 C
2183 3165 2343 3218 lelmo
2399 3163 2862 3217 Nortmannorum
2913 3159 3066 3224 duce,
3127 3174 3274 3213 anno
3305 3159 3462 3214 1063.
3522 3158 3843 3214 Dominicw

2180 3252 2600 3315 Incarnationis,
2655 3253 2919 3318 regnante
2979 3249 3210 3303 Henrico
3283 3247 3623 3302 nobilissimo
3701 3260 3842 3316 rege

2180 3343 2533 3404 Francorum,
2565 3337 2874 3392 astantibus
2917 3338 3084 3390 etiam
3126 3333 3676 3406 comprovincialibus
3707 3335 3839 3404 epi-

2180 3432 2372 3501 scopis,
2405 3428 2611 3482 scilicet
2670 3425 2850 3480 Odone
2906 3425 3206 3496 Bajocensi,
3244 3425 3449 3480 Joanne
3476 3421 3841 3490 Abrincensz,

2183 3520 2401 3589 llugone
2474 3516 2820 3580 Lemoviensi,
2878 3513 3170 3570 Guillelmo
3239 3511 3594 3570 Ebroacensi.
3656 3510 3843 3566 Yvone

2179 3608 2459 3675 Sagiensi,
2491 3603 2752 3675 Gaufrido
2789 3601 3275 3667 Constantiniensi,
3307 3600 3636 3670 exterisque
3662 3614 3834 3654 vene-

2180 3697 2450 3751 rabilibus
2481 3693 2790 3759 abbatibus,
2815 3689 3143 3763 prasidente
3171 3691 3340 3744 etiam
3367 3687 3484 3744 sedi
3512 3687 3840 3760 apostolica

2181 3801 2323 3856 papa
2383 3785 2586 3838 Victore
2640 3782 2706 3836 II.
2768 3780 2954 3836 Multa
3007 3781 3175 3834 etiam
3206 3779 3346 3833 bona
3373 3775 3441 3831 de
3496 3775 3838 3832 Christianae

2183 3875 2316 3944 legis
2342 3880 2392 3926 et
2421 3869 2800 3926 ecclesiasticae
2827 3867 3110 3937 religionis
3139 3866 3482 3922 restitutione
3534 3865 3682 3936 fecit.
3741 3865 3834 3920 Je-

2173 3963 2354 4035 juniis
2413 3968 2465 4015 et
2509 3957 2851 4015 orationibus
2903 3964 2954 4012 et
3006 3956 3332 4027 elemosynis
3378 3968 3550 4026 usque
3593 3953 3665 4009 ad
3693 3953 3832 4008 ulti-

2181 4067 2334 4106 mum
2363 4049 2509 4104 diem
2563 4049 2841 4113 insistens,
2871 4062 2909 4100 v
2966 4043 3088 4100 Idus
3145 4044 3374 4114 Augusti
3420 4044 3670 4098 animum
3718 4044 3838 4097 Deo

2183 4138 2441 4194 reddidit.
2475 4137 2735 4207 Defuncto
2765 4133 3070 4189 venerabili
3096 4132 3345 4187 antistite
3397 4130 3654 4186 Maurilio
3679 4143 3834 4202 pree-

2182 4232 2332 4301 fatus
2367 4222 3018 4289 Willelmus,etc.Narrat
3032 4236 3362 4292 anonymus
3374 4220 3550 4276 Gesta
3562 4218 3838 4287 Joannis,

2186 4317 2287 4391 qui
2317 4317 2483 4372 beato
2512 4314 2635 4369 viro
2665 4310 3020 4368 substitutus
3051 4309 3282 4365 est.Nos
3299 4323 3434 4364 vero
3461 4307 3652 4381 ipsius
3669 4305 3838 4363 Mau-

2185 4406 2297 4463 rilii
2329 4403 2585 4475 elogium
2615 4417 2684 4456 ex
2712 4399 2844 4455 aliis
2875 4397 3238 4465 auctoribus,
3269 4397 3356 4453 uti
3380 4397 3838 4469 incmperamus,

2109 4509 2156 4572 ι)
2187 4506 2634 4570 prosequamur.

2253 4588 2308 4638 ‘7.
2341 4584 2550 4637 Factus
2581 4580 2780 4650 itaque
2802 4577 2983 4632 totius
3009 4575 3402 4632 Nortmanniaa
3426 4573 3658 4648 primus
3679 4572 3841 4630 anti—

2189 4668 2482 4738 stes,nihil
2506 4666 2693 4739 magis
2717 4665 2778 4720 in
2795 4665 2993 4720 animo
3008 4663 3232 4732 habuit,
3265 4679 3444 4736 quam
3469 4667 3536 4718 ut
3561 4663 3842 4720 decesso-

2188 4761 2270 4816 ris
2292 4758 2385 4814 sui
2401 4757 2616 4830 probra
2635 4753 2903 4820 dilueret,
2937 4756 2995 4808 et
3022 4752 3329 4809 resarciret
3357 4752 3576 4808 damna
3595 4767 3728 4824 que
3745 4749 3842 4824 ip-

2189 4849 2315 4904 sius
2335 4844 2694 4918 negligentia
2715 4841 2978 4898 Ecclesia
2999 4840 3167 4897 illata
3189 4839 3523 4897 fuerant.Ea
3551 4839 3626 4894 de
3655 4854 3845 4896 causa

2191 4938 2379 5010 primo
2401 4935 2491 4990 sui
2515 4932 2887 5006 pontiﬁcatus
2911 4947 3066 4987 anno
3095 4929 3406 4986 concilium
3425 4927 3658 4995 indixit,
3680 4928 3846 5000 quod

2192 5023 2542 5094 Rothomagi
2567 5021 2833 5077 habitum
2855 5019 3115 5076 est.Huic
3131 5019 3368 5075 adfuere
3387 5031 3594 5073 omnes
3611 5015 3850 5088 provin-

2191 5115 2290 5171 cia:
2321 5113 2600 5186 episcopi,
2636 5115 2810 5182 atque
2865 5110 2926 5164 in
2961 5125 3050 5180 eo,
3081 5113 3148 5164 ut
3175 5107 3378 5165 scribit
3406 5103 3736 5174 Bochellus,
3791 5109 3850 5162 et

2192 5205 2428 5278 quidem
2459 5201 2518 5258 id
2542 5202 2736 5274 ipsum
2757 5197 2935 5254 habet
2957 5201 3158 5254 noster
3177 5198 3734 5270 anonymus,actum
3754 5197 3853 5251 est

2191 5293 2256 5350 de
2285 5294 2556 5359 castitate,
2615 5293 2666 5344 et
2695 5289 2903 5344 caeteris
2960 5290 3194 5342 Patrum
3239 5287 3508 5342 institutis
3534 5283 3846 5354 servandis,

2191 5386 2473 5456 pastorum
2504 5379 2725 5434 incuria
2752 5377 3027 5448 neglectis.
3087 5373 3348 5431 Alterum
3377 5373 3697 5452 concilium
3727 5372 3849 5430 ibi-

2197 5473 2330 5529 dem
2361 5470 2629 5526 habitum
2660 5470 2948 5522 memorat
3000 5464 3280 5521 Dadrmus
3337 5463 3526 5538 primo
3558 5461 3846 5537 Stephani

2198 5577 2360 5642 papa:
2392 5557 2478 5624 ΙΧ,
2493 5573 2668 5632 anno,
2701 5555 2760 5616 id
2813 5558 2903 5615 est
2931 5569 3084 5614 anno
3117 5554 3256 5614 1057
3287 5557 3390 5616 aut
3415 5552 3712 5637 sequenti.
3739 5554 3847 5620 Co-
