3970 6218
148 294 309 358 1381

1756 292 1963 355 νιΤΑ.

3407 297 3560 361 1382

149 428 377 484 lebrior
397 426 510 482 fuit
531 426 793 499 synodus
816 443 916 480 seu
942 425 1134 497 potius
1149 430 1465 481 conventus
1488 427 1806 480 Cadomen-
1840 428 1894 492 Α
1923 428 2101 481 cedem
2135 443 2359 481 sacram
2392 427 2673 483 translata
2706 428 2905 491 fuisse,
2942 428 3038 499 qui
3074 429 3565 504 priorem,nempe

146 517 258 585 sis,
285 514 382 573 cui
416 532 529 571 non
567 514 756 571 solum
812 513 1069 586 episcopi
1119 518 1174 569 et
1205 515 1463 581 abbates,
1498 516 1596 569 sed
1630 516 1805 570 etiam
1914 532 2081 587 prepe
2108 526 2359 571 austrum
2406 516 2675 587 australe,
2709 516 3084 572 Guillelmum
3134 536 3267 574 vero
3296 536 3448 575 secus
3474 538 3563 576 os-

146 605 335 662 totius
352 604 661 676 provinciae
681 603 1180 675 optimatesjussu
1204 600 1497 657 Guillelmi
1524 603 1689 657 ducis
1720 603 1805 656 in-

148 693 486 751 terfuerunt
516 709 669 747 anno
703 692 832 745 1061
873 694 937 744 ut
978 689 1219 761 publicae
1253 690 1551 745 securitati
1593 689 1807 745 utilita-

148 784 314 855 tique
335 785 464 836 tum
489 779 892 835 ecclesiasticae
916 785 1041 835 tum
1068 779 1329 833 saeculari
1348 780 1647 835 communi
1673 796 1807 835 con-

153 869 286 927 silio
318 868 743 941 provideretur.
790 867 911 922 Huc
943 868 1116 923 etiam
1168 884 1234 922 ex
1265 867 1507 923 diversis
1548 868 1810 924 ecclesiis

156 975 335 1015 sacrae
355 957 616 1029 reliquim
632 960 949 1030 apportata:
970 956 1280 1025 suntjuxta
1292 957 1323 1010 d
1337 956 1547 1011 ucisim
1558 956 1676 1028 peri
1686 975 1717 1011 u
1729 973 1780 1011 m
1791 1000 1805 1022 ,

154 1048 331 1119 idque
360 1050 428 1101 ut
457 1047 646 1116 major
665 1062 731 1101 ex
761 1045 1040 1118 religione
1062 1044 1366 1100 celebritas
1391 1044 1698 1100 conventui
1723 1061 1810 1099 ac-

159 1137 407 1201 cederet,
442 1134 889 1207 religiosiusque
920 1135 1149 1190 decreta
1193 1149 1227 1188 a
1266 1132 1514 1203 singulis
1540 1134 1808 1189 observa-

157 1228 517 1296 rentur,quaa
539 1222 598 1278 in
622 1226 957 1278 sanctorum
978 1221 1284 1295 provincia:
1305 1221 1646 1277 tutelarium
1667 1239 1809 1294 prae-

167 1312 352 1369 sentia
384 1312 612 1367 sancita
644 1311 910 1367 fuissent.
941 1311 1439 1382 Rothomagcnses
1472 1316 1811 1365 sanctorum

164 1400 408 1458 Romani
446 1404 506 1456 et
532 1401 793 1455 Audeoni
846 1416 1107 1472 corpora,
1160 1398 1255 1453 alii
1300 1398 1443 1454 alias
1475 1403 1811 1454 sanctorum

170 1489 424 1546 detulere
455 1488 754 1560 reliquias.
785 1489 959 1544 Porro
1010 1488 1087 1544 ibi
1138 1487 1433 1543 indultum
1474 1493 1563 1543 est
1592 1506 1623 1543 a
1656 1489 1811 1560 prin-

170 1579 384 1651 eipe,ut
416 1577 663 1633 inducite
683 1577 1215 1637 euilibetdarentur
1230 1575 1479 1648 singulis
1497 1577 1812 1631 hebdoma-

170 1667 336 1723 dibus
365 1683 400 1722 a
430 1682 675 1739 vespera
705 1666 856 1721 ferite
906 1670 1127 1736 quartae
1154 1666 1220 1720 ad
1270 1664 1473 1719 feriam
1496 1665 1813 1720 secundam

169 1755 545 1856 hebdomade:
569 1754 889 1856 sequentis,
915 1769 1042 1856 quae
1090 1753 1682 1856 induciten'l‘revia-Dei
1712 1771 1811 1826 ap-
1846 1792 1891 1856 Β

164 1842 383 1916 pellataa
416 1843 694 1897 fuerunt:
725 1842 879 1914 quod
913 1844 1208 1897 decretum
1245 1846 1308 1895 ut
1340 1842 1568 1897 firmius
1609 1846 1807 1909 staret,

167 1930 416 2004 episcopi
442 1931 503 1985 in
523 1929 745 1985 violatae
774 1930 933 2002 pacis
969 1946 1097 1985 reos
1136 1929 1447 1985 anathema
1469 1931 1807 2001 pronuntia-

167 2023 315 2075 runt.
352 2020 514 2075 Inter
538 2016 658 2075 ulia
692 2018 897 2083 multa,
944 2035 1192 2090 quorum
1227 2018 1540 2073 maximam
1586 2024 1808 2090 partem

169 2107 406 2164 abolevit
439 2111 772 2179 temporum
797 2106 1328 2178 injuria,sancitum
1360 2111 1446 2161 est
1476 2112 1540 2161 ut
1570 2107 1809 2163 abbates

167 2200 219 2252 et
245 2195 337 2252 alii
373 2195 598 2269 prmlati
636 2197 742 2251 huc
766 2196 1005 2267 illucque
1036 2212 1145 2251 non
1190 2204 1522 2266 vagarentur
1548 2213 1673 2251 cum
1700 2214 1810 2269 pu-

168 2284 297 2340 blica
324 2284 817 2357 offensioneltem,
840 2292 898 2339 ut
925 2286 1164 2356 quotidie
1192 2300 1307 2339 sero
1346 2301 1447 2356 per
1490 2287 1639 2353 signi
1681 2287 1809 2357 pul-

164 2390 278 2428 sum
304 2373 371 2428 ad
386 2388 579 2445 preces
610 2374 713 2429 Deo
732 2373 1043 2444 fundendus
1065 2375 1289 2444 quisque
1334 2374 1687 2432 invitaretur.
1732 2382 1810 2429 at-

169 2478 262 2533 que
288 2464 520 2518 occlusis
549 2463 759 2533 foribus
807 2462 1090 2516 domorum
1138 2462 1290 2516 ultra
1340 2463 1532 2530 vagari
1570 2464 1812 2534 amplius

165 2553 379 2606 vetitum
401 2568 433 2605 a
445 2550 816 2606 dmoneretur.

230 2642 280 2695 8.
313 2639 483 2695 Haud
516 2640 712 2694 minus
737 2638 960 2694 celebre
985 2638 1094 2693 fuit
1116 2637 1428 2693 concilium
1464 2639 1809 2712 Rothomagi

168 2727 421 2783 habitum
454 2729 525 2783 ad
550 2728 936 2783 dedicandam
961 2728 1241 2797 majorem
1276 2727 1600 2795 ecclesiam,
1634 2745 1811 2800 quam

167 2816 283 2888 ipse
313 2816 621 2873 Maurilius
654 2816 1086 2872 absolverat.Ea
1116 2817 1186 2871 de
1217 2833 1275 2870 re
1306 2817 1389 2871 sic
1420 2815 1679 2888 loquitur
1710 2818 1810 2872 Or-

172 2906 391 2962 dericus
418 2905 638 2962 Vitalis
668 2905 814 2960 libro
843 2923 879 2960 v
904 2922 917 2960 :
952 2907 1128 2972 Anno,
1161 2904 1373 2976 inquit,
1396 2904 1699 2963 Dominicm
1730 2908 1811 2961 In-

173 2997 504 3051 carnationis
537 2994 696 3059 1063,
732 2994 1026 3050 indictione
1057 3011 1116 3064 ιι,
1159 2994 1639 3065 metropolitanum
1670 2995 1810 3049 basi-

174 3082 328 3138 licam
358 3085 418 3139 in
441 3085 580 3138 urbe
612 3083 1210 3157 Rothomagensi,quam
1245 3082 1560 3137 Rotdbertus
1589 3082 1813 3139 inchoa-

1916 605 2055 657 tium
2088 605 2413 676 aquilonare
2441 606 2749 665 tumulavit.
2783 615 2833 661 et
2861 608 3139 677 epitaphia
3170 624 3360 662 eorum
3399 625 3566 680 super

1918 692 2040 746 illos
2072 694 2268 749 litteris
2298 696 2481 749 aureis
2530 694 2826 750 adnotavit.
2880 694 3009 749 Hzec
3060 696 3358 768 epitaphia
3388 700 3564 756 refert

1917 781 2392 853 Ordericus,qua:
2425 782 2672 837 Maurilii
2707 801 2855 855 opus
2886 800 3011 839 esse
3029 784 3295 840 nonnulli
3331 792 3557 857 putant.

1919 870 2179 926 Sufficiat
2211 870 2434 942 aliquot
2481 887 2548 927 ex
2577 873 2659 927 eis
2689 889 2894 928 versus
2926 872 3037 927 huc
3070 875 3326 944 proferre
3354 876 3455 946 qui
3488 876 3558 931 ad

1921 957 2103 1012 nostri
2136 959 2672 1014 ordinishistoriam
2690 961 3147 1032 pertinent.lnde
3179 962 3335 1016 enim
3382 963 3558 1018 disci-

1917 1062 2051 1101 mus
2082 1046 2458 1102 Guillelmum
2493 1048 2573 1103 ita
2610 1066 2746 1119 erga
2797 1051 3184 1105 monasticam
3217 1051 3395 1105 vitam
3427 1070 3556 1125 pro-

1919 1151 2166 1206 pensum
2199 1134 2397 1203 fuisse,
2436 1141 2502 1191 ut
2532 1153 2657 1191 eam
2691 1137 2872 1192 fuisse
2903 1139 3205 1209 amplexus
3236 1140 3293 1194 in
3329 1158 3560 1197 monas-

1920 1223 2064 1277 terio
2095 1224 2500 1291 Gemeticensi,
2536 1226 2582 1280 si
2616 1226 2665 1280 ei
2698 1243 2798 1297 per
2837 1227 3104 1282 abbatem
3154 1229 3465 1286 Martinum
3498 1231 3559 1287 li-

1921 1310 2159 1366 cuisset.

2138 1400 2453 1454 Camobium
2484 1402 2707 1472 pulchre
2736 1406 3007 1469 reparavit
3040 1404 3456 1464 Cennneticcnse

2209 1493 2273 1544 Et
2302 1489 2538 1545 decrevit
2568 1491 2646 1544 ibi
2674 1492 2817 1559 ferre
2848 1493 3035 1561 iugum
3067 1495 3337 1549 monachi.

2136 1578 2377 1631 Fcrvidis
2408 1580 2599 1633 invicti
2625 1580 2793 1633 coluit
2820 1595 3073 1635 normam
3102 1583 3396 1639 Benedicti.

2211 1665 2313 1719 Cui
2336 1668 2495 1736 petiit
2524 1668 2711 1736 subdi,
2742 1670 2937 1739 plenus
2966 1686 3150 1725 amore
3179 1671 3292 1726 Dei.

2136 1755 2361 1808 Distulit
2392 1754 2489 1809 hoc
2510 1756 2673 1810 abbas
2703 1758 3001 1823 Martinus,
3035 1758 3162 1813 diva
3191 1768 3427 1831 potestas

2206 1842 2361 1896 Sa’va
2382 1859 2481 1913 per
2510 1861 2667 1898 arma
2698 1846 2842 1898 mori
2864 1847 3120 1915 prmtulit
3150 1865 3313 1903 omen
3344 1854 3413 1905 ei.

1921 1929 2001 1984 De
2032 1929 2140 1985 hoc
2173 1928 2482 1985 Guillelmo
2501 1936 2555 1985 et
2576 1933 2703 2000 ejus
2728 1933 3029 1987 monastici
3051 1937 3329 2006 propositi
3353 1939 3569 2010 ample-

1922 2018 2111 2072 ctendi
2145 2018 2453 2085 desiderio,
2507 2018 2677 2091 plura
2726 2019 2897 2075 habet
2930 2021 3280 2079 Guillelmus
3312 2026 3565 2083 Gemeti-

1923 2106 2113 2160 censis
2146 2105 2491 2169 monachus,
2526 2124 2651 2178 quae
2684 2107 2796 2162 huc
2829 2109 3041 2164 referre
3074 2127 3187 2165 non
3219 2118 3400 2169 vacat.

1994 2195 2080 2249 10,
2113 2194 2397 2249 Caeterum
2429 2195 2627 2250 habita
2661 2201 2751 2251 est
2782 2197 2916 2252 item
2961 2199 3206 2256 celebris
3255 2202 3564 2261 Nortman-

1922 2284 2031 2337 nite
2063 2283 2467 2355 episcoporum
2502 2285 2759 2356 synodus
2792 2303 2943 2341 anno
2978 2287 3116 2341 l067
3147 2291 3448 2348 occasione
3490 2294 3569 2349 al-

1920 2372 2103 2426 terius
2135 2372 2537 2426 dedicationis.
2587 2372 2806 2427 scilicet
2853 2374 3106 2429 ecclesiar
3156 2378 3331 2432 beatae
3373 2380 3567 2436 Mariae

1921 2457 2358 2514 Gemcticens’is.
2394 2477 2569 2531 quam
2623 2461 2924 2517 Maurilius
2951 2480 3084 2517 cum
3133 2465 3257 2520 suis
3287 2468 3569 2542 suifraga-

1923 2549 2069 2610 neis,
2106 2554 2386 2619 praesente
2418 2549 2874 2619 Guillelmojam
2908 2557 3045 2606 tunc
3070 2554 3283 2625 Anglia:
3309 2561 3569 2629 rege,hu-

1922 2638 2132 2691 militcr
2150 2646 2200 2692 et
2231 2637 2410 2692 devote
2437 2641 2773 2709 perpetravit
2808 2640 3081 2695 Kalendis
3101 2641 3335 2711 Julii,ut
3359 2650 3572 2702 testan-

1924 2728 2018 2778 tur
2067 2724 2417 2780 Guillelmus
2466 2726 2885 2782 Gcmeticensis
2932 2729 3256 2787 monachus
3288 2732 3435 2789 libro
3463 2752 3566 2802 vu,

1922 2830 2047 2885 cap.
2083 2816 2174 2879 37,
2206 2814 2517 2869 0rdericus
2545 2815 2749 2871 Vitalis
2798 2816 2946 2872 libro
2999 2836 3053 2873 iv
3083 2823 3139 2873 et
3178 2819 3295 2875 alii.
3334 2823 3569 2879 Dedica-

1921 2901 2097 2957 tionis
2128 2901 2305 2973 hujus
2337 2903 2617 2958 memoria
2665 2904 2721 2959 in
2757 2905 3165 2979 Martyrologio
3198 2912 3572 2969 Benedictino

1924 2990 2255 3046 celebratur
2278 2991 2422 3064 ipsis
2449 2992 2725 3048 Kalendis
2746 2994 2910 3050 Julii.
2941 2997 3013 3051 At
3044 3013 3195 3052 anno
3227 3001 3573 3070 praecedenti

1927 3079 2104 3134 iidem
2136 3080 2431 3136 antistites
2464 3099 2597 3136 cum
2645 3082 2951 3153 provinciae
2983 3084 3333 3157 primatibus
3365 3105 3398 3143 a
3426 3090 3574 3147 duce

173 3173 265 3237 vit,
295 3154 615 3228 Maurilius
646 3171 1079 3244 archiepiscopus
1128 3173 1186 3225 in
1245 3170 1451 3227 honore
1488 3181 1690 3227 sancta:
1721 3175 1818 3228 Dei
1844 3153 1888 3221 (ἶ
1926 3168 2091 3224 acciti
2140 3170 2293 3241 apud
2340 3170 2714 3226 Juliobonnm
2767 3178 3175 3246 convenerant,
3226 3178 3295 3232 de
3342 3179 3573 3251 expedi-

176 3263 448 3329 genitricis
480 3262 673 3317 Maria?
692 3276 813 3315 cum
839 3263 1054 3332 ingenti
1083 3260 1323 3332 tripudio
1373 3277 1554 3316 mense
1605 3262 1821 3316 Octobri

175 3348 730 3405 dedicavitEcclesize
766 3348 1254 3420 Rothomagensis
1285 3349 1708 3404 dedicationem
1725 3368 1821 3421 pa-

177 3436 308 3493 riter
336 3454 489 3493 anno
527 3439 663 3492 1063
688 3436 1279 3511 consignatlaudatus
1302 3438 1819 3509 anonymus.Certe

176 3524 277 3582 hoc
303 3527 431 3598 ipso
464 3543 618 3581 anno
668 3526 821 3581 locat
871 3530 1069 3580 noster
1115 3526 1465 3599 Pomerayus
1507 3527 1817 3583 concilium

177 3616 659 3687 Rothomagense,
684 3615 754 3670 ad
787 3615 937 3687 quod
969 3613 1167 3670 referri
1198 3615 1403 3669 debere
1434 3620 1631 3670 censet
1660 3616 1815 3688 quod

176 3702 505 3759 Willelmus
550 3704 965 3760 Gemeticensis
1001 3710 1057 3758 et
1084 3703 1393 3759 0rdericus
1422 3703 1569 3759 libro
1604 3721 1660 3759 Ill
1689 3722 1817 3761 nar-

181 3797 303 3847 rant
333 3792 403 3848 de
433 3792 717 3857 Osbcrno,
770 3792 867 3863 qui
901 3798 1030 3865 post
1079 3792 1313 3847 Roberti
1364 3793 1590 3848 abbatis
1622 3794 1814 3849 deser-

173 3879 379 3936 tionem
415 3881 770 3936 monasterio
802 3880 1055 3936 Uticensi
1092 3882 1396 3953 praefectus
1438 3882 1568 3949 fuit,
1605 3883 1817 3938 tradita

175 3967 275 4023 sibi
308 3987 340 4025 a
370 3970 635 4026 Maurilio
668 3969 1104 4043 archiepiscopo
1136 3972 1389 4026 cambuta
1418 3971 1713 4044 pastorali.
1742 3977 1816 4028 At

172 4055 448 4115 Robertus
463 4058 747 4114 Uticensis
767 4060 946 4115 abbas
966 4060 1160 4131 fugam
1188 4060 1399 4116 inierat
1417 4062 1719 4117 occasione
1734 4062 1816 4116 di-

170 4147 501 4203 sensionum
535 4165 660 4221 quae
694 4148 845 4204 inter
872 4147 1249 4204 Guillelmum
1303 4152 1359 4204 et
1415 4150 1811 4206 Nortmanniaa

174 4226 427 4304 proceres
450 4237 684 4292 fuerant
713 4242 918 4293 exortae
954 4253 1100 4309 quas
1142 4237 1378 4309 quidem
1415 4237 1813 4295 dissensiones

176 4321 351 4379 fusius
382 4325 622 4398 exponit
651 4325 960 4381 0rdericus
992 4326 1062 4380 ad
1096 4343 1314 4381 annum
1352 4327 1507 4394 l063,
1534 4344 1661 4398 qua:
1695 4345 1814 4384 om-

177 4410 264 4467 nia
293 4413 434 4471 satis
468 4430 757 4487 superque
788 4415 1033 4487 probare
1072 4414 1343 4471 videnlur
1384 4416 1809 4473 dedicationem

176 4497 428 4557 Ecclesize
472 4502 962 4577 Rothomagensis
997 4520 1149 4559 anno
1179 4504 1318 4558 1063
1348 4505 1807 4577 consignandam
1844 4522 1890 4586 D

176 4600 312 4657 esse,
345 4592 616 4665 quamvis
650 4592 886 4648 indictio
914 4610 950 4648 Il
980 4594 1051 4647 ab
1080 4593 1349 4648 Orderico
1374 4593 1812 4665 assignataloco

172 4688 340 4748 supra
368 4677 608 4736 laudato
632 4698 851 4735 annum
872 4685 1210 4753 sequentem
1230 4680 1499 4735 videatur
1528 4681 1805 4739 indicare.

175 4763 374 4822 Verum
393 4785 524 4825 cum
550 4769 670 4824 hcec
688 4770 972 4825 dedicatio
992 4770 1084 4825 die
1114 4788 1129 4823 1
1165 4768 1448 4835 Octobris,
1468 4773 1531 4824 ut
1560 4787 1626 4825 ex
1658 4770 1810 4826 Mar-

175 4853 443 4929 tyrologio
476 4858 739 4928 ejusdem
780 4858 1049 4913 Ecclesia:
1100 4858 1403 4926 discimus,
1449 4863 1682 4931 peracta
1711 4860 1806 4927 sit,

175 4939 310 4999 forte
330 4944 425 5001 hic
441 4944 753 5002 0rdericus
778 4948 1154 5003 indietionem
1182 4964 1214 5003 a
1232 4962 1432 5002 mense
1461 4947 1807 5019 Septembri,

172 5031 233 5083 ut
264 5032 527 5088 nonnulli
556 5033 743 5090 facere
791 5035 1075 5101 solebant,
1131 5035 1443 5090 inchoavit.
1472 5037 1620 5092 Nam
1654 5037 1807 5093 idem

171 5114 286 5187 ipse
315 5126 520 5177 auctor
549 5122 660 5178 alio
690 5122 749 5178 in
781 5124 924 5191 loco,
958 5123 1106 5178 libro
1134 5122 1355 5179 scilicet
1389 5141 1460 5190 iV,
1495 5124 1808 5182 dedicatio-

172 5220 296 5263 nem
328 5210 815 5284 Rothomagensis
838 5212 1102 5267 Ecclesize
1130 5228 1280 5267 anno
1313 5212 1809 5281 4063,indictione

168 5306 207 5359 ι,
238 5302 530 5366 peractam
563 5298 746 5357 fuisse
780 5300 1000 5356 scribit.

232 5384 283 5437 9.
315 5389 492 5442 Porro
524 5388 677 5443 idem
711 5390 1018 5447 0rdericus
1067 5389 1216 5446 libro
1267 5406 1301 5446 v
1352 5395 1599 5446 testatur
1630 5392 1807 5464 hujus

168 5470 539 5531 dedicationis
568 5478 868 5534 occasione
900 5495 1141 5550 corpora
1196 5478 1414 5535 ducum
1460 5479 1720 5537 Rollonis
1751 5485 1808 5537 et

166 5556 469 5638 Guillelmi,
505 5571 889 5643 cognomento
921 5566 1330 5643 Langu-Spata,
1378 5585 1413 5629 a
1442 5568 1713 5629 Maurilio
1741 5570 1802 5631 in

1926 3258 2083 3313 tione
2105 3258 2425 3329 Anglicana
2454 3259 2794 3315 collocuturi
2819 3263 2947 3329 ;sed
2972 3281 3103 3318 cum
3128 3265 3417 3334 ejusmodi
3442 3284 3575 3323 con-

1927 3351 2134 3401 ventus
2168 3347 2359 3417 potius
2380 3348 2626 3402 comitia
2656 3350 2963 3419 provincia:
2982 3352 3230 3407 debeant
3269 3354 3571 3425 appellari,

1928 3451 2103 3505 quam
2136 3434 2399 3501 concilia,
2431 3436 2500 3489 de
2528 3435 2617 3489 his
2650 3436 2839 3491 dicere
2881 3440 3353 3509 supersedemus.
3384 3444 3445 3497 In
3477 3443 3574 3499 his

1926 3522 2081 3577 enim
2116 3540 2420 3594 procerum
2458 3523 2788 3594 colloquiis,
2823 3526 2893 3579 de
2922 3526 3299 3583 sacularibus
3331 3530 3571 3600 potissi-

1926 3627 2088 3666 mum
2122 3610 2369 3683 negotiis
2400 3612 2698 3682 agebatur,
2724 3619 3005 3684 quietune
3037 3617 3315 3688 temporis
3347 3618 3573 3691 absque

1924 3700 2329 3772 episcoporum
2355 3699 2938 3772 consilio,utquidem
2971 3705 3165 3777 magni
3193 3705 3572 3764 fuissentmo-

1925 3788 2128 3857 menti,
2161 3788 2402 3843 minime
2436 3789 2855 3845 tractabantur.

1994 3878 2080 3933 ll.
2116 3880 2333 3932 Verum
2363 3894 2430 3932 ex
2462 3882 2574 3932 tam
2614 3878 2899 3949 frequenti
2924 3881 3299 3938 conciliorum
3321 3885 3570 3941 celebra-

1921 3966 2079 4022 tione
2109 3965 2379 4039 colligere
2412 3965 2543 4022 licet
2576 3966 3353 4042 Mauriliumvigilantissimi
3378 3978 3569 4044 pasto-

1923 4055 2003 4111 ris
2035 4060 2226 4127 partes
2260 4059 2493 4110 strenue
2526 4055 3295 4131 adimplevisse,meritoque
3316 4061 3441 4130 ejus
3463 4063 3565 4117 aevi

1923 4145 2234 4216 scriptores
2265 4143 2630 4217 negligentia:
2663 4147 2943 4213 accusari,
2978 4146 3077 4219 qui
3110 4148 3414 4205 decretain
3435 4149 3567 4207 istis

1923 4234 2162 4305 synodis
2196 4226 2778 4306 sancita'posteritati
2802 4252 2913 4291 non
2935 4236 3570 4296 transfuderunt.Certe

1922 4327 2141 4395 quanta
2167 4323 2245 4378 sit
2270 4322 2393 4377 hare
2417 4325 2649 4393 jactura
2681 4325 2965 4395 conjicere
2996 4343 3314 4399 possumus
3337 4346 3403 4385 ex
3434 4347 3565 4402 pro-

1922 4411 2171 4467 fessione
2205 4411 2334 4466 fidei
2369 4412 2438 4467 de
2482 4411 2858 4468 Eucharistia:
2905 4421 3291 4482 sacramento,
3324 4434 3449 4488 quas
3493 4418 3564 4472 ad

1923 4516 2028 4555 nos
2060 4500 2336 4571 pervenit,
2371 4499 2425 4555 in
2460 4517 2575 4571 qua
2605 4505 2723 4556 tam
2756 4502 3053 4558 evidenter
3082 4508 3137 4559 et
3169 4503 3348 4560 nitide
3374 4505 3566 4561 catho-

1920 4586 2033 4643 lica
2062 4588 2273 4644 veritas
2304 4589 2633 4660 exponitur,
2668 4594 2731 4645 ut
2759 4589 2959 4645 nullus
2991 4592 3184 4664 eﬂ‘ugii
3204 4591 3365 4647 locus
3386 4593 3566 4650 biero-

1920 4675 2051 4730 ticis
2084 4675 2319 4731 relictus
2351 4674 2611 4731 sit.Hanc
2647 4678 2773 4732 ideo
2800 4679 3083 4750 integram
3119 4680 3565 4751 proferimus,ex

1919 4764 2093 4818 veteri
2127 4764 2457 4819 Pontiﬁcali'
2484 4764 2749 4820 Ecclesize.
2787 4766 3273 4841 Rothomagensis
3302 4787 3335 4823 a
3364 4776 3561 4827 nostro

1918 4852 2297 4924 Pommerayo
2330 4852 2765 4924 descriptam,in
2795 4870 2910 4924 quo
2933 4855 3085 4909 inter
3115 4854 3258 4911 alias
3290 4856 3564 4929 fideipro-

1920 4941 2202 4997 fessiones
2224 4940 2551 4996 habeturin
2584 4940 2785 4996 ordine
2808 4944 3013 5013 synodi
3048 4943 3559 5003 celebrandaMos

1919 5030 2072 5085 enim
2105 5028 2308 5084 exinde
2334 5029 2619 5095 fuit,utab
2652 5047 3004 5102 unoquoque
3027 5032 3296 5105 episcopo
3319 5034 3376 5089 in
3395 5035 3561 5092 Nort-

1920 5118 2167 5175 mannia:
2200 5117 2494 5189 provincia
2524 5120 2915 5173 consecrando
2955 5119 3078 5176 haec
3110 5121 3241 5176 fidei
3275 5125 3559 5195 professio

1918 5208 2261 5281 exigeretur.
2296 5208 2429 5272 Quae
2461 5206 2545 5261 sic
2594 5206 2807 5263 habet:
2856 5207 3073 5281 Oportet
3115 5212 3305 5278 etiam,
3357 5214 3560 5283 fratres

1916 5299 2247 5364 charissuni,
2278 5304 2337 5352 ut
2364 5296 2494 5368 ﬁdes
2524 5298 2702 5351 vestra
2730 5296 2796 5352 de
2822 5313 3042 5370 corpore
3069 5308 3119 5355 et
3146 5302 3418 5371 sanguine
3448 5307 3559 5358 Do-

1916 5390 2077 5455 mini,
2111 5404 2275 5459 quam
2303 5386 2631 5456 przcsitlente
2666 5385 2797 5442 huic
2823 5396 3029 5443 sanctae
3082 5388 3197 5444 sedi
3228 5390 3559 5446 venerabilis

1914 5479 2197 5535 memoria:
2226 5477 2499 5541 Maurilio,
2531 5478 2804 5532 communi
2831 5494 3056 5534 assensu
3083 5482 3271 5534 contra
3318 5482 3558 5552 spurcis-

1913 5569 2083 5628 simas
2110 5568 2436 5643 Berengariz'
2462 5568 2679 5645 ejusque
2704 5582 3074 5630 successorum
3098 5584 3246 5632 voces
3282 5569 3560 5649 difﬁnivi-
