3970 6218
406 280 430 334 ί
442 277 560 337 383

1403 277 1473 335 Β.
1523 274 1885 338 MAURILII
1931 276 2298 339 ARCHIEP.
2350 276 2807 340 ROTHOMAG.

3652 275 3809 341 1384

401 411 522 473 stis,
552 409 756 464 iterum
779 408 1056 464 recitetur.
1093 406 1260 462 Corde
1289 406 1559 461 credimus
1601 410 1651 461 et
1682 422 1781 461 ore
1823 406 2051 477 pro/ite-
2081 408 2135 474 Α
2164 409 2455 479 corrigere.
2490 408 2641 477 Quod
2668 410 2717 464 si
2747 409 2889 464 utile
2910 415 2962 464 et
2987 412 3170 464 ratum
3206 414 3303 466 tua
3327 408 3664 471 auctoritate
3684 423 3807 467 cen-

402 513 549 561 mur,
573 512 777 568 panem
805 498 865 550 in
892 511 1083 551 mensa
1130 495 1414 565 Dominica
1456 496 1819 566 propositum,
1846 510 2050 566 panem

399 584 771 640 tantummodo
802 599 913 638 esse
955 591 1082 637 ante
1133 584 1587 639 consecrationem
1611 601 1630 638 :
1677 583 1771 638 sed
1818 585 1878 638 in
1928 584 2050 655 ipsa

398 672 800 727 consecratione
856 671 1134 741 ine/Tabili
1181 673 1428 743 potentia
1472 672 1782 727 divinitatis
1809 674 2051 728 converti

400 763 661 815 naturam
679 762 730 814 et
756 759 1118 814 substantiam
1146 762 1309 830 panis
1340 762 1399 814 in
1426 768 1687 815 naturam
1715 764 1763 815 et
1793 760 2046 815 substan-

398 850 535 903 tiam
563 849 787 910 carnis;
817 850 1001 904 carnis
1032 864 1157 903 vero
1184 864 1296 902 non
1328 849 1521 914 ullius,
1554 849 1805 914 alterius,
1851 849 1946 904 sed
1971 850 2047 903 il-

398 938 507 993 lius
535 953 654 1008 qua
683 942 940 1008 concepta
968 936 1127 992 estde
1157 936 1370 1007 Spiritu
1410 946 1617 1003 sancto,
1665 940 1798 991 nata
1836 954 1904 992 ex
1934 936 2045 992 Ma-

396 1027 485 1083 ria
511 1027 889 1098 virgine,quse
916 1028 1084 1081 etiam
1108 1028 1332 1097 propter
1360 1041 1458 1081 nos
1488 1029 1538 1081 et
1562 1033 1786 1097 propter
1803 1030 2048 1082 nostram

395 1115 627 1169 salutem
656 1114 894 1183 flagellis
922 1128 1086 1178 caesa,
1122 1116 1170 1168 et
1202 1114 1262 1167 in
1293 1114 1451 1186 ligno
1481 1129 1761 1184 suspensa,
1785 1116 1966 1187 jacuit
1986 1116 2047 1169 in

394 1204 661 1274 sepulcro,
694 1203 858 1258 tertia
885 1201 976 1257 die
1003 1204 1307 1258 resurrexit
1337 1219 1372 1256 a
1397 1201 1650 1269 mortuis,
1691 1211 1744 1258 et
1784 1203 1928 1257 sedet
1975 1202 2047 1257 ad

394 1292 674 1346 dexteram
710 1291 809 1344 Dei
856 1292 1059 1344 Patris.
1110 1289 1387 1345 Similiter
1432 1292 1645 1357 vinum,
1699 1289 1839 1360 quod
1881 1304 2045 1359 aqua?

393 1381 617 1434 mistum
646 1381 705 1433 in
733 1379 904 1436 calice
932 1378 1387 1447 sanctiﬁcandum
1434 1379 1785 1449 proponitur,
1839 1393 1964 1433 vere
1992 1382 2045 1433 et

394 1468 756 1524 essentialiter
782 1469 1024 1523 converti
1055 1469 1115 1522 in
1160 1482 1287 1521 eum
1314 1468 1641 1536 sanguinem
1669 1468 1765 1536 qui
1790 1482 1889 1536 per
1918 1467 2045 1521 lan-

392 1574 544 1613 ceam
570 1557 768 1612 militis
796 1555 1106 1612 devulnere
1150 1555 1426 1610 Dominici
1469 1555 1659 1609 lateris
1716 1556 1776 1609 in
1825 1554 2041 1610 redem-

391 1648 635 1717 ptionem
663 1644 861 1699 mundi
886 1645 1126 1716 feliciter
1152 1644 1449 1699 emanavit.
1498 1642 2044 1698 Anathematizamus

394 1743 576 1790 autem
602 1736 794 1790 contra
821 1732 965 1789 hanc
990 1739 1236 1788 sanctam
1272 1735 1321 1785 et
1351 1732 1703 1803 apostolicam
1748 1731 1909 1801 ﬁdem
1952 1748 2042 1787 su—

393 1823 556 1896 perbe
584 1826 747 1894 atque
788 1821 1045 1879 haeretice
1091 1821 1406 1887 sentientes,
1458 1824 1511 1875 et
1535 1820 1708 1891 impia
1734 1821 2042 1876 temeritate

393 1914 714 1984 garrientes.
751 1912 904 1966 Hanc
938 1908 1070 1965 fidei
1100 1908 1543 1981 professionem,
1563 1925 1691 1980 quae
1714 1908 1774 1964 in
1795 1908 2039 1965 concilio

397 2018 550 2057 anno
582 2000 720 2057 1063
748 1998 948 2054 habito
978 1998 1208 2053 decreta
1237 1996 1417 2053 fuisse
1447 1996 1907 2062 videtur,contra
1936 2001 2038 2052 Be-

397 2089 646 2162 rcngarii
670 2103 895 2143 errores
916 2085 1176 2141 ediderat
1202 2085 1531 2155 Maurilius,
1563 2103 1635 2142 ne
1666 2086 1799 2158 quis
1849 2103 1880 2141 e
1929 2085 2041 2142 sibi

396 2177 711 2233 commisso
741 2191 914 2248 grege
936 2173 1316 2229 heresiarchzn
1343 2173 1569 2246 laqueis
1600 2191 1727 2229 sese
1768 2174 2038 2229 irretiret.

396 2264 780 2338 Bercngarius
802 2264 1018 2335 quippe
1030 2263 1424 2318 Nortmannos
1448 2279 1557 2318 sua
1577 2262 1783 2318 haeresi
1805 2262 2041 2318 inﬁcere

396 2361 638 2408 conatus
671 2352 878 2416 fuerat,
911 2355 977 2405 ut
1006 2366 1075 2405 ex
1124 2350 1217 2405 his
1266 2354 1424 2423 patet
1466 2367 1593 2422 quae
1643 2350 1714 2405 de
1754 2354 2038 2405 conventu

397 2439 693 2496 Brionensi
724 2440 878 2511 apud
908 2439 1250 2494 Durandum
1294 2444 1715 2495 Troarnensem
1750 2438 2042 2494 habentur

397 2529 450 2582 in
485 2528 611 2595 ejus
642 2524 792 2581 libro
823 2526 902 2582 De
933 2543 1172 2598 corpore
1203 2531 1260 2582 et
1288 2528 1576 2600 sanguine
1606 2527 1859 2583 Domini.

467 2619 552 2672 12.
588 2617 885 2682 Quantum
915 2632 1047 2672 vero
1078 2615 1253 2672 fuerit
1302 2615 1558 2670 Maurilii
1609 2615 1875 2671 studium
1901 2631 2043 2688 erga

397 2723 487 2760 res
518 2706 766 2774 divinas,
782 2703 1105 2777 intelligere
1122 2721 1438 2776 possumus
1467 2720 1536 2760 ex
1563 2704 1808 2759 Joannis
1837 2703 2043 2758 Abrin-

393 2795 586 2849 censis
635 2793 888 2865 episcopi
938 2793 1187 2865 epistola
1243 2792 1392 2848 libro
1434 2797 1511 2847 De
1556 2792 1766 2847 divinis
1809 2791 2039 2859 ofﬁciis,

394 2899 572 2953 quem
604 2881 873 2938 Maurilio
906 2882 1285 2954 nuncupavit,
1320 2881 1571 2952 praefixa.
1608 2882 1747 2936 Eam
1771 2880 1885 2936 huc
1904 2880 2043 2936 intc-

390 2987 561 3043 grarn
594 2971 826 3033 damus,
854 2973 1025 3041 prout
1053 2969 1230 3025 simul
1279 2986 1411 3025 cum
1461 2970 1588 3042 ipso
1636 2968 1785 3024 libro
1826 2984 1896 3024 ex
1926 2985 2041 3026 ms.

393 3058 588 3115 codice
620 3056 960 3114 monasterii
998 3056 1317 3113 Saliconasi
1350 3057 1508 3113 edita
1554 3061 1644 3112 est
1669 3074 1704 3112 a
1740 3055 2040 3112 nonnullis

2154 503 2323 563 setur,
2351 502 2639 568 postquam
2684 496 2751 552 de
2776 497 3196 571 metropolitano.
3242 496 3367 554 sede
3396 497 3617 555 stillare
3658 496 3812 557 vide-

2158 584 2352 651 bimus,
2386 600 2661 642 canonum
2689 590 2898 643 statuta
2936 593 3242 658 sequentes,
3283 589 3489 645 nostra
3511 587 3814 660 propinare

2154 673 2517 729 studebimus.

2229 761 2314 816 13.
2367 761 2521 818 Loca
2568 760 2745 818 etiam
2791 778 2960 819 sacra
3006 761 3233 819 colebat
3266 762 3586 821 Maurilius
3618 780 3633 820 :
3668 779 3810 821 nam

2153 853 2364 921 prater
2392 849 2701 906 ecclesiam
2734 849 3447 924 metropolitanum,un
3481 851 3552 909 ab
3581 867 3650 909 eo
3676 866 3813 909 con-

2154 941 2512 993 summatam
2544 942 2601 994 et
2630 937 2967 995 solemniter
2994 944 3393 996 consecratam
3414 939 3812 1008 diximus,Ro-
3859 966 3867 974 -

2152 1025 2356 1082 bertus
2388 1042 2583 1082 comes
2609 1026 2894 1083 Aucensis
2916 1027 2977 1082 in
2998 1027 3203 1084 charta
3223 1027 3585 1086 fundationis
3615 1025 3812 1086 sancti

2155 1113 2455 1170 Michaelis
2498 1114 2570 1170 de
2618 1112 3121 1187 Ulteriori-portu,
3173 1116 3283 1173 hoc
3322 1117 3745 1175 monasterium
3776 1134 3815 1177 ι

2152 1218 2217 1258 se
2246 1202 2545 1258 conditum
2595 1201 2780 1258 fuisse
2820 1206 3073 1259 testatur
3120 1205 3383 1261 consiliis
3424 1205 3812 1278 potissimum

2154 1289 2284 1344 Man
2293 1289 2406 1343 rilii
2421 1288 2843 1361 archiepiscOpi
2865 1289 3539 1364 Rotbomagensis.ldem
3555 1294 3816 1363 antistes

2151 1377 2365 1433 chartae
2399 1377 2635 1433 Roberti
2656 1377 3023 1433 Ebroicensis
3045 1379 3278 1436 comitis
3309 1380 3666 1454 subscripsit
3692 1397 3809 1454 pro

2151 1465 2508 1521 monasterio
2534 1466 2733 1521 Sancti
2748 1465 3065 1522 Salvatoris
3086 1466 3455 1524 Ebroicensis
3476 1470 3815 1526 sanctimo-

2150 1553 2395 1610 nialium
2427 1553 2656 1609 ordinis
2681 1554 2892 1622 nostri,
2941 1554 3095 1626 quod
3126 1555 3198 1611 ab
3229 1555 3434 1613 eodem
3461 1555 3673 1612 comite
3705 1573 3813 1614 se-

2151 1643 2323 1699 dente
2342 1641 2611 1698 Maurilio
2643 1642 2939 1698 conditum
2963 1643 3450 1700 est.Contendunt
3477 1645 3658 1701 etiam
3691 1661 3818 1701 no-

2150 1732 2256 1787 stri
2271 1731 2547 1787 Divenses
2560 1730 2900 1787 monasterii
2912 1731 3005 1786 sui
3017 1731 3567 1800 ecclesiam,sanctai
3578 1731 3817 1792 scilicet

2149 1819 2539 1892 Marimsupra
2555 1818 2781 1887 Divam,
2805 1819 2879 1876 ab
2920 1818 3123 1875 eodem
3172 1818 3339 1877 beato
3374 1820 3590 1876 antiste
3618 1820 3814 1878 fuisse

2148 1913 2546 1965 consecratam
2572 1925 2585 1964 :
2619 1907 2775 1980 quod
2831 1908 3077 1965 innuero
3103 1906 3334 1964 videtur
3360 1907 3674 1965 0rdericus
3702 1908 3810 1965 Vi-

2148 1996 2285 2053 talis
2316 1996 2464 2052 libro
2496 1996 2741 2051 1v.Idem
2772 1993 2986 2051 telonei
3027 1994 3182 2067 apud
3225 1994 3601 2065 Andeleium,
3640 1996 3809 2068 Juris

2149 2086 2243 2141 sui
2283 2085 2636 2152 dominium,
2686 2083 3123 2140 immunitatem
3174 2084 3467 2141 concessit
3497 2084 3809 2143 monachis

2147 2173 2346 2230 Sancti
2381 2174 2529 2229 Petri
2558 2172 3036 2242 Caruotensibus,
3068 2176 3132 2228 ut
3162 2189 3231 2229 ex
3261 2173 3393 2245 ejus
3411 2173 3616 2231 charta
3641 2177 3811 2246 patet

2150 2263 2305 2334 apud
2337 2261 2825 2318 Sammartbanos
2854 2261 3029 2318 edita.

2223 2352 2310 2407 14.
2344 2351 2460 2406 Nec
2489 2351 2689 2407 minus
2718 2350 2964 2407 curabat
2994 2354 3058 2406 ut
3086 2350 3193 2406 viri
3222 2349 3305 2424 pii
3334 2352 3394 2406 et
3423 2350 3495 2412 ad
3529 2349 3809 2409 ministe-

2149 2440 2303 2496 rium
2335 2456 2568 2495 sacrum
2600 2439 2793 2496 idonei
2841 2437 3104 2496 ecclesiis
3152 2438 3604 2511 praeﬁcerentur.
3639 2438 3808 2499 Wal-

2074 2518 2098 2535 “
2148 2528 2411 2584 kelinum
2445 2544 2479 2583 a
2509 2526 2821 2583 Guillelmo
2868 2526 3190 2600 Anglorum
3240 2542 3374 2601 rege
3401 2525 3808 2587 Wintoniansi

2148 2616 2272 2673 sedi
2302 2617 2431 2688 ejus
2479 2630 2656 2688 opera
2700 2615 3039 2688 praefectum
3087 2615 3269 2672 fuisse
3294 2621 3591 2686 asserunt,
3621 2631 3805 2689 quem

2148 2705 2472 2762 antistitem
2494 2703 2642 2760 tanti
2659 2704 2766 2759 viri
2782 2704 3288 2761 commendatione
3309 2704 3467 2761 haud
3486 2704 3805 2779 indignum

2148 2794 2330 2851 fuisse
2354 2797 2607 2849 testatur
2638 2792 2972 2849 Willelmus
3006 2792 3549 2857 Malmesburiensis
3568 2791 3720 2851 libro
3737 2810 3807 2852 ιιι

2148 2882 2250 2939 ubi
2281 2883 2352 2939 de
2400 2898 2468 2938 eo
2523 2880 2645 2938 ait:
2713 2881 3065 2937 Walkelinus.
3110 2921 3126 2937 .
3171 2922 3185 2938 .
3217 2882 3374 2956 cujus
3436 2881 3578 2939 bona
3631 2898 3810 2955 opera

2145 2973 2357 3043 famam
2406 2971 2704 3041 vincentia,
2756 2971 3073 3027 vetustatem.
3126 2971 3415 3040 oblivioni,
3470 2986 3506 3026 a
3531 2985 3591 3027 se
3618 2971 3809 3045 repel-

2150 3059 2537 3131 lent,quandiu
2556 3058 2705 3114 sedes
2734 3058 3056 3131 episcopalis
3087 3058 3381 3116 Wintonise
3409 3058 3656 3128 durabit,
3687 3063 3806 3119 etc.

397 3145 880 3220 Rothomagensis
923 3146 1192 3202 Ecclesiae
1240 3145 1573 3201 canonicis:
1632 3146 1861 3202 Domino
1916 3162 2042 3202 vere
2070 3131 2115 3198 C
2153 3146 2574 3204 Theodericum
2607 3162 2741 3202 vero
2782 3145 3115 3203 Uticensem
3150 3146 3445 3215 abbatem,
3476 3147 3651 3218 cujus
3680 3145 3809 3204 elo-

391 3243 574 3291 sancto
627 3240 680 3291 et
736 3237 951 3291 meritis
1007 3234 1321 3291 honorando
1380 3234 1656 3302 Maurilio,
1733 3234 2050 3290 venerabili

390 3333 592 3381 sanctas
642 3325 1083 3395 Rothomagens‘s
1128 3324 1378 3379 Ecclesia
1430 3324 1832 3395 archiepiscopo
1879 3325 2048 3379 Joan-

388 3428 484 3469 nes
511 3411 921 3469 Abrincacensis
958 3413 1209 3466 omnium
1271 3413 1642 3484 episcoporum
1673 3413 1885 3467 meritis
1916 3412 2047 3482 infi-

388 3518 528 3569 mus,
568 3517 793 3573 corpore
841 3508 891 3555 et
945 3502 1150 3573 spiritu
1211 3503 1377 3556 totius
1432 3500 1763 3556 obedientiae
1820 3516 2043 3554 munus.

392 3592 671 3660 Quoniam
722 3599 833 3647 luce
866 3590 1217 3662 paternitatis
1282 3592 1628 3645 sanctitatem
1676 3589 1743 3644 de
1796 3589 2048 3644 ecclesia-

388 3682 541 3736 sticae
568 3678 869 3746 dignitatis
895 3680 1142 3750 profectu
1183 3693 1398 3748 semper
1441 3678 1758 3746 sollicitam,
1808 3678 1924 3749 ejus
1973 3677 2051 3732 la-

387 3785 493 3839 psu
523 3770 703 3822 nimio
734 3783 918 3823 errore
949 3768 1119 3838 affici,
1173 3768 1491 3837 saepissimis
1538 3765 1667 3822 inde
1709 3782 1921 3822 mecum
1950 3765 2050 3821 ha-

392 3857 521 3910 bitis
580 3855 980 3927 quaestionibus
1036 3857 1321 3927 comperi:
1385 3855 1589 3927 hocque
1650 3855 1887 3911 dolorem
1946 3856 2054 3920 tibi

390 3947 749 4013 augmentare
776 3945 894 4016 ejus
934 3947 1340 4015 reparationem
1376 3945 1670 4014 ﬂagranti,
1723 3943 1864 4016 quod
1910 3945 2053 3999 vires

388 4032 458 4088 ad
513 4033 612 4089 hoc
668 4038 782 4090 tum
845 4034 1199 4089 subtraxerat
1258 4032 1607 4089 imbecillitas
1673 4032 2050 4104 aegritudinis.

393 4123 648 4191 Parvitas
702 4137 825 4178 mea
880 4125 988 4177 tum
1043 4122 1410 4177 sanctissimae
1459 4123 1675 4194 optioni
1729 4122 2050 4193 suffragari,

398 4225 509 4264 non
540 4210 731 4280 aliquo
757 4212 911 4281 fastu
936 4226 1213 4273 succensa,
1243 4208 1333 4263 sed
1362 4210 1457 4280 pia
1485 4226 1676 4282 compa
1689 4212 1869 4264 ssione
1908 4224 2052 4264 com-

396 4307 544 4354 mota
573 4300 768 4370 apetiit
792 4316 805 4365 ;
838 4308 897 4354 ut
925 4298 1063 4370 quod
1104 4299 1505 4369 negligentiam
1548 4303 1835 4370 pastorum
1863 4298 2056 4369 depra-

390 4388 551 4441 vatur
579 4387 821 4455 incuria,
857 4389 967 4444 tua?
993 4391 1203 4443 sanctae
1232 4387 1516 4457 religionis
1568 4391 1859 4458 reparetur
1916 4388 2052 4457 vigi.

2154 3236 2316 3310 gium
2347 3233 2804 3307 supradedimus
2821 3233 2892 3288 ad
2911 3249 3132 3289 annum
3164 3233 3302 3290 1058
3334 3234 3674 3291 monasterii
3709 3252 3813 3292 re-

2153 3325 2349 3397 gimen
2379 3321 2671 3377 dimittere
2697 3320 3073 3393 cogitantem,
3109 3319 3452 3393 aliquandiu
3473 3321 3813 3394 impedivit.

2154 3413 2298 3469 Cum
2330 3410 2488 3467 enim
2520 3409 2654 3481 pius
2686 3408 2783 3473 ille
2810 3408 2993 3464 abbas
3022 3409 3095 3465 ob
3125 3410 3330 3466 turbas
3361 3410 3419 3465 in
3442 3413 3812 3469 monasterio

2156 3518 2258 3558 suo
2279 3502 2507 3556 exortae
2534 3496 2813 3554 baculum
2836 3496 3188 3569 pastoralem
3205 3497 3501 3554 Willelmo
3524 3498 3663 3555 duci
3675 3501 3813 3557 red-

2154 3588 2545 3655 didisset,dux
2565 3601 2806 3642 causam
2831 3584 3089 3642 scandali
3112 3585 3380 3642 Maurilio
3401 3585 3807 3658 indagandam

2157 3676 2475 3735 commisit.
2507 3677 2697 3741 Quare
2727 3690 2880 3731 anno
2931 3673 3093 3742 4056,
3141 3678 3208 3731 ut
3251 3678 3452 3730 narrat
3488 3673 3807 3734 Ordericus

2156 3767 2259 3823 lib.
2321 3783 2406 3832 III,
2456 3762 2781 3831 Maurilius,
2832 3762 2998 3837 Hugo
3048 3762 3418 3819 Lexoviensis
3468 3762 3805 3837 episcopus,

2156 3855 2469 3913 Ansfrinus
2516 3850 2892 3908 Pratellensis
2921 3851 3103 3908 abbas
3151 3855 3208 3907 et
3247 3851 3606 3909 Lanfrancus
3634 3854 3805 3910 Becci

2159 3946 2337 4018 prior,
2371 3940 2589 4015 aliique
2618 3940 2726 3996 viri
2757 3939 3017 3996 illustres
3045 3939 3276 3997 Uticum
3319 3956 3657 4009 convenam,
3689 3940 3804 3997 ibi-

2160 4051 2273 4107 que
2304 4029 2704 4104 apostolorum
2735 4028 2886 4085 Petri
2907 4032 2965 4084 et
2980 4027 3145 4085 Pauli
3162 4027 3533 4086 solemnitate
3550 4033 3809 4103 peracta,

2159 4122 2365 4178 auditis
2424 4124 2478 4176 et
2530 4119 2728 4175 solerte
2772 4116 3029 4174 discussis
3080 4117 3487 4174 dissensionum
3519 4120 3807 4193 fomentis,

2167 4210 2547 4268 Theodoricum
2596 4207 2842 4263 abbatem
2884 4220 3119 4278 praeesse
3160 4208 3465 4278 Jusserunt,
3511 4209 3677 4279 atque
3702 4205 3808 4263 Ro-

2163 4296 2517 4357 bertumloci
2539 4295 2816 4368 priorem,
2866 4294 2968 4366 qui
3012 4293 3305 4351 tumultus
3358 4294 3418 4350 in
3449 4295 3808 4353 monasterio

2162 4386 2470 4453 excitabat,
2502 4393 2562 4440 ut
2582 4384 2742 4439 Patri
2767 4398 2865 4438 suo
2912 4382 3307 4454 obtemperaret
3352 4385 3568 4455 copiosa
3593 4398 3810 4440 sermo-

393 4475 593 4530 lantia.
626 4474 765 4530 Hinc
791 4483 886 4530 tua
914 4477 1236 4532 auctoritate
1260 4477 1461 4547 fretus,
1493 4477 1791 4531 sententias
1820 4480 2046 4531 sancto-
2078 4495 2127 4561 Ι)
2157 4477 2439 4534 cinatione
2467 4470 3011 4561 admonuem2d.$ed
3043 4470 3143 4527 diu
3175 4488 3290 4528 non
3314 4471 3477 4561 stetit
3523 4469 3626 4528 illa
3654 4488 3807 4547 pax:

392 4581 515 4619 rum
547 4564 778 4620 Patrum
829 4580 1135 4635 aggressus,
1185 4564 1635 4637 diversarumque
1675 4564 2048 4620 Ecclesiarum
2080 4559 2113 4561 ﬁ
2155 4565 2251 4621 vix
2278 4564 2434 4620 enim
2465 4578 2621 4617 unus
2641 4576 2833 4616 annus
2879 4559 3122 4630 abierat,
3152 4575 3288 4616 cum
3317 4560 3530 4617 iterum
3560 4576 3812 4619 emerse-

391 4669 569 4709 mores
609 4656 662 4709 et
701 4653 1116 4709 consuetudines
1176 4660 1550 4725 prospectans,
1595 4661 1648 4708 et
1699 4669 1765 4709 ea
1810 4668 1929 4724 qua
1972 4653 2042 4708 ad

391 4741 573 4797 divini
596 4740 778 4796 cultus
806 4743 990 4813 ofﬁcia
1008 4743 1307 4813 pertinent,
1338 4741 1584 4813 quodque
1626 4743 1684 4796 in
1733 4756 1790 4796 se
1816 4743 2043 4813 mystice

392 4831 692 4899 continent,
723 4828 1094 4885 nihilominus
1139 4829 1511 4897 considerans,
1539 4828 1836 4900 quamdam
1883 4831 2044 4900 quasi

391 4918 783 4989 confectionem
806 4933 876 4972 ea:
904 4933 971 4972 ea
995 4916 1315 4973 diversitate
1347 4919 1665 4988 composui:
1714 4934 1880 4991 quam
1926 4935 2042 4976 om-

392 5006 556 5061 nibus
611 5005 790 5062 adhuc
844 5005 1113 5061 occultam
1168 5014 1281 5063 luce
1351 5007 1668 5076 sagacitatis
1714 5011 2044 5078 repraesento

393 5095 667 5161 examini,
709 5103 771 5150 ut
816 5102 1120 5165 susceptum
1156 5093 1477 5166 opusculum
1535 5096 1819 5167 inspicias,
1875 5099 1925 5151 et
1957 5097 2045 5151 in-

391 5182 674 5256 spiciendo
703 5199 845 5251 eam,
877 5199 1090 5255 precor,
1131 5183 1478 5255 diligentiam
1507 5183 1788 5250 adhibeas,
1837 5201 1947 5258 qua
1995 5189 2048 5242 te

392 5271 553 5327 nobis
581 5286 706 5325 eum
734 5287 849 5327 esse
876 5272 1168 5343 signiﬁces,
1198 5288 1360 5347 quem
1384 5273 1445 5328 in
1487 5274 1819 5344 paternitale
1840 5289 1904 5329 ac
1931 5289 2048 5329 ma-

392 5359 616 5430 gisterio
643 5365 729 5413 sat
770 5358 1020 5415 decenter
1062 5361 1304 5419 exhibes.
1361 5362 1469 5417 Tua
1512 5363 1715 5433 quippe
1761 5364 1948 5433 refert,
1989 5367 2051 5419 ut

395 5447 450 5500 si
478 5444 671 5515 aliqaa
696 5447 808 5501 sint
851 5463 979 5519 quae
1028 5450 1245 5506 valeant
1284 5457 1515 5525 paterno
1547 5450 1744 5522 affectu
1789 5451 1925 5507 velis
1954 5468 2052 5507 an-

398 5543 609 5602 nuere;
639 5531 692 5595 si
718 5547 842 5593 vero
870 5532 1112 5611 econtra,
1159 5538 1444 5615 vigilantis
1484 5539 1792 5615 magisterii
1818 5554 2053 5603 censura

2150 4660 2288 4710 runt
2318 4668 2467 4708 nova
2496 4648 2762 4706 dissidia.
2794 4648 2984 4712 Quare
3011 4647 3424 4718 Theodericus,
3460 4663 3604 4705 avere
3641 4648 3809 4722 pacis

2148 4742 2485 4809 ﬂlius,onus
2497 4736 2800 4811 regiminis
2811 4752 3007 4793 coram
3018 4745 3222 4794 γηκειιςς
3240 4734 3810 4811 Ρνεειαιίὸωῄιιίιῑιίι

2149 4832 2429 4888 laudatus
2458 4830 2680 4894 auctor,
2737 4824 2887 4882 libro
2943 4842 3022 4894 v1,
3080 4816 3334 4884 Hauriiio
3363 4827 3807 4899 Bothomayenﬂ'.

2150 4925 2201 4976 et
2228 4920 2448 4991 Hugone
2476 4914 2798 4971 Lexoviensi
2817 4913 3090 4987 deposuit.

2224 5009 2312 5063 15.
2346 5001 2615 5062 Maurilio
2643 5020 2819 5060 suum
2854 5002 3029 5059 etiam
3059 5002 3233 5060 debet
3267 4994 3612 5071 Anselmum
3652 5001 3809 5060 ’ordo

2155 5092 2517 5152 monasticus
2544 5108 2558 5148 :
2584 5091 2804 5164 quippe
2832 5107 2966 5147 cum
2996 5090 3094 5147 ille
3126 5090 3323 5147 animo
3379 5086 3697 5146 ﬂuctuaret
3738 5089 3809 5146 de

2152 5182 2385 5240 vivendi
2420 5182 2608 5239 forma
2636 5197 2814 5253 quam
2854 5184 3222 5252 sequeretur,
3241 5176 3636 5236 Lant‘rancum
3666 5179 3809 5235 tunc

2154 5271 2436 5346 temporis
2465 5269 2630 5327 Becci
2652 5268 2907 5342 priorem
2947 5267 3248 5326 consuluit
3294 5266 3436 5341 quid
3472 5269 3629 5324 esset
3656 5265 3808 5325 facto

2158 5379 2327 5436 opus.
2362 5361 2735 5431 Lanfrancus,
2766 5357 2961 5430 inquit
2983 5357 3306 5414 Eadmerus
3321 5355 3486 5415 initio
3506 5354 3659 5413 libro
3689 5354 3808 5414 IDe

2157 5449 2418 5508 Anselmi
2446 5447 2599 5516 Vita,
2632 5444 2824 5519 differt
2851 5449 3176 5502 sententiam
3196 5448 3364 5519 ferre,
3395 5443 3693 5517 suadetque
3717 5458 3808 5500 ne-

2159 5541 2370 5625 gotium
2418 5537 2491 5599 ad
2538 5535 2869 5601 venerabilis
2915 5534 3167 5597 Maurilii
3215 5534 3660 5615 Romomagensis
3684 5532 3806 5620 cpi:
