3970 6218
125 256 296 319 1385

1736 258 1951 324 νιτΑ.

3398 265 3553 327 1386

124 392 291 462 scopi
323 388 672 445 audientiam
725 393 902 461 magis
944 394 1165 460 referre.
1226 393 1554 463 Acquicscit
1600 393 1797 449 Ansel-
1824 399 1878 464 Α
1908 398 2140 467 Augusti
2168 400 2246 454 ad
2277 398 2462 451 Deum.
2497 398 2588 449 mi
2623 396 2719 450 diu
2740 359 3019 459 servierat,
3037 398 3319 467 migravit.
3347 398 3553 471 Corpus

126 477 485 547 mus,simul
509 477 939 551 Rothomagum
977 483 1247 551 pergunt,
1263 480 1792 554 archiepiscopum-

129 584 249 640 que
274 567 501 623 adeunt
523 566 646 635 ;cui
672 582 806 622 cum
821 566 1134 622 Anselmus
1155 568 1336 623 animi
1359 569 1448 624 sui
1471 571 1791 625 anxietates

126 656 545 729 exposuisset:
579 657 685 711 Nec
740 671 915 723 mora,
975 656 1167 726 inquit
1226 655 1563 726 Eadmerus,
1603 674 1792 715 mona-

127 746 328 801 chica:
357 742 488 801 ordo
514 757 637 815 prae
690 746 903 800 caeteris
960 742 1235 809 laudatur,
1296 746 1517 817 ejusque
1548 748 1793 818 proposi-

129 842 249 890 tum
278 832 542 888 omnibus
568 832 702 887 aliis
732 834 1058 903 antefertur.
1094 832 1380 887 Anselmus
1409 834 1530 890 hcce
1558 836 1790 891 audiens

131 927 183 981 et
211 922 548 994 approbans,
577 922 790 976 mnissis
818 921 967 987 aliis,
998 922 1195 977 saeculo
1244 923 1451 989 relicto,
1488 925 1640 979 Becci
1680 939 1791 979 mo-

130 1012 346 1067 nachus
374 1012 555 1081 factus
578 1014 657 1065 est
686 1024 832 1065 anno
861 1011 1043 1066 aetatis
1072 1023 1193 1066 sua?
1240 1012 1495 1081 vigesimo
1541 1016 1786 1083 septimo.

132 1099 427 1156 Eumdem
454 1103 677 1170 postea,
707 1098 960 1171 priorem
993 1099 1333 1154 monasterii
1355 1099 1603 1155 electum
1645 1117 1679 1155 a
1707 1101 1790 1155 di-

134 1188 430 1244 mittenda
459 1187 707 1243 fratrum
766 1202 1009 1243 suorum
1063 1202 1204 1243 cura
1253 1189 1481 1255 avertit,
1522 1193 1587 1243 ut
1632 1188 1787 1244 idem

135 1277 464 1334 Eadmerus
492 1278 711 1332 narrat.
739 1274 843 1331 Sed
861 1290 1004 1330 cum.
1029 1274 1246 1346 inquit,
1266 1274 1609 1332 Anselmum
1648 1279 1792 1333 inter

138 1366 254 1423 hanc
276 1366 505 1421 ditium
532 1367 875 1421 diversorum
922 1365 1139 1432 negotia
1191 1365 1521 1436 fatigarent,
1562 1369 1613 1420 et
1658 1381 1786 1421 nam

138 1469 429 1526 nunquam
448 1453 605 1509 illius
623 1457 860 1508 mentem
879 1469 913 1508 a
931 1469 1033 1508 sua
1063 1456 1244 1524 quiete
1278 1456 1583 1524 turbarent,
1609 1457 1789 1509 consi-

142 1544 278 1598 lium
304 1557 472 1614 super
500 1541 588 1596 his
613 1559 645 1597 a
674 1544 985 1614 supradicto
1015 1546 1348 1602 veneranda
1382 1545 1672 1600 memoriae
1698 1560 1789 1599 ar-

141 1631 478 1703 chiepiscopo
506 1630 947 1703 Rothomagcnsis
974 1636 1235 1691 Ecclesia:
1288 1632 1553 1690 Maurilio
1602 1636 1785 1703 postu-

144 1721 359 1775 laturus
406 1718 801 1827 Rothqmagum
850 1725 1016 1778 venit.
1080 1724 1319 1793 Cumque
1381 1720 1471 1827 slui
1522 1721 1786 1820 adventus
1818 1762 1866 1827 Β

141 1824 362 1865 causam
378 1809 631 1879 μ)ναίμί
658 1817 970 1879 exponeret,
1002 1827 1065 1866 ac
1093 1812 1241 1866 inter
1296 1808 1456 1863 verba
1498 1824 1601 1879 pro
1629 1810 1791 1863 amis-

143 1914 202 1953 sa
223 1898 313 1953 sui
333 1900 514 1952 status
542 1897 947 1968 tranquillitate
1002 1899 1472 1955 vehementissime
1512 1898 1688 1967 ﬁeret,
1721 1897 1790 1951 ab

146 2002 300 2042 onere
317 1985 691 2058 praelatiouis,
726 1987 869 2057 quod
934 1989 1046 2042 sibi
1099 1987 1377 2057 fatebatur
1423 1984 1788 2056 importabile,

147 2079 202 2130 ut
228 2074 465 2131 relevari
517 2077 820 2129 mereretur
873 2091 1202 2147 magnopere
1255 2075 1413 2145 ca’pit
1465 2089 1676 2143 rogare.
1726 2073 1790 2128 At

148 2163 257 2229 ille,
284 2164 457 2218 sicuti
486 2164 573 2217 vir
616 2177 837 2231 magna:
889 2165 1225 2219 sanctitatis:
1278 2162 1423 2227 Noli,
1468 2164 1671 2231 inquit,
1704 2161 1791 2230 ﬁli

147 2253 223 2307 mi
247 2252 589 2317 charissim,
608 2250 749 2321 quod
775 2253 976 2321 quaeris
1030 2265 1297 2324 quaerere,
1355 2266 1455 2305 nec
1508 2253 1561 2304 te
1608 2267 1639 2305 a
1667 2250 1788 2305 sub-

145 2343 378 2397 vectione
400 2338 651 2396 aliorum
680 2341 766 2395 tui
786 2340 959 2395 solius
986 2355 1180 2395 curam
1208 2356 1399 2408 gerens
1442 2339 1576 2394 velis
1603 2343 1788 2393 retra-

147 2430 286 2486 here.
320 2430 455 2485 Vere
475 2429 675 2484 etenim
731 2428 851 2485 dico
898 2429 1000 2484 tibi
1048 2444 1137 2483 me
1189 2428 1253 2483 de
1304 2428 1496 2482 multis
1543 2427 1785 2496 audisse,

146 2519 444 2590 multosque
470 2518 672 2573 vidisse
699 2519 813 2587 qui,
845 2519 1132 2588 quoniam,
1189 2533 1359 2571 causa
1416 2531 1535 2573 sua?
1562 2518 1785 2586 quietis,

146 2609 520 2678 proximorum
548 2606 784 2661 utilitati
820 2622 917 2678 per
960 2606 1285 2676 pastoralem
1342 2621 1533 2659 curam
1582 2606 1783 2673 invigi-

149 2696 259 2752 lare
282 2696 601 2763 noluerunt,
628 2710 730 2765 per
767 2694 1038 2750 desidiam
1088 2695 1434 2750 ambulantes
1473 2709 1684 2765 semper
1718 2694 1788 2748 de

148 2786 282 2841 malo
308 2787 369 2840 in
393 2785 556 2857 pejus
580 2783 955 2857 profecerunt.
992 2784 1351 2855 QuaprOpter,
1382 2798 1452 2837 ne
1491 2782 1611 2847 tibi,
1645 2780 1784 2853 quod

148 2874 309 2929 absit!
338 2874 442 2929 hoc
467 2872 615 2928 idem
640 2874 939 2941 contingat,
976 2888 1075 2943 per
1125 2879 1369 2927 sanctam
1419 2870 1783 2926 obedientiam

147 2964 393 3035 praecipio
443 2964 710 3033 quatenus
758 2962 1138 3032 praelationem
1188 2978 1355 3031 quam
1418 2976 1565 3015 nunc
1618 2960 1782 3015 habes

148 3053 393 3121 retineas,
419 3066 522 3106 nec
547 3066 689 3115 eam,
719 3051 834 3104 nisi
857 3053 950 3105 tuo
971 3050 1201 3120 jubente
1242 3050 1456 3115 abbate,
1488 3048 1781 3119 quomodo-

1906 500 2028 541 vero
2057 490 2174 556 eius
2204 491 2258 541 in
2287 486 2580 556 episcopali
2608 485 2853 549 ecclesia,
2882 502 3044 555 quam
3072 486 3186 556 ipse
3223 493 3347 541 ante
3371 502 3541 544 annos

1900 576 2137 646 quinque
2162 577 2468 631 indictione
2494 590 2508 627 ι
2535 581 2737 629 sancta:
2765 574 2864 627 Dei
2890 576 3151 643 genitrici
3170 575 3357 629 Mariae
3386 576 3550 631 dedi-

1898 669 2130 733 caverat,
2166 666 2415 721 delatum
2460 671 2561 730 est,
2593 671 2644 716 et
2693 666 2820 716 ante
2869 664 3196 733 cruci/iram
3255 663 3551 733 honoriﬁce

1900 753 2235 808 tumulatum
2265 757 2364 808 est.
2402 750 2765 823 Epitaphium
2823 754 3003 807 autem
3032 753 3148 823 ejus
3199 770 3231 807 a
3280 753 3548 809 Richardo

1898 838 2155 895 Herluini
2182 842 2296 910 ﬁlio
2326 840 2567 912 ejusdem
2615 840 2849 894 ecclesia:
2904 842 3165 895 canonico
3210 840 3419 895 editum
3447 846 3544 910 est,

1901 929 1979 981 ets
2006 945 2139 1000 uper
2171 931 2349 1001 ipsum
2378 930 2437 983 in
2466 929 2627 1000 cupri
2655 928 2877 983 laminis
2910 945 2979 983 ex
3008 944 3148 984 auro
3176 930 3255 984 sic
3282 931 3548 1002 scriptum

1897 1020 1977 1070 est
1996 1033 2009 1070 :

2111 1107 2350 1161 Humani
2377 1107 2537 1169 cives,
2576 1103 2881 1175 lacrymam
2910 1105 3079 1161 nolite
3108 1123 3306 1176 negare

2187 1194 2363 1248 Vestro
2390 1191 2665 1264 pontiﬁci,
2690 1191 2944 1248 Maurilio
2974 1196 3256 1250 monacho.

2110 1283 2262 1335 [tunc
2300 1283 2477 1337 Remis
2502 1283 2710 1351 genuit,
2741 1281 3049 1337 studiorum
3078 1284 3245 1353 Legia
3266 1285 3457 1339 nutrix

2184 1372 2400 1425 Potavit
2426 1371 2615 1439 triﬁdo
2644 1373 2791 1439 fonte
2817 1369 3207 1441 philosophica.

2134 1459 2288 1514 Vobis
2318 1460 2458 1513 hanc
2485 1459 2659 1514 (edem
2681 1466 2904 1528 ca’plam
2925 1458 3184 1528 perduxit
3200 1461 3273 1515 ad
3292 1478 3545 1532 unguem,

2187 1549 2411 1603 Laetitia
2446 1564 2645 1617 magna
2673 1547 2806 1618 fecit
2832 1550 2882 1601 ct
2910 1550 3173 1602 encwnia.

2111 1636 2245 1690 Cum
2275 1637 2396 1701 tibi,
2422 1637 2706 1700 Laurenti,
2732 1635 2928 1704 vigilat
2940 1635 3091 1707 plebs
3119 1638 3301 1691 sobria
3327 1637 3549 1705 Christi,

2186 1724 2426 1789 Transit,
2460 1727 2510 1778 et
2541 1726 2597 1778 in
2630 1723 2777 1777 cretis
2808 1723 2999 1778 laurea
3028 1727 3169 1795 festa
3198 1726 3343 1780 colit.

1970 1809 2058 1863 47.
2093 1810 2426 1866 Μοηειειῑοεε
2485 1811 2613 1866 vita:
2674 1811 2947 1867 exercitia
3004 1812 3340 1868 Maurilium
3373 1815 3549 1870 etiam

1899 1897 2401 1971 archiepiscopum
2433 1900 2591 1954 haud
2625 1899 2923 1954 dimisisse
2982 1905 3192 1971 praeter
3223 1900 3338 1967 alia
3368 1919 3546 1976 argu-

1898 1990 2095 2041 menta
2127 2004 2193 2042 ex
2226 2005 2291 2044 eo
2324 1988 2555 2059 probari
2584 1992 2774 2059 potest
2794 1988 2949 2059 quod
2971 1988 3062 2043 vix
3094 2006 3395 2061 nunquam
3416 1993 3544 2062 ejus

1897 2091 2106 2130 nomen
2141 2077 2292 2147 apud
2324 2093 2546 2131 coaevos
2573 2080 2838 2131 auctores
2878 2076 3098 2148 absque
3156 2078 3544 2135 monachatus

1897 2163 2191 2219 mentione
2222 2163 2470 2235 legatur.
2506 2164 2623 2219 Hoc
2655 2168 2813 2235 patet
2842 2180 2909 2219 ex
2931 2168 3059 2236 ejus
3082 2165 3486 2238 epitaphiohic
3509 2183 3545 2223 a

1897 2252 2065 2307 nobis
2085 2252 2288 2320 relato,
2305 2254 2457 2308 sicut
2476 2258 2535 2307 et
2563 2269 2630 2307 ex
2652 2251 2783 2308 aliis
2806 2252 3103 2308 Guillelmi
3126 2255 3543 2312 Gemeticensis

1895 2343 1951 2394 et
1980 2339 2235 2395 0rderici
2270 2340 2475 2395 Vitalis
2507 2341 2981 2412 quamplurimus
3013 2342 3386 2410 testimoniis,
3411 2359 3541 2414 quae

1895 2428 2116 2499 passim
2140 2428 2197 2482 in
2220 2428 2329 2483 hoc
2349 2428 2533 2500 elogio
2552 2428 2923 2500 protulimus.
2949 2429 3013 2484 In
3039 2429 3321 2485 Chronico
3366 2432 3545 2487 Cado-

1897 2517 2083 2571 mensi
2114 2516 2361 2589 legitur:
2398 2534 2550 2573 anno
2590 2519 2723 2571 1067
2752 2518 2862 2572 obit
2910 2517 3201 2573 Maurilius
3254 2518 3541 2575 Rothoma-

1891 2607 2071 2675 gensis
2096 2606 2479 2677 archiprwsul,
2509 2606 2811 2662 monachus
2854 2606 3270 2661 Fiscamnensis.
3325 2608 3540 2664 Eadem

1892 2694 2067 2749 verba
2101 2693 2277 2749 habet
2304 2694 2651 2749 Chronicum
2684 2693 3150 2767 Rothomagense
3196 2696 3349 2767 apud
3383 2696 3536 2751 Lab-

1891 2782 2087 2849 beum,
2121 2783 2340 2837 tomoI
2396 2783 2563 2838 Nova;
2622 2782 3005 2837 bibliothecae.
3060 2784 3130 2837 Et
3186 2782 3538 2840 Guillelmus

1891 2870 2270 2942 Conqumstor
2301 2872 2470 2927 morti
2503 2872 2826 2943 proximus,
2854 2872 3067 2941 utjam
3099 2888 3280 2943 supra
3326 2887 3394 2927 ex
3435 2871 3540 2928 0r-

1890 2959 2080 3015 derico
2111 2959 2567 3027 observavimus,
2600 2961 2929 3015 Maurilium
2960 2961 3322 3015 venerabilem
3361 2975 3542 3016 cano-

1891 3050 2061 3103 bitam
2082 3047 2349 3104 Ecclesiae
2382 3047 2838 3121 Rothomagensi
2871 3047 3371 3120 archiepiscopum
3406 3064 3539 3119 pro-

151 3139 269 3195 ltbet
295 3140 562 3201 deseras;
590 3141 640 3192 et
669 3140 718 3193 si
743 3138 959 3210 quando
982 3139 1156 3209 [ueris
1198 3137 1268 3192 ad
1324 3139 1587 3205 maiorem
1624 3152 1781 3193 voca-
1813 3121 1856 3187 C
1894 3153 2131 3192 curasse
2162 3136 2271 3191 sibi
2303 3137 2653 3209 gratulatur.

151 3234 247 3295 tus,
294 3243 414 3284 eam
469 3228 746 3299 suscipere
798 3227 1120 3282 nullatenus
1170 3226 1398 3282 abnuas.
1458 3226 1579 3281 Scio
1634 3227 1783 3281 enim

150 3316 358 3387 quodin
375 3321 481 3374 hac
498 3332 664 3387 quam
686 3320 833 3371 tenes
875 3332 986 3370 non
1034 3316 1133 3371 diu
1183 3315 1448 3382 manebis,
1479 3331 1667 3370 verum
1712 3314 1784 3370 ad

151 3404 401 3460 altiorum
427 3404 779 3476 pri-elationis
802 3404 1034 3475 gradum
1064 3420 1174 3459 non
1201 3409 1320 3476 post
1342 3404 1579 3459 multum
1595 3419 1784 3475 prove-

150 3494 304 3548 heris.
338 3493 554 3565 Quibus
582 3492 788 3547 auditis
820 3508 831 3546 :
869 3493 976 3559 Vae,
1009 3495 1207 3564 inquit,
1266 3495 1464 3549 misero
1510 3494 1682 3547 mihi!
1720 3494 1783 3548 In

150 3595 204 3637 eo
227 3581 368 3655 quod
396 3583 552 3652 porto
578 3579 767 3650 deﬁcio
786 3597 807 3641 ;
826 3584 876 3636 et
922 3582 973 3636 si
999 3583 1223 3653 gravius
1270 3583 1574 3653 imponitur
1618 3596 1781 3637 onus-

150 3670 365 3739 rey‘icere
392 3683 506 3724 non
548 3668 743 3724 audeo.
806 3670 1010 3740 Repetit
1050 3670 1263 3741 praesul
1316 3670 1573 3736 edictum,
1614 3677 1682 3737 et,
1723 3677 1784 3725 ut

149 3759 337 3826 primo,
352 3757 509 3829 jubet
533 3773 604 3813 ne
630 3757 1082 3828 transgrediazur.

222 3847 302 3901 16.
324 3845 549 3901 Meritis
582 3846 778 3917 itaque
800 3845 1009 3918 plenus
1032 3851 1089 3902 et
1108 3847 1280 3903 annis
1301 3846 1548 3903 antistes
1570 3845 1784 3902 Mauri-

155 3931 262 3988 liur
288 3948 319 3989 e
345 3932 493 3990 vivis
521 3933 769 3990 excessit
791 3950 943 3990 anno
964 3934 1123 3990 4067.
1151 3934 1275 3999 Qua
1323 3936 1382 3990 in
1435 3952 1497 3991 re
1539 3951 1784 3990 consen-

148 4020 294 4077 tiunt
322 4038 530 4078 omnes
555 4025 779 4079 veteres
809 4023 987 4078 simul
1018 4027 1076 4079 et
1107 4024 1459 4079 recentiores
1501 4024 1785 4091 historici,

150 4114 343 4180 praeter
398 4112 644 4167 unicum
704 4111 1183 4169 Fiscamnensem
1250 4112 1785 4185 chronographum,

150 4198 733 4256 tomoIBibliothecaa
767 4217 925 4258 nova:
960 4200 1195 4267 Labbei,
1228 4201 1286 4255 in
1336 4217 1451 4274 quo
1497 4201 1649 4257 beati
1681 4201 1788 4256 viri

155 4285 333 4343 obitus
362 4304 517 4345 anno
549 4288 821 4360 sequenti
872 4289 1152 4345 mendose
1209 4288 1606 4362 consignatur.
1640 4289 1788 4344 Eum

154 4388 285 4431 anno
312 4375 473 4445 4067,
507 4394 542 4433 v
597 4376 723 4432 ldus
773 4378 1006 4447 Augusti
1060 4395 1187 4432 cum
1240 4393 1339 4433 suo
1384 4394 1508 4449 rege
1572 4377 1787 4434 Christo

1960 3225 2049 3282 48.
2083 3225 2185 3281 Hic
2233 3242 2405 3297 porro
2455 3243 2575 3281 rem
2638 3226 2848 3281 miram
2909 3225 3175 3282 omittere
3223 3242 3337 3280 non
3377 3223 3534 3295 licet,

1891 3330 2091 3386 quam,
2112 3314 2391 3369 referente
2424 3312 2715 3369 Willelmo
2749 3313 3281 3379 Malmesburiensi,
3306 3313 3453 3369 libro
3474 3331 3539 3369 ιιι

1890 3403 1971 3458 De
1992 3402 2172 3474 gestis
2194 3418 2397 3474 regum
2416 3401 2653 3472 Anglice,
2674 3401 2848 3473 paulo
2871 3406 3004 3456 ante
3028 3399 3277 3455 Maurilii
3311 3402 3539 3456 obitum

1890 3491 2203 3563 contigisse
2233 3491 2541 3545 discimus.
2576 3492 2761 3554 Quam
2818 3490 2992 3544 etiam
3052 3506 3120 3544 ex
3179 3488 3374 3543 codice
3422 3504 3538 3545 ms.

1891 3578 2077 3634 sancti
2107 3577 2357 3633 Victoris
2389 3576 2732 3632 Parisiensis
2764 3581 2965 3632 noster
3011 3577 3174 3648 Hugo
3225 3576 3541 3633 Menardus

1890 3667 1949 3721 in
1981 3664 2312 3738 Appendice
2344 3665 2409 3719 ad
2462 3665 2897 3719 observationes
2952 3663 3008 3717 in
3058 3662 3542 3736 Martyrologium

1893 3753 2333 3810 Benedictinum
2365 3752 2696 3824 descripsit,
2720 3756 2776 3808 et
2807 3751 3142 3807 Pomeraius
3180 3751 3240 3806 in
3279 3752 3543 3809 Historia

1893 3842 2462 3915 archiepiscoporum
2490 3840 3049 3911 Rothomagensium
3097 3857 3166 3896 ex
3213 3840 3394 3896 altero
3426 3858 3539 3897 ms.

1894 3930 2112 3997 codice,
2145 3929 2366 3985 scilicet
2395 3945 2464 3984 ex
2491 3927 2843 3984 bibliotheca
2872 3927 3222 3983 cathedralis
3274 3926 3543 3983 Ecclesiae:

1896 4019 2401 4091 Rothomagensis,
2431 4016 2638 4090 gallico
2696 4016 2971 4072 idiomate
3011 4016 3232 4085 edidit;
3268 4016 3369 4070 sed
3408 4030 3542 4071 eam

1899 4108 2196 4176 Willelmi,
2244 4111 2443 4179 utpote
2529 4105 2781 4162 auctoris
2868 4103 3284 4177 antiquissimi,
3348 4103 3544 4160 verbis

1897 4198 2224 4254 referimus.
2278 4196 2373 4252 Sic
2446 4196 2644 4267 itaque
2718 4194 2933 4251 habet:
2984 4195 3238 4265 Malgcrio
3293 4196 3547 4250 successit

1896 4288 2188 4344 Maurilius
2214 4286 2613 4342 Fiscamnensis
2641 4284 2961 4352 monachus,
2994 4285 3183 4340 multis
3231 4284 3545 4352 virtutibus,

1898 4376 1988 4433 sed
2016 4378 2258 4431 maxime
2315 4376 2648 4431 abstinentia
2698 4374 2971 4429 (mutatus.
3032 4375 3080 4428 Is
3133 4378 3255 4446 post
3312 4374 3441 4428 bene
3496 4375 3548 4428 et

156 4461 261 4528 iam
286 4465 562 4519 victurum
588 4464 822 4521 liberum
850 4468 901 4521 et
927 4467 1254 4537 gaudentem
1272 4465 1559 4521 decessisse
1590 4463 1793 4520 scribit
1820 4483 1868 4547 Ι)
1896 4468 2082 4520 sancte
2112 4467 2292 4520 actam
2320 4466 2509 4529 vitam,
2540 4479 2665 4517 cum
2694 4461 2763 4517 ad
2794 4467 3121 4531 extremum,
3150 4467 3257 4518 Deo
3302 4462 3545 4526 vocante,

155 4548 494 4609 Guillelmus
515 4552 960 4621 Gemeticensis,
984 4553 1131 4610 libro
1184 4572 1285 4623 vu,
1318 4571 1443 4625 cap.
1484 4555 1573 4621 38,
1615 4569 1789 4624 quem
1900 4555 2149 4620 venisset,
2196 4553 2354 4607 vitali
2406 4555 2652 4623 privatus
2705 4551 2904 4619 halitu,
2953 4554 3124 4622 ferme
3169 4550 3402 4605 dimidia
3452 4547 3550 4604 die

157 4641 309 4695 annis
337 4641 626 4697 duodecim
654 4648 899 4713 tempore
948 4643 1197 4714 Victoris,
1247 4642 1530 4713 Stephani,
1579 4639 1797 4696 Nicolai

156 4729 201 4779 et
231 4728 520 4785 Alexandri
538 4747 815 4802 poparum
836 4731 1104 4787 ﬂoruisse
1146 4732 1228 4787 ait
1258 4730 1565 4787 0rdericus
1587 4728 1795 4785 Vitalis

158 4809 295 4870 libro
317 4833 372 4885 v,
404 4818 698 4891 breveque
730 4818 917 4892 ipsius
948 4818 1203 4892 elogium
1230 4819 1319 4875 his
1349 4818 1579 4874 duobus
1609 4817 1794 4873 versi-

159 4898 262 4958 bus
288 4921 415 4961 com
425 4906 754 4978 prehendit.

324 4997 533 5051 Presul
562 4998 874 5064 Maurilius,
907 4997 1168 5055 doctrinae
1201 4998 1317 5053 luce
1346 5000 1602 5065 refertus,

326 5081 562 5140 Moribus
593 5087 817 5141 eximiis
834 5088 1136 5158 prw/ulsit,
1165 5094 1217 5141 et
1245 5087 1460 5141 actibus
1489 5087 1671 5141 almis.

158 5167 231 5221 At
257 5166 403 5227 libro
438 5189 493 5227 ιν
524 5175 595 5229 ad
624 5191 841 5229 annum
874 5175 1013 5230 4067
1056 5175 1127 5230 de
1175 5174 1441 5242 ejusdem
1474 5174 1662 5230 sancti
1692 5174 1799 5229 viri

163 5253 314 5313 obitu
342 5259 515 5331 paulo
545 5261 738 5318 fusius
768 5264 909 5337 agit,
946 5264 1145 5334 ibique
1201 5263 1378 5318 refert
1435 5262 1800 5335 epitaphium

163 5340 338 5413 ipsius
369 5350 595 5405 tumulo
623 5351 977 5423 appositum.
1041 5350 1381 5417 Duodecimo,
1424 5351 1636 5422 inquit,
1690 5354 1802 5424 epi-

164 5439 399 5506 scopatus
425 5440 515 5493 sui
542 5454 686 5495 anno
718 5444 777 5495 in
806 5441 1001 5496 lectum
1034 5440 1313 5495 decubuit.
1337 5441 1563 5494 Peracto
1616 5444 1801 5496 autem

164 5523 421 5609 quidquid
471 5526 727 5595 religioso
774 5530 874 5585 Dei
943 5527 1184 5584 vernulae
1258 5528 1529 5602 competit,
1580 5545 1613 5589 γ
1672 5528 1801 5587 Idus

477 5654 740 5721 Panos.
784 5653 1047 5722 CXLIII.

1894 4644 2071 4714 jacuit
2100 4642 2406 4711 defunctus.
2447 4643 2827 4697 Verumtamen
2854 4656 2979 4694 cum
3000 4641 3122 4711 jam
3163 4642 3459 4710 pararetur
3487 4637 3550 4692 in

1900 4731 2182 4785 ecclesiam
2218 4732 2380 4799 ferri,
2411 4731 2600 4783 anima
2622 4737 2900 4799 resumpta
2928 4731 3343 4783 circumstantes
3376 4728 3553 4797 lacry-

1902 4818 2098 4873 mobili
2121 4817 2319 4887 gaudio
2344 4817 2611 4888 perfudit,
2643 4822 2921 4887 stupentes
2954 4816 3052 4871 hoc
3086 4832 3335 4871 sermone
3362 4829 3550 4879 corro-

1906 4908 2091 4963 borat:
2128 4907 2330 4961 Atlenti
2387 4906 2573 4959 animo
2632 4913 2813 4975 estote,
2847 4906 3046 4960 ultima
3098 4906 3337 4976 pastoris
3388 4903 3555 4959 vestri

1904 4996 2067 5051 verba
2097 4995 2448 5066 excipientes.
2483 4994 2739 5048 Naturali
2792 4996 2964 5048 morte
3014 4993 3284 5048 resolutus
3327 4993 3435 5063 fui,
3460 4990 3555 5047 sed

1906 5089 1967 5140 ut
1996 5084 2145 5139 vobis
2195 5083 2510 5137 intimarem
2568 5096 2684 5152 quae
2742 5081 2852 5136 vidi
2921 5081 3171 5137 reductus
3234 5097 3399 5142 sum;
3456 5095 3556 5135 nec

1907 5175 2194 5245 aliquanto
2217 5171 2426 5226 diutius
2472 5170 2765 5225 subsistam
2803 5172 2934 5243 quia
2960 5172 3019 5225 in
3041 5171 3269 5225 Domino
3298 5168 3557 5241 soporari

1908 5263 2151 5319 delectat.
2189 5262 2433 5316 Ductores
2461 5260 2695 5331 spiritus
2750 5260 2859 5314 mei
2878 5259 3116 5314 vultibus
3145 5267 3195 5314 et
3226 5259 3457 5314 vestibus
3485 5256 3559 5313 ad

1910 5368 2121 5408 omnem
2151 5350 2478 5422 elegantiam
2507 5352 2667 5404 erant
2696 5350 2996 5419 compositi,
3043 5348 3403 5404 concordabat
3436 5363 3556 5403 ver-

1913 5442 2104 5497 borum
2136 5442 2331 5495 lcnitas
2359 5456 2482 5493 cum
2514 5441 2688 5494 nitore
2718 5440 3057 5504 vestium/ut
3105 5436 3245 5492 nihil
3283 5438 3560 5496 desidera-

1912 5540 2255 5605 rempraeter
2274 5528 2473 5591 talium
2502 5531 2744 5587 virorum
2768 5529 3097 5607 obsequium.
3130 5527 3319 5602 Itaque
3347 5525 3570 5605 blandis,

3156 5655 3243 5741 δί
