3970 6218
365 228 520 288 4387

821 230 891 290 Β.
940 231 1303 294 MAURILII
1352 236 1708 296 AItCHIEP.
1763 239 2223 301 lttlTHOMAG.
2274 242 2515 302 EPIST.
2563 245 2665 304 AD
2711 244 2956 307 EPISC.
3002 245 3313 306 EBROIC.

3610 241 3777 305 {388

362 364 830 419 assentationibus
857 365 1338 433 gavisus,ibam,ut
1373 383 1493 422 vere
1522 370 1663 423 mihi
1710 370 2013 437 videbatur,
2046 372 2101 437 Α
2132 375 2247 427 tum
2267 372 2457 429 decore
2480 380 2727 442 ornatus,
2760 377 3050 433 charitatis
3090 378 3543 447 abstinentiaeque
3593 377 3783 432 cultor

358 469 547 508 versus
577 452 867 507 Orientem.
910 454 1339 508 Promittebatur
1395 456 1544 511 mihi
1590 456 1741 512 sedes
1784 459 2012 529 paradi-

356 542 504 595 siaca
527 557 634 595 non
654 540 823 594 multo
843 547 957 610 post
978 541 1240 597 intranda
1258 560 1277 603 ,ο
1309 545 1369 598 in
1415 549 1685 601 momento
1731 550 2013 617 prseterita

356 630 593 699 Europa,
626 630 858 697 ingressi
899 629 1106 696 Asiam,
1157 632 1402 687 venimus
1458 635 1889 707 Jerosolymam,
1934 636 2014 691 ibi

355 718 561 772 sanctis
617 716 860 773 adoratis
912 718 1204 775 Iordanem
1252 721 1671 791 pertendimus:
1738 725 2010 780 citeriosis

355 806 492 876 ripae
550 806 1070 874 accolae,ductm‘um
1117 824 1362 863 meorum
1421 811 1775 867 contubernio
1832 813 2007 880 misti,

362 894 548 948 latum
592 897 791 950 caelum
833 896 1029 964 fecere.
1072 896 1179 965 Ego
1248 898 1459 953 visendi
1513 900 1779 955 ulteriora
1833 901 2011 957 studio

360 983 656 1038 transitum
687 983 1053 1038 maturabam.
1079 986 1225 1041 Tunc
1251 989 1470 1042 comites
1494 988 1663 1043 Deum
1689 992 2013 1060 prtecepisse

357 1073 542 1142 ferunt
574 1074 634 1126 ut
662 1074 791 1125 ante
816 1071 1149 1127 daemonium
1176 1076 1383 1130 visione
1427 1076 1788 1147 terriﬁcarer,
1820 1086 2009 1149 quate-

356 1177 459 1217 nus
490 1160 936 1231 veniatesculpee,
970 1177 1103 1231 quas
1140 1161 1484 1235 confessione
1549 1182 1658 1221 non
1711 1166 2006 1235 ditueram,

357 1265 554 1322 pavore
602 1248 1003 1304 horrendarum
1048 1249 1362 1323 formarum
1412 1261 1815 1325 purgarentur.
1877 1254 2013 1310 Cum

359 1338 502 1395 dicto
532 1340 713 1395 astitit
742 1340 907 1393 atteri
930 1340 1080 1410 parti
1109 1343 1263 1395 tanta
1291 1340 1597 1397 daemonum
1641 1344 1722 1397 vis
1775 1343 2011 1399 hastilia

360 1433 526 1484 acuta
572 1428 930 1498 vibrantium,
962 1429 1115 1498 ignes
1144 1430 1474 1499 efﬂantium,
1521 1434 1581 1485 ut
1617 1447 1747 1501 ager
1773 1434 2005 1501 ferreus,

359 1534 456 1574 aer
482 1520 767 1589 ﬂammeus
797 1516 1088 1571 videretur.
1124 1520 1324 1573 Eorum
1356 1519 1580 1573 horrore
1610 1521 1688 1573 ita
1727 1537 1848 1575 sum
1877 1522 2006 1591 affe-

360 1610 499 1675 ctus,
524 1614 585 1661 ut
612 1607 665 1661 si
692 1610 843 1660 terra
873 1605 1196 1671 dehisceret,
1227 1609 1278 1661 si
1306 1609 1501 1661 cazlum
1544 1612 1862 1679 putesceret,
1896 1612 2009 1663 tuto

360 1694 503 1749 mihi
558 1694 845 1763 utrobique
890 1694 1273 1765 refugiendum
1343 1712 1453 1751 non
1506 1698 1866 1753 aestimarem.
1928 1699 2010 1753 Ita

362 1782 735 1849 meticulosus,
785 1781 916 1837 dum
970 1799 1074 1853 quo
1124 1783 1322 1839 vadum
1376 1785 1583 1855 dubito,
1644 1790 1879 1857 repente,
1948 1790 2009 1840 ut

364 1872 486 1942 [at.,
519 1872 612 1942 ad]
646 1870 763 1929 haec
791 1871 977 1927 dicens
1000 1881 1188 1928 vestrae
1217 1874 1390 1929 saluti
1418 1876 1533 1930 nisi
1560 1875 1842 1946 negtigitis
1879 1891 2008 1930 con-

361 1960 618 2028 sulerem,
649 1959 886 2016 halitum
915 1963 1095 2033 recepi
1154 1965 1441 2033 confestim
1497 1964 1796 2035 effusuras.
1831 1966 2005 2030 Dixit,

361 2054 416 2105 et
444 2065 570 2105 cum
600 2051 759 2105 verbo
784 2066 922 2122 pene
950 2051 1211 2122 spiritum
1234 2053 1436 2107 emisit.
1470 2052 1677 2124 Corpus
1705 2060 1764 2107 in
1786 2054 2011 2110 ecclesia

361 2140 574 2195 Sanctae
629 2138 813 2194 Mariae
859 2143 991 2193 tunc
1040 2140 1194 2194 humi
1242 2140 1541 2211 defossum,
1599 2142 1894 2209 miraculo,
1948 2145 2010 2195 ut

362 2230 539 2297 aiunt,
572 2228 779 2298 divino,
813 2228 982 2283 altius
1010 2228 1187 2284 tribus
1210 2229 1439 2300 pedibus
1462 2245 1627 2300 super
1650 2233 1861 2285 terram
1901 2230 2006 2285 ele-

360 2321 549 2374 vatum
575 2321 676 2372 est.

434 2406 522 2461 49.
555 2406 698 2461 Cum
730 2422 862 2460 vero
919 2404 1173 2461 Maurilii
1231 2411 1391 2462 mors
1444 2406 1586 2461 adeo
1636 2406 1891 2478 pretiosa
1948 2406 2007 2458 in

361 2498 675 2567 conspectu
708 2494 809 2550 Dei
844 2494 1036 2562 fuerit,
1069 2495 1285 2551 mirum
1318 2511 1433 2549 non
1484 2497 1572 2549 est
1618 2494 1665 2549 si
1716 2495 1843 2564 ejus
1883 2511 2012 2549 san-

360 2584 623 2642 ctitatem
655 2582 872 2655 posteri
902 2582 1264 2656 agnoverint,
1290 2598 1463 2654 quem
1495 2582 1669 2637 etiam
1703 2584 2012 2647 sancti,aut

362 2675 508 2731 beati
530 2671 700 2729 titulo
730 2672 947 2727 donare
978 2671 1138 2727 veriti
1174 2688 1285 2726 non
1318 2675 1476 2725 sunt.
1509 2670 1674 2725 Sacer
1722 2672 2011 2727 Maurilius

364 2763 439 2818 ab
469 2761 741 2816 Orderico
769 2760 1002 2826 dicitur,
1035 2759 1184 2814 libro
1211 2776 1289 2813 ιιι.
1343 2758 1871 2835 Rothomagensem
1910 2760 2011 2814 Ec-

362 2849 599 2906 clesium
629 2855 814 2903 sancto
843 2864 907 2902 ac
950 2848 1252 2902 venerabili
1306 2846 1698 2919 arehipraasule
1750 2849 2010 2905 Mauritio

360 2938 661 2995 viduatam
697 2936 876 2990 fuisse
907 2933 1107 2989 scribit
1135 2934 1292 3003 Milo,
1326 2951 1452 3006 cap.
1510 2936 1568 3001 5,
1623 2939 1824 2990 auctor
1867 2935 2009 2992 Vitta

363 3024 552 3085 sancti
576 3023 903 3090 Lanl'ranci,
938 3022 1049 3095 ipsi
1081 3022 1628 3096 synchronus.Eum
1650 3023 2008 3080 Trithemius

2123 462 2389 530 insignis,
2418 463 2483 518 de
2510 464 2669 535 cujus
2698 475 2897 521 sancta
2922 468 3331 522 conversatione
3367 466 3632 538 praecelsa
3661 465 3786 521 lau-

2123 548 2253 603 dum
2278 555 2562 621 przcconia
2587 554 2869 623 feruntur.
2921 555 3135 611 Eadem
3196 555 3314 610 fere
3367 554 3577 626 repetit
3623 552 3786 610 libro

2120 643 2328 709 quarto
2360 640 2439 695 De
2470 641 2609 696 viris
2639 640 2966 699 illustribus
2996 643 3221 700 ordinis
3251 643 3435 699 nostri
3479 660 3607 714 cap.
3645 642 3783 698 420.

2121 728 2265 783 Hinc
2296 744 2506 784 nomen
2539 730 2667 800 ejus
2698 730 2756 786 in
2788 731 2962 787 variis
2990 731 3415 805 Martyrologiis
3445 729 3775 787 Gallicanis

2120 820 2177 871 et
2207 816 2550 873 monasticis
2581 817 2931 890 inscriptum
2962 820 3270 892 reperitur,
3303 820 3396 875 die
3428 820 3464 873 9
3490 817 3774 890 Augusti,

2120 922 2235 976 quo
2266 906 2578 961 defunctus
2606 912 2730 962 est:
2764 907 3031 979 quamvis
3059 908 3177 975 alii,
3197 908 3503 964 occasione
3529 906 3780 963 alterius

2117 993 2390 1060 Maurilii,
2423 994 2767 1050 memoriam
2798 998 2927 1067 ejus
2957 996 3053 1053 die
3085 997 3155 1053 43
3200 996 3557 1067 Septembris
3606 1010 3776 1051 reco-

2119 1081 2444 1152 lant,atque
2466 1082 2572 1137 hac
2590 1083 2715 1154 ipsa
2737 1083 2831 1139 die
2856 1086 3009 1157 apud
3034 1085 3361 1141 Ferrarium
3384 1089 3775 1141 memoratur.

2117 1169 2429 1226 Bucelinus
2458 1187 2592 1226 eum
2626 1175 2876 1244 utraque
2906 1173 2999 1228 die
3032 1173 3305 1243 celebrat,
3337 1173 3458 1229 imo
3489 1177 3547 1229 et
3575 1173 3671 1228 die
3696 1173 3778 1229 26

2118 1258 2417 1314 Februarii
2476 1258 2813 1315 Maurilium
2873 1260 3228 1318 monachum
3289 1262 3778 1319 Fiscamnensem

2118 1354 2417 1413 memorat,
2445 1348 2611 1420 quasi
2670 1347 2721 1402 is
2770 1348 2920 1403 alius
2961 1352 3115 1405 esset
3170 1349 3244 1404 ab
3282 1350 3774 1423 archiepiscopo:

2116 1434 2209 1489 cui
2239 1435 2546 1500 visionem,
2572 1451 2750 1506 quam
2773 1452 2955 1507 supra
2978 1453 3047 1492 ex
3076 1435 3369 1492 Willelmo
3401 1436 3779 1494 Malmesbu-

2116 1522 2293 1577 riensi
2324 1522 2767 1595 descripsimus,
2799 1524 3087 1579 attribuit.
3120 1525 3265 1580 Eum
3312 1524 3488 1581 etiam
3533 1524 3643 1580 hac
3674 1541 3785 1581 oc-

2118 1612 2350 1666 casione
2375 1616 2659 1667 memorat
2690 1612 3008 1668 Bollandus
3036 1613 3189 1669 inter
3221 1613 3649 1685 praetermissos
3680 1613 3785 1669 die

2117 1702 2188 1754 26
2211 1700 2532 1755 Feburarii.
2566 1701 2850 1756 Eumdem
2883 1705 3152 1756 sanctum
3202 1700 3527 1757 antistitem
3559 1702 3779 1759 fratres

2116 1788 2551 1844 Sammarthani
2584 1793 2641 1843 et
2673 1792 2871 1844 noster
2901 1789 3302 1845 Pommeraius
3360 1788 3419 1844 in
3481 1789 3778 1863 archiepi-

2118 1878 2309 1949 scopis
2332 1876 3212 1950 Rothomagensibus,Marlotus
3242 1878 3303 1933 in
3326 1878 3632 1951 metropoli
3662 1879 3779 1936 Re-

2120 1966 2332 2033 mensi,
2363 1965 2579 2037 aliique
2612 1966 2835 2037 passim
2883 1971 3172 2032 auctores,
3230 1983 3379 2039 quos
3428 1966 3782 2039 singillatim

2119 2070 2424 2110 recensere
2454 2053 2663 2109 inutile
2706 2054 2871 2120 foret,
2933 2053 3137 2110 multis
3193 2054 3471 2112 laudibus
3518 2054 3777 2112 celebra-

2121 2147 2281 2197 runt.

2188 2232 2276 2284 20.
2301 2230 2570 2284 Nondum
2602 2233 2798 2285 tamen
2831 2228 3019 2286 ullum
3053 2230 3112 2286 in
3146 2230 3604 2306 Rothomagensi
3627 2233 3777 2290 dice-

2119 2318 2233 2373 cesi
2260 2318 2516 2373 ofﬁcium
2552 2316 2855 2390 publicum
2917 2319 3121 2375 beatus
3166 2319 3469 2377 Maurilius
3498 2321 3780 2391 obtinuit,

2120 2406 2388 2477 quamvis
2419 2407 2546 2477 ejus
2576 2405 2935 2478 sepulcrum,
2969 2408 3121 2479 quod
3154 2409 3328 2481 vulgo
3375 2409 3563 2466 tumba
3592 2412 3784 2467 sancti

2119 2495 2375 2553 Maurilii
2399 2493 2901 2567 appellatur,apud
2920 2495 3779 2570 Rothomagenses,priesertim

2120 2601 2153 2639 a
2182 2581 2641 2655 metropolitanze
2671 2581 2928 2639 ecclesiae
2959 2583 3113 2639 clero
3144 2584 3506 2642 venerationi
3539 2602 3781 2660 semper

2119 2672 2385 2726 habitum
2410 2670 2602 2738 fuerit,
2625 2672 2779 2742 quod
2803 2671 2977 2727 etiam
3003 2673 3172 2729 statis
3193 2673 3400 2730 diebus
3428 2673 3778 2732 solemniter

2118 2758 2445 2815 thuriﬁcari
2464 2775 2533 2814 ex
2553 2759 2797 2831 antiqua
2819 2760 3128 2816 tradilione
3150 2778 3277 2818 mos
3303 2767 3448 2819 erat.
3472 2764 3582 2820 Sed
3607 2781 3777 2837 cum,

2120 2865 2272 2904 anno
2294 2846 2962 2921 M80,Rotbomagenses
2997 2849 3259 2906 canonici
3288 2850 3601 2909 Guillelmo
3633 2869 3767 2909 car-

2119 2935 2298 2992 dinali
2330 2936 2401 2991 de
2421 2934 2719 2991 Stotavilla
2753 2941 2893 2992 tunc
2950 2937 3388 3012 archiepiscopo
3434 2941 3766 2998 concessis-

2118 3029 2250 3081 sent
2282 3028 2345 3079 ut
2364 3025 2581 3079 ibidem
2610 3023 2944 3096 sepulcrum
2992 3026 3104 3082 sibi
3135 3033 3521 3097 construeret,
3547 3030 3769 3087 effossa

361 3116 424 3172 in
456 3113 738 3171 Chronico
764 3111 1164 3185 Hirsaugiensi
1194 3112 1467 3168 editionis
1508 3114 1695 3169 sancti
1727 3112 1897 3180 Galli,
1931 3114 2002 3169 ad
2034 3095 2076 3161 C
2115 3113 2295 3169 humo
2327 3112 2554 3169 loculus
2583 3095 2851 3184 lapideus
2880 3113 3150 3170 inventus
3179 3120 3287 3184 est,
3319 3115 3379 3171 in
3411 3095 3771 3189 quo,prieter

355 3220 580 3259 annum
641 3203 800 3269 1064,
858 3202 1043 3257 virum
1132 3202 1497 3258 sanctissimae
1580 3203 2005 3258 conversationis

352 3291 625 3366 appellat,
657 3291 758 3363 qui
813 3295 1037 3362 prapter
1089 3291 1399 3345 doctrinam
1451 3294 1503 3346 et
1557 3292 1689 3347 vitae
1720 3293 2003 3368 ;neritum

353 3379 631 3454 Malgerio
661 3379 1097 3451 archiepiscopo
1127 3378 1484 3434 substitutus
1506 3377 1634 3434 fuit.
1658 3378 1806 3434 Tum
1840 3380 1912 3435 de
1934 3395 1999 3435 eo

348 3470 434 3527 sic
462 3468 703 3525 scribit:
740 3469 1039 3524 Virtutibus
1087 3475 1137 3523 et
1184 3468 1471 3522 miraculis
1523 3468 1711 3523 clarus
1748 3468 1996 3537 habetur,

344 3560 502 3632 cujus
549 3557 704 3615 Gesta
766 3558 1071 3628 conscripta
1138 3564 1283 3611 sunt.
1339 3556 1401 3611 In
1457 3555 1635 3612 veteri
1702 3556 1994 3613 editione:

344 3648 577 3706 Sanctus
603 3648 890 3703 Mauritius
918 3662 987 3701 ea:
1032 3647 1295 3702 monacho
1351 3644 1584 3701 εωθιοὸἰὶ
1611 3646 1998 3701 Fiscamnensi

343 3737 566 3795 ordinis
596 3736 769 3793 nostri
795 3735 1254 3805 archiepiccopus.
1305 3776 1318 3789 .
1362 3775 1376 3789 .
1400 3732 1790 3788 virmultarum
1818 3734 1992 3789 virtu-

2111 3202 2262 3258 beati
2294 3201 2400 3257 viri
2421 3200 2877 3273 ossa,particulm
2900 3201 3102 3274 lignea
3135 3203 3349 3273 crucis,
3369 3221 3436 3261 ac
3457 3222 3766 3263 sacrarum

2109 3291 2357 3347 vestium
2390 3289 2613 3353 aliquot
2658 3288 2913 3359 reliquim
2962 3296 3325 3363 supererant.
3379 3293 3614 3349 Positus
3668 3299 3767 3351 est

2109 3382 2303 3433 tamen
2336 3378 2413 3433 ibi
2440 3376 2756 3433 cardinalis
2776 3377 3131 3445 tumulus,in
3157 3395 3273 3450 quo
3303 3396 3454 3435 anno
3486 3380 3627 3436 4483
3653 3397 3769 3438 cor

2105 3468 2233 3538 ejus
2264 3465 2569 3522 conditum
2612 3469 2738 3533 est;
2797 3465 2899 3521 sed
2955 3466 3077 3522 hinc
3136 3468 3335 3524 omnia
3390 3466 3764 3526 Calviniana

2103 3559 2272 3611 sectae
2304 3552 2556 3609 haeretici
2588 3570 2740 3609 anno
2771 3555 2906 3609 1562
2932 3554 3290 3611 violaverunt
3312 3582 3328 3623 ς
3350 3572 3458 3612 nec
3474 3556 3761 3631 deinceps

2103 3642 2224 3698 ulla
2249 3642 2399 3698 beati
2431 3641 2536 3697 viri
2578 3641 2960 3714 reliquiarum
3009 3648 3112 3699 aut
3156 3643 3415 3716 sepulcri
3472 3647 3766 3704 memoria

2101 3730 2413 3804 superfuit.

1310 3910 3758 3943 mm

702 4086 1267 4202 MAURILH
1352 4085 2280 4202 ARCHIEPISGOPI
2374 4085 3390 4203 ROTHOMAGENSIS

1995 4290 2085 4350 ET

1114 4453 1581 4541 JO.\NNIS
1643 4451 2097 4542 ABBATIS
2157 4454 2961 4543 FISCAMNENSIS

1735 4657 2343 4752 EPISTOLA
2960 4639 2963 4643 ’

1490 4861 1583 4920 AD
1625 4862 2020 4922 EPISCOPUM
2060 4862 2578 4922 EBROICENSEM.

748 5016 1166 5090 Conqueruutur
1192 5017 1333 5089 quod
1361 5015 1668 5074 inconsulto
1695 5017 1888 5073 abbate
1915 5017 2245 5074 monachum
2275 5018 2339 5074 ob
2371 5004 2678 5088 infractam
2699 5018 2927 5074 treviam
2948 5020 3313 5075 mutctaverit.

1557 5169 1846 5242 (Manna.
1872 5169 2080 5241 Anect.,
2113 5173 2155 5225 t.
2192 5170 2234 5242 Ι,
2268 5186 2321 5241 p.
2351 5169 2504 5242 206.)

402 5427 626 5502 Sancta:
656 5426 873 5502 matris
894 5426 1308 5502 Ebrocacensis
1339 5428 1606 5502 Ecclesia;
1638 5428 2122 5502 reverendissimo
2151 5429 2423 5502 episcopo
2454 5428 2528 5485 M.
2564 5428 3048 5497 Bothomagensis
3078 5430 3341 5489 Ecclesiae
3372 5430 3619 5490 humilis
3650 5447 3737 5490 ar-

330 5493 758 5566 chiepiscopus,
786 5497 966 5554 abbas
999 5514 1232 5571 quoque
1260 5501 1517 5558 Joannes
1549 5501 2056 5579 Fiscamnensium
2079 5493 2370 5572 serC'ulus;
2389 5505 2541 5559 recte
2571 5502 2775 5561 oti‘erre
2806 5493 2863 5559 et
2892 5504 3146 5561 dividere
3174 5505 3408 5563 rectius.
