3970 6218
145 314 291 377 1389
551 311 1065 375 RAIMBALDUS
1102 313 1440 376 ARELA'I‘.
1474 314 1791 377 ECCLES.
1822 314 2184 379 ABCHlEP.
2220 349 2297 365 --
2325 319 2646 382 NOTITIA
2682 318 3125 382 HISTOBICA.
3392 320 3547 384 i390

205 444 552 525 Audivimus
579 448 841 525 vestram.
866 445 1292 525 fraternitatem
1325 447 1642 525 quemdam
1689 447 2041 525 monachum
2091 451 2432 525 exterminio
2463 452 2850 525 damnavisse,
2885 469 2949 508 eo
2981 452 3412 525 quodtreviam
3444 453 3546 509 Dei

142 515 1167 595 compe_rie_batur.infregisser;_quod
1203 515 1480 595 bene—vos
1512 518 1716 595 fecisse
1736 518 2077 595 laudamus,
2112 523 2213 595 se_d
2248 523 2476 578 incaute
2508 523 2651 579 illud
2686 515 3393 595 inspexisséjudicamus.
3428 525 3544 580 Nec

142 586 290 665 enim
414 586 712 665 Benedicti
743 586 1048 665 institutio
1068 587 1244 665 ullius
1275 588 1422 659 legis
1454 590 1851 665 prmseribitur
1887 591 2132 660 judicio.
2162 593 2489 664 Propterea,
2523 596 2699 651 frater
2726 586 3096 662 charissim'e,
3132 599 3285 650 recte
3314 596 3541 665 offerre,
3578 632 3582 637 λ

142 663 194 742 et
207 659 430 742 rectius
454 658 1138 742 praecipimur/dividere.
1160 658 1405 742 Auream
1429 658 1565 742 ergo
1588 660 1864 742 virtutem
1890 658 2236 742 sequamur,
2267 658 2686 742 discretionem
2711 666 2947 731 scilicet,
2972 658 3096 739 (ψαέ
3130 666 3396 742 omnium
3416 658 3541 742 ⁸νὶιιί

140 730 570 809 tutumdicitur
600 734 806 809 mater.
840 730 1084 809 Quando
1114 731 1291 809 enim_
1315 730 1517 809 abbati
1561 748 1702 809 cura
1732 730 2063 809 animarum
2084 734 2432 809 imponitur
2479 737 2549 790 ab
2600 738 2889 809 episcopo,
2922 730 3293 809 pa'storalitas
3340 738 3538 809 ovium

140 801 353 890 Christi
376 802 490 890 sibi
521 802 957 890 traditar‘urniei!
987 801 1432 890 commendatur
1461 802 1818 890 omninipdo.
1855 803 1973 890 Nisi
2007 801 2268 887 enimah
2314 807 2521 890 abbate
2548 801 2884 890 episcopus:
2907 801 3183 890 invitetur
3210 826 3313 890 pro
3346 808 3536 881 quali-

142 888 362 956 cunque
393 873 646 956 negotio,
680 871 908 928 nullum
933 874 1036 956 jus
1065 873 1375 956 episcopus
1419 873 1629 956 habere
1670 874 2009 956 decernitur
2038 876 2106 956 in.
2131 871 2670 956 ejusumonasterio;
2705 871 2976 937 siautem
3026 871 3228 937 contra
3255 871 3378 936 haae
3407 897 3535 953 qua

141 943 380 1001 dicimus
413 943 627 1016 aliquis
658 959 987 1017 repugnare
1012 943 1341 1014 tentaverit,
1375 944 1636 1016 regulam
1668 945 1868 1001 Sancti
1900 943 2190 1002 Benedicti
2222 948 2334 1004 sibi
2365 943 2769 1023 preponimus,

1297 1165 2372 1297 ΜΑυιιιιιιι

417 1341 856 1402 PROFESSIO
905 1338 1110 1400 FIDEI
1154 1339 1257 1398 DE
1302 1338 1832 1400 SACRAMENTO
1877 1339 2266 1403 CORPORIS
2311 1343 2412 1405 ET
2457 1346 2873 1409 SANGUINIS
2918 1348 3227 1409 CHRISTI

1181 1444 1393 1514 (Exstat
1416 1459 1605 1515 supra,
1643 1444 1786 1501 γίιπ
1809 1445 1870 1499 Β.
1904 1443 2155 1501 Maurilii
2181 1463 2334 1504 num.
2368 1449 2481 1518 11.)
2712 1451 2717 1457 ’

444 1633 993 1723 ΕΡΙΤΑΡΗΙΑ
1055 1631 1541 1721 ROLLONIS
1600 1632 1726 1719 ET
1776 1631 2010 1720 GUIL

1646 1632 1726 1719 ΞΤ
1776 1631 2325 1723 GUILLELMI
2392 1636 2745 1728 LONGZE
2800 1639 3214 1728 SPATHJE

1465 1755 1920 1811 NORTMANNI/E
1956 1756 2189 1812 DUCUM

1094 1855 1466 1919 AUCTORE
1509 1853 1895 1918 MAUBlLIO
1938 1856 2564 1920 ARCHIEPISCOPO

511 1961 807 2033 (Oansmc.
844 1961 1039 2017 VI’I‘AL.
1073 1962 1258 2016 eccles.
1292 1962 1451 2028 Hist.,
1485 1958 1587 2017 lib.
1620 1959 1693 2031 V,
1728 1960 1883 2032 apud
1913 1959 2241 2030 Ducassss,
2275 1960 2474 2034 Script.
2507 1964 2792 2031 Norman.,
2826 1981 2956 2037 pag.
2988 1967 3138 2037 567.)

929 2196 969 2249 Ι.
1800 2193 1855 2258 Α
1956 2192 2048 2247 Sic
2074 2192 2244 2265 periit
2272 2194 2482 2250 veteris
2513 2210 2686 2251 omne
2716 2197 2879 2254 nefas
2911 2197 3189 2256 hominis.

637 2283 990 2356 Epitaphium
1022 2282 1261 2338 Rationis
1894 2279 1964 2335 Ut
1995 2279 2105 2336 fuit
2136 2286 2268 2339 ante
2294 2281 2491 2355 lupus,
2520 2283 2602 2338 sic
2632 2288 2764 2357 post
2794 2285 2861 2340 fit
2886 2285 3131 2342 mitibus
3162 2302 3375 2359 agnus;

138 2371 255 2428 Dux
273 2372 1028 2437 Northmannorum,timor
1042 2371 1313 2438 hostis,et
1333 2386 1498 2425 arma
1515 2383 1776 2433 suorum,
1962 2372 2078 2424 Pax
2108 2369 2189 2425 ita
2220 2375 2510 2428 mutatum
2539 2372 2793 2429 mulceat
2816 2378 2949 2430 ante
2979 2375 3185 2431 Deum.

200 2460 356 2518 Rollo
387 2462 503 2518 sub
539 2461 647 2517 hoc
677 2460 846 2516 titulo
877 2459 1170 2516 clauditur
1195 2459 1252 2514 in
1284 2457 1534 2514 tumulo.
2680 2463 2748 2517 Il.

143 2549 375 2622 Majores
404 2550 579 2622 cujus
610 2549 872 2622 probitas
902 2548 1178 2621 provexit,
1214 2552 1278 2602 ut
1305 2549 1432 2619 ejus
2130 2547 2485 2619 Epitaphium
2518 2549 2802 2605 Guillelmi
2831 2552 3298 2623 Longae-Spathae.

200 2637 468 2695 Servierit
497 2654 601 2694 nec
631 2654 795 2707 avus,
827 2653 933 2692 nec
966 2642 1148 2709 pater,
1182 2653 1285 2692 nec
1312 2652 1578 2708 proavus.
1888 2634 2046 2697 Quos
2078 2635 2423 2692 defendebat
2451 2637 2820 2706 Guillelmus,
2852 2656 3021 2695 nemo
3053 2642 3387 2712 premebat;

141 2724 441 2784 Ducentem
478 2727 655 2782 fortes
687 2741 881 2799 regem
918 2724 1250 2797 multasque
1281 2724 1549 2781 cohortes
1958 2722 2190 2778 Auxilio
2221 2724 2434 2791 curuit,
2465 2724 2671 2782 laedere
2702 2744 2877 2799 quem
2908 2728 3109 2786 voluit.

200 2814 411 2871 Devicit
440 2814 629 2871 Daciae
661 2814 1043 2886 congrediens
1073 2813 1215 2869 acie.
1892 2810 2146 2882 Regibus
2176 2829 2241 2867 ac
2273 2813 2523 2870 ducibus
2554 2817 2871 2872 metuenda
2899 2833 3111 2873 manus
3145 2818 3254 2873 fuit
3282 2818 3413 2889 ejus

140 2902 421 2973 Frixonas,
455 2902 742 2971 Waleros,
776 2901 1564 2968 Halbacenses,'liainaucos,
1970 2899 2217 2971 Belliger
2245 2901 2529 2957 Henricus
2561 2904 2751 2960 Cresar
2781 2921 2912 2960 eum
2947 2905 3164 2962 timuit.

199 2991 309 3048 Hos
338 2991 519 3048 simul
552 2992 859 3063 adjunctos
890 2990 1053 3046 Rollo
1085 2990 1244 3046 dedit
1275 2991 1576 3063 profugos.
1890 2993 2059 3051 Rexit
2087 2989 2525 3046 Northmannos
2557 2992 2760 3063 viginti
2795 2992 3055 3065 quinque
3088 3012 3189 3067 per
3217 3013 3425 3065 annos,

141 3080 260 3153 Egit
285 3081 353 3137 ad
388 3082 499 3137 hoc
534 3080 757 3137 Fresios
789 3096 890 3152 per
919 3078 1172 3152 plurima
1202 3078 1443 3135 vulnera
1470 3080 1671 3142 victos,
1961 3079 2162 3137 Militis
2194 3084 2368 3150 atque
2397 3079 2567 3135 ducis
2597 3087 2905 3153 promptus
2938 3082 2998 3138 in
3030 3084 3258 3140 ofﬁciis.

204 3168 273 3225 Ut
299 3170 410 3226 sibi
437 3170 731 3242 jurarent,
765 3173 940 3241 atque
971 3168 1189 3224 tributa
1218 3169 1440 3223 darent.
1890 3169 2229 3228 C(nnobium
2261 3167 2500 3240 pulchre
2534 3171 2820 3241 reparavit
2849 3170 3330 3243 Gemmeticense,

139 3258 366 3330 Bajocas
396 3258 582 3332 cepit;
614 3258 705 3313 bis
739 3256 990 3313 Parisios
1020 3257 1343 3330 superavit;
1961 3260 2032 3315 Et
2062 3257 2314 3313 decrevit
2345 3256 2423 3311 ibi
2460 3257 2605 3313 ferre
2627 3259 2842 3330 jugum
2876 3261 3168 3315 monachi.

197 3345 375 3404 Nemo
406 3346 520 3402 fuit
545 3346 785 3402 Francis
810 3346 1071 3418 asperior
1095 3346 1318 3401 cuneis.
1894 3347 2174 3403 Fervidus
2207 3344 2401 3400 invicti
2435 3344 2617 3400 coluit
2647 3364 2909 3401 normam
2943 3349 3258 3417 Benedicti,

136 3435 309 3492 Annis
332 3435 577 3509 triginta
601 3434 900 3491 Gallorum
933 3435 1186 3490 caedibus
1218 3451 1356 3490 arva
1746 3492 1747 3499 η
1964 3436 2067 3490 Cui
2100 3434 2260 3506 petiit
2294 3433 2465 3489 subdi
2498 3433 2707 3505 plenus
2733 3451 2929 3490 amore
2959 3435 3080 3491 Dei.

197 3523 487 3597 Implevit,
518 3522 684 3596 pigro
714 3521 869 3578 bella
897 3539 1104 3596 gerens
1135 3521 1358 3578 Carolo.
1805 3559 1854 3624 B
1894 3522 2134 3580 Distulit
2161 3521 2268 3576 hoc
2298 3521 2480 3577 abbas
2513 3521 2990 3624 Martinus;'diva
3018 3528 3295 3594 potestas,

132 3611 260 3669 Post
286 3611 511 3669 multas
543 3615 788 3685 strages,
816 3612 1062 3685 praedas,
1095 3611 1389 3679 incendia,
1417 3611 1622 3677 credes,
1805 3609 1853 3624 "
1956 3612 2117 3666 Saeva
2148 3626 2251 3682 per
2279 3626 2446 3664 arma
2481 3610 2624 3664 mori
2658 3609 2912 3681 praetulit
2943 3627 3115 3666 omen
3147 3612 3219 3667 ei.

196 3699 342 3757 Utile
374 3716 513 3757 cum
544 3699 726 3759 Gallis
756 3699 946 3756 foedus
982 3699 1089 3755 init
1111 3698 1361 3772 cupidis.
1886 3701 2153 3771 Namque
2183 3695 2332 3753 dolis
2364 3698 2595 3753 comitis
2624 3697 2847 3753 Arnulﬁ
2882 3703 3086 3755 nectus
3117 3700 3385 3759 inermis.

133 3788 381 3862 Supplex
410 3787 698 3845 Franeoni
729 3787 944 3844 meruit
976 3787 1329 3861 baptismate
1360 3787 1527 3861 tingi,
1957 3786 2205 3843 Corruit.
2239 3786 2575 3843 Ethereum
2606 3786 2796 3859 possit
2819 3786 3034 3844 habere
3056 3788 3262 3846 Deum.
3296 3793 3405 3847 Am
3418 3808 3511 3849 en.

136 3909 3536 3955 Μ

1490 4074 1655 4121 ΑΗΝΟ
1697 4073 1914 4121 DOMINI
1956 4073 2191 4120 κιχνιι.

1182 4216 2492 4381 RAIMBALDUS

986 4486 1534 4549 ARELATENSIS
1580 4485 1980 4549 ECCLESIIE
2026 4487 2692 4551 ARCHIEPISCOPUS

1630 4625 2045 4639 ῄ

1193 4716 1699 4810 ΝΟΤΙΤΙΑ
1769 4717 2475 4810 HISTORICA.

1042 4896 1124 4951 Ex
1154 4895 1337 4951 Gallia
1368 4895 1712 4963 Christiana,
1746 4898 1858 4951 vet.
1892 4895 2053 4962 edit.,
2086 4898 2225 4951 tom.
2261 4894 2302 4961 Ι,
2337 4909 2467 4966 pag.
2500 4893 2653 4961 553.)

1630 5026 2053 5043 MO

194 5125 397 5185 Pontio
429 5126 863 5185 monasterium
904 5128 962 5185 S.
997 5127 1243 5185 Victoris
1283 5128 1438 5200 apud
1470 5128 1791 5185 Massiliam
1824 5131 1866 5198 C
1905 5127 2102 5185 cteris.
2129 5126 2354 5183 Fratres
2385 5127 2513 5197 ejus
2536 5125 2771 5181 fuerunt
2791 5124 3143 5195 Bonifacius,
3163 5125 3355 5195 Fulco,
3386 5127 3556 5195 Boso,

126 5210 385 5289 ingresso
409 5231 819 5274 successorem
844 5216 1239 5290 suppeditavit
1260 5233 1426 5272 sacra
1446 5216 1547 5272 illa
1564 5234 1798 5291 congre-
1904 5218 2239 5273 Atanulfus.
2264 5215 2700 5288 Propinquitate
2722 5215 3068 5286 conjunctus
3091 5220 3215 5271 erat
3245 5232 3379 5271 cum
3403 5216 3560 5274 Guil‘

128 5307 296 5374 gatio,
334 5305 759 5363 Raimbaldum
793 5305 1063 5362 videlicet
1108 5305 1304 5361 Sancti
1351 5306 1535 5361 lsarni
1566 5307 1797 5363 abbatis
1905 5306 2078 5362 lelmo
2136 5310 2193 5362 et
2250 5303 2517 5371 Fulcone,
2576 5303 2847 5360 Massiliae
2903 5303 3364 5360 vicecomitibus.
3412 5307 3556 5363 Cum

133 5391 463 5453 alumnum.
504 5396 559 5450 Is
590 5411 659 5449 ex
690 5395 870 5450 nobili
918 5399 1082 5451 ortus
1130 5411 1337 5467 genere
1383 5395 1440 5449 in
1472 5393 1793 5460 Provincia,
1908 5396 2015 5451 sub
2044 5397 2101 5450 S.
2133 5394 2315 5451 lsarni
2351 5393 2577 5449 abbatis
2602 5393 2905 5464 disciplina
2930 5393 3251 5466 plurimum
3285 5397 3558 5467 profecis-

128 5485 348 5551 patrem
396 5482 616 5539 habuit
663 5481 1023 5538 Bonifacium
1072 5482 1380 5538 dominum
1412 5483 1482 5537 de
1514 5482 1792 5551 Relliana,
1906 5488 2014 5553 set,
2053 5483 2372 5540 Arelatensi
2423 5484 2697 5540 cathedra
2736 5483 2950 5556 dignus
2993 5484 3297 5556 judicatus
3345 5492 3455 5557 est,
3488 5486 3559 5543 ad

130 5574 378 5632 matrem
408 5567 902 5643 Vandelnusiam,
926 5574 993 5628 ut
1012 5571 1220 5629 docent
1249 5586 1357 5627 nos
1387 5569 1599 5629 tabula
1621 5572 1680 5631 S.
1702 5571 1795 5628 Vi-
1906 5589 2086 5648 quam
2117 5573 2355 5647 eligitur
2384 5591 2536 5632 anno
2570 5573 2725 5651 1031,
2746 5573 3061 5641 indictione
3081 5592 3198 5649 XIV,
3223 5592 3426 5639 mense
3452 5580 3565 5645 Au-
