3970 6218
394 377 537 434 1391

1471 370 1658 428 RAIM
1672 368 1894 428 BALDI
1947 369 1990 424 A
2003 366 2280 426 RELAT.
2339 369 2382 426 A
2399 366 2704 426 RCHIEP.

3637 358 3794 428 1392

389 512 583 578 gusto.
617 508 674 558 et
721 502 896 556 Paulo
929 505 1057 571 post
1093 501 1241 554 sedit
1274 500 1328 554 in
1363 499 1607 553 concilio
1656 497 2035 552 Narbonensi.
2069 499 2120 562 Α
2155 513 2281 551 rum
2317 499 2569 569 spatium
2595 498 2663 552 ad
2691 497 2810 550 haec
2833 499 3032 553 omnia
3052 498 3417 569 przestanda?
3440 498 3690 553 Praelata:
3711 515 3804 570 sy-

393 597 452 648 ln
486 592 821 664 pontificatu
847 605 978 644 vero
1002 589 1212 659 prioris
1241 589 1492 642 instituti
1525 587 1615 642 sui
1641 586 2036 650 memor,dum

389 697 599 735 nomen
633 677 1059 742 subscribebat,
1097 694 1210 732 non
1254 677 1441 731 solum
1489 676 1904 748 archiepiscopi
1939 676 2039 730 sed

384 769 560 826 etiam
612 765 881 820 monachi
915 764 1152 819 titulum
1196 766 1406 821 addere
1437 765 1679 820 solebat.
1717 766 1788 818 Ea
1839 773 2046 834 procul

386 855 565 912 dubio
585 854 805 908 ratione
823 853 1182 923 gratiﬁcatus
1205 859 1291 907 est
1309 855 1367 908 S.
1387 854 1634 908 Victoris
1657 853 2042 920 monasterio;

387 945 545 1000 dedit
569 944 721 998 enim
747 947 968 1014 partem
988 959 1162 1013 quam
1189 943 1438 1004 habebat
1458 943 1512 996 in
1537 947 1726 996 castro
1743 943 1812 995 de
1831 941 2040 1005 Auriae,

387 1050 538 1088 anno
576 1031 1066 1098 1t’i35,indict.1n;
1101 1031 1260 1087 dedit
1280 1047 1511 1102 quoque
1541 1030 1598 1085 in
1626 1047 1833 1084 manus
1863 1029 2038 1084 lsarni

387 1121 636 1187 abbatis,
671 1137 785 1191 quo
820 1119 1100 1190 magistro
1135 1120 1312 1174 vitam
1345 1119 1586 1174 edoctus
1626 1120 1811 1172 fuerat
1842 1133 2041 1172 mona-

387 1210 592 1266 sticam
615 1207 918 1264 ecclesiam
948 1208 1004 1262 S.
1031 1207 1262 1263 Genesii
1288 1224 1390 1262 seu
1416 1209 1473 1262 S.
1502 1207 1796 1268 Honorati,
1821 1210 2044 1261 retento

387 1316 490 1369 pro
523 1297 687 1352 altari
718 1297 774 1350 S.
811 1295 1091 1366 Stephani
1125 1295 1206 1350 vel
1236 1295 1292 1349 S.
1321 1295 1625 1366 Trophimi
1656 1311 1834 1349 censu
1871 1293 2044 1348 unius

388 1388 547 1442 librae
581 1384 801 1440 incensi
836 1385 892 1439 in
927 1384 1194 1455 ejusdem
1229 1386 1285 1438 S.
1311 1383 1611 1455 Trophimi
1643 1384 1808 1439 festo.
1836 1384 2042 1438 Obser-

386 1476 612 1531 vatione
643 1475 885 1543 dignum
919 1478 1005 1526 est
1039 1489 1247 1527 nomen
1281 1477 1334 1526 et
1375 1473 1613 1528 titulum
1647 1473 1705 1526 S.
1741 1472 2040 1544 Trephimi

387 1563 643 1619 ecclesia:
683 1561 999 1617 Arelatensi
1053 1565 1183 1632 post
1237 1563 1293 1616 S.
1330 1561 1607 1633 Stephani
1667 1577 1877 1614 nomen
1930 1580 2041 1615 non

387 1645 570 1707 fuisse
593 1651 882 1720 adjectum
909 1655 1040 1705 ante
1064 1650 1466 1720 pontiﬁcatum
1493 1649 1684 1704 Pontii
1710 1666 1864 1704 anno
1887 1651 2042 1716 1029,

388 1746 454 1796 ut
481 1741 672 1794 videre
704 1743 790 1793 est
818 1739 874 1792 in
909 1739 1173 1808 ejusdem
1199 1738 1420 1804 charta,
1453 1755 1626 1808 quem
1661 1738 1925 1792 imitatus
1958 1743 2046 1792 est

2149 587 2299 640 nodo
2331 586 2630 641 'I‘olosanze
2663 604 2875 658 praeses
2900 585 3200 658 delegatus
3236 593 3324 644 est
3356 606 3388 643 a
3424 605 3572 660 papa
3603 591 3808 644 noster

2151 675 2531 730 Raimbaldus
2581 679 2861 747 tanquam
2911 680 3124 732 sanctae
3169 677 3326 732 sedis
3373 677 3646 733 vicarius.
3693 677 3806 731 An.

2152 765 2291 817 1060
2322 765 2549 835 praefuit
2579 764 2821 820 concilio
2853 766 3258 822 Avenionensi.

2173 915 2178 920 ,
2222 852 2347 906 Non
2379 857 2686 908 contentus
2717 853 3052 909 benefacere
3082 855 3139 908 in
3174 872 3281 910 sua
3313 855 3566 922 dimcesi,
3594 856 3812 910 funda-

2152 939 2231 993 vit
2264 941 2319 994 in
2357 942 2735 1011 l’orojuliensi
2769 943 3071 998 ecclesiam
3103 961 3204 1016 pro
3236 942 3484 1010 clericis,
3509 961 3657 1016 quos
3689 944 3810 999 sub

2153 1029 2404 1100 regulari
2437 1046 2641 1085 norma
2665 1031 3032 1096 constitutos,
3058 1031 3322 1087 Ecclesia:
3355 1033 3625 1088 Romana:
3654 1050 3810 1088 sem-

2153 1134 2256 1189 per
2284 1134 2410 1173 esse
2443 1119 2708 1174 subditos
2729 1121 2932 1190 jussit,
2963 1121 3045 1175 uti
3075 1121 3279 1176 scribit
3307 1122 3378 1176 ad
3409 1120 3810 1177 Alexandrum

2152 1223 2360 1278 papam
2396 1207 2463 1262 ll.
2503 1208 2862 1280 Proindeque
2900 1209 2958 1263 id
2989 1209 3233 1264 minime
3264 1211 3480 1264 factum
3531 1214 3665 1266 ante
3695 1226 3813 1264 an-

2154 1309 2293 1348 num
2331 1296 2486 1363 1061,
2533 1313 2648 1366 quo
2679 1296 2988 1351 inchoatur
3035 1297 3347 1352 Alexandri
3407 1297 3810 1369 pontiﬁcatus.

2153 1385 2393 1438 Gratum
2430 1385 2540 1438 fuit
2569 1384 2887 1439 Alexandro
2923 1385 3250 1440 Raimbaldi
3283 1386 3618 1456 consilium,
3643 1387 3811 1443 ideo-

2153 1489 2266 1543 que
2318 1473 2628 1527 Ecclesiam
2681 1473 3068 1543 Barjolensem
3117 1475 3226 1528 sub
3275 1473 3537 1530 Ecclesiae
3589 1476 3815 1530 Roma-

2156 1579 2238 1615 nae
2274 1561 2452 1615 tutela
2494 1563 2776 1633 suscepit;
2809 1567 2864 1616 et
2914 1562 2968 1615 in
3021 1567 3433 1634 argumentum
3487 1563 3819 1633 subjectio-

2155 1651 2246 1704 nis
2280 1667 2540 1704 annuum
2573 1668 2813 1705 censum
2847 1651 3068 1706 denarii
3099 1651 3260 1706 aurei
3288 1651 3613 1722 imperavit.
3643 1653 3814 1708 Idem

2154 1738 2625 1810 archiepiscopus
2665 1739 2734 1794 ad
2787 1739 3197 1795 canonicorum
3244 1739 3603 1812 regularium
3635 1741 3814 1795 insti-

390 1828 793 1884 Raimbaldns.
822 1832 988 1881 Anno
1019 1829 1152 1882 1037
1178 1827 1720 1881 subscribitlitteris
1743 1825 2037 1881 Gautfredi
2071 1862 2116 1926 B
2155 1832 2346 1882 tutum
2381 1827 2853 1899 amplectendam
2903 1828 3141 1900 majoris
3181 1828 3448 1884 Ecclesia:
3492 1829 3814 1885 canonicos

388 1922 446 1974 et
493 1916 793 1971 Bertrandi
844 1915 1122 1970 comitum
1166 1915 1475 1969 Provinciis
1517 1931 1618 1986 pro
1667 1913 2037 1969 Cluniacensi

389 2005 762 2070 monasterio,
789 2021 856 2058 ex
877 2003 1140 2073 ejusdem
1175 2001 1414 2058 tabulis.
1448 2005 1612 2058 Anno
1647 2005 1802 2066 1010,
1838 2003 2036 2060 Idibus

389 2093 676 2163 Octobris,
731 2093 920 2147 adfuit
976 2091 1325 2147 dedicationi
1385 2092 1637 2147 basilicze
1697 2093 1753 2146 S.
1787 2092 2036 2147 Victoris

390 2181 775 2239 Massiliensis
807 2197 984 2252 Opera
1018 2180 1310 2234 Benedicti
1343 2197 1501 2251 papae
1542 2180 1631 2235 ΙΧ.
1665 2181 1900 2242 Eodem.
1925 2197 2034 2235 an-

389 2288 483 2338 no,
535 2269 847 2324 indictione
899 2287 1022 2339 vm,
1078 2269 1526 2325 controversiam
1587 2268 1821 2324 diremit
1885 2271 2036 2324 inter

389 2358 784 2416 Massilienses
815 2362 870 2412 et
900 2357 1112 2412 Montis
1145 2357 1383 2428 Majoris
1416 2357 1753 2424 monachos,
1789 2374 2035 2428 praesen-

385 2449 544 2504 tibus
570 2447 858 2502 Gaufredo
908 2449 964 2500 et
1012 2447 1327 2500 Bertranno
1375 2445 1707 2512 comitibus,
1742 2445 2034 2501 Willelmo

387 2543 444 2595 et
472 2537 720 2592 Fulcone
750 2535 1188 2591 vicecomitibus
1236 2534 1524 2601 Massiliae,
1559 2534 1675 2590 Hoc
1723 2535 1850 2606 ipso
1883 2552 2034 2590 anno

387 2624 736 2697 subscripsit
764 2623 973 2679 chartas
1007 2622 1212 2678 Amelii
1247 2624 1610 2679 Seneciensis
1641 2624 1894 2695 episcopi
1931 2639 2034 2694 pro

386 2717 443 2772 S.
476 2714 724 2769 Victore.
760 2712 1054 2783 Frequens
1085 2715 1172 2767 est
1215 2711 1488 2783 deinceps
1520 2712 1784 2782 ejusdem
1817 2712 2034 2766 mentio

387 2805 448 2859 in
480 2801 795 2857 Victorinis
842 2800 1083 2870 tabulis,
1116 2804 1182 2854 ut
1229 2817 1723 2872 supervacaneum
1774 2800 2037 2855 videatur

387 2889 654 2963 singulas
695 2904 1057 2961 percurrere;
1094 2889 1345 2944 maxime
1398 2906 1530 2945 cum
1581 2889 1696 2945 alia
1741 2890 2036 2946 notatione

390 2979 658 3053 digniora
687 2978 1003 3049 supersint.

463 3073 622 3125 Anno
652 3069 879 3124 circiter
929 3069 1066 3122 1050
1115 3068 1460 3126 Raimbaldo
1509 3071 1932 3142 subjectionem
1982 3075 2038 3125 et

389 3157 771 3214 reverentiam
794 3155 1081 3228 promisit,
1097 3158 1416 3213 secundum
1441 3164 1724 3232 prazcepta
1744 3176 2034 3214 canonum

2147 1917 2407 1980 adduxit,
2432 1917 2648 1987 quibus
2669 1915 3026 1982 Willelmus,
3053 1917 3440 1974 Massiliensis
3461 1918 3813 1984 vicecomes,

2146 2004 2342 2076 ampla
2374 2005 2677 2060 latifundia
2722 2010 2779 2060 et
2809 2005 3213 2076 possessiones
3262 2007 3319 2060 in
3357 2007 3565 2062 Craudi
3597 2024 3812 2078 campo

2145 2093 2405 2160 donavit;
2458 2110 2636 2164 quam
2696 2093 3123 2148 ordinationem
3193 2094 3541 2150 instauravit
3601 2100 3813 2166 postea

2144 2183 2446 2254 Aycardus
2478 2182 2973 2253 archiepiscopus,
3011 2188 3074 2236 ut
3103 2189 3343 2254 apparet
3391 2199 3458 2238 ex
3506 2183 3713 2240 charta
3742 2185 3810 2240 in

2145 2271 2375 2326 archivo
2421 2269 2740 2326 Arelatensi
2790 2270 2988 2326 relata.
3025 2273 3285 2327 Tandem
3338 2272 3632 2328 benedixit
3666 2274 3811 2328 1065

2143 2359 2447 2415 ecclesiam
2507 2362 2561 2414 S.
2600 2359 2748 2414 Petri
2799 2364 2855 2414 et
2903 2364 3148 2416 Correns
3197 2361 3321 2432 [al.,
3371 2361 3432 2416 B.
3475 2361 3668 2418 Mariae
3728 2363 3806 2418 de

2142 2449 2411 2518 Correno]
2440 2448 2536 2504 ubi
2571 2448 2990 2504 monasterium
3023 2454 3146 2504 erat
3174 2454 3596 2513 constructum,
3633 2467 3699 2508 ac
3730 2449 3796 2506 in

2143 2538 2234 2592 die
2265 2537 2720 2593 consecrationis
2768 2537 3194 2594 absolutionem
3228 2557 3261 2594 a
3291 2539 3630 2611 pmnitentia
3657 2556 3796 2596 om-

2145 2625 2318 2681 nibus
2370 2626 2652 2681 beneﬁcia
2699 2627 2922 2683 daturis
2975 2627 3113 2682 huic
3169 2627 3424 2683 ecclesiae
3474 2629 3795 2696 concessit;

2143 2731 2258 2786 quo
2290 2715 2382 2770 die
2409 2714 2822 2784 anniversario,
2853 2733 3068 2788 magna
3095 2714 3234 2771 olim
3280 2716 3591 2774 festivitate
3634 2717 3796 2774 cele-

2144 2805 2374 2859 bratum
2410 2804 2590 2860 fuisse
2638 2805 2946 2875 jubilzeum
2977 2806 3331 2862 Correnense
3387 2811 3545 2878 patet
3587 2822 3656 2862 ex
3702 2811 3795 2863 ta-

2143 2894 2282 2949 bula
2321 2894 2569 2950 coanobii
2618 2895 2830 2950 Montis
2881 2895 3138 2965 Majoris.
3171 2895 3534 2968 Subscripsit
3579 2895 3800 2951 litteris

2142 2982 2406 3038 Almodis
2435 2983 2745 3039 comitissas
2767 2983 3180 3051 Ruthenensis,
3204 2984 3798 3055 Nemausensis,etc.,

2145 3071 2360 3142 quibus
2427 3072 2627 3126 subdit
2693 3072 3115 3128 monasterium
3175 3073 3233 3127 S.
3292 3071 3531 3144 ngidii,
3594 3072 3800 3128 abbati

2144 3159 2536 3227 Cluniacensi;
2587 3160 2706 3215 dat.
2745 3177 2837 3214 an.
2885 3161 3040 3224 1066,
3075 3178 3175 3216 νιιι
3222 3160 3343 3216 Kal.
3394 3162 3678 3218 Januarii.
3731 3161 3801 3218 In

391 3253 447 3305 et
467 3225 1265 3319 patruminstituta,Pontius
1286 3225 1582 3319 Aquarum
1605 3225 1928 3302 Sextiarum
1951 3265 2036 3303 ar-
2067 3225 2108 3290 Ο
2145 3225 2571 3320 subscriptione
2601 3265 2662 3302 se
2704 3248 2881 3303 simul
2931 3248 3073 3304 dicit
3119 3249 3625 3323 archiepiscopum
3656 3253 3804 3308 Are-

387 3336 817 3408 chiepiscopus;
856 3339 1223 3408 testaturque
1255 3337 1582 3392 Honoratus
1612 3336 1841 3391 Bouche
1877 3337 2032 3392 idem

387 3425 728 3500 praestitisse
759 3425 1137 3480 Bertrandum
1172 3425 1642 3496 Forojuliensem,
1662 3424 2030 3496 Angelrieum

388 3517 734 3588 Regensem,
770 3514 1265 3585 Benedictumque
1295 3515 1775 3580 Avenionensem,
1806 3513 2031 3569 laudat-

386 3622 498 3678 que
520 3604 734 3660 lihrum
763 3605 1214 3658 sacramentalem
1244 3601 1661 3668 Arelatensem,
1706 3603 1788 3657 sic
1810 3604 2031 3658 dictum

388 3694 543 3766 quod
574 3692 915 3764 hujusmodi
949 3697 1315 3748 sacramenta
1345 3691 1655 3748 contineat.
1680 3692 2035 3748 Recensetur

387 3784 540 3838 inter
576 3782 776 3836 Patres
826 3786 1142 3837 conventus
1192 3781 1640 3837 Barcinonensis
1688 3781 1825 3837 anni
1873 3783 2030 3838 1054.

381 3874 492 3927 An.
529 3871 664 3925 1056
696 3870 763 3942 (si
796 3871 942 3926 bene
986 3872 1315 3941 conjectant
1359 3870 1628 3926 Baluzius
1659 3875 1714 3926 et
1744 3871 2033 3943 Labheus)

385 3959 573 4033 pridie
619 3960 813 4016 Nonas
865 3960 1236 4031 septembris,
1277 3976 1411 4014 cum
1463 3960 1815 4032 Leodegario
1859 3960 2032 4015 Vien-

382 4049 573 4117 nensi,
597 4052 652 4104 et
683 4048 886 4120 legatis
919 4049 1412 4113 Narbonensibus,
1441 4048 1751 4104 concilium
1779 4047 2030 4104 celebra-

382 4139 465 4193 vit
503 4138 909 4209 episcoporum
955 4154 1068 4192 xxn
1099 4138 1253 4208 apud
1287 4139 1342 4192 S.
1377 4137 1690 4209 zEgidium.
1715 4138 1825 4193 Sed
1859 4139 2034 4194 citius

383 4226 652 4280 habitum
687 4225 864 4281 fuisse
895 4243 1039 4296 pene
1070 4237 1292 4280 certum
1315 4225 1544 4282 videtur
1561 4227 1647 4282 vel
1678 4244 1744 4282 ex
1776 4227 1897 4282 solo
1931 4228 2036 4282 Lu-

384 4314 710 4372 tevensium
742 4314 1147 4386 episcoporum
1179 4315 1388 4370 indice.
1413 4317 1652 4371 Constat
1682 4316 1832 4370 hanc
1862 4333 2031 4390 syno-

385 4406 527 4460 dum
557 4407 745 4458 actam
776 4419 904 4458 esse
935 4404 1118 4475 pridie
1146 4404 1340 4459 Nonas
1373 4404 1690 4476 Septemb.,
1721 4409 1777 4458 et
1804 4404 2038 4461 Tolosa-

384 4509 522 4549 nam
575 4491 774 4547 Idibus
821 4492 1084 4562 ejusdem
1133 4492 1372 4560 mensis,
1423 4509 1572 4547 anno
1622 4493 1779 4548 1056.
1816 4494 2033 4549 Narbo-

2141 3337 2444 3405 latensem,
2480 3341 2537 3392 et
2566 3337 2837 3392 Romana:
2876 3337 3138 3393 Ecclesiae
3167 3338 3470 3394 vicarium.
3503 3340 3804 3396 Eumdem

2141 3426 2318 3481 vitam
2348 3425 2689 3498 produxisse
2731 3441 2915 3498 usque
2960 3426 3029 3480 ad
3083 3444 3304 3482 annum
3355 3427 3492 3482 1067
3539 3429 3808 3499 probant

2144 3515 2346 3570 littera:
2377 3513 2708 3587 Ilieronymi
2740 3515 3070 3585 cujusdam,
3105 3532 3252 3588 quas
3281 3533 3347 3570 ex
3376 3531 3591 3587 magno
3623 3516 3802 3573 char-

2141 3603 2352 3660 tulario
2379 3605 2437 3659 S.
2465 3603 2715 3659 Victoris
2747 3604 2899 3658 eruit
2925 3603 3010 3658 vir
3039 3604 3117 3658 (Il.
3145 3605 3480 3659 Antoninus
3511 3605 3583 3659 de
3614 3605 3800 3676 Rufi},

2142 3699 2197 3749 et
2227 3693 2300 3748 ad
2334 3711 2438 3748 nos
2470 3709 2571 3764 pro
2604 3693 2774 3748 solita
2807 3692 2965 3749 misit
2995 3693 3377 3748 humanitate.

2214 3784 2484 3837 Attamen
2530 3781 2686 3835 idem
2748 3782 2975 3836 Rufﬁus
3029 3780 3328 3838 contendit
3379 3779 3798 3846 Raimbaldum

2143 3891 2238 3928 an.
2273 3873 2412 3926 1000
2455 3872 2581 3941 jam
2635 3871 2882 3926 cessisse
2907 3871 3103 3926 sedem
3163 3871 3421 3936 Aicardo,
3456 3888 3570 3942 quo
3619 3891 3799 3942 anno,

2144 3961 2352 4032 inquit,
2387 3959 2737 4030 subscripsit
2775 3959 2868 4014 hic
2917 3959 3149 4014 cuidam
3183 3958 3413 4028 chartae,
3448 3977 3624 4032 quam
3654 3960 3800 4034 legit

2144 4051 2268 4122 ipse
2302 4050 2548 4103 Rufﬁus.
2582 4047 2832 4103 Aliunde
2879 4065 2982 4119 pro
3015 4052 3168 4103 certo
3200 4047 3448 4104 habetur
3495 4049 3796 4106 Raimbal-

2144 4139 2283 4193 dum
2314 4143 2540 4193 mature
2572 4143 2706 4192 ante
2738 4141 2985 4192 mortem
3017 4136 3280 4208 deposito
3311 4137 3589 4208 pastorali
3620 4155 3798 4195 onere

2145 4227 2528 4284 monasticam
2580 4226 2638 4279 in
2687 4226 2946 4280 ccenobio
2999 4225 3293 4280 Victorino
3349 4226 3528 4280 vitam
3578 4226 3796 4282 iterum

2145 4333 2272 4374 esse
2303 4315 2657 4388 amplexum.
2690 4314 2761 4370 Ut
2808 4331 2941 4369 vero
2974 4331 3098 4386 quae
3132 4314 3210 4369 sit
3255 4319 3457 4371 nostra
3503 4315 3798 4372 sententia

2145 4407 2589 4478 depromamus,
2650 4403 3025 4457 manifestum
3085 4403 3253 4458 nobis
3308 4403 3538 4459 videtur
3597 4405 3795 4460 Raim-

2145 4495 2384 4550 baldum
2415 4493 2592 4548 vitam
2643 4491 2986 4563 produxisse
3019 4508 3203 4564 usque
3257 4493 3328 4548 ad
3379 4510 3601 4548 annum
3634 4495 3795 4549 1067.

384 4582 552 4638 nensi
574 4583 728 4653 apud
752 4582 809 4636 S.
840 4582 1131 4652 [Egidium
1155 4582 1344 4636 adfuit
1364 4582 1694 4636 Bernardus
1727 4583 2035 4655 episc0pus
2068 4593 2112 4656 Ι)
2145 4587 2290 4639 Ante
2324 4586 2568 4638 mortem
2600 4581 2838 4653 quidem
2870 4581 3046 4636 statui
3078 4582 3399 4638 monastico
3431 4601 3638 4640 rursus
3671 4601 3800 4640 sese

384 4670 744 4735 Lutevensis,
778 4675 834 4724 et
865 4670 1163 4725 Tolosanze
1196 4671 1549 4741 Rostagnus.
1571 4671 1626 4724 Si
1651 4671 1853 4726 eodem
1886 4690 2038 4730 anno

383 4758 683 4815 celebrata:
710 4763 847 4812 sunt
878 4758 964 4812 ha“:
989 4759 1216 4830 synodi,
1240 4760 1391 4813 inter
1413 4763 1724 4832 utramque
1751 4761 2042 4819 ﬂuxerunt

381 4851 612 4903 tantum
658 4863 860 4901 novem
910 4847 1055 4901 dies.
1091 4847 1197 4909 Qui
1238 4863 1372 4901 vero
1417 4847 1540 4902 fieri
1576 4849 1764 4919 potuit
1807 4854 1872 4904 ut
1918 4855 2037 4907 tam

382 4935 545 4992 brevi
574 4940 834 5006 tempore
864 4936 978 4990 duo
1013 4935 1226 4990 fuerint
1256 4936 1602 4996 Lutevenses
1634 4939 1913 5011 episcopi,
1937 4938 2039 5013 qui

383 5024 457 5080 iis
476 5025 995 5079 adfueruntPGerte
1016 5029 1245 5078 mortuo
1260 5025 1551 5080 Bernardo
1575 5044 1688 5082 non
1709 5029 1897 5100 potuit
1913 5031 2038 5086 ﬁeri

385 5111 608 5178 electio,
640 5111 752 5164 nisi
789 5117 917 5182 post
967 5112 1301 5167 facultatem
1355 5115 1781 5186 metropolitani
1817 5119 2034 5173 datam.

384 5199 725 5256 Debuerunt
771 5198 1074 5254 convocari
1122 5200 1376 5273 episcopi
1420 5205 1934 5275 comprovinciales
1966 5209 2036 5263 ad

385 5287 882 5346 consecrationem
915 5288 1046 5345 novi
1079 5288 1355 5364 episcopi.
1389 5293 1475 5350 An
1508 5293 1650 5350 satis
1682 5295 1792 5352 fuit
1825 5313 1881 5352 1x
1913 5296 2036 5356 die-

2151 4672 2398 4738 addixit;
2433 4671 2531 4727 sed
2563 4687 2678 4741 quo
2727 4673 3008 4741 tempore,
3041 4687 3152 4724 non
3203 4671 3491 4728 audemus
3530 4673 3796 4728 definire.

2153 4763 2213 4816 In
2269 4759 2548 4816 electione
2607 4757 2882 4813 Bernardi
2942 4759 3171 4814 abbatis
3227 4760 3273 4814 ll
3305 4764 3362 4814 ὃ.
3393 4761 3640 4816 Victoris
3700 4779 3797 4817 an.

2152 4852 2308 4915 1065,
2341 4865 2551 4904 nomen
2609 4848 3006 4912 subscribens,
3051 4848 3552 4921 archiepiscopum
3605 4867 3668 4905 se
3719 4852 3798 4906 si-

2150 4937 2272 4994 mul
2319 4943 2376 4992 et
2425 4936 2775 4992 monachum
2834 4936 2991 4992 dicit.
3026 4938 3166 4992 Toto
3225 4935 3320 4993 illo
3377 4943 3637 5011 tempore
3696 4943 3801 4996 aut

2148 5027 2330 5095 nulla,
2391 5035 2492 5082 aut
2547 5032 2698 5082 certe
2771 5045 2902 5082 rara
2952 5027 3177 5081 Aicardi
3253 5027 3608 5084 successoris
3668 5029 3799 5100 ejus

2148 5117 2448 5172 memoria.
2523 5117 2650 5172 Dies
2716 5117 3096 5189 depositionis
3164 5115 3487 5172 Raimbaldi
3560 5122 3800 5175 notatur

2145 5224 2247 5262 xm
2291 5206 2481 5263 Martii
2539 5207 2598 5262 in
2652 5206 2986 5279 Necrologio
3042 5205 3341 5262 Canonicze
3400 5207 3497 5275 (La
3546 5208 3798 5265 Canour-

2146 5297 2291 5372 gae).

1658 5571 2516 5610 *ψη-α
