3970 6218
211 285 370 352 1393

1679 286 2156 350 DlPLOMATA.

3467 292 3618 354 1394

1065 597 1072 600 ’
1177 625 1850 740 ltAlMBALDl
1928 621 2666 742 DIPLOMATA.

1713 837 2120 851 ﬂ

1019 969 1060 1024 Ι.

418 1056 789 1128 Prwilegium
817 1073 916 1128 pro
944 1060 1283 1115 monasteria
1317 1058 1371 1113 S.
1407 1059 1664 1114 Victoris.

849 1146 1035 1218 (Auno
1060 1148 1242 1216 1035.)

464 1236 626 1306 [σαιι.
665 1236 895 1303 Christ,
923 1241 960 1290 t.
996 1237 1037 1301 Ι,
1073 1237 1378 1302 Instrum.,
1412 1255 1465 1308 p.
1499 1237 1612 1306 05.]

283 1325 757 1396 Omnipotentem
797 1325 981 1379 Deum
1015 1341 1148 1380 cum
1185 1325 1460 1381 ineffabili
1506 1325 1865 1398 providentia

215 1430 317 1469 suo
348 1413 498 1468 velle
525 1413 745 1484 liqueat
771 1431 999 1469 creasse
1029 1420 1260 1483 cuncta,
1293 1422 1479 1470 exstat
1509 1415 1728 1469 homini
1763 1416 1858 1469 da-

217 1506 330 1557 tam
359 1502 429 1556 ad
470 1501 882 1572 possidendam
915 1506 1128 1557 terram
1158 1503 1452 1574 simulque
1483 1504 1862 1559 subsistentia

215 1590 271 1645 in
304 1607 370 1646 ea
398 1589 488 1645 vel
520 1607 586 1645 ex
616 1608 702 1644 ea.
751 1591 1029 1656 Quocirca
1074 1609 1180 1663 ego
1233 1598 1623 1656 RMMBAIDUS,
1675 1593 1862 1665 gratia

219 1680 310 1735 Dei
329 1680 490 1736 sedis
507 1678 866 1735 Arelatensis
882 1681 1228 1752 prazsulatus
1250 1682 1466 1737 honore
1485 1682 1859 1749 sublimatus,

219 1784 450 1825 enorme
463 1767 659 1823 scelus
678 1784 872 1823 meum
895 1770 1281 1826 considerans
1306 1771 1622 1842 plurimum
1640 1787 1858 1825 necnon

221 1857 647 1914 discussionem
667 1857 847 1911 futuri
873 1861 1481 1930 peccatorumjudicii;
1508 1859 1860 1929 territusque

221 1946 499 2002 immania
529 1947 898 2002 ﬂammarum
941 1947 1376 2019 gehennalium,
1408 1954 1514 2003 etc.
1549 1949 1734 2019 Igitur
1755 1948 1858 2003 ho-

220 2052 344 2091 rum
377 2052 624 2101 memor,
657 2040 937 2090 terrorem
959 2037 1181 2107 judicis
1228 2039 1568 2102 formidans,
1601 2038 1857 2093 clemen-

218 2123 353 2180 tiam
403 2124 811 2196 Redemptoris
844 2125 1222 2197 amplectons,
1272 2132 1486 2182 terram
1521 2143 1659 2181 mea:
1709 2132 1860 2198 pote-

219 2212 377 2268 statis
408 2229 672 2284 meaeque
693 2213 934 2267 ditionis
967 2215 1352 2286 omnipotenti
1379 2216 1516 2282 Deo,
1544 2215 1856 2287 Sanctique

1893 968 1938 1033 Α
1969 972 2204 1027 Autrico
2247 973 2399 1028 ﬁrm.
2447 974 2810 1048 Rostragnus
2843 975 3188 1032 Willamuro
3244 977 3398 1034 ﬁrm.
3459 978 3613 1033 Bon-

1973 1080 2152 1136 porus
2184 1065 2333 1120 ﬁrm.

2754 1149 2823 1204 ΙΙ.

2010 1225 2283 1300 Λρδοζηῑιό
2329 1245 2365 1282 a
2394 1230 2707 1298 pem’lcntiis
2737 1232 3050 1300 impcrtilur
3081 1233 3138 1285 in.
3173 1233 3578 1286 consecratione

2048 1298 2303 1353 Errlcsim
2348 1309 2551 1354 sanrtw
2582 1301 2774 1357 Marz‘w
2800 1298 2865 1356 de
2895 1303 3126 1358 Corrcno
3153 1321 3269 1373 qua:
3300 1303 3538 1358 dotatur.

2592 1391 2777 1458 (Anno
2820 1392 2992 1460 1065,)

2172 1476 2360 1546 [Apud
2395 1480 2724 1544 ACHERIUM,
2751 1480 2939 1550 Spicil.
2974 1483 3013 1533 t.
3047 1481 3140 1546 Vl,
3172 1499 3227 1551 p.
3263 1483 3409 1552 11111.]

2045 1580 2418 1637 RAIMBALDUS
2449 1601 2650 1639 servus
2681 1603 2981 1641 servorum
3014 1587 3134 1650 Dei,
3170 1587 3490 1658 apostolica
3519 1605 3614 1642 au-

1972 1670 2236 1726 ctoritate
2267 1674 2543 1729 omnibus
2563 1680 2678 1729 tam
2700 1675 2926 1730 clericis
2952 1694 3124 1747 quam
3150 1675 3312 1731 laicis
3344 1675 3614 1739 salutem,

1971 1758 2325 1828 adjutor‘ium
2351 1779 2584 1833 quoque
2609 1765 3027 1834 pmnitcntibus
3057 1766 3330 1820 concedo.
3357 1765 3419 1819 In
3445 1766 3616 1819 bene-

1970 1847 2220 1903 dictione
2251 1851 2508 1905 ecclesiaa
2541 1854 2764 1908 Sancta:
2797 1854 3120 1918 Trinitatis,
3149 1860 3206 1908 et
3235 1859 3455 1909 Sancta:
3505 1857 3617 1908 Ma-

1971 1935 2086 2001 rize,
2121 1938 2435 2010 Sanctique
2473 1941 2715 1995 Joannis
2741 1959 2806 1996 ac
2840 1944 3037 1997 Sancti
3069 1944 3220 1998 Petri
3255 1945 3313 1998 in
3344 1943 3613 2006 Correus,

1968 2028 2026 2078 et
2056 2025 2114 2079 in
2145 2027 2272 2095 ejus
2295 2031 2728 2085 consecratione
2754 2031 2926 2086 talem
2951 2031 3379 2088 absolutionem
3415 2047 3616 2086 conce-

1968 2113 2186 2180 dimus,
2221 2121 2283 2170 ut
2313 2117 2640 2190 cuicunque
2671 2121 2952 2175 beneﬁcia
2981 2122 3227 2177 daturus
3257 2122 3406 2178 hanc
3435 2122 3613 2178 eccle-

1968 2200 2114 2257 siam
2150 2203 2494 2276 ingreditur,
2527 2213 2736 2263 cuncta
2766 2226 2827 2265 se
2857 2210 3204 2282 impetrasse
3241 2211 3500 2279 lactetur;
3553 2216 3611 2268 et

215 2300 463 2357 Victoris
500 2302 775 2373 martyris
804 2304 1157 2358 monasterio
1190 2303 1343 2358 haud
1378 2304 1546 2377 longe
1584 2321 1618 2360 a
1653 2304 1855 2359 mmni-
1888 2337 1935 2401 Β
1966 2293 2250 2401 Ροωῐῖίξεηε
2282 2297 2483 2401 (Ιυίλιά
2509 2313 2634 2352 eam
2655 2298 2712 2352 ίῐὶ
2739 2300 3173 2356 consecratione
3203 2302 3331 2371 eius
3363 2301 3610 2358 advene'

219 2390 324 2444 bus
355 2389 628 2446 Massilia:
663 2390 925 2455 fundato,
948 2392 1262 2447 abbatibus
1283 2409 1350 2448 ac
1368 2393 1670 2448 monachis
1702 2394 1851 2448 futu-

213 2478 288 2533 ris
316 2483 370 2534 et
400 2478 791 2550 prmsentibus
824 2479 1040 2534 ibidem
1082 2481 1198 2536 Deo
1247 2483 1640 2537 servientibus
1672 2483 1849 2538 statui

212 2566 559 2633 donandam,
595 2572 652 2622 et
683 2567 961 2640 perpetim
989 2568 1340 2638 habendam,
1367 2571 1634 2626 videlicet
1654 2572 1724 2627 de
1755 2589 1847 2628 ca-

214 2660 327 2712 stro
359 2657 518 2729 quod
553 2661 792 2712 vocatur
831 2658 1030 2713 Auriol
1088 2677 1321 2714 omnem
1373 2677 1561 2715 meam
1625 2666 1847 2732 partem

213 2761 376 2816 quam
403 2761 512 2819 ego
545 2744 625 2799 ibi
658 2745 862 2813 habeo,
895 2746 980 2802 vel
1005 2747 1155 2803 alius
1195 2766 1296 2820 pro
1331 2766 1441 2814 me,
1479 2749 1564 2803 vel
1615 2754 1848 2820 excepto

212 2831 368 2890 alode
389 2835 519 2904 jam
551 2835 685 2890 dato
708 2834 766 2888 in
788 2834 923 2890 villa
945 2841 1002 2890 et
1023 2836 1278 2903 castello,
1300 2843 1355 2892 et
1375 2839 1532 2892 omni
1557 2838 1848 2892 territorio

213 2921 265 2976 in
297 2922 494 2987 cultis,
528 2923 663 2977 etin
696 2923 928 2988 eremis,
962 2924 1019 2979 in
1042 2925 1226 2981 vineis
1254 2931 1311 2981 et
1342 2928 1541 2997 pratis,
1593 2925 1846 2997 pascuis,

219 3014 273 3066 et
300 3010 480 3079 silvis,
507 3011 752 3082 garricis
772 3011 1460 3084 etoglatis,cumcunctis
1493 3015 1846 3070 molendinis

213 3097 280 3152 ad
308 3115 500 3153 meam
534 3102 754 3169 partem
771 3099 841 3152 de
862 3097 1027 3153 alode
1050 3106 1105 3154 et
1118 3102 1210 3156 feu
1231 3105 1316 3172 (f.,
1351 3102 1567 3170 feudo),
1595 3103 1848 3173 exceptis

213 3185 430 3241 duobus
463 3185 713 3251 mansis,
745 3204 895 3258 quos
929 3188 1062 3242 dedi
1098 3189 1387 3244 Aldoardo
1432 3197 1487 3244 et
1531 3191 1750 3246 Pontio.
1785 3192 1848 3246 ln

211 3273 481 3329 omnibus
505 3273 684 3346 igitur
705 3279 760 3329 et
789 3292 892 3347 per
912 3277 1110 3332 omnia
1130 3277 1200 3332 de
1223 3279 1557 3350 supradicto
1578 3286 1768 3336 castro
1794 3284 1848 3336 et

212 3362 1210 3438 deomnibusappendiciisejusquae
1236 3367 1525 3438 pertinent
1547 3369 1617 3423 ad
1635 3386 1845 3437 meam,

212 3455 272 3506 ut
290 3451 368 3507 ita
395 3451 668 3518 dixerim,
702 3453 954 3520 friscam,
983 3455 1133 3509 dono
1153 3457 1363 3511 Sancto
1399 3456 1613 3512 Victori
1647 3475 1845 3529 perpe-

210 3540 439 3596 tualiter
468 3541 589 3595 hac
611 3541 811 3596 omnia
841 3559 1103 3598 meorum
1129 3544 1338 3599 timore
1359 3550 1754 3617 peccatorum,
1778 3547 1850 3602 si-

210 3627 328 3684 mul
359 3634 413 3684 et
433 3633 783 3685 aeternorum
800 3647 995 3687 amore
1013 3633 1403 3703 praemiorum,
1427 3635 1739 3690 venerabili
1760 3635 1846 3691 lo-

1964 2380 2039 2434 rit
2068 2380 2181 2436 tale
2213 2384 2534 2440 remedium
2586 2387 2696 2441 sibi
2746 2388 3059 2460 percipiat;
3094 2389 3328 2444 tertiam
3384 2394 3608 2461 partem

1961 2470 2311 2541 pmnitentia:
2346 2473 2430 2527 illi
2461 2474 2840 2543 dimittimus,
2871 2482 2926 2532 et
2953 2477 3259 2534 ecclesiam
3317 2496 3506 2551 usque
3537 2480 3607 2534 ad

1961 2565 2137 2630 caput
2170 2561 2303 2615 anni
2341 2563 2389 2616 ei
2418 2563 2721 2620 reddimus
2752 2571 2807 2620 et
2840 2583 3062 2638 pacem,
3097 2572 3151 2622 et
3183 2567 3424 2640 capillos
3456 2568 3609 2623 inci-

1958 2647 2093 2703 dere
2126 2648 2366 2717 habeat;
2391 2657 2447 2706 et
2477 2653 2524 2706 si
2559 2670 2717 2708 mors
2740 2654 2795 2708 in
2829 2656 3014 2726 capite
3047 2656 3182 2712 anni
3213 2655 3484 2721 evenerit,
3516 2655 3604 2712 vel

1959 2735 2200 2808 insuper
2230 2756 2470 2804 annum,
2505 2758 2571 2796 ex
2604 2747 2803 2798 nostra
2833 2748 2995 2814 parte
3030 2745 3336 2801 absolutus
3381 2761 3606 2816 perma-

1958 2831 2124 2892 neat;
2152 2832 2210 2883 et
2241 2829 2287 2882 si
2322 2829 2378 2883 in
2411 2829 2523 2885 alio
2556 2848 2707 2886 anno
2739 2832 3070 2888 annualiter
3106 2833 3194 2888 vel
3227 2834 3468 2906 insuper
3499 2851 3601 2889 au-

1958 2930 2124 2980 num,
2157 2916 2215 2970 in
2237 2934 2304 2972 ea
2335 2918 2705 2976 absolutione
2736 2928 3092 2991 permaneat.
3131 2925 3314 2989 Quam
3366 2922 3601 2979 absolu-

1958 3002 2177 3060 tionem
2209 3023 2242 3060 a
2264 3012 2464 3063 sancto
2487 3009 2652 3064 Petro
2676 3011 3030 3081 accepimus,
3054 3013 3171 3075 cui,
3195 3011 3389 3068 utfere
3409 3011 3602 3067 omnis

1957 3092 2282 3149 catholicus
2311 3096 2469 3151 orbis
2495 3099 2781 3170 agnoscit,
2814 3104 3073 3171 potestas
3105 3101 3331 3156 coalitus
3359 3104 3450 3156 est
3485 3099 3602 3156 col-

1959 3179 2094 3246 lata,
2131 3185 2396 3254 quemvis
2428 3185 2674 3242 solvat...
2731 3187 3000 3255 vinculis,
3035 3195 3089 3244 ct
3120 3189 3258 3261 liget
3301 3206 3450 3261 quos
3481 3188 3606 3244 vult

1958 3269 2018 3324 in
2050 3271 2193 3326 oculo
2241 3276 2297 3327 et
2328 3273 2384 3327 in
2417 3279 2590 3344 terra,
2622 3282 2675 3331 et
2705 3277 2796 3332 cui
2832 3277 2953 3332 vult
2982 3270 3264 3344 dimittat,
3317 3283 3373 3333 et
3429 3293 3603 3349 quem

1955 3361 2083 3413 vult
2107 3361 2330 3432 perdat.
2365 3363 2748 3436 Quapropter,
2784 3367 2949 3422 nobis
2980 3367 3456 3432 concedentibus,
3477 3366 3606 3437 qui-

1959 3465 2189 3520 cunque
2231 3451 2447 3505 bonum
2481 3451 2616 3507 huic
2640 3453 2763 3509 loco
2796 3455 3014 3522 fecerit,
3047 3456 3220 3511 talem
3247 3455 3605 3510 benedictio-

1959 3553 2090 3591 nem
2115 3539 2382 3609 accipiat,
2406 3540 2844 3613 sicutsuperius
2861 3543 3140 3598 diximus.
3164 3544 3342 3614 thui
3360 3543 3430 3597 ad
3458 3542 3608 3597 hanc

1957 3625 2263 3681 ecclesiam
2296 3627 2720 3697 ierit,,securus
2758 3631 2830 3686 ab
2860 3631 3138 3686 omnibus
3181 3631 3438 3686 inimicis
3483 3633 3610 3688 suis

210 3732 293 3785 co,
323 3718 494 3774 ccstui
520 3718 768 3775 fratrum
798 3725 1022 3788 sancto,
1048 3723 1212 3777 trado
1235 3723 1609 3794 possidenda,
1642 3724 1854 3780 haben-
1883 3705 1925 3770 C
1963 3714 2155 3783 vadat.
2213 3720 2269 3770 et
2301 3717 2400 3788 qui
2441 3717 2493 3771 6i
2539 3717 2759 3790 aliquid
2814 3718 3216 3790 impedimenti
3277 3719 3614 3791 pmstiterit

212 3806 300 3873 da,
347 3805 432 3862 vel
465 3808 739 3876 tenenda,
793 3826 896 3881 pro
946 3811 1152 3866 anima:
1199 3828 1364 3879 meaa,
1407 3812 1857 3884 genitorumque

213 3910 468 3952 meorum
488 3895 839 3953 remissione
861 3900 1127 3954 omnium
1144 3901 1855 3971 peccatorum.Ullusvero

213 3988 541 4040 nostrorum
563 3991 894 4057 parentum.
917 3987 1037 4043 sive
1077 3989 1695 4061 fratrum,quicunque
1734 4009 1851 4063 per-

215 4086 507 4140 sonarum,
553 4073 603 4128 si
636 4072 907 4129 habuerit
937 4074 1080 4131 velle
1131 4077 1347 4131 donum
1386 4077 1494 4132 hoc
1551 4079 1854 4145 annulare,

215 4175 322 4215 non
350 4161 539 4218 valeat
596 4161 859 4235 implere,
912 4165 1013 4219 sed
1047 4170 1358 4238 componat
1391 4167 1446 4220 in
1491 4166 1725 4223 vinculo
1756 4170 1853 4225 de-

215 4262 332 4303 cem
379 4249 564 4305 libras
622 4251 692 4305 de
723 4268 887 4320 auro,
919 4252 1120 4325 itaque
1150 4254 1250 4309 Dei
1291 4255 1508 4308 summi
1543 4257 1716 4312 faciat
1761 4275 1854 4313 as-

215 4336 358 4391 sumi
409 4355 611 4410 poenas
642 4355 924 4411 perennes
965 4342 1105 4413 pati,
1151 4342 1295 4396 etin
1329 4343 1624 4398 infernum
1674 4346 1855 4413 trudi,

215 4424 268 4474 ct
293 4423 565 4498 deinceps
596 4424 704 4480 hoc
733 4427 953 4483 donum
986 4435 1332 4502 perpetuum
1373 4447 1438 4485 ac
1465 4432 1699 4486 ﬁrmum
1734 4449 1859 4504 per-

214 4517 436 4568 maneat
467 4513 529 4568 in
561 4531 768 4569 aevum.

278 4601 413 4657 Acta
443 4606 536 4657 est
567 4601 688 4658 hac
712 4604 950 4661 donatio
983 4623 1135 4663 anno
1166 4608 1236 4663 ab
1268 4607 1570 4663 incarnato
1613 4609 1856 4665 Domino

214 4687 364 4758 1035,
397 4689 721 4748 indictione
754 4710 838 4749 ιιι.

278 4775 392 4849 Ego
417 4779 805 4838 Raimbaldus
822 4799 956 4839 cum
989 4783 1317 4841 hmredibus
1339 4785 1486 4842 meis
1518 4785 1670 4842 hanc
1695 4787 1857 4843 char-

215 4865 330 4920 tam
361 4868 486 4923 ﬁeri
511 4869 666 4940 jussi
697 4875 756 4926 et
786 4873 1021 4930 ﬁrmare
1063 4875 1278 4947 rogavi.
1314 4875 1648 4932 Bonifacius
1683 4876 1859 4932 frater

216 4967 373 5011 meus
404 4973 498 5012 me
528 4963 800 5029 precante
833 4962 1104 5031 ﬁrmavit,
1145 4969 1202 5020 et
1232 4965 1421 5019 caeteri
1456 4964 1554 5037 qui
1595 4982 1856 5038 sequun-

1963 3803 2110 3858 sciat
2139 3821 2200 3860 se
2231 3806 2800 3862 excommunicatum
2835 3813 2890 3863 et
2929 3807 3518 3864 anathematizatum.
3550 3809 3610 3866 Si

1963 3891 2098 3963 quis
2131 3892 2347 3964 itaque,
2391 3895 2546 3967 quod
2593 3913 2706 3950 non
2757 3900 3052 3968 optamus,
3104 3897 3413 3954 temerario
3459 3915 3611 3954 ausu

1963 3987 2165 4038 contra
2213 3982 2362 4038 hanc
2411 3989 2669 4040 nostram
2719 3986 3166 4056 praeceptionem
3225 3986 3307 4042 ire
3363 3989 3611 4042 conatus

1962 4071 2155 4138 fuerit,
2189 4077 2245 4127 et
2267 4071 2324 4127 in
2365 4073 2500 4129 villa
2529 4091 2656 4146 quae
2691 4074 2862 4147 vulgo
2884 4075 3102 4130 Coreno
3153 4074 3386 4142 dicitur,
3429 4075 3610 4132 offen-

1963 4160 2132 4228 derit,
2166 4162 2213 4216 si
2247 4161 2398 4217 infra
2443 4163 2832 4235 quadraginta
2865 4163 2988 4219 dies
3034 4165 3104 4218 ad
3136 4163 3609 4220 emendationem

1965 4265 2078 4303 non
2113 4251 2355 4315 venerit,
2390 4251 2536 4307 sciat
2567 4268 2628 4307 se
2676 4252 3052 4309 maledictum
3087 4253 3365 4309 omnibus
3424 4251 3610 4308 male-

1963 4337 2322 4395 dictionibus
2352 4357 2478 4412 qua:
2514 4341 2571 4396 in
2603 4342 2758 4398 Novo
2783 4351 2834 4398 et
2865 4343 3055 4398 Veteri
3098 4344 3475 4400 continentur
3503 4343 3612 4399 Te-

1964 4432 2398 4495 stamento,ctc.
3501 4447 3506 4450 '

2743 4521 2832 4577 ΙΙΙ.

1965 4603 2169 4659 Charta
2214 4621 2321 4676 pro
2371 4607 2568 4662 Sancto
2619 4609 2836 4664 Victore
2864 4627 2896 4664 a
2937 4609 3251 4666 Raimboldo
3307 4608 3616 4663 Arelatensi

2389 4679 2793 4752 archiepiscopo
2839 4683 3182 4752 conﬁrmata.

2581 4768 2768 4839 (Anno
2804 4769 2987 4839 1609.)

2375 4854 2537 4925 [GalL
2575 4855 2780 4912 Christ.
2817 4856 2950 4911 ibid.
2987 4874 3044 4929 p.
3071 4857 3218 4928 555.]

2036 4961 2153 5032 Ego
2184 4919 2524 5017 Jeronimus
2571 4963 2806 5019 Rainois
2847 4919 3144 5034 quondam
3186 4919 3347 5019 ﬁlius
3377 4967 3435 5018 et
3482 4919 3614 5019 Mir-

217 5041 307 5135 tur
337 5060 349 5098 :
374 5044 710 5104 Willelmus
741 5049 1061 5106 vicecomes
1080 5051 1374 5118 Massilizs,
1409 5070 1525 5108 una
1554 5069 1688 5109 cum
1720 5054 1858 5110 ﬁliis
1890 5071 1935 5135 Ι)
1968 5051 2182 5105 manda
2210 5067 2353 5105 uxor
2372 5067 2524 5116 mea,
2550 5052 2606 5106 in
2634 5053 2940 5123 praascntia
2975 5058 3036 5108 D.
3063 5052 3390 5108 Raimbaldi
3414 5052 3613 5108 Arela-

217 5129 334 5186 suis
362 5133 578 5191 domno
612 5136 816 5192 Pontio
867 5139 1161 5211 episcopo,
1223 5141 1466 5196 Aicardo
1498 5147 1554 5197 et
1582 5141 1853 5209 Fulcone,

216 5217 505 5291 Stephano
539 5229 597 5278 et
617 5229 935 5282 Bertranno
960 5230 1356 5284 ﬁrmaverunt.
1390 5232 1731 5288 Autrannus
1763 5234 1858 5286 ﬁr-

217 5309 410 5365 mavit.
426 5311 667 5369 Pontius
687 5315 758 5371 de
772 5315 1080 5372 Lambisco
1096 5318 1248 5374 ﬁrm.
1266 5317 1691 5389 Guiquiramus
1706 5322 1858 5376 ﬁrm.

218 5393 385 5452 Fulco
416 5399 568 5456 ﬁrm.
605 5403 856 5473 Majolus
891 5405 1177 5473 ﬁrmavit;
1212 5407 1330 5460 Noe
1364 5408 1514 5462 ﬁrm.
1541 5407 1864 5464 Rainaldus

216 5481 363 5539 ﬁrm.
397 5489 632 5544 Arenul.
665 5492 815 5546 ﬁrm.
855 5493 1185 5548 Bonifacius
1209 5496 1358 5548 ﬁrm.
1385 5495 1666 5549 lt‘araldus
1703 5497 1852 5552 ﬁrm.

217 5569 412 5631 Guisla
441 5577 595 5634 ﬁrm.
629 5579 788 5637 ﬁlius
811 5598 957 5637 suus
989 5581 1228 5637 Pontius
1263 5582 1398 5638 Milo
1431 5584 1582 5638 ﬁrm.
1619 5586 1862 5640 Pontius

1967 5140 2150 5194 tensis
2181 5139 2344 5194 urbis
2362 5139 3088 5212 archiepiscopidonamus
3111 5145 3167 5194 S.
3202 5141 3420 5196 Victori
3445 5158 3612 5196 mau-

1971 5229 2168 5286 sioncs
2225 5246 2372 5300 quas
2419 5229 2478 5284 in
2512 5230 2653 5284 urbe
2685 5230 3023 5298 supradicta
3062 5229 3276 5285 habere
3320 5231 3609 5296 videmur,

1963 5321 2137 5389 juxta
2163 5317 2464 5374 ecclesiam
2478 5319 2536 5374 S.
2572 5318 2822 5384 Genesii,
2853 5336 3145 5391 superque
3162 5319 3386 5374 Rodani
3419 5317 3612 5374 ﬂumi-

1973 5409 2065 5465 nis
2093 5409 2302 5481 ripam,
2337 5426 2488 5464 anno
2525 5408 2678 5461 1067.
2712 5408 2828 5479 Ego
2857 5407 3194 5464 Jeronimus
3225 5412 3282 5463 et
3314 5425 3456 5464 uxor
3487 5422 3616 5461 mea

1972 5504 2028 5555 et
2062 5501 2241 5553 frater
2272 5516 2438 5554 meus
2473 5499 2614 5553 ltoso
2648 5496 2794 5552 hanc
2819 5497 3193 5554 donationem
3229 5496 3612 5553 ﬁrmavimus.

1973 5584 2240 5641 Domnus
2271 5585 2746 5658 archiepiscopus
2778 5584 3156 5643 Raimbaldus
3189 5585 3464 5644 ﬁrmavit.
3499 5583 3618 5655 Ugo
