3970 6218
365 298 522 368 i395

1175 305 1641 372 RAIMBALIDI
1685 306 2024 370 ARELA'I‘.
2072 306 2437 375 ARCHIEP.
2484 309 2960 378 DIPLOMATA.

3624 302 3785 372 i396

366 444 437 499 de
466 441 600 499 Bale
630 437 899 499 firmavit.
922 434 1278 497 Volveradus
1301 446 1356 496 et
1376 440 1639 497 Amelius
1673 442 1848 496 frater
1878 443 2009 513 ejus
2041 443 2094 509 Α
2124 448 2179 500 et
2211 464 2410 518 pacem
2457 447 2712 520 fregerit,
2744 447 3111 505 examinatus
3159 456 3262 521 per
3311 443 3545 504 decreta
3572 441 3781 517 legum

366 532 636 588 firmavit.
674 531 849 587 Fulco
883 530 1058 585 frater
1088 529 1507 601 archiepiscopi
1544 530 1814 585 ﬁrmavit.

1144 636 1231 690 1V.

454 728 640 782 Sermo
670 731 718 781 et
748 728 1091 796 conﬁrmatio
1120 734 1429 780 sanctorum
1466 730 1694 780 Patrum
1727 735 1933 781 sanclw

1008 805 1215 851 treuva:
1246 798 1367 852 Dei.

991 886 1177 956 (Anno
1214 887 1370 955 lOit)

371 975 586 1044 [Edidit
624 975 767 1030 Dom
812 974 1093 1030 Manrsxs
1132 976 1278 1027 Thes.
1318 973 1512 1027 Anerd.
1547 972 1585 1039 l,
1631 974 1746 1041 l6l,
1796 973 2009 1045 emes.

1048 1045 1345 1113 'l‘alvcrce.]

440 1155 498 1207 ln
548 1153 782 1207 nomine
816 1154 913 1207 Dei
958 1152 1143 1207 Patris
1175 1150 1617 1222 omnipotentis,
1669 1156 1725 1205 et
1774 1151 1923 1217 Filii,
1958 1156 2015 1207 et

363 1243 614 1314 Spiritus
648 1242 855 1305 sancti,
892 1243 1286 1306 llAlMltALliUS,
1321 1240 1677 1295 Arelatensis
1727 1239 2011 1311 archiepi-

370 1349 603 1403 scopus,
655 1349 787 1385 cum
838 1332 1157 1385 Bsxsmero
1208 1330 1616 1395 Avenionensi,
1668 1334 1722 1382 ct
1756 1329 2013 1382 NITARDO

370 1420 601 1476 Nicensi
652 1419 965 1492 episcopis,
1028 1436 1129 1473 nec
1188 1436 1303 1474 non
1355 1423 1409 1472 ct
1458 1416 1771 1472 venerabili
1804 1416 2015 1470 abbate

372 1510 586 1565 domno
619 1510 693 1578 (1)
741 1509 993 1563 Oanoxe
1026 1525 1141 1561 una
1180 1523 1312 1561 cum
1344 1505 1621 1561 omnibus
1651 1504 1941 1575 episcopis
1962 1508 2019 1557 et

374 1598 712 1663 abbatibus,
744 1600 801 1651 et
830 1601 1039 1650 cuncto
1082 1595 1232 1650 clero
1274 1612 1375 1665 per
1406 1594 1734 1649 universam
1768 1592 2016 1649 Galliam

374 1684 804 1749 habitantibus,
862 1684 1136 1739 omnibus
1169 1681 2015 1755 archiepisc0pis,ﬁepiscopis,

373 1774 746 1846 presbyteris,
780 1778 836 1827 et
866 1778 1076 1828 cuncto
1108 1773 1259 1828 clero
1288 1790 1389 1844 per
1410 1776 1590 1827 totam
1616 1770 1842 1827 Italiam
1866 1788 2019 1825 com-

372 1862 758 1929 morantibus,
794 1863 981 1933 gratia
1011 1862 1172 1916 vobis
1204 1865 1260 1916 et
1290 1879 1399 1932 pax
1426 1878 1459 1915 a
1493 1862 1603 1915 Deo
1626 1861 1792 1915 Patre
1822 1858 2011 1914 omni-

370 1954 602 2022 potente
629 1951 728 2021 qui
762 1955 851 2005 est
882 1955 937 2005 et
969 1951 1067 2022 qui
1101 1954 1301 2005 eratet
1333 1949 1432 2021 qui
1464 1953 1747 2003 venturus
1771 1952 1879 2003 cst.

442 2041 738 2111 Rogamus
769 2057 870 2094 vos
900 2044 958 2093 et
979 2042 1379 2105 obsecramus,
1414 2037 1748 2109 omnesgqui
1798 2035 2020 2091 timetis

370 2129 557 2183 Deum
588 2134 643 2183 et
674 2129 910 2184 creditis
932 2128 988 2182 in
1006 2146 1139 2183 cum
1155 2134 1210 2182 et
1232 2129 1417 2199 ipsius
1433 2126 1719 2197 sanguine
1734 2124 2018 2196 redempti

371 2218 535 2283 estis,
570 2221 633 2272 ut
664 2217 913 2273 caveatis
946 2225 1001 2271 et
1032 2216 1377 2287 provideatis
1409 2232 1509 2270 vos
1530 2216 1601 2269 ad
1630 2214 1878 2268 salutem
1893 2213 2020 2267 ani-

373 2322 604 2361 marum
646 2310 704 2360 et
735 2322 1066 2375 corporum,
1119 2310 1175 2359 et
1204 2304 1536 2375 sequamini
1594 2303 1836 2373 vestigia
1894 2301 2020 2367 Dei,

371 2411 574 2466 pacem
588 2394 872 2448 habentes
903 2395 974 2448 ad
999 2392 1264 2459 invicem,
1286 2398 1347 2445 ut
1371 2409 1502 2446 cum
1528 2392 1654 2462 ipso
1680 2390 2021 2445 mereamini

373 2497 574 2553 pacem
604 2486 659 2535 et
688 2479 1174 2551 tranquillitatem
1199 2485 1540 2551 perpetuam
1563 2478 1881 2550 possidere.
1910 2478 2021 2533 Re-

377 2569 549 2641 cipite
580 2586 715 2641 ergo
746 2574 801 2623 et
832 2574 1020 2623 tenete
1069 2585 1295 2641 pacem,
1327 2573 1383 2623 et
1415 2567 1574 2623 illam
1619 2572 1839 2621 trevam
1900 2566 2017 2634 Dei,

375 2675 554 2730 quam
586 2663 641 2713 et
690 2676 815 2726 nos,
866 2658 1062 2713 divina
1109 2657 1427 2730 inspirante
1480 2656 1897 2724 misericordia,
1950 2656 2022 2711 de

374 2748 517 2802 cmlo
544 2748 713 2803 nobis
743 2748 1161 2803 transmissum
1180 2748 1305 2817 jam
1332 2746 1669 2817 accepimus
1691 2749 1747 2800 et
1779 2745 2023 2800 firmiter

378 2840 671 2903 tenemus,
699 2838 778 2891 ita
804 2836 1177 2892 constitutam
1202 2840 1258 2890 et
1280 2833 1931 2907 dispositam,videlicet
1959 2837 2024 2888 ut

378 2925 449 2979 ab
482 2925 625 2979 hora
654 2926 983 2996 vespertina
1013 2926 1125 2979 diei
1160 2924 1420 2980 Mercurii
1458 2924 1608 2978 inter
1628 2939 1832 2978 omnes
1858 2922 2022 2976 Chri-

379 3014 573 3068 tianos
605 3015 826 3069 amicos
847 3019 903 3068 et
933 3014 1225 3082 inimicos,
1250 3012 1471 3068 vicinos
1502 3016 1559 3067 et
1589 3016 1915 3074 extraneos,
1948 3010 2025 3065 sit

376 3102 667 3174 firmaan
687 3108 741 3159 et
763 3102 992 3158 stabilis
1016 3108 1217 3158 treuva
1244 3119 1429 3173 usque
1452 3102 1565 3157 inn
1596 3100 1823 3169 feriam,
1848 3100 1906 3154 id
1934 3104 2023 3154 est

2123 535 2693 608 scecularium,juxta
2712 539 2950 594 modum
2964 536 3271 610 culparum
3294 537 3534 608 cogatur
3545 531 3785 607 persol-

2120 640 2272 691 vere,
2304 630 2360 681 et
2390 642 2490 698 per
2511 630 2848 681 sanctorum
2880 641 3169 682 canonum
3203 622 3438 697 regulas
3466 621 3788 695 duplicata

2122 714 2466 784 poenitentia
2479 716 2502 786 j
2516 715 2865 771 udicabitur.
2891 715 3052 780 Quod
3077 714 3204 770 ideo
3223 714 3468 785 dignum
3496 711 3786 775 dicimus,

2126 808 2208 869 ut,
2242 804 2290 859 si
2325 805 2778 875 promissionem
2812 804 2929 860 illic
2952 804 3163 860 factam
3196 802 3257 857 in
3289 801 3484 874 aliquo
3516 815 3792 858 corrum-

2123 908 2257 963 pere
2278 895 2853 964 praasumpserimus,
2888 893 3185 949 mundano
3208 896 3265 947 et
3297 887 3792 963 spiritalijudicio

2122 980 2432 1051 dupliciter
2457 983 2950 1037 condemnemur.
2984 980 3289 1038 Credimus
3320 995 3575 1051 namque
3601 977 3792 1035 istam

2122 1086 2359 1125 causam
2394 1087 2427 1125 a
2456 1070 2572 1126 Deo
2598 1071 2766 1125 nobis
2797 1070 3027 1126 coalitus
3047 1068 3395 1141 inspiratam
3426 1067 3627 1123 divina
3644 1065 3791 1138 opi-

2123 1157 2422 1225 tulatione,
2460 1158 2597 1230 quia
2630 1159 2786 1230 apud
2819 1176 2945 1224 nos,
2982 1162 3047 1212 ut
3077 1156 3392 1226 credimus,
3444 1154 3589 1211 nihil
3639 1154 3793 1210 boni

2121 1246 2422 1316 agebatur,
2458 1248 2691 1318 quando
2715 1264 2748 1301 τι
2769 1247 2883 1301 Deo
2916 1244 3133 1318 populo
3148 1262 3255 1300 suo
3286 1245 3644 1301 transmissa
3665 1247 3791 1299 est.

2123 1333 2423 1389 Dominica
2479 1339 2634 1389 certa
2690 1335 2817 1389 dies
2872 1351 2984 1389 non
3042 1332 3392 1399 celebratur,
3425 1333 3527 1389 sed
3560 1335 3797 1388 cuncta

2123 1421 2356 1477 servilia
2377 1438 2551 1493 Opera
2570 1422 2625 1477 in
2645 1440 2712 1478 ea
2731 1422 2964 1478 ﬁebant.
2990 1420 3413 1479 Promissimus
3435 1420 3635 1491 itaque
3655 1420 3795 1476 Deo

2124 1526 2190 1564 ac
2221 1509 2556 1566 devovimus
2602 1510 3006 1581 quatriduum,
3054 1513 3118 1564 ut
3146 1524 3328 1580 supra
3357 1507 3617 1564 diximus
3648 1511 3723 1563 ut
3760 1525 3805 1563 ν

2126 1598 2270 1653 feria
2295 1602 2533 1670 propter
2561 1597 2988 1668 ascensionem,
3019 1615 3075 1654 v1
3106 1597 3251 1653 feria
3293 1600 3531 1669 propter
3560 1594 3799 1653 Christi

2127 1687 2486 1758 passionem,
2533 1688 2855 1743 Sabbatum
2903 1703 3006 1757 pro
3038 1684 3407 1741 veneratione
3437 1682 3794 1756 sepultura,

2128 1779 2259 1830 etut
2275 1775 2575 1831 Dominica
2589 1775 2934 1832 resurrectio
2948 1772 3359 1829 inviolabiliter
3369 1770 3796 1840 celebraretur,

2129 1865 2202 1919 ab
2234 1865 2511 1920 omnibus
2550 1863 2743 1920 rurale
2776 1881 2923 1936 opus
2966 1863 3023 1918 in
3058 1879 3126 1919 ca
3166 1862 3407 1918 omnino
3444 1877 3561 1915 non
3593 1861 3796 1929 ﬁeret,

2127 1953 2406 2008 inimicus
2453 1953 2757 2008 inimicum
2791 1969 2905 2008 non
2938 1952 3299 2020 formidaret,
3325 1950 3651 2007 secundum
3684 1966 3800 2007 au-

2128 2041 2457 2097 ctoritatem
2490 2059 2524 2096 a
2551 2042 2667 2097 Deo
2700 2040 2972 2097 collatam
2993 2045 3051 2096 et
3080 2040 3153 2096 ab
3174 2039 3458 2113 apostolis
3480 2037 3791 2094 traditam.

2128 2129 2345 2186 Omnes
2398 2130 2497 2201 qui
2530 2130 2679 2185 hanc
2701 2146 2901 2202 pacem
2933 2134 2990 2185 et
3022 2129 3117 2184 Dei
3147 2133 3412 2184 treuvam
3459 2125 3799 2183 amaverint

2130 2218 2531 2273 benedieimus
2581 2222 2638 2273 et
2658 2218 3036 2285 absolvimus,
3077 2218 3232 2273 sicut
3265 2215 3537 2289 superius
3558 2216 3795 2273 dictum

2128 2304 2378 2361 est.Illos
2403 2310 2597 2361 autem
2622 2304 3793 2377 quicontradicunt,excommunicamus,

2131 2392 2537 2449 maledicimus
2577 2398 2632 2449 et
2662 2394 3251 2461 anathematizamus,
3276 2398 3332 2450 et
3380 2410 3410 2449 a
3462 2392 3788 2450 liminibus

2129 2486 2340 2537 sancta:
2374 2484 2579 2538 matris
2631 2482 2895 2539 Ecclesiae
2943 2482 3338 2540 eliminamus.
3387 2485 3532 2538 Cum
3573 2486 3783 2539 autem

2129 2570 2379 2626 evenerit
2411 2570 2687 2643 cuiquam
2734 2570 3029 2627 vindicare
3068 2572 3127 2627 in
3157 2588 3256 2628 eos
3286 2571 3389 2643 qui
3420 2571 3570 2627 hanc
3600 2571 3787 2627 char-

2129 2662 2251 2714 tam
2282 2662 2339 2714 et
2370 2658 2470 2715 Dei
2496 2664 2758 2715 treuvam
2782 2660 3108 2733 irrumpere
3121 2661 3627 2733 praesumpserint,
3659 2659 3790 2717 vin-

2131 2746 2415 2803 diicantes
2447 2746 2592 2803 nulli
2624 2748 2807 2821 culpa:
2835 2748 3164 2805 habeantur
3191 2749 3446 2816 obnoxii,
3479 2750 3581 2806 sed
3628 2749 3792 2807 sicut

2133 2835 2389 2891 cultores
2416 2854 2603 2893 causa:
2637 2837 2737 2893 Dei
2766 2838 2839 2893 ab
2870 2838 3147 2895 omnibus
3177 2837 3532 2895 Christianis
3576 2842 3794 2895 exeant

2130 2928 2187 2980 et
2215 2926 2454 2981 redeant
2487 2924 2796 2981 benedicti.
2822 2926 3026 2983 Sivero
3048 2927 3300 2983 residuis
3321 2927 3527 2983 diebus
3560 2926 3792 2999 aliquid

2132 3012 2434 3069 sublatum
2491 3015 2691 3081 fuerit,
2724 3018 2781 3069 et
2826 3014 2887 3069 in
2937 3014 3144 3070 diebus
3186 3020 3403 3071 treuva
3450 3015 3793 3084 obviaverit,

2137 3103 2377 3158 omnino
2410 3120 2525 3157 non
2557 3107 2846 3171 teneatur,
2878 3120 2951 3159 ne
2996 3104 3224 3159 occasio
3273 3105 3513 3161 inimico
3543 3105 3682 3162 data
3712 3105 3799 3161 vi-

386 3191 479 3245 die
538 3190 689 3245 luna:
722 3192 793 3246 ad
825 3197 1017 3246 ortum
1050 3191 1213 3256 solis,
1262 3196 1325 3245 ut
1354 3190 1483 3245 istis
1515 3194 1768 3261 quatuor
1821 3188 2030 3244 diebus
2061 3177 2103 3244 C
2141 3191 2365 3246 deatur.
2399 3191 2682 3246 Praeterea
2711 3207 2988 3263 rogamus
3016 3208 3140 3260 vos,
3176 3192 3405 3263 fratres,
3439 3197 3505 3248 ut
3533 3193 3592 3249 in
3639 3211 3796 3267 qua-

384 3295 450 3334 ac
483 3280 750 3335 noctibus
782 3280 939 3335 omni
970 3280 1111 3335 hora
1132 3279 1319 3334 securi
1345 3279 1483 3345 sint,
1507 3284 1563 3332 et
1614 3278 1828 3332 faciant
1860 3276 2028 3348 quid-

385 3367 525 3438 quid
560 3368 668 3423 erit
698 3373 1091 3440 opportunum
1118 3368 1189 3423 ab
1222 3367 1383 3422 omni
1415 3367 1621 3422 timore
1650 3365 2025 3421 inimicorum

383 3455 657 3524 absoluti,
690 3461 747 3512 et
776 3457 836 3511 in
864 3456 1290 3529 tranquillitate
1334 3457 1495 3528 pacis
1524 3460 1581 3511 et
1612 3454 1781 3511 istius
1812 3458 2023 3509 treuva:

382 3547 731 3603 conﬁrmati.
766 3547 1106 3619 Quicunqu‘e
1136 3548 1285 3602 hanc
1320 3563 1517 3619 pacem
1553 3550 1607 3600 et
1638 3550 1899 3600 treuvam
1923 3543 2023 3600 Dei

380 3638 812 3693 observaverint
859 3655 923 3692 ae
976 3637 1220 3692 firmiter
1248 3636 1565 3699 tenuerint,
1606 3635 1725 3689 sint
1764 3633 2017 3689 absoluti

380 3742 410 3780 a
442 3726 558 3781 Deo
594 3728 756 3781 Patre
779 3726 1176 3798 omnipotente
1206 3730 1263 3780 et
1286 3725 1429 3780 Filio
1460 3725 1587 3795 ejus
1608 3724 1745 3778 Jesu
1770 3722 2018 3789 Christo,

380 3818 438 3869 et
459 3814 678 3886 Spiritu
710 3818 934 3881 sancto,
970 3818 1025 3870 et
1056 3815 1125 3868 de
1157 3819 1358 3869 sancta
1408 3812 1590 3867 Maria
1638 3829 1772 3867 cum
1827 3811 2022 3867 choris

376 3903 692 3975 virginum,
719 3905 865 3958 etde
898 3906 953 3959 S.
978 3902 1256 3958 Michaele
1278 3920 1410 3957 cum
1436 3901 1627 3957 choris
1654 3899 2017 3973 angelorum,

378 3995 434 4046 et
463 3993 533 4047 de
554 3993 613 4047 S.
649 3993 811 4048 Petro
840 3993 1100 4064 principe
1130 3991 1529 4063 apostolorum
1570 4006 1701 4044 cum
1744 3989 2020 4045 omnibus

377 4081 599 4136 sanctis
624 4085 680 4137 et
710 4081 980 4136 ﬁdelibus
1012 4081 1260 4147 cunctis,
1297 4097 1449 4135 nunc
1479 4082 1536 4134 et
1566 4094 1817 4149 semper,
1843 4081 1898 4133 et
1920 4094 2021 4149 per

377 4170 575 4224 omnia
636 4170 848 4226 saecula
877 4169 1245 4225 saeculorum.
1289 4169 1395 4234 Qui
1428 4183 1559 4223 vero
1588 4170 1853 4221 treuvam
1886 4182 2015 4239 pro-

375 4258 620 4312 missam
650 4257 984 4327 habuerint,
1017 4262 1072 4312 et
1104 4273 1163 4312 se
1193 4257 1411 4312 sciente
1459 4255 1773 4328 infringere
1820 4253 2016 4310 volue-

374 4345 508 4414 rint,
532 4346 1143 4406 sintexcommunicati
1166 4346 1325 4400 aDeo
1344 4346 1505 4399 Patre
1523 4344 1941 4415 omnipotente,
1958 4349 2017 4399 et

373 4434 517 4490 Filio
548 4435 834 4505 ejusJesu
857 4433 1083 4489 Christo
1114 4438 1169 4489 et
1185 4434 1403 4505 Spiritu
1436 4437 1655 4499 sancto,
1688 4436 1747 4487 et
1793 4432 1862 4487 de
1893 4448 2016 4487 om-

370 4523 544 4580 nibus
575 4524 791 4579 sanctis
818 4523 916 4578 Dei
949 4523 1068 4578 sint
1087 4521 1595 4587 excommunicati,
1631 4520 1925 4575 maledicti
1953 4526 2011 4576 et
2044 4542 2089 4606 Β

367 4614 659 4679 detestati,
691 4613 785 4668 hic
806 4619 860 4668 et
892 4613 948 4667 in
986 4615 1416 4685 perpetuum,et
1432 4610 1549 4666 sint
1579 4609 1836 4665 damnati
1860 4610 2014 4666 sicut

369 4703 594 4759 Dathan
626 4707 684 4758 et
708 4702 943 4769 Abiron,
969 4707 1025 4756 et
1046 4700 1199 4756 sicut
1217 4700 1399 4755 Judas
1423 4701 1522 4770 qui
1545 4698 1786 4753 tradidit
1815 4698 2011 4753 Domi-
2092 4704 2097 4715 ‘

368 4809 532 4859 num,
566 4797 623 4847 et
653 4791 771 4847 sint
816 4790 1055 4845 dimersi
1088 4790 1147 4844 in
1192 4790 1551 4860 profundum
1586 4786 1818 4853 inferni,
1858 4788 2011 4842 sicut

366 4881 590 4937 Pharao
629 4880 686 4936 in
722 4878 913 4935 medio
944 4877 1144 4944 maris,
1188 4878 1237 4931 si
1270 4877 1340 4931 ad
1373 4876 1843 4931 emendationem
1895 4892 2007 4930 non

363 4971 645 5038 venerint,
678 4969 830 5024 sicut
845 4966 1230 5021 constitutum
1253 4969 1361 5019 est.
1394 4963 1673 5019 Videlicet
1702 4965 1749 5019 si
1783 4964 1917 5035 quis
1948 4964 2006 5018 in

364 5059 510 5130 ipsis
543 5059 750 5113 diebus
779 5061 993 5110 treuva:
1026 5055 1126 5108 Dei
1158 5052 1539 5108 homicidium
1589 5054 1807 5120 fecerit,
1842 5052 2006 5106 exsul

364 5149 572 5214 factus,
598 5151 771 5219 atque
803 5162 837 5200 a
868 5144 1103 5215 prepria
1144 5143 1333 5215 patria
1378 5143 1620 5212 ejectus,
1678 5140 2007 5197 Jerusalem

361 5237 628 5303 tendens,
658 5233 1043 5306 longinquum
1063 5232 1184 5287 illic
1205 5232 1460 5303 patiatur
1480 5231 1768 5286 exsilium.
1794 5230 1850 5285 Si
1875 5247 2006 5285 vero

362 5326 420 5379 in
452 5324 584 5379 aliis
607 5320 972 5393 quibuslibet
994 5322 1167 5376 rebus
1192 5320 1589 5392 supradictam
1614 5326 1872 5375 treuvam
1905 5319 2006 5375 Dei

431 5447 507 5515 (l)
545 5447 704 5513 llugo
738 5442 1188 5515 Flaviniaecnsis
1219 5444 1401 5498 abbas
1428 5447 1644 5499 trevam
1680 5449 1914 5499 auctore
1944 5444 2002 5499 S.

360 5513 672 5568 Odilonein
701 5513 1213 5583 primislirmatam
1237 5516 1419 5568 fuisse
1442 5531 1594 5570 anno
1612 5516 1736 5571 10“
1768 5516 2004 5570 disertis

357 5583 548 5636 verbis
578 5581 787 5637 asserit
816 5582 876 5633 in
907 5581 1212 5649 Chronico,
1246 5601 1494 5654 eamque
1527 5603 1639 5641 non
1673 5587 1863 5641 solum
1888 5586 2005 5641 hu-

2135 3295 2367 3351 cunque
2388 3279 2480 3334 die
2510 3280 2665 3350 apud
2696 3296 2797 3334 vos
2830 3280 3107 3351 praedicta
3126 3297 3238 3352 pax
3264 3285 3322 3337 et
3346 3286 3551 3337 treuva
3572 3282 3802 3339 consti-

2133 3372 2261 3422 tuta
2291 3368 2485 3435 fuerit,
2510 3368 2707 3439 ipsum
2739 3367 2894 3423 diem
2926 3368 3131 3424 devote
3161 3368 3428 3426 recolatis
3457 3370 3516 3424 in
3541 3371 3799 3428 nomine

2134 3462 2346 3512 sancta:
2378 3454 2704 3512 Trinitatis.
2756 3457 3035 3514 Latrones
3066 3473 3450 3529 quoscunque
3491 3458 3562 3513 de
3588 3461 3800 3517 vestra

2134 3546 2367 3617 regione
2415 3545 2663 3615 ejiciatis
2711 3550 2768 3600 et
2815 3545 3256 3616 abominamini,
3311 3544 3682 3603 maledicatis
3734 3552 3797 3605 et

2133 3633 2648 3689 excommunicetis
2677 3650 2747 3689 ex
2778 3638 2942 3706 parte
2984 3634 3247 3691 omnium
3296 3639 3637 3691 sanctorum
3679 3637 3791 3708 qui

2133 3739 2313 3795 supra
2346 3722 2546 3794 scripti
2581 3727 2741 3778 sunt.
2775 3722 3043 3779 Decimas
3072 3739 3207 3779 vero
3245 3725 3471 3779 vestras
3498 3727 3555 3779 et
3577 3722 3791 3796 primi-

2129 3811 2243 3867 tias
2273 3812 2344 3866 de
2372 3810 2671 3867 laboribus
2693 3811 2901 3867 vestris
2922 3811 3038 3867 Deo
3061 3810 3334 3876 oti‘eratis,
3360 3810 3441 3867 De
3462 3810 3632 3868 bonis
3654 3829 3788 3870 ves-

2128 3900 2235 3955 tris
2266 3900 2338 3955 ad
2384 3899 2659 3955 ecclesias
2692 3899 3011 3971 deportetis
3044 3916 3147 3971 pro
3192 3898 3380 3956 salute
3412 3899 3675 3956 vivorum
3725 3904 3788 3957 et

2129 3987 2564 4053 defunctorum,
2595 3991 2659 4042 ut
2691 3987 2846 4044 Deus
2874 4003 2976 4043 vos
3007 3986 3215 4043 liberet
3244 3987 3316 4043 ab
3347 3988 3623 4044 omnibus
3655 4005 3782 4046 ma-

2130 4075 2203 4131 lis
2235 4076 2292 4131 in
2324 4075 2436 4131 hac
2460 4075 2596 4140 vita,
2630 4080 2685 4131 et
2715 4081 2848 4147 post
2878 4075 3027 4131 hanc
3052 4075 3231 4131 vitam
3262 4076 3543 4149 perducat
3568 4092 3672 4133 vos
3703 4078 3779 4133 ad

2127 4180 2307 4236 regna
2361 4163 2663 4229 caelorum,
2726 4165 2828 4235 qui
2880 4180 3014 4219 cum
3071 4164 3187 4219 Deo
3246 4164 3413 4220 Patre
3453 4169 3512 4220 et
3548 4164 3777 4237 Spiritu

2126 4258 2326 4308 sancto
2351 4252 2491 4307 vivit
2510 4258 2566 4307 et
2597 4257 2803 4323 regnat
2823 4256 2976 4308 Deus
2999 4268 3103 4324 per
3131 4252 3331 4309 omnia
3359 4252 3580 4310 smcula
3598 4270 3780 4312 saecu-

2124 4341 2337 4397 lorum.
2368 4344 2573 4397 Amen.

2122 4520 2321 4575 Charta
2352 4518 2683 4583 Raimbaldi,
2730 4535 2839 4588 qua
2874 4519 3157 4574 ecclesiam
3205 4517 3393 4575 Sancti
3457 4518 3677 4578 Genesii
3724 4531 3776 4578 et

2266 4590 2454 4645 Sancti
2486 4591 2764 4657 Honorati,
2798 4591 2899 4644 dat
2944 4591 3248 4646 Victorini:
3283 4593 3585 4647 monachis.

2250 4696 2411 4767 (Gali.
2449 4696 2649 4751 Christ.
2685 4712 2815 4767 nov.
2871 4694 3009 4751 edit.
3036 4696 3089 4767 Al,
3119 4695 3211 4766 95,
3244 4712 3312 4751 ex
3341 4695 3645 4753 Chartario

2760 4766 2819 4821 S.
2841 4765 3120 4839 Caesarii.)

2189 4872 2621 4945 Omnipotentis
2651 4871 2751 4928 Dei
2782 4872 3362 4945 incomprehensibili
3384 4873 3774 4947 dispositione

2115 4962 2362 5034 adeptus
2394 4961 2573 5032 hujus
2604 4966 2820 5017 sancta:
2855 4962 3013 5018 sedis
3041 4962 3400 5020 Arelatensis
3430 4963 3773 5035 pontiﬁcale

2116 5051 2372 5114 culmen,
2397 5051 2586 5106 multa
2616 5051 2867 5106 subinde
2898 5067 3125 5107 mecum
3145 5053 3216 5108 de
3245 5052 3448 5108 eodem
3480 5053 3774 5125 regimine

2116 5139 2262 5211 οωρὶ
2295 5140 2353 5195 in
2385 5140 2581 5195 animo
2613 5140 2891 5206 evolvere,
2924 5145 3034 5196 etc.
3073 5140 3236 5197 Unde
3268 5141 3525 5213 quadam
3557 5142 3654 5198 die
3697 5143 3773 5199 de

2117 5228 2386 5299 religioso
2406 5228 2529 5284 loco
2562 5228 2621 5283 in
2654 5228 2934 5284 honorem
2966 5229 3162 5285 Sancti
3196 5229 3425 5286 Genesii
3448 5228 3538 5285 vel
3571 5231 3771 5287 Sancti

2116 5317 2396 5373 Honorati
2433 5322 2793 5385 constructo,
2839 5318 2994 5373 foras
3026 5334 3228 5374 muros
3260 5322 3473 5373 nostrae
3510 5317 3769 5376 civitatis

2114 5442 2672 5567 Fanaﬁauctoritaic,
2704 5441 2803 5496 sed
2833 5440 3007 5496 etiam
3040 5440 3252 5499 divinis
3273 5442 3597 5499 terroribus
3625 5459 3767 5501 con-

2134 5530 2286 5567 irma
2315 5529 2429 5567 am.

2134 5529 2406 5568 irmatam
2419 5554 2429 5566 .
