3970 6218
164 379 324 448 1397

774 382 1216 449 GERVASIUS
1263 383 1625 447 ARCHIEP.
1675 380 2019 446 REMENS.
2052 414 2131 431 -—
2159 378 2477 450 NOTl'l‘lA
2528 382 2970 449 HISTORICA.

3425 378 3576 444 1398

159 516 378 591 posito,
412 514 601 574 multa
619 516 855 575 volvens
886 532 1115 574 mecum
1151 519 1209 573 in
1245 520 1460 583 animo,
1520 517 1812 591 quomodo
1844 521 1895 587 Α
1927 516 2188 586 consilio,
2220 519 2307 577 vel
2330 523 2670 577 caterorum
2703 519 3112 593 episcoporum
3144 531 3409 574 meorum
3442 530 3575 573 suc-

162 607 238 663 de
264 613 389 663 tam
415 606 668 681 spiritali
690 608 1163 681 prisoitemporis
1188 607 1609 664 monachorum
1628 607 1819 663 officio

158 710 368 752 versus
394 700 554 752 esset
582 696 639 751 in
674 696 1066 769 possessionis
1097 695 1396 752 sacularis
1419 697 1675 766 servitio,
1701 711 1819 751 me-

160 799 299 841 cum
329 785 570 841 tractavi
620 788 685 841 ut
740 784 907 840 illum
957 784 1149 841 locum
1207 785 1407 841 darem
1465 784 1818 841 monasterio

161 873 354 930 sancti
400 873 651 929 Victoris
710 874 781 929 de
838 873 1120 944 Massilia,
1149 874 1207 929 in
1268 891 1384 946 quo
1440 874 1818 931 constitueret

164 962 409 1019 Isarnus
438 963 621 1018 abbas
653 962 972 1018 monachos
995 962 1052 1017 in
1086 962 1298 1019 Christi
1331 963 1584 1018 servitia.
1636 964 1819 1035 Igitur

162 1065 273 1123 ego
304 1049 711 1118 Raimbaldus,
742 1051 934 1123 gratia
955 1051 1053 1106 Dei
1085 1050 1143 1105 in
1168 1050 1514 1124 praesulatus
1536 1050 1816 1107 honorem

165 1137 550 1206 sublimatus,
582 1138 773 1211 ipsam
804 1138 1109 1195 ecclesiam
1156 1139 1349 1195 Sancti
1401 1139 1631 1194 Genesii
1683 1157 1816 1194 cum

163 1227 442 1282 omnibus
483 1226 592 1283 sibi
626 1227 905 1298 subjectis
936 1227 1217 1294 ecclesiis,
1250 1233 1306 1282 et
1362 1232 1569 1282 ca'tera
1624 1228 1822 1282 omnia

164 1331 294 1386 qua
327 1315 384 1368 in
417 1316 686 1386 praesenti
723 1316 993 1371 videntur
1022 1320 1240 1383 tenere,
1264 1321 1321 1371 ct
1352 1316 1638 1389 quidquid
1660 1316 1713 1370 in
1743 1316 1823 1371 fu-

164 1409 300 1460 turo
331 1404 585 1475 potuerit
615 1402 937 1475 acquirere,
962 1405 1033 1459 de
1064 1404 1208 1477 ipsis
1234 1406 1407 1460 rebus
1431 1407 1714 1477 quasjam
1740 1410 1819 1460 te-

168 1492 318 1559 nuit,
349 1491 437 1546 vel
469 1492 623 1547 unde
652 1508 886 1564 quoque
916 1492 1151 1548 aliunde
1182 1494 1540 1565 acquisierit,
1570 1495 1823 1567 exceptis

170 1579 291 1637 illis
322 1577 631 1636 laicalibus
655 1580 869 1647 feudis,
899 1585 955 1636 et
986 1581 1277 1653 quidquid
1307 1581 1438 1637 laici
1471 1582 1552 1638 illi
1578 1599 1647 1637 ex
1677 1582 1823 1654 ipsis

168 1668 298 1726 suis
327 1667 520 1725 feudis
547 1668 742 1725 abbati
763 1670 1233 1742 congregationis
1250 1676 1573 1739 cesserunt,
1597 1688 1732 1727 cum
1755 1688 1821 1727 eo

1932 624 2252 677 cessorum,
2283 615 2472 666 totum
2504 609 2563 665 in
2597 626 2809 666 manus
2838 607 3024 666 Isarni
3056 606 3283 664 abbatis
3305 606 3364 663 S.
3388 604 3575 662 Victo-

1929 695 2010 752 ris
2041 696 2424 754 Massiliensis
2455 698 2764 769 tradimus,
2797 698 3104 765 denamus,
3138 695 3402 752 cedimus
3440 694 3576 765 jure

1927 791 2224 857 perpetuo,
2258 786 2425 843 nobis
2456 787 2515 842 in
2554 786 2662 842 hoc
2694 784 3196 843 consentientibus
3227 784 3410 841 totius
3436 799 3571 856 pro-

1925 871 2124 929 vincia
2156 875 2518 949 principibus
2550 893 2652 931 seu
2682 875 2996 932 comitibus
3037 873 3339 931 Josefredo
3389 877 3566 943 atque

1929 961 2264 1030 Bertranno,
2297 968 2353 1019 et
2386 969 2595 1020 nostra
2626 964 2783 1021 sedis
2805 962 3096 1019 canonicis
3113 961 3572 1027 Arelatensibus,

1928 1050 2139 1107 Poncio
2157 1051 2504 1108 Massiliensi
2527 1053 2819 1124 episcopo,
2854 1069 2987 1107 cum
3010 1050 3289 1107 fratribus
3313 1068 3327 1118 ;
3351 1047 3457 1105 tali
3478 1065 3570 1104 ra-

1930 1138 2086 1193 tione
2121 1145 2183 1194 ut
2212 1157 2245 1194 a
2271 1140 2572 1195 monachis
2603 1140 2687 1195 vel
2723 1140 2794 1194 ab
2826 1140 3035 1195 abbate
3065 1156 3273 1195 census
3315 1155 3418 1211 per
3447 1136 3571 1193 sin-

1929 1226 2100 1299 gulos
2117 1245 2300 1283 annos
2319 1228 2591 1282 reddatur
2603 1227 2769 1283 altari
2783 1228 2974 1283 Sancti
2988 1227 3261 1299 Stephani
3277 1226 3361 1282 vel
3375 1224 3571 1281 Sancti

1931 1315 2255 1388 'I‘rophirni,
2271 1315 2419 1370 libra
2437 1332 2553 1369 una
2571 1315 2789 1370 incensi
2806 1315 2861 1369 in
2891 1315 3030 1370 festo
3044 1314 3225 1370 sancti
3245 1312 3570 1385 Trophimi.

1933 1406 1993 1461 Id
2027 1405 2337 1476 ipsumque
2367 1405 2548 1470 enim,
2573 1405 2725 1475 quod
2750 1403 3070 1475 inspirante
3084 1404 3195 1459 Deo
3212 1403 3462 1474 egimus,
3486 1418 3576 1457 sa-

1931 1510 2166 1549 crorum
2198 1508 2488 1547 canonum
2522 1496 2578 1546 ot
2607 1490 2809 1563 legalis
2834 1490 3007 1561 jubet
3027 1490 3362 1557 auctoritas,
3393 1495 3460 1545 ut
3505 1489 3577 1544 de

1932 1581 2108 1638 rebus
2132 1579 2414 1655 episcopii
2448 1584 2822 1636 construatur
2852 1577 3292 1634 monasterium.

175 1787 3578 1835 Μ

1552 1929 1707 1969 ANNO
1746 1930 1952 1971 DOMINI
1974 1930 2192 1970 MLXVII.

1135 2071 2523 2204 GERVASIUS

629 2290 1482 2415 REMENSIS
1573 2285 3078 2419 ARGHIEPISCOPUS.

1276 2604 1730 2693 NOTITIA
1804 2602 2485 2694 HISTORICA.

1187 2752 1292 2824 (Ex
1349 2755 1536 2811 Gallia
1583 2754 1920 2820 Christiana,
1980 2772 2112 2811 nov.
2170 2755 2312 2811 edit.
2374 2754 2418 2811 Ι.
2477 2754 2570 2826 Χ.)

1659 2885 2066 2899 _

236 2980 564 3038 Prasulem
595 2981 775 3051 hunc,
806 2998 982 3055 quem
1014 2982 1271 3055 plerique
1300 3002 1505 3042 omnes
1554 2985 1818 3056 laudant,
1852 2994 1899 3059 Β
1919 2987 2053 3058 jure
2085 2987 2416 3057 obvenerat,
2450 2986 2625 3043 etiam
2670 2984 2877 3043 nolens
2906 2985 3153 3043 cederet.
3185 2985 3264 3041 Ex
3308 2983 3480 3058 longo
3526 2984 3585 3039 et

170 3070 512 3127 Willelmus
541 3071 724 3128 abbas
750 3071 1026 3128 Metensis
1067 3073 1438 3130 vehementer
1483 3081 1540 3131 et
1591 3076 1824 3131 inimice

164 3160 495 3217 insectatus
525 3164 615 3216 est
644 3159 993 3231 maledictis,
1026 3166 1326 3234 tyrannum
1343 3164 1517 3220 etiam
1545 3164 1825 3220 illumvo-

165 3265 309 3306 cans
335 3265 352 3316 ;
375 3251 436 3303 et
454 3252 651 3304 tamen
684 3249 864 3305 abbas
895 3249 993 3305 ille
1026 3251 1373 3323 praedicatur
1401 3254 1581 3309 fuisse
1603 3256 1689 3308 vir
1709 3254 1823 3309 Deo

165 3338 432 3404 deditus,
448 3341 505 3392 et
523 3337 908 3393 sanctissima
927 3339 1080 3405 vita;
1106 3357 1219 3395 non
1244 3341 1365 3395 difﬁ
1375 3343 1615 3398 tendum
1630 3348 1825 3398 tamen

163 3429 254 3484 est
282 3424 484 3492 illum,
518 3425 568 3481 si
591 3424 737 3481 ﬁdes
758 3427 1092 3484 adhibenda
1106 3428 1182 3484 sit
1198 3428 1451 3486 historia
1476 3431 1627 3486 beati
1646 3431 1828 3487 Theo-

168 3512 358 3571 derici
392 3513 621 3569 abbatis
649 3514 1098 3587 Andaginensis,
1133 3519 1401 3589 quamvis
1431 3519 1500 3574 ad
1526 3521 1715 3575 omnia
1742 3535 1829 3574 sa-

160 3619 361 3676 gacem
386 3605 441 3658 et
484 3605 787 3670 strenuum,
818 3606 1230 3678 episcoPutuque
1291 3607 1542 3677 dignum,
1624 3616 1829 3664 natura

167 3699 361 3750 tamen
399 3693 455 3747 et
484 3692 726 3747 moribus
744 3694 1037 3765 plusquam
1066 3698 1363 3766 oportuerit
1403 3696 1608 3770 ferum,
1644 3698 1821 3752 immi-

166 3786 279 3840 tem
309 3789 367 3838 ει
399 3781 773 3837 truculentum
802 3782 1002 3839 fuisse.
1035 3784 1218 3840 Natus
1244 3789 1330 3841 est
1357 3784 1454 3841 ille
1484 3804 1635 3843 anno
1667 3786 1826 3853 4007,

165 3869 227 3926 id
259 3873 357 3927 est
385 3868 538 3925 forte
569 3868 731 3938 4008,
754 3887 889 3926 non.
916 3871 1188 3928 Februar.
1213 3873 1366 3945 apud
1384 3878 1650 3930 Castrum
1674 3875 1829 3943 Ledi,

168 3957 527 4031 parentibus
558 3957 864 4014 Hamelino
915 3974 1019 4015 seu
1066 3960 1310 4016 Aimone
1365 3962 1602 4019 domino
1648 3963 1833 4019 Castri

169 4046 314 4103 Ledi
347 4049 409 4101 et
439 4045 788 4118 Hildegarde
811 4064 911 4103 seu
944 4047 1293 4120 Hildeburge
1325 4050 1396 4105 de
1426 4050 1833 4119 Bellismo,so-

1932 3076 2171 3132 tadioso
2193 3093 2423 3132 carcere
2443 3074 2755 3133 Gervasius
2769 3079 3006 3147 ereptus
3025 3074 3083 3128 in
3097 3072 3582 3129 Northmanniam

1932 3164 2195 3232 secessit,
2228 3166 2351 3233 ubi,
2383 3182 2417 3220 a
2442 3164 2756 3220 Guillelmo
2804 3164 2951 3220 duce
3003 3164 3247 3219 comiter
3283 3166 3582 3234 exceptus,

1933 3270 2095 3319 auro,
2127 3257 2389 3325 argento,
2421 3253 2661 3319 honore,
2696 3252 3017 3324 multisque
3049 3253 3284 3324 praediis
3313 3250 3585 3307 cumula-

1932 3346 2048 3398 tur.
2072 3345 2249 3397 Fama
2267 3342 2397 3412 ejus
2419 3358 2521 3413 per
2538 3342 2871 3397 universam
2890 3340 3138 3397 Galliam
3158 3341 3581 3407 crebrescente,

1934 3447 2033 3486 rex
2060 3434 2292 3486 tantum
2315 3428 2622 3501 prasulem
2653 3428 2884 3484 allicere
2913 3446 2980 3484 ac
3011 3427 3309 3484 beneficiis
3339 3427 3453 3482 sibi
3477 3427 3585 3482 de-

1935 3519 2165 3574 vincere
2189 3518 2449 3590 cupiens,
2478 3534 2613 3573 eum
2645 3518 2834 3590 primo
2864 3534 2898 3572 a
2927 3516 3188 3572 consiliis
3218 3514 3542 3571 essevoluit
3566 3533 3579 3585 ;

1934 3611 2061 3663 tum
2083 3607 2343 3662 Gindone
2364 3606 2799 3678 archiepiscOpo
2824 3605 2956 3661 fatis
2978 3605 3238 3671 cedente,
3264 3604 3586 3660 Remenses

1936 3694 2154 3752 infulas
2182 3695 2233 3752 ei
2265 3693 2647 3766 cupidissime
2676 3692 3027 3759 conciliavit,
3076 3710 3225 3765 quas
3283 3696 3585 3750 annuente

1938 3785 2088 3841 clero
2116 3788 2174 3840 et
2228 3774 2741 3857 populo‘adeptus
2799 3788 2889 3839 est
2936 3782 3079 3838 idib.
3139 3782 3374 3839 Octobr.
3434 3799 3589 3839 anno

2011 3963 2402 4029 Quadriennio
2425 3966 2576 4036 post,
2596 3980 2633 4017 x
2646 3961 2770 4017 Kal.
2789 3966 2921 4017 Jun.
2951 3960 3077 4033 ipso
3094 3960 3187 4016 die
3199 3960 3591 4028 Pentecostes,

1944 4052 2275 4125 Philippum
2312 4055 2354 4121 Ι,
2387 4069 2523 4125 rege
2551 4051 2795 4108 Henrico
2827 4054 2987 4124 patre
3007 4052 3313 4122 prasente,
3335 4047 3593 4116 inunxit,

169 4152 301 4191 rore
331 4132 667 4206 Avesgandi
697 4134 956 4208 episcopi
991 4135 1468 4193 Cenomanensis.
1492 4141 1832 4212 Avesgando
1941 4141 2271 4197 astantibus
2302 4141 2508 4213 viginti
2539 4146 2791 4213 quatuor
2817 4139 3131 4213 episcOpis,
3179 4154 3246 4193 ac
3293 4136 3516 4193 Nicolai
3544 4137 3595 4191 V

171 4221 473 4321 avunculo
490 4223 777 4321 successit
799 4222 1405 4321 inepiscOpatu,anno
1433 4229 1723 4295 lO36;sed
1742 4228 1836 4284 vix
1866 4256 1909 4321 ρ
1946 4248 2105 4303 papa
2128 4229 2357 4302 legatis.
2398 4234 2539 4285 Rem
2591 4234 2817 4302 gestam
2865 4226 3102 4301 exponit
3150 4230 3316 4321 vetus
3373 4226 3596 4294 charta,

168 4310 512 4385 episcopale
541 4311 756 4366 solium
805 4313 1244 4383 conscenderat,
1294 4316 1488 4387 inquit
1534 4316 1832 4384 Marlotus,
1871 4310 1908 4321 “
1946 4335 2125 4390 quam
2156 4336 2191 4374 a
2236 4323 2395 4374 tomo
2457 4319 2505 4374 II
2554 4318 2915 4374 Libertatum
2972 4313 3234 4373 ecclesia
3286 4315 3595 4371 Gallicana

172 4417 310 4457 cum
338 4400 685 4467 Herbertus,
716 4401 1062 4474 eognomine
1092 4403 1340 4471 Baccho,
1365 4405 1462 4476 qui
1478 4405 1832 4477 jamdudum
1944 4406 2257 4463 transcribi
2286 4407 2622 4462 curavimus
2654 4407 2806 4462 inter
2834 4406 3247 4462 instrumenta.
3293 4403 3452 4459 Hanc
3497 4418 3598 4457 au-

166 4488 525 4562 Avesgando
556 4487 839 4545 molestus
892 4490 1100 4558 fuerat,
1134 4490 1186 4547 ei
1227 4491 1474 4549 insidias
1531 4493 1729 4560 struit,
1779 4498 1836 4550 et
1944 4499 2062 4550 tem
2094 4498 2302 4550 nactus
2322 4495 2690 4553 occasionem
2722 4495 3055 4559 Gervasius,
3104 4490 3420 4549 vindicavit
3470 4489 3586 4546 sibi

169 4576 451 4634 inaudita
479 4578 785 4649 tyrannide
807 4578 879 4633 ab
905 4576 1177 4652 ingressu
1198 4580 1361 4636 urbis
1379 4581 1837 4638 Cenomanensis
1944 4583 2127 4638 totius
2156 4582 2355 4638 Gallia
2378 4584 2717 4655 primatum,
2739 4588 3087 4655 potestatem
3111 4578 3489 4638 consecrandi
3512 4593 3599 4633 re-

169 4680 277 4738 per
306 4665 466 4721 duos
495 4681 683 4720 annos
713 4666 985 4721 excludit.
1011 4667 1271 4723 Subinde
1284 4669 1631 4725 Godefridus
1648 4671 1836 4726 Ande-
1948 4688 2049 4744 ges
2068 4673 2424 4727 Francorum
2454 4676 2513 4727 et
2535 4688 2839 4728 summum
2898 4670 3369 4728 cancellariatum
3421 4683 3597 4740 quem

169 4752 474 4827 gavensis,
508 4752 602 4808 cui
630 4753 990 4826 episcopium
1024 4757 1332 4813 Gervasius
1358 4759 1617 4830 quandiu
1642 4776 1841 4831 super-
1949 4763 2345 4816 antecessores
2366 4762 2459 4817 sui
2482 4760 2876 4816 obtinuerant.
2899 4766 3259 4815 Caterumex
3279 4757 3479 4814 charta
3499 4756 3601 4812 illa

173 4846 298 4899 stes
320 4845 504 4909 esset,
539 4842 799 4897 Herberti
825 4842 1107 4915 pravitate
1121 4845 1311 4901 denuo
1335 4846 1608 4919 fatigatus
1630 4847 1842 4919 promi-
1950 4847 2042 4904 cui
2074 4847 2393 4903 concinunt
2416 4847 2541 4903 alia
2573 4864 2818 4903 numero
2869 4846 3338 4919 quamplurima,
3390 4848 3602 4918 prater

173 4935 358 4999 serat,
397 4929 450 4985 ei
474 4946 543 4986 ex
559 4930 746 4987 amico
770 4931 956 4988 hostis
972 4933 1157 4988 factus
1172 4939 1262 4989 est
1285 4952 1298 5002 ;
1324 4953 1460 4990 nam
1484 4953 1546 4991 se
1569 4936 1840 4993 delusum
1948 4935 2280 4992 Albericum
2310 4936 2511 4991 Trium
2537 4936 2829 5000 Fontium,
2862 4935 3187 4992 Chronicon
3211 4935 3519 5004 Remense,
3544 4937 3603 4989 et

168 5019 508 5076 arbitratus
530 5017 837 5075 castellum
861 5021 993 5076 Ledi
1019 5022 1534 5094 obsidionecinxit,
1562 5029 1685 5080 tum
1708 5042 1843 5097 pra-
1952 5024 2331 5097 appendicem
2366 5026 2437 5080 ad
2486 5024 2802 5080 chronicon
2861 5024 3323 5095 Mosomagense,
3368 5025 3599 5079 constat

171 5112 341 5165 textu
372 5107 649 5162 ineunda
683 5108 842 5180 pacis
873 5109 1212 5164 Gervasium
1244 5112 1315 5166 ad
1352 5112 1636 5168 familiare
1671 5113 1843 5169 collo-
1955 5112 2292 5169 Gervasium
2326 5114 2527 5168 sedere
2558 5112 2801 5184 cmpisse
2833 5130 2985 5169 anno
3013 5112 3185 5179 1055;
3216 5112 3373 5183 quod
3400 5112 3447 5167 si
3480 5112 3604 5184 qui-

171 5198 394 5271 quium
424 5194 693 5251 alliciens
714 5213 847 5251 eum
871 5198 1115 5253 subdole
1138 5200 1309 5271 cepit,
1335 5202 1580 5272 atquein
1599 5202 1846 5258 vinculis
1957 5203 2202 5257 busdam
2237 5201 2369 5256 aliis
2392 5200 2798 5257 instrumentis
2811 5216 3136 5272 repugnare
3153 5200 3400 5266 videtur,
3419 5201 3474 5254 in
3498 5199 3605 5254 ho-

173 5286 488 5360 captivum
521 5301 625 5358 per
654 5289 877 5357 septem
928 5304 1113 5343 annos
1160 5288 1431 5356 detinuit,
1466 5294 1529 5345 ut
1585 5309 1653 5347 ex
1701 5293 1849 5348 actis
1958 5307 2087 5346 rum
2120 5289 2273 5345 notis
2290 5289 2719 5362 chronologicis
2737 5290 3017 5344 mendum
3039 5288 3348 5360 irrepsisse
3366 5303 3606 5345 necesse

172 5372 425 5431 concilii
459 5373 765 5430 Remensis
796 5374 905 5429 sub
928 5378 1113 5430 Leone
1144 5375 1217 5430 IX
1248 5376 1574 5449 colligitur;
1609 5380 1708 5435 ubi
1739 5385 1848 5436 Go-
1958 5383 2048 5435 est
2076 5378 2402 5435 scribarum
2434 5383 2534 5434 aut
2564 5377 2938 5434 librariorum
2970 5376 3130 5432 vitio.
3180 5375 3406 5431 Videtis
3455 5375 3610 5432 infra

172 5462 415 5521 defrido
450 5461 561 5516 sub
594 5461 967 5518 anathemate
995 5461 1330 5533 injunctum
1381 5471 1445 5521 ut
1504 5468 1845 5525 Gervasium
1881 5519 1919 5539 n
1962 5485 2088 5539 qua
2111 5483 2176 5521 ea
2204 5467 2273 5522 de
2299 5484 2354 5522 re
2383 5467 2598 5523 dicturi
2630 5482 2836 5523 sumus
2868 5466 2928 5520 in
2959 5464 3194 5522 abbatia
3224 5464 3282 5519 S.
3346 5463 3608 5537 Dionysii

169 5519 462 5609 libertate
489 5549 773 5604 donaret:
808 5566 983 5620 quam
1021 5519 1213 5606 tamen
1248 5551 1344 5609 ille
1364 5519 1476 5610 non
1500 5519 1845 5613 alligati:
1878 5519 1922 5583 Β
2879 5519 3347 5610 ᾴᾱῂϐθιιὲάεὶιιῐῐι
3405 5519 3611 5610 littera

168 5647 273 5699 tus
304 5639 464 5712 quin
492 5635 656 5709 prius
688 5637 993 5694 castellum
1025 5638 1331 5711 Lediquod
1364 5642 1475 5717 sibi
1508 5645 1845 5716 patrimonii
1955 5644 2235 5717 Stephani
2269 5644 2313 5701 Χ
2365 5662 2547 5719 papa,
2588 5646 2688 5719 qui
2718 5644 2883 5701 illum
2907 5660 3009 5716 pro
3062 5642 3340 5716 religione
3387 5643 3619 5701 fortiter
