3960 6216
399 369 557 434 1399

1520 356 1887 431 GERVASII
1937 358 2300 432 ARCHIEP.
2346 360 2692 434 REMENSJ

3636 360 3797 428 uno

397 522 567 579 agere
606 505 831 571 invitat,
855 500 1252 575 auxiliumque
1271 499 1425 558 sedis
1442 501 1768 574 apostolicae
1792 519 1906 557 non
1938 502 2038 556 de-
2065 504 2121 569 Α
2150 504 2295 575 ipsis
2324 505 2521 561 Idibus
2549 503 2814 561 Octobris
2860 504 2911 562 si
2966 502 3179 563 viveret
3228 498 3507 571 ﬁniendo,
3543 514 3611 558 In
3667 498 3793 565 Kal.

396 595 661 649 futurum
695 594 1018 665 pollicetur,
1048 595 1356 663 postquam
1386 590 1494 645 sibi
1530 607 1660 644 cum
1706 589 1803 643 illo
1846 588 2045 643 amici-

393 682 537 737 tiam
570 682 785 753 optavit
812 686 1171 752 perpetuam,
1202 681 1585 749 hortaturque
1608 696 1739 733 eum
1767 683 1827 731 ut
1846 678 1913 732 ad
1940 678 2046 732 llo-

393 787 631 825 manam
668 772 954 843 synodum
980 770 1318 824 conveniat:
1354 770 1493 822 item
1520 766 1735 821 Nicolai
1759 767 2045 836 ll,juben-

392 859 471 914 tis
503 858 969 913 Bellovacensem
1001 859 1361 929 episcopum,
1395 857 1745 919 Simoniaee,
1772 860 1833 908 ut
1856 855 2047 909 crede-

392 947 587 1011 batur,
604 952 959 1018 promotum,
980 964 1110 1001 cum
1138 944 1551 1001 Silvanectcnsi
1572 944 1833 1013 ejusdem
1849 942 2045 996 erimi-

396 1037 491 1092 nis
522 1054 616 1091 reo
648 1038 718 1091 ab
748 1037 935 1091 officio
968 1036 1283 1107 suspendi;
1320 1036 1453 1087 item
1490 1032 1797 1087 Alexandri
1826 1032 1890 1097 Il,
1924 1032 2047 1102 qui-

394 1126 507 1182 bus
540 1143 671 1181 cum
695 1127 964 1180 hortatur
1009 1129 1073 1179 ut
1106 1126 1159 1177 in
1195 1141 1373 1177 causa
1403 1122 1711 1177 abbatissam
1750 1136 1779 1173 e
1814 1121 2043 1174 Laudu-

395 1215 565 1269 nensi
598 1215 950 1269 monasterio
985 1214 1199 1281 injuste
1231 1213 1424 1281 ejecta",
1458 1209 1886 1279 cognoscenda,
1930 1206 2041 1262 Eli-

395 1305 590 1360 nando
610 1306 879 1375 episcopo
896 1303 1062 1371 juxta
1082 1307 1338 1355 tenorem
1363 1298 1794 1353 eommissionis
1817 1302 2044 1367 aposto-

396 1394 520 1449 lica:
534 1394 801 1459 assistat;
820 1391 958 1463 proh
971 1390 1269 1444 ibctetiam
1294 1406 1361 1443 ne
1376 1392 1671 1442 consaeret
1684 1387 1709 1439 J
1722 1386 2039 1439 ossclinum

397 1483 878 1539 Suessionensem
910 1480 1248 1551 episcopum
1282 1478 1350 1532 de
1383 1477 1642 1532 Simonia
1672 1475 1999 1529 convictum
2027 1492 2040 1540 ;

397 1571 860 1626 Bellovacensem
878 1566 1109 1637 corrigi,
1132 1571 1185 1621 et
1206 1567 1655 1621 Ambianensem
1678 1561 2040 1633 obinjuriam

398 1659 729 1717 Corbeiensi
756 1658 1000 1713 abbatiaz
1030 1656 1251 1711 illatam
1278 1656 1347 1709 ad
1398 1652 1855 1709 satisfactionem
1888 1650 2043 1722 adigi

399 1749 663 1822 prmcipit
686 1764 923 1818 ;corpus
944 1746 1194 1815 denique
1210 1746 1267 1797 S.
1286 1742 1566 1805 Memmii,
1591 1742 1660 1795 ab
1674 1739 1917 1795 ecclesia
1935 1755 2045 1794 sua

306 1850 331 1861 κ
398 1838 654 1893 indebite
687 1853 787 1907 per
815 1834 1297 1890 Catalaunensem
1330 1831 1653 1887 antistitem
1692 1828 2042 1883 translatum

400 1928 470 1981 ad
506 1926 797 1998 propriam
836 1922 1159 1985 basilicam,
1192 1920 2044 1977 comminationecensurarum

398 2014 925 2070 ecclesiasticarum
959 2011 1158 2066 referri
1218 2010 1552 2064 demandat.
1592 2013 1722 2061 Duce
1756 2021 1987 2077 quoque
2012 2020 2046 2057 a

398 2104 671 2159 Gervasio
686 2103 911 2173 scripta:
928 2102 1202 2169 leguntur
1222 2098 1509 2169 epistolae;
1543 2096 1724 2151 altera
1736 2111 1889 2149 anno
1908 2094 2045 2147 1000

400 2195 471 2249 ad
500 2193 802 2248 Nicolaum
840 2192 905 2258 ll,
941 2195 1071 2262 post
1120 2188 1524 2243 fundationem
1571 2201 1670 2239 seu
1705 2183 1897 2253 potius
1956 2196 2043 2235 re-

398 2284 819 2339 staurationem
839 2277 1179 2334 monasterii
1211 2275 1518 2331 S.Martini
1550 2291 1583 2327 a
1619 2272 1848 2343 Campis
1894 2268 2047 2324 Pari-

399 2373 633 2437 siensis,
664 2370 757 2425 cui
788 2367 1161 2437 subscripsit,
1186 2368 1243 2419 et
1276 2369 1522 2419 mortem
1553 2359 1828 2416 Henricil
1860 2356 2041 2429 regis;

400 2460 584 2515 altera
608 2476 757 2514 anno
790 2459 921 2512 1061
953 2456 1022 2510 ad
1054 2454 1447 2509 Alexandrum
1484 2451 1529 2504 ll
1556 2468 1569 2515 ;
1622 2448 1838 2519 quibus
1883 2446 2045 2500 obse-

400 2548 606 2622 quium
622 2564 795 2603 suum
810 2562 946 2617 erga
960 2543 1155 2597 sedem
1180 2541 1500 2594 Romanam
1524 2540 1719 2607 aperte
1733 2534 2042 2605 signiﬁcat.

398 2636 643 2708 Scripsit
671 2636 844 2691 etiam
877 2635 945 2688 de
979 2628 1275 2686 miraculis
1308 2631 1363 2680 S.
1398 2624 1631 2680 Melanii
1661 2622 2044 2696 episc0piRe-

398 2726 695 2782 donensis.
719 2724 908 2777 Vitam
932 2719 1183 2789 denique
1202 2718 1260 2771 S.
1286 2713 1595 2769 Donatiani
1622 2709 2043 2783 archiepiscopi

400 2814 707 2870 Remensis
738 2811 952 2865 dicitur
981 2805 1405 2876 composuisse.

469 2928 578 2981 Sed
611 2927 667 2979 in
689 2925 799 2979 hoc
822 2923 930 2977 sibi
955 2920 1267 2976 maximam
1292 2919 1524 2973 laudem
1547 2915 1789 2989 peperit,
1814 2914 1967 2986 quod
1991 2917 2049 2968 et

402 3018 743 3072 numeretur
772 3013 925 3066 inter
954 3009 1292 3064 i'undatores
1349 3006 1603 3062 ecclesias
1655 3002 2045 3071 Castri-Ledi,

402 3102 668 3159 dioecesis
697 3096 1172 3164 Cenomanensis,
1205 3102 1264 3151 et
1294 3100 1410 3151 tres
1442 3095 1499 3150 in
1529 3095 1673 3149 urbe
1702 3110 1812 3148 sua
1841 3094 2050 3146 metro-

400 3191 662 3265 politana
690 3188 965 3244 ecclesias
995 3187 1051 3241 id
1088 3187 1377 3256 integrum
1420 3183 1755 3239 restituerit.
1789 3184 1868 3236 Ac
1926 3180 2048 3251 pri-

405 3297 571 3336 mum
602 3278 839 3351 quidem
861 3275 1162 3332 basilicam
1182 3273 1378 3329 Sancti
1402 3272 1637 3338 Nicasii,
1657 3270 1830 3342 cujus
1850 3273 2051 3340 paten-

403 3374 494 3424 tes
523 3368 783 3439 undique
812 3366 1035 3429 ruinas,
1070 3364 1557 3433 deturpatamque
1589 3360 1752 3413 intus
1793 3365 1852 3414 et
1907 3356 2047 3411 foris

402 3457 753 3529 elegantiam
781 3458 837 3511 et
864 3458 1228 3509 venustatem
1261 3467 1377 3505 non
1410 3447 1598 3521 potuit
1628 3448 1755 3502 sine
1775 3445 2049 3518 lacrymis

402 3547 640 3613 intueri,
674 3544 966 3617 reparavit
989 3542 1115 3597 suis
1136 3539 1451 3611 impendiis
1474 3554 1625 3592 anno
1644 3538 1801 3593 1000.
1830 3534 2050 3590 Deinde

400 3635 461 3714 in
492 3634 737 3695 ecclesia
767 3634 865 3689 SS.
914 3630 1202 3686 Timothei
1235 3633 1291 3683 et
1336 3626 1691 3699 Apollinaris
1738 3624 2049 3679 canonicos

400 3724 708 3780 duodecim
740 3721 1004 3776 fundavit
1034 3735 1186 3774 anno
1220 3718 1377 3783 1064,
1402 3732 1571 3787 opem
1596 3714 1915 3769 ferentibus
1939 3713 2049 3768 Re-

398 3811 675 3884 migianis
696 3809 1020 3875 monachis,
1038 3808 1110 3863 ad
1134 3824 1281 3878 quos
1304 3804 1403 3861 illa
1419 3803 1763 3875 pertinebat.
1790 3800 2050 3872 Denique

397 3901 553 3972 apud
586 3900 645 3953 S.
679 3899 1019 3969 Dionysium
1051 3901 1108 3951 et
1128 3894 1434 3950 basilicam
1460 3890 1775 3958 renovavit,
1804 3894 1862 3944 et
1882 3905 2051 3944 cano-

395 3988 557 4044 nicos
587 3987 884 4060 regulares
906 3984 1229 4040 introduxit
1245 3998 1395 4037 anno
1418 3980 1575 4035 l067.
1605 3978 1933 4034 Guidonem
1954 3993 2045 4031 or-

393 4076 693 4132 dinaverat
722 4076 789 4130 10
812 4078 861 4130 ῒ3
891 4078 992 4130 aut
1020 4074 1156 4127 1054
1188 4070 1524 4143 episcopum
1550 4065 2045 4134 Bellovacensem,

395 4169 453 4220 et
491 4164 881 4235 chirographo
919 4178 1023 4217 suo
1056 4162 1385 4215 ﬁrmaverat
1440 4173 1593 4212 anno
1648 4156 1787 4210 1065
1832 4154 2049 4209 instru-

396 4255 597 4307 menta
626 4251 893 4306 Balduini
925 4250 1158 4306 comitis
1192 4247 1474 4304 Flandriaz
1489 4249 1546 4301 et
1564 4242 1863 4315 Philippil
1894 4241 2047 4313 regis

399 4340 656 4397 Francia:
687 4340 759 4394 de
780 4338 1204 4397 instauratione
1230 4334 1477 4392 cmnobii
1510 4330 1952 4389 Hasnoniensis.

468 4455 628 4511 Obiit
652 4472 707 4509 ιν
736 4456 879 4509 Non.
916 4453 1040 4509 Kal.
1073 4470 1226 4508 anno
1260 4454 1417 4519 1007,
1455 4455 1586 4522 post
1619 4449 1821 4503 datum
1852 4447 1911 4501 in
1944 4462 2046 4502 ex-

392 4544 619 4610 tremis,
652 4559 782 4599 cum
817 4559 1049 4598 sacrum
1072 4540 1346 4596 viaticum
1374 4538 1711 4610 perciperet,
1763 4536 2043 4591 eximium

395 4634 526 4689 ﬁdei
558 4650 678 4687 suae
709 4634 1144 4704 argumentum.
1178 4629 1240 4683 Id
1271 4645 1339 4683 ex
1367 4627 1563 4681 codice
1594 4624 1898 4680 Remensis
1937 4627 2046 4681 Ec-

396 4721 585 4777 clesiae
614 4720 942 4791 conscripto
974 4718 1046 4772 ab
1077 4716 1340 4771 Odelrico
1363 4713 1690 4786 praeposito,
1725 4713 1823 4784 qui
1846 4714 1929 4768 rei
1950 4730 2048 4787 ge-

394 4814 498 4866 sta:
515 4808 1048 4878 interfuit,totidem
1065 4804 1257 4859 verbis
1270 4803 1681 4873 referrejuvat:
1703 4824 1730 4851 ‹‹
1750 4804 1915 4858 Anno
1933 4804 2049 4875 epi-

394 4901 670 4969 scopatus
696 4896 897 4951 domni
929 4892 1188 4950 Gcrvasii
1216 4909 1296 4945 χιι
1327 4890 1588 4946 nondum
1622 4891 1808 4956 ﬁnito,
1839 4894 1940 4946 sed
1986 4893 2045 4947 in

2152 592 2271 647 Jul.
2307 593 2615 649 festivitate
2647 595 2747 649 SS.
2779 593 2929 650 Petri
2961 598 3017 650 et
3045 592 3210 651 Pauli
3240 594 3312 650 ad
3341 607 3650 665 vesperum
3702 606 3798 663 ag-

2152 686 2426 752 gravatus
2454 681 2793 738 inﬁrmitate
2824 700 2940 754 qua
2971 687 3101 755 post
3122 686 3281 738 sexto
3312 682 3405 738 die
3426 684 3656 736 mortus
3687 682 3796 745 est,

2152 769 2730 841 przedictusdomnus
2747 772 3057 827 Gervasius
3080 770 3554 843 archiepiscopus
3566 768 3706 825 fecit
3726 767 3800 822 ad

2153 874 2214 912 se
2247 858 2452 913 fratres
2484 864 2540 915 et
2571 860 2881 915 canonicos
2914 861 3215 916 convocari
3247 860 3349 931 qui
3377 863 3519 914 tunc
3547 855 3800 913 inveniri

2154 951 2438 1017 poterant.
2474 947 2695 1011 Quibus
2727 948 3027 1004 accersitis
3056 952 3113 1004 et
3132 947 3515 1020 praesentibus
3541 944 3801 1002 creduli-

2152 1039 2331 1089 tatem
2363 1053 2531 1092 suam
2560 1037 2807 1108 aperuit,
2828 1041 2885 1091 et
2912 1042 2973 1092 ut
2993 1053 3123 1093 vere
3135 1036 3458 1093 catholicus
3478 1033 3800 1091 confessio-

2152 1140 2284 1178 nem
2316 1141 2481 1179 suam
2518 1124 2683 1191 fecit;
2725 1125 2925 1196 sicque
2967 1130 3170 1196 postea
3217 1123 3674 1181 communicavit
3728 1121 3803 1177 de

2151 1212 2431 1265 sacriﬁcio
2463 1211 2661 1267 altaris
2695 1212 2943 1267 Domini.
2977 1212 3154 1268 Nobis
3210 1229 3445 1285 quoque
3478 1217 3543 1267 ut
3571 1212 3623 1268 ei
3663 1214 3803 1266 ante

2150 1299 2329 1354 Deum
2364 1304 2540 1355 testes
2574 1300 2890 1355 fuissemus
2920 1301 3073 1371 quod
3108 1300 3263 1356 idem
3294 1318 3426 1356 vere
3480 1317 3698 1373 corpus
3748 1301 3808 1354 et

2150 1389 2494 1460 sanguinem
2527 1389 2874 1444 credidisset
2906 1388 3158 1460 injunxit
3186 1393 3243 1445 et
3270 1389 3603 1462 postulavit.
3663 1389 3812 1444 Post

2150 1477 2363 1544 haec,ut
2378 1477 2434 1531 in
2449 1478 2651 1532 eadem
2672 1477 3332 1549 membranalegitur,ad
3342 1479 3601 1532 monitus
3615 1478 3811 1532 utEc-

2151 1565 2337 1620 clesia:
2356 1565 2626 1620 Remensi
2649 1566 2720 1619 ob
2744 1565 2962 1621 damna
2978 1566 3049 1620 ab
3070 1566 3195 1637 ipso
3218 1564 3604 1621 illatafaceret
3626 1564 3809 1632 satis,

2150 1654 2370 1709 vadium
2402 1652 2547 1707 dedit
2604 1653 2847 1708 Odolrico
2867 1656 3158 1726 praeposito
3189 1653 3575 1725 promisitque
3614 1652 3666 1709 si
3695 1670 3815 1709 su-

2152 1742 2469 1815 perviveret
2492 1758 2663 1797 omne
2705 1742 3172 1797 emendaturum.
3226 1742 3387 1797 Idem
3436 1743 3611 1798 etiam
3662 1759 3811 1815 pro-

2154 1832 2403 1887 missum
2436 1830 2568 1886 fecit
2589 1829 2963 1885 HerimaroS.
2998 1829 3242 1902 Remigii
3270 1830 3486 1884 abbati.
3512 1829 3574 1884 In
3596 1830 3809 1885 eodem

2153 1921 2347 1977 codice
2369 1919 2675 1975 Gervasius
2693 1918 2882 1973 multa
2902 1919 3171 1974 Remensi
3190 1917 3445 1974 ecclesiae
3459 1922 3812 1974 ornamenta

2154 2008 2468 2064 contulisse
2490 2008 2722 2074 dicitur,
2744 2025 2869 2079 quae
2893 2008 3089 2062 omnia
3110 2011 3518 2075 recensentur;
3559 2007 3812 2079 insuper

2154 2098 2431 2153 fratribus
2449 2096 2703 2152 ecclesia:
2728 2096 3033 2151 Remensis
3046 2096 3119 2151 ad
3139 2095 3602 2151 anniversarium
3623 2112 3809 2151 suum

2152 2185 2485 2240 faciendum
2508 2184 2740 2239 dedisse
2762 2188 3015 2255 quatuor
3031 2184 3401 2240 molendinos
3422 2184 3567 2240 bene
3586 2184 3811 2239 instru-

2152 2278 2276 2327 ctos
2306 2273 2378 2328 ad
2410 2272 2566 2327 Duos
2598 2276 2805 2343 pontes
2835 2288 3017 2342 super
3044 2270 3340 2338 Vidulam,
3362 2276 3470 2327 etc.
3506 2272 3568 2327 In
3624 2271 3810 2328 veteri

2151 2360 2489 2431 Necrologio
2519 2360 2674 2431 quod
2706 2359 2765 2414 in
2797 2360 3001 2415 eodem
3032 2360 3231 2416 codice
3259 2359 3529 2427 habetur,
3554 2377 3611 2415 IV
3649 2361 3805 2416 Non.

2134 2449 2268 2505 'Jul.
2296 2448 2615 2504 decessisse
2637 2447 2978 2519 perhibetur
3006 2449 3259 2505 domnus
3279 2448 3589 2505 Gervasius
3619 2448 3815 2505 archi-

2153 2538 2481 2609 episcopus,
2497 2537 2597 2608 qui
2624 2537 2786 2591 dedit
2810 2537 2869 2591 S.
2893 2536 3087 2591 Mariae
3106 2536 3472 2592 molendinos
3493 2537 3640 2593 citra
3658 2555 3810 2610 pon-

2151 2628 2271 2679 tem
2303 2624 2374 2678 ad
2396 2623 2772 2677 dividendum
2804 2623 3103 2678 canonicis
3134 2622 3421 2696 quidquid
3443 2623 3580 2680 inde
3601 2625 3813 2682 exierit

2153 2712 2212 2767 in
2246 2712 2645 2768 anniversario
2668 2728 2794 2767 suo.
2822 2712 2929 2779 Qui
2952 2711 3075 2768 dies
3100 2712 3366 2768 convenit
3386 2711 3459 2768 iis
3479 2730 3605 2785 qum
3629 2715 3810 2770 modo

2155 2802 2227 2857 de
2256 2802 2385 2871 ejus
2415 2801 2573 2856 obitu
2606 2799 2954 2865 retulimus;
2989 2800 3242 2872 indeque
3273 2804 3432 2873 patet
3451 2801 3573 2857 falli
3597 2801 3812 2859 Marlo-

2154 2894 2281 2945 tum
2312 2889 2411 2960 qui
2435 2904 2570 2944 eum
2604 2887 3005 2960 menseAprili
3036 2888 3253 2944 obiisse
3284 2887 3441 2945 dicit.
3474 2894 3661 2946 Locus
3708 2907 3811 2947 se-

2154 2977 2401 3051 pulturae
2422 2978 2550 3047 ejus
2562 2976 2752 3031 adhuc
2767 2975 3188 3048 visitur,inquit
3204 2976 3360 3032 idem
3381 2976 3810 3046 Marlotus,sub

2154 3066 2347 3139 lapide
2370 3065 2534 3138 nigro
2558 3064 2615 3119 in
2629 3065 2772 3120 odeo
2786 3064 3025 3135 majoris
3047 3064 3303 3121 ecclesiae
3321 3082 3500 3138 prope
3520 3066 3811 3138 aquilam,

2159 3155 2251 3211 cui
2280 3156 2448 3210 breve
2478 3153 2586 3208 hoc
2618 3151 2977 3224 insculptum
3011 3152 3228 3225 legitur
3255 3154 3661 3227 epitaphium:

2551 3256 2868 3297 GEBVASIUS
2906 3257 3409 3299 ARCHIEPISCOPUB.

2226 3333 2418 3413 intime
2477 3331 2694 3413 virtutis
2744 3331 2848 3396 vir,
2897 3331 3148 3413 cie-inter
3202 3346 3296 3413 eos
3490 3332 3551 3413 in
3620 3331 3821 3389 Gallia

2225 3403 2323 3457 illo
2354 3402 2549 3456 szeculo
2603 3401 2925 3456 claruerunt
2980 3401 3135 3471 longe
3162 3401 3409 3467 celebris,
3458 3402 3646 3469 solers,
3678 3419 3819 3459 mu-

2225 3473 2443 3541 niﬁcus,
2504 3474 2741 3543 sapiens,
2804 3472 3136 3543 laudumque
3188 3473 3340 3526 omni
3382 3486 3583 3541 genere
3615 3489 3821 3532 cumu-

2227 3546 2445 3600 landus.
2478 3542 2577 3598 llic
2633 3542 2900 3617 siquidem
2947 3542 3159 3597 tiu-bule
3197 3544 3356 3610 regni
3407 3544 3818 3617 statukmajo-

2230 3618 2308 3671 ris
2361 3617 2625 3671 momenti
2676 3614 2912 3684 negotia,
2972 3618 3036 3668 ut
3088 3629 3338 3668 summus
3379 3614 3814 3685 Acancellariiss,

2227 3687 2392 3755 digne
2446 3683 2876 3752 administravit,
2927 3687 3174 3755 cavitque
3208 3700 3278 3739 ne
3313 3683 3555 3740 schisma
3607 3702 3677 3742 ac
3728 3683 3815 3745 δέξ-

2227 3754 2424 3813 monia:
2454 3758 2599 3812 labes
2641 3757 2936 3812 Ecclesium
3000 3754 3344 3810 Gallicanam
3388 3756 3656 3825 inﬁceret.
3712 3759 3812 3814 Li-

2231 3829 2489 3883 beralitas
2530 3830 2646 3895 eius
2699 3829 2877 3882 eluxit
2916 3843 3075 3899 quam
3132 3828 3378 3881 maxime
3417 3829 3477 3881 in
3530 3836 3811 3885 monaste-

2228 3902 2444 3955 riorum
2489 3900 2584 3954 SS.
2646 3900 2898 3969 Dionysii
2970 3902 3022 3952 et
3097 3899 3308 3952 Nicasii
3380 3901 3810 3969 restauratione,

2229 3987 2461 4041 quorum
2518 3986 2671 4041 Opem
2726 3971 2916 4041 statim
2962 3972 3109 4041 post,
3143 3969 3359 4041 obitum
3400 3977 3656 4041 apertus
3699 3976 3812 4038 est,

2228 4040 2486 4097 doctrina
2516 4040 2576 4095 in
2632 4040 3039 4095 elucubratione
3093 4040 3227 4095 Vita:
3275 4044 3453 4095 sancti
3508 4040 3813 4097 Donatiani

2226 4129 2298 4168 ex
2347 4112 2686 4178 Colvenerio,
2729 4112 2905 4181 pietas
2952 4111 3013 4166 in
3092 4110 3344 4181 obsequio
3427 4120 3637 4168 sancta
3692 4112 3815 4168 sedi

2228 4185 2540 4254 apostolica-3
2585 4182 2801 4253 jugiter
2855 4186 2909 4236 et
2955 4188 3251 4251 opportune
3318 4183 3603 4252 prxstito;
3664 4182 3817 4238 hunc

2230 4254 2531 4309 Chronicon
2573 4254 2923 4309 Floriacense
2977 4253 3423 4306 strenuissimum
3469 4254 3654 4307 virum
3706 4270 3817 4309 ao-

2230 4270 2531 4309 unronzcon
2573 4270 2923 4309 moriacense
2977 4270 3423 4306 strenuissimum
3469 4270 3654 4307 virum
3706 4270 3741 4308 a
3793 4285 3818 4296 -

2223 4326 2414 4398 pellat,
2458 4328 2905 4398 posl‘auctorem
2955 4324 3090 4398 Viti?
3137 4324 3322 4398 sancti
3367 4323 3593 4398 Helanii
3638 4270 3819 4381 Belg-

2224 4394 2432 4463 nensis,
2458 4394 2471 4397 ἡ
2503 4394 2792 4451 Guibertus
2838 4394 2935 4465 _de
3006 4394 3303 4465 Novigento
3375 4396 3822 4464 famosissimum

2224 4467 2717 4537 archiepiscopum,
2784 4463 3202 4538 icharlularium
3277 4463 3467 4520 Sancti
3558 4466 3820 4538 Dionysii

2227 4536 2585 4622 Rarisi'cnsis‘
2612 4552 2714 4622 pro
2772 4537 3009 4622 Negenlo
3060 4536 3209 4622 nulli
3262 4537 3323 4619 in
3362 4551 3527 4622 regno
3580 4536 3815 4622 sapien-

2225 4612 2306 4665 tia
2333 4618 2384 4664 et
2403 4606 2673 4664 honestate
2713 4607 3030 4662 secundum.
3093 4606 3663 4664 Chronicon’Sancti
3720 4609 3819 4665 Ni-

2228 4682 2367 4736 casii
2398 4683 2579 4735 virum
2620 4678 2968 4752 catholicum,
3026 4678 3244 4752 lingua
3276 4678 3600 4752 facundum,
3652 4681 3821 4752 jam;

2230 4754 2311 4806 tia
2344 4753 2641 4820 insignem,
2673 4750 2941 4805 humilem
2980 4750 3061 4806 ad
3101 4749 3322 4815 merita,
3353 4749 3425 4804 ad
3465 4751 3609 4806 vitia
3654 4749 3818 4820 rigi-

2227 4822 2390 4883 dum;
2446 4837 2572 4893 quae
2619 4821 2817 4894 omnia
2852 4822 2967 4894 rBre
2982 4822 3227 4877 viariam
3282 4823 3540 4877 Remense
3585 4825 3817 4894 paucio-

2226 4894 2382 4947 ribus
2404 4892 2580 4947 verbis
2609 4892 2897 4947 contrahit.

1695 5218 2508 5322 GBRVASII
2547 5217 2560 5225 ’

854 5441 1216 5496 EPISTOLE
1247 5441 1332 5496 AD
1365 5440 1729 5496 NICOLAUM
1762 5441 1809 5497 II
1839 5442 1931 5497 ET
1962 5442 2460 5498 ALEXANDRUM
2494 5442 2540 5496 ΙΙ
2571 5441 2982 5500 PONTIFICES
3014 5444 3356 5501 ROMANOS

1355 5625 1486 5679 Vide
1522 5641 1689 5694 supra
1718 5627 1779 5679 in
1797 5627 2016 5682 Nicolao
2046 5629 2101 5682 Il
2122 5630 2172 5683 et
2200 5628 2354 5697 infra
2382 5626 2443 5680 tn
2470 5625 2779 5682 Alexandro
2812 5628 2860 5682 II
