3960 6216
192 524 3596 563 Μ

1686 882 2099 898 β

182 374 345 441 μοι
1674 364 2153 431 DlPLOMATA.
3439 357 3593 423 1403

1158 671 1765 771 GERVASII
1848 667 2625 762 DIPLOMATA.

346 1041 363 1115 ῗΔ
447 1111 462 1115 _
556 1107 570 1115 _
645 1109 653 1115 ἡ
739 1068 795 1115 ⁵,
999 1016 1074 1115 Ῑλ-
1127 1106 1165 1115 Δ.
1251 1107 1261 1115 ⁸
1327 1104 1339 1115 1
1436 1102 1448 1115 ⁹
1522 1105 1531 1115 ⁸
1806 1105 1816 1115 .
1869 1016 2137 1081 Aabbas
2170 1030 2227 1080 et
2249 1022 2578 1080 necessaria
2606 1022 2690 1080 eis
2718 1022 2904 1079 victus
2933 1022 3246 1093 provideat,
3278 1023 3335 1077 et
3364 1019 3415 1078 si
3455 1021 3595 1094 quid

200 1112 402 1172 Charta
429 1102 1287 1194 fundationis'separeititutioois
1306 1102 1595 1194 duodecim
1615 1105 1842 1186 canoni-

1977 1132 2013 1169 n
2044 1130 2245 1169 eorum
2274 1111 2710 1168 conversatione
2768 1108 3227 1184 reprehensibile
3281 1109 3588 1177 invenerit,

267 1176 460 1239 eorum
490 1183 548 1236 in
577 1180 803 1235 ecclesia
843 1178 938 1234 SS.
973 1178 1232 1233 Timothei
1259 1185 1309 1231 et
1370 1176 1771 1248 Appollinaris.

822 1267 1014 1338 (Anno
1045 1266 1230 1335 1064.)

205 1362 371 1429 [Actes
393 1358 462 1414 de
490 1359 546 1413 la
569 1359 827 1429 province
855 1356 1257 1425 ecclesiastique
1284 1353 1349 1409 de
1397 1354 1597 1420 Reims,
1632 1353 1703 1420 Il,
1731 1354 1842 1417 75.]

270 1468 332 1523 In
356 1464 594 1522 nomine
624 1465 835 1520 ssnctae
863 1465 920 1517 et
939 1460 1248 1516 individua
1279 1459 1601 1525 Trinitatis,
1638 1457 1844 1524 Patris,

202 1563 257 1614 et
276 1554 426 1621 Filii,
455 1559 513 1610 et
539 1552 797 1625 Spiritus
824 1550 1035 1615 sancti,
1068 1548 1379 1605 Gervasius
1408 1548 1505 1603 Dei
1537 1547 1726 1619 gratia
1747 1550 1850 1601 Re-
1900 1540 1911 1549 ’

204 1660 431 1701 morum
446 1641 942 1714 archiepiscopus,
960 1643 1174 1695 sanctae
1188 1636 1455 1693 Ecclesia:
1471 1640 1589 1691 tam
1605 1652 1850 1707 praesen-

202 1733 355 1789 tibus
380 1746 563 1804 quam
584 1728 795 1785 futuris
817 1728 1112 1784 fidelidus.
1139 1728 1195 1783 Si
1222 1726 1461 1781 utilitati
1484 1729 1540 1781 et
1554 1723 1849 1780 honestati

202 1819 456 1878 ecclesiae
468 1817 637 1874 nobis
651 1818 809 1873 aDeo
822 1817 1149 1873 commissae
1164 1813 1847 1886 diligenterintendimus

204 1907 700 1981 etquzscunquein
715 1922 781 1961 ea
797 1906 906 1972 [ad.
920 1904 1304 1977 ,E.P.]divina3
1317 1901 1847 1975 religioniscultum

203 1997 446 2071 provida
474 1995 969 2068 preedecessorum
1001 1998 1334 2048 nostrorum
1357 1990 1654 2064 vigilantia
1692 1989 1850 2046 ordi-

206 2089 335 2141 nata
353 2087 520 2153 sunt,
554 2082 900 2139 inconvulsa
930 2098 1256 2145 servamus,
1288 2086 1346 2136 et
1378 2098 1505 2152 quae
1538 2096 1605 2135 ex
1635 2080 1728 2135 his
1749 2096 1847 2135 ne-

206 2172 502 2246 gligentia,
523 2170 607 2227 vel
640 2170 936 2242 aliquibus
965 2167 1302 2224 infortuniis
1335 2166 1706 2238 deperierunt
1762 2182 1849 2221 re-

207 2277 404 2335 parare
436 2259 888 2326 contendimus;
916 2254 1355 2331 patrisfamilias
1377 2260 1576 2311 nostro
1619 2256 1850 2310 decreto

210 2350 374 2407 nobis
420 2349 642 2405 talento
688 2346 995 2419 multiplex
1048 2345 1280 2401 lucrum
1326 2348 1744 2417 reportaturos,
1795 2346 1853 2397 et
1882 2380 1929 2445 Β

210 2455 348 2513 euge
376 2437 721 2495 certissimae
748 2435 1232 2492 remunerationis
1250 2451 1355 2490 nos
1373 2434 1664 2489 credimus
1685 2431 1851 2487 audi-

209 2526 562 2584 turos.Unde
573 2525 1013 2582 considerantes
1025 2522 1331 2579 ecclesiam
1355 2522 1542 2580 sancti
1561 2521 1851 2578 Timothei

212 2615 483 2688 martyris
512 2613 574 2669 in
606 2613 926 2685 municipio
949 2612 1129 2683 hujus
1159 2616 1370 2667 sancta:
1393 2610 1569 2678 sedis,
1594 2610 1687 2665 cui
1736 2609 1850 2665 Deo

210 2702 860 2777 auctorepraasidemus,
893 2701 1094 2767 sitam,
1151 2701 1449 2772 quondam
1508 2698 1850 2755 clericorum

211 2808 449 2850 numero
483 2795 541 2847 et
560 2790 865 2847 honestate
886 2788 1185 2862 religionis
1204 2788 1481 2860 viguisse,
1514 2788 1616 2843 sed
1639 2787 1850 2859 partim

214 2880 469 2938 adversis
500 2879 757 2949 casibus,
785 2879 999 2951 partim
1030 2877 1256 2933 incuria
1286 2877 1356 2932 ad
1387 2876 1624 2932 titulum
1674 2876 1853 2932 unius

212 2968 535 3043 presbyteri
552 2983 681 3025 esse
698 2968 990 3024 redactam
1017 2984 1032 3034 ;
1056 2967 1303 3037 ideoque
1319 2966 1392 3021 ab
1413 2965 1853 3037 archiepiscopo

211 3058 598 3129 Adalberone,
633 3060 698 3112 ut
725 3073 792 3113 ex
817 3057 946 3128 ejus
967 3055 1252 3111 reditibus
1272 3052 1688 3126 hospitalitatis
1719 3069 1854 3126 sup-

212 3147 467 3222 pleretur
498 3145 914 3204 utilitas.beati
936 3143 1181 3218 Remigii
1204 3141 1555 3201 monasterio
1573 3143 1644 3199 ad
1666 3143 1853 3214 possi-

212 3236 467 3294 dendum
488 3251 827 3292 concessam
854 3253 868 3302 ;
903 3233 1011 3307 piae
1031 3231 1363 3290 sedulitatis
1385 3248 1560 3303 opera
1578 3231 1855 3288 adhibere

213 3325 549 3382 curavimus
582 3328 649 3379 ut
674 3339 801 3379 eam
833 3323 892 3378 in
916 3323 1223 3395 antiquum
1247 3320 1574 3377 honestatis
1630 3325 1853 3376 statum

210 3430 637 3488 repararemus.
666 3414 1028 3485 Quapropter
1049 3412 1108 3466 id
1141 3410 1507 3467 notiﬁeantes
1555 3410 1855 3465 Herimaro

212 3500 800 3574 abbati,injunximus
822 3506 887 3557 ut
916 3501 1025 3556 hoc
1046 3505 1255 3556 nostra:
1285 3498 1599 3554 voluntatis
1646 3514 1855 3569 propo-

213 3592 391 3648 situm
425 3590 863 3646 commendaret
889 3588 1140 3656 effectui,
1199 3592 1257 3643 et
1302 3587 1493 3660 ipsam
1550 3585 1855 3642 ecclesiam

212 3679 398 3737 sancti
426 3678 719 3735 Timothei
744 3695 879 3734 cum
909 3677 1034 3734 suis
1066 3664 1351 3733 reditibus
1410 3673 1853 3746 stipendiariam

213 3768 326 3826 Deo
356 3767 599 3836 faciens,
630 3766 1004 3823 famulaturis
1032 3765 1178 3821 inibi
1199 3744 1534 3830 elericis,ea
1556 3762 1688 3819 aliis
1718 3778 1851 3834 pos-
1883 3744 1928 3811 Ο

213 3856 576 3915 sessionibus
607 3855 795 3912 sancti
821 3854 1068 3928 Remigii
1098 3854 1157 3910 in
1189 3870 1296 3910 suo
1327 3851 1588 3909 ccenobio
1617 3850 1858 3924 supple-

214 3950 475 4003 mentum
488 3949 786 4017 repararet
799 3942 1237 4018 hospitalitatis.
1257 3940 1365 4006 Qui
1382 3939 1629 3997 libenter
1646 3942 1857 3996 nostra:

220 4032 571 4090 ordinationi
590 4032 808 4106 paruit,
838 4036 896 4088 et
919 4032 1028 4088 sub
1059 4035 1258 4087 nostro
1279 4028 1645 4086 auctoritatis
1683 4026 1858 4100 privi-

206 4118 352 4195 legio
383 4120 695 4178 duodecim
721 4121 1033 4177 canonicos
1054 4120 1115 4175 in
1139 4119 1340 4176 eodem
1357 4117 1483 4174 loco
1502 4116 1856 4190 aggregavit,

208 4212 380 4283 utque
410 4209 759 4284 regulariter
787 4210 1007 4266 ibidem
1029 4208 1224 4265 divino
1246 4206 1585 4263 insisterent
1622 4205 1857 4262 servitio

209 4298 545 4355 canonicam
576 4298 950 4371 praebendam
971 4296 1055 4353 eis
1076 4295 1350 4352 instituit.
1383 4294 1512 4350 Haec
1541 4310 1678 4367 ergo
1718 4311 1854 4350 con-

208 4385 425 4444 stitutio
456 4390 526 4443 ut
555 4387 718 4443 fieret
737 4384 1045 4454 emcacior,
1074 4401 1181 4441 nos
1202 4399 1434 4456 quoque
1455 4383 1644 4455 ipsius
1674 4382 1855 4438 eccle-

207 4473 300 4533 site
313 4475 500 4534 altare
522 4476 596 4531 ad
621 4479 1007 4548 augmentum
1029 4472 1305 4547 stipendii
1326 4488 1527 4528 eorum
1550 4475 1856 4544 perpetua-

208 4561 337 4620 liter
363 4565 515 4638 ipsis
538 4581 666 4621 esse
684 4564 989 4637 proprium
1019 4561 1436 4619 constituimus
1461 4579 1475 4629 ;
1508 4566 1567 4616 et
1595 4560 1856 4633 quandiu

207 4650 319 4710 illic
348 4653 571 4711 fuerint
598 4652 888 4720 canonici,
908 4669 981 4709 ne
1000 4651 1313 4724 quisquam
1337 4665 1644 4705 successor
1658 4653 1857 4705 noster

209 4740 290 4798 eis
309 4740 455 4801 illud
477 4742 709 4800 auferat
729 4742 839 4799 sub
860 4737 1853 4798 divinaauctoritateinterdicimus.

211 4827 487 4889 Prmterea
515 4835 715 4888 ratum
745 4846 876 4887 esse
901 4829 1177 4886 volumus
1206 4832 1272 4885 ut
1294 4827 1413 4883 aint
1441 4827 1738 4883 immunes
1779 4826 1856 4881 ab

211 4919 365 4975 omni
394 4919 941 4978 arohidiaconorum
972 4923 1030 4975 et
1059 4916 1693 4991 archipresbyterorum
1723 4932 1855 4971 exa-

210 5005 423 5077 ctione,
440 5008 621 5082 positi
649 5011 882 5066 tantum
903 5008 1014 5064 sub
1054 5006 1242 5064 sancti
1284 5005 1535 5079 Remigii
1590 5004 1855 5062 domina-

1953 1203 2264 1259 emendare
2297 1206 2545 1271 satagat,
2580 1206 2643 1254 ut
2669 1216 2911 1255 securus
2947 1200 3002 1253 in
3027 1199 3117 1254 die
3144 1199 3345 1269 judicii
3380 1199 3503 1254 Deo
3526 1200 3596 1254 de

1955 1291 2041 1347 eis
2073 1289 2354 1344 rationem
2388 1290 2624 1344 reddere
2654 1288 2859 1343 valeat.
2892 1288 3014 1351 Quo
3046 1292 3254 1342 nostra:
3285 1286 3598 1343 ordinatio-

1958 1380 2050 1434 nis
2073 1380 2369 1433 decretum
2394 1394 2465 1431 ne
2497 1377 2629 1447 quis
2647 1375 2986 1443 convellere,
3006 1375 3092 1430 vel
3120 1375 3489 1445 aliquatenus
3518 1379 3597 1430 te-

1958 1484 2182 1523 merare
2212 1470 2546 1538 praesumat,
2581 1464 2690 1518 sub
2725 1463 3092 1519 anathemate
3113 1463 3596 1533 prohibemus,ad

1957 1562 2327 1628 posterorum
2361 1554 2705 1608 memoriam
2760 1552 2815 1607 id
2868 1552 3347 1606 commendantes
3401 1551 3596 1607 chiro-

1957 1645 2179 1719 grapho
2212 1644 2322 1699 sub
2362 1643 2790 1715 episcoporum,
2834 1641 3134 1706 abbatum,
3195 1640 3603 1711 maiorumque

1958 1732 2143 1789 nostri
2176 1732 2334 1801 cieri,
2366 1737 2422 1786 et
2444 1736 2784 1786 emterorum
2826 1729 3087 1784 fidelium
3121 1732 3453 1783 nostrorum
3504 1728 3603 1800 qui

1956 1822 2349 1877 interfuerunt
2368 1819 2722 1876 testimonio.
2754 1817 3071 1873 Prandium
3106 1822 3300 1873 autem
3335 1817 3485 1888 quod
3513 1834 3604 1873 ca-

1957 1910 2151 1966 nonici
2184 1911 2407 1966 Sanctae
2442 1909 2635 1964 Mariae
2674 1908 2852 1977 hujus
2883 1911 3198 1962 Remorum
3231 1907 3486 1962 ecclesias
3518 1906 3603 1961 illi

1958 1998 2323 2070 accipiebant
2346 1996 2406 2052 in
2428 1996 2737 2052 festivitate
2770 2001 3106 2050 sanctorum
3138 1998 3463 2067 martyrum
3508 1994 3604 2050 Ti-

1960 2085 2177 2141 mothei
2210 2083 2671 2158 et.Apollinaris,
2705 2100 2807 2155 pro
2871 2083 2965 2137 Dei
3024 2099 3241 2153 amore,
3303 2086 3359 2136 et
3405 2087 3603 2138 nostro

1960 2174 2433 2228 condonaverunt
2487 2170 2786 2227 communi
2847 2187 3138 2227 consensu
3188 2171 3605 2243 perpetualiter

1959 2262 2156 2317 abbati
2200 2261 2521 2330 Herimaro,
2574 2264 2630 2315 et
2686 2259 3011 2331 supradicis
3059 2259 3307 2327 clericis,
3369 2263 3433 2314 ut
3485 2259 3606 2315 sint

1961 2366 2164 2406 eorum
2199 2350 2426 2419 fratres,
2455 2349 2836 2421 ipsorumque
2888 2348 3233 2403 memoriam
3281 2347 3499 2403 faciant
3543 2348 3603 2403 in

1964 2438 2325 2494 orationibus
2348 2437 2492 2504 suis,
2538 2439 2708 2508 cujus
2760 2436 3090 2492 donationis
3147 2435 3474 2508 largitatem
3535 2452 3607 2491 ne

1964 2529 2098 2599 quis
2128 2526 2451 2583 convellere
2494 2527 2706 2581 audeat
2757 2526 2972 2581 futuris
3021 2525 3407 2597 temporibus,
3466 2541 3601 2579 cum

1963 2614 2362 2672 coessentibus
2394 2614 2562 2670 nobis
2579 2613 2869 2686 episcopis
2890 2619 2947 2670 et
2976 2614 3136 2669 omni
3167 2614 3337 2681 clero,
3372 2614 3481 2669 sub
3512 2614 3606 2669 di-

1960 2704 2082 2760 vini
2107 2704 2369 2760 numinis
2397 2704 2783 2759 obtestatione
2814 2702 3263 2758 comminamur.

2034 2799 2062 2859 ῒ
2098 2793 2342 2865 Signum
2374 2792 2573 2847 domui
2604 2790 2859 2847 Gervasii
2889 2791 3142 2861 archiep.

2036 2886 2063 2947 ῒ
2099 2882 2345 2952 Signum
2378 2879 2647 2935 Elinandi
2677 2880 2940 2935 Laudun.
2972 2877 3249 2951 episcopi.

2038 2969 2335 3041 {Signum
2366 2968 2639 3025 Adelardi
2672 2969 2974 3024 Suession.
3007 2968 3150 3041 epis.

2039 3064 2065 3125 ’ί
2101 3059 2346 3132 Signum
2380 3059 2673 3114 Frotlandi
2696 3060 2912 3116 Silvan.
2940 3057 3085 3131 epis.

2039 3153 2065 3213 ’τ
2093 3147 2339 3220 Signum
2361 3147 2633 3204 Widonis
2652 3147 2884 3205 Beluae.
2917 3148 3061 3220 epis.

2038 3242 2065 3301 ’r
2102 3237 2347 3309 Signum
2378 3237 2597 3294 Odonis
2626 3236 3042 3294 archidiaconi.

2039 3330 2067 3389 ’ί
2103 3324 2348 3397 Signum
2382 3324 2661 3380 Herimari
2686 3326 2918 3381 abbatis
2944 3326 3129 3381 sancti
3152 3324 3420 3396 Remigii.

2034 3415 2242 3468 Actum
2264 3412 2461 3467 Remis
2492 3412 2725 3483 publice
2754 3430 2906 3468 anno
2935 3414 3160 3467 Incarn.
3182 3412 3411 3467 Domin.
3446 3412 3608 3466 1C65.

1965 3501 2279 3557 indictione
2312 3518 2372 3568 ιι,
2408 3504 2687 3572 regnante
2742 3501 3009 3572 Philippo
3042 3516 3177 3572 rege
3232 3517 3326 3555 an.
3378 3516 3413 3555 v
3471 3499 3610 3555 Idus

1962 3590 2141 3647 Junii.

2744 3676 2818 3732 ΙΙ.

2062 3770 2169 3824 Pro
2198 3767 2529 3839 [undatione
2557 3766 2790 3822 abbatia:
2829 3765 2884 3821 S.
2915 3766 3174 3837 Dionysii
3207 3766 3505 3822 Remensis.

2587 3855 2771 3927 (Anno
2804 3853 2987 3926 1067.)

2181 3944 2355 4015 [Actes
2384 3944 2447 4000 de
2475 3944 2531 3999 la
2558 3946 2809 4017 province
2837 3942 2903 3999 de
2934 3944 3133 4010 Reims,
3170 3943 3239 4010 II,
3269 3942 3386 4012 79.]

2037 4032 2252 4088 Notum
2277 4032 2405 4089 volo
2437 4032 2843 4106 praesentibus,
2874 4047 2977 4088 nec
2998 4030 3263 4103 ignotum
3295 4030 3373 4085 sit
3414 4038 3609 4101 poste-

1967 4122 2068 4192 ris,
2102 4123 2255 4194 quod
2287 4138 2393 4197 ego
2425 4122 2737 4179 Gervasius
2752 4121 2931 4193 hujus
2959 4124 3174 4177 sanctae
3208 4118 3365 4175 sedis
3396 4119 3609 4175 Remo-

1966 4226 2096 4265 rum
2130 4210 2395 4276 antistes,
2411 4215 2545 4282 post
2564 4211 2809 4267 aliarum
2830 4208 3313 4267 restaurationem
3337 4206 3609 4263 ecclesia-

1967 4315 2097 4354 rum
2120 4315 2247 4371 quaa
2268 4302 2389 4354 tam
2410 4303 2700 4356 vetustate
2735 4315 2913 4372 quam
2939 4296 3296 4373 negligentia
3317 4296 3611 4353 destitutae

1966 4404 2031 4445 ac
2046 4389 2284 4444 deserta:
2316 4388 2387 4444 ab
2418 4388 2682 4461 antiquis
2710 4389 3071 4462 apparebant
3090 4386 3618 4459 temporibus,bea-

1964 4477 2009 4532 ti
2032 4475 2294 4548 Dionysii
2327 4477 2595 4548 quaajam
2620 4494 2766 4548 pene
2792 4477 3073 4533 annulata
3094 4477 3280 4532 fuerat
3307 4472 3614 4530 ecclesiam

1962 4581 2239 4621 renovare
2269 4565 2538 4637 apposui;
2575 4581 2756 4637 quam
2774 4565 2915 4621 olim
2943 4563 3321 4621 celeberrime
3342 4561 3615 4631 ditatem,
3665 4560 3680 4574 '

1962 4654 2272 4727 ingruente
2301 4652 2547 4720 malitia,
2566 4654 2638 4709 ad
2670 4671 2965 4710 summam
2984 4651 3285 4710 devenisse
3308 4654 3619 4721 pauperta-

1959 4747 2078 4798 tem
2139 4742 2475 4814 frequenter
2524 4743 2885 4799 transeundo
2917 4743 3230 4798 miseratus
3281 4737 3556 4794 condolui
3595 4759 3610 4808 ;

1963 4830 2341 4902 adhibitaque
2375 4831 2613 4887 tandem
2636 4830 2960 4903 diligentia,
2994 4826 3443 4886 restaurationis
3464 4842 3617 4899 opus

1963 4918 2318 4992 operatione,
2349 4923 2668 4987 structura,
2701 4919 2802 4975 Dei
2835 4922 3117 4992 praesente
3146 4914 3477 4989 gratia,non
3493 4915 3614 4970 dis-

1963 5007 2094 5077 tuli,
2118 5008 2420 5064 destructa
2448 5007 2826 5075 reaedificans,
2860 5024 2987 5080 quae
3021 5007 3261 5062 fundata
3290 5020 3405 5059 non
3450 5010 3619 5059 erant

207 5093 385 5161 tione.
414 5098 529 5154 sub
548 5100 751 5157 nostra
768 5100 967 5154 tamen
989 5097 1300 5169 potestate,
1331 5098 1389 5150 et
1410 5094 1642 5151 abbatis
1664 5094 1857 5167 subje—
1887 5114 1934 5179 D
1966 5098 2005 5155 a'
2027 5096 2424 5153 fundamentis
2466 5099 2837 5153 construens.
2860 5096 2931 5151 Et
2958 5094 3097 5167 quia
3125 5093 3197 5149 ad
3230 5108 3496 5179 mensam
3526 5109 3618 5148 ca-

212 5184 421 5257 ctione,
442 5185 944 5260 quemadmodum
964 5188 1020 5241 et
1035 5182 1307 5240 monachi
1331 5182 1519 5256 ipsius
1542 5184 1729 5241 sancti
1752 5185 1861 5240 Re-

211 5272 374 5349 migii
409 5293 423 5331 :
456 5278 519 5333 et
537 5275 692 5333 sicut
710 5291 915 5333 curam
934 5290 1004 5331 ex
1018 5289 1221 5330 eorum
1251 5272 1562 5329 animabus
1585 5274 1769 5330 abbas
1789 5275 1863 5330 de

210 5364 704 5438 nostrasuscepit,
727 5364 934 5421 eodem
954 5361 1127 5419 modo
1153 5362 1225 5418 de
1245 5362 1588 5418 earumdem
1621 5360 1860 5419 clerico-

211 5466 341 5507 rum
367 5452 685 5511 animabus
712 5470 916 5510 curam
963 5469 998 5506 a
1050 5448 1220 5507 nobis
1279 5450 1586 5522 suscipiat,
1618 5450 1863 5524 ipseque

212 5542 480 5597 eamdem
499 5542 719 5600 decano
734 5533 909 5615 quem
933 5539 1047 5596 sibi
1064 5539 1137 5595 ad
1158 5554 1360 5595 eorum
1379 5538 1708 5595 custodiam
1726 5540 1863 5596 fide-

211 5623 329 5685 lem
357 5629 732 5688 substituerit
766 5646 947 5686 manu
977 5645 1086 5685 sua
1134 5626 1492 5695 committat;
1545 5628 1671 5699 ipse
1727 5644 1861 5685 vero

1970 5183 2315 5240 nonicorum
2332 5182 2581 5239 dominae
2604 5199 2743 5239 mea:
2767 5185 2980 5239 sancta;
3002 5181 3098 5237 Dei
3118 5178 3420 5253 genitricis
3440 5180 3614 5251 perti-

1971 5273 2164 5343 nebat,
2199 5272 2270 5327 ab
2302 5271 2449 5344 ipsis
2479 5272 2617 5329 ﬁliis
2648 5271 2795 5328 meis
2816 5287 2945 5328 eam
2977 5270 3089 5327 sub
3119 5285 3296 5327 censu
3322 5284 3423 5324 sex
3479 5266 3616 5325 soli-

1973 5363 2184 5418 dorum
2207 5361 2473 5418 omnium
2489 5364 2783 5419 voluntate
2806 5361 3024 5434 accepi,
3056 5362 3336 5432 perpetua
3354 5357 3618 5414 libertate

1974 5450 2349 5520 donandam;
2381 5451 2491 5509 hac
2523 5451 2946 5508 consuetudine
2975 5453 3201 5506 retenta
3216 5452 3282 5504 ut
3301 5447 3619 5504 servientes

1972 5556 2199 5608 eorum,
2220 5544 2338 5595 tam
2372 5542 2686 5598 familiares
2708 5556 2885 5613 quam
2907 5537 3430 5608 communes,sicut
3449 5537 3619 5592 antea

1972 5628 2262 5697 solebant,
2288 5630 2681 5706 absqueomni
2714 5631 3014 5688 exactione
3046 5625 3503 5703 alicujuspretii,
3535 5622 3617 5677 ibi
