3960 6216
390 332 545 396 nos
1476 311 1950 401 LEODEGARII
1993 320 2360 409 sac'msr.
2408 349 2673 414 VIENN.
3638 360 3789 425 um

385 489 699 564 sepultura:
730 487 1131 556 traderentur;
1165 492 1223 545 et
1274 488 1404 561 ipsa
1452 490 1697 547 ecclesia
1750 508 2027 563 processu
2060 480 2113 543 Α
2145 486 2452 555 crevimus,
2489 488 2661 545 modo
2681 504 2916 562 quoque
2945 490 3338 562 decernimus,
3362 509 3478 568 quo
3507 492 3579 552 de
3628 494 3791 552 omni

382 579 682 650 temporis,
714 578 908 648 aliquo
940 594 1076 632 casu
1113 578 1364 633 rediviva
1413 577 1765 647 calamitate,
1798 581 1869 634 ad
1902 597 2031 636 eam
2144 574 2429 631 bonorum
2464 593 2727 634 meorum
2760 580 3091 637 substantia
3134 581 3537 640 indifferenter
3581 583 3793 642 statui-

381 684 507 738 que:
540 668 702 737 prius
732 672 855 720 erat
886 667 1195 734 decideret,
1247 684 1447 722 eorum
1498 669 1653 723 sicut
1704 669 1866 739 prius
1913 676 2034 723 erat
2144 680 2296 718 mus.
2331 664 2510 735 Cujus
2541 668 2979 725 constitutionis
3012 675 3225 726 nostrae
3251 672 3552 729 decretum
3585 679 3652 731 ut
3699 690 3791 730 ra-

380 755 649 826 potestati
672 755 1035 824 subjiciatur,
1072 755 1179 809 nisi
1214 756 1385 827 culpa
1427 756 1513 811 vel
1546 758 1739 811 studio
1764 757 2027 827 ipsorum
2141 754 2265 806 tum
2292 753 3065 829 inviolatumqueperpetuis
3084 759 3275 816 valeat
3293 762 3794 832 temporibus,no-

379 844 677 898 acciderit.
2139 844 2270 895 atras
2310 843 2673 899 auctoritatis
2726 845 2941 918 scripto
2966 850 3237 919 praesenti
3283 851 3652 920 roboramus,
3707 852 3791 909 ai-

449 931 911 1003 Ecclesiaitaque
931 950 1057 989 meo
1079 938 1389 1005 sumptuet
1411 933 1607 988 labore
1630 935 1699 988 ad
1734 935 2027 1006 integrum
2138 928 2381 1001 gillique
2413 932 2592 987 ucstri
2622 932 3007 1005 impressione
3039 937 3479 1010 consignamus.

374 1019 664 1085 restituta,
698 1036 829 1073 cum
885 1021 1129 1075 diversis
1186 1021 1445 1077 aediﬁciis
1496 1023 1566 1076 ad
1619 1024 2026 1078 necessitatem
2207 1021 2412 1074 Actum
2474 1021 2690 1088 Remis,
2751 1039 2904 1078 anno
2970 1024 3397 1083 incarnationis
3473 1029 3791 1085 Dominice

373 1107 622 1161 fratrum
658 1110 1135 1175 accommodatis,
1167 1109 1476 1165 canonicos
1501 1109 1713 1165 ibidem
1739 1111 1807 1165 ad
1844 1110 2022 1165 hono-
2138 1107 2292 1173 1067,
2328 1108 2645 1165 Indictione
2673 1126 2726 1176 ν,
2763 1117 3042 1183 regnante
3063 1113 3326 1187 Philippo
3350 1132 3483 1189 rege
3504 1134 3658 1174 anno
3676 1134 3788 1189 vn,

372 1212 490 1249 rem
525 1202 581 1249 et.
604 1195 981 1251 anniversarii
1013 1198 1121 1251 mei
1183 1198 1743 1253 commemoratione
1801 1203 2015 1254 sancta:
2131 1197 2468 1268 epicopatus
2499 1198 2611 1251 mei
2642 1215 2795 1253 anno
2825 1217 2925 1254 xu.

369 1284 557 1338 Mariae
582 1285 649 1337 ad
696 1302 865 1339 usum
919 1287 1231 1340 concmlcrc
1280 1288 1720 1353 canonicorum,
1763 1304 2014 1358 quorum
2203 1283 2503 1339 ()dalricus
2534 1286 2915 1342 eancellarius
2946 1289 3372 1362 scripsitatque
3399 1294 3787 1367 subscripsit.

370 1372 655 1427 decimam
693 1372 823 1426 huic
856 1374 1110 1427 ecclesia:
1144 1374 1494 1438 habendam,
1531 1375 1681 1429 sicut
1718 1376 1855 1430 olim
1918 1376 2017 1429 de-

2483 1525 3776 1571 mm

371 1549 867 1561 u¢-———-——.-—————-———-

1729 1686 1883 1725 ANNO
1923 1686 2126 1726 DOMINI
2168 1687 2385 1726 MLXVII.

1396 1865 2738 2026 LEODEGARIUS

708 2164 1481 2259 VIENNENSIS
1556 2163 2207 2260 ECCLESUE
2272 2165 3399 2263 ARCHIEPISCOPUS.

1472 2497 1933 2586 NOTI'I'IA
1998 2497 2632 2590 HISTORICA.

1250 2676 1365 2746 (Ex
1396 2675 1575 2732 Gallia
1606 2677 1943 2748 Christiana,
1972 2680 2084 2733 vet.
2116 2676 2279 2747 edit.,
2302 2680 2446 2745 tom,
2471 2677 2514 2747 Ι,
2550 2693 2682 2751 pag.
2712 2678 2864 2750 799.)

422 2927 810 3003 Leodegarius
842 2930 1175 3003 recensetur
1194 2926 1253 3003 in
1278 2924 1595 3003 diplomate
1621 2926 2058 3003 Ermengardis,
2088 2926 2758 3003 Bodulphipurgundize
2787 2928 2942 3001 regis
2971 2930 3261 3003 conjugis,
3293 2949 3388 2988 an.
3422 2932 3581 3002 1037,
3604 2950 3757 2992 cum

348 3001 549 3080 Pontio
571 2996 794 3080 Valenti
805 3014 897 3064 no,
920 2997 1156 3051 Artaldo
1185 2996 1741 3080 Gratianopolita‘no,
1766 2996 1987 3080 etEt-liis
2009 2996 2324 3080 episcopis.
2364 2996 2581 3080 vitam,
2604 3014 2824 3080 mores,
2853 2996 3017 3080 ortus
3036 2996 3098 3080 et
3122 2996 3288 3080 actus
3308 2996 3753 3080 antecessorurn

349 3071 926 3160 archiepiscoporum
954 3068 1422 3160 opereveiraravit,
1444 3067 1733 3160 utlegitur
1762 3069 1821 3123 in
1847 3067 2129 3160 Chronico
2152 3067 2262 3160 nis;
2286 3088 2298 3137 ;
2325 3070 3016 3160 subscrib-ittestamen‘to
3040 3072 3301 3160 Hugonis
3322 3074 3752 3160 archiepiscopi

350 3138 766 3220 pisonticensis
796 3141 953 3205 lO/it,
985 3138 1084 3193 vm
1112 3139 1233 3220 Kal.
1266 3138 1494 3220 Apriis;
1528 3138 1597 3192 ad
1632 3155 1805 3209 quem
1838 3140 2012 3220 etiam
2046 3140 2156 3196 Leo
2190 3140 2259 3195 IX
2291 3158 2440 3220 papa
2460 3142 2767 3220 epistolam
2811 3143 3011 3220 misit;
3077 3138 3756 3220 de'functusque'pridie

349 3215 486 3270 Idus
508 3212 690 3269 Junii.
723 3214 801 3267 Ex
821 3230 936 3284 quo
959 3217 1199 3282 apparet
1220 3210 1501 3265 mendum
1533 3226 1736 3265 eorum
1760 3210 1858 3281 qui
1884 3210 2133 3267 alterum
2165 3210 2570 3284 cognominem
2604 3210 3020 3285 Leodegarium
3042 3210 3526 3288 superinducunt.

1320 3540 1730 3636 LEODE
1743 3540 2099 3636 GARII
2174 3541 2762 3638 CHART/E.

1138 3840 1179 3895 Ι.
2018 3843 2067 3908 Β
2097 3838 2209 3911 cipi
2238 3838 2458 3911 ligandi
2490 3843 2665 3913 atque
2687 3841 2949 3898 solvendi
2983 3845 3328 3915 potestatem
3371 3842 3638 3913 contulit,
3692 3851 3750 3903 et

410 3930 701 3986 Ecclesium
724 3929 777 3985 S.
822 3930 1064 3985 Ferreoli
1110 3930 1169 3983 in
1205 3928 1370 4012 plena
1399 3928 1602 3999 synodo
1625 3927 1679 3982 S.
1719 3928 1919 3984 Victori
2100 3928 2172 3983 ab
2199 3944 2265 3983 eo
2296 3943 2485 4000 usque
2516 3930 2588 3984 ad
2612 3946 2739 3998 nos,
2756 3929 2890 3987 licet
2913 3930 3206 4004 indignos,
3226 3931 3377 3988 hanc
3396 3936 3747 4005 potestatem

1026 4009 1314 4095 concedit;
1351 4089 1359 4095 _
2099 4032 2440 4089 permanere
2469 4018 3150 4092 concessit.Quapropter
3178 4036 3283 4093 ego
3332 4021 3745 4095 Leodegarius,

959 4090 1149 4185 (Αοῐξξ)
1182 4089 1366 4185 40:36:)
1426 4184 1432 4185 γ
1498 4176 1516 4185 -
1585 4177 1636 4185 Ἀ
1656 4177 1668 4185 _
1706 4176 1720 4185 ¹
2098 4109 2310 4161 sanctae
2343 4106 2548 4163 matris
2578 4107 2849 4163 Ecclesia:
2884 4089 3242 4165 Viennensis
3264 4089 3742 4185 archiepiscopus

607 4179 909 4247 [Manrsn.,
944 4178 1198 4249 Ampliss.
1235 4177 1451 4232 Collect.
1496 4176 1537 4242 Ι,
1574 4176 1720 4246 404.]
2098 4211 2171 4250 οη

2181 4195 2363 4250 mium
2394 4195 2496 4251 Dei
2523 4195 2785 4251 fidelium
2847 4213 3072 4265 servus,
3129 4197 3393 4271 exemplo
3440 4204 3497 4255 et
3547 4176 3745 4258 amore

409 4280 646 4336 Cunctis
680 4279 899 4352 liquido
931 4286 1090 4353 patet
1122 4281 1377 4353 primum
1426 4281 1727 4336 hominem
1782 4300 1817 4337 a
1874 4287 1986 4338 Deo
2096 4284 2589 4355 praedecessorum
2637 4300 2903 4339 meorum
2960 4288 3173 4350 tactus,
3234 4285 3479 4358 cupiens
3535 4305 3745 4346 ornare

336 4368 637 4425 conditum
669 4373 846 4440 atque
877 4369 934 4423 in
970 4369 1240 4441 paradiso
1270 4370 1550 4440 positum,
1575 4374 1658 4437 ut,
1686 4370 1735 4425 si
1750 4386 1988 4442 peccare
2096 4371 2399 4431 ecclesiam
2442 4376 2727 4439 nostram,
2778 4388 2905 4444 qua:
2963 4373 3261 4445 quondam
3314 4357 3745 4448 gloriosissime

337 4457 539 4522 nollet,
571 4458 976 4513 necessitatem
996 4458 1273 4529 peccandi
1324 4474 1439 4513 non
1498 4458 1740 4514 haberet
1774 4476 1788 4525 ;
1848 4459 1988 4531 quia
2097 4461 2313 4528 ﬂoruit,
2345 4465 2685 4533 proponoet
2701 4460 2967 4517 desidem
2989 4461 3279 4519 deservire
3299 4463 3643 4522 beatissimo
3675 4483 3744 4524 ac

332 4546 713 4604 veroinvidia
758 4546 971 4601 diaboli
1024 4546 1306 4602 seductus
1352 4551 1459 4614 est,
1520 4550 1694 4619 atque
1752 4547 1810 4601 in
1863 4547 1984 4602 haec
2096 4549 2309 4605 domno
2328 4547 2591 4605 Ferreolo
2613 4548 2957 4622 martyri,et
2977 4549 3227 4607 civitatis
3248 4558 3457 4608 nostra:
3479 4554 3742 4626 tribuno,

334 4652 666 4692 aerumnosa
696 4653 729 4690 a
757 4635 874 4690 Deo
906 4636 1199 4708 projectus
1229 4635 1451 4705 exsilia,
1485 4651 1688 4691 omnes
1718 4635 1984 4692 homines
2095 4635 2386 4709 siquidem
2417 4636 2664 4693 ecclesia
2684 4636 2871 4709 ipsius
2902 4637 2989 4694 vel
3041 4640 3393 4708 coenobium,
3444 4642 3602 4714 quod
3642 4660 3742 4700 vo-

337 4742 405 4781 ex
426 4741 493 4781 eo
516 4726 743 4797 genitos
765 4730 978 4781 natura
1004 4725 1380 4796 postmodum
1404 4723 1656 4796 aequales
1680 4724 1811 4781 fecit
1835 4744 1847 4793 ;
1880 4726 1983 4782 sed
2094 4729 2228 4781 cant
2250 4725 2648 4795 Grinensium,
2673 4726 3198 4799 quadragintorum
3228 4727 3407 4785 simul
3438 4729 3498 4785 in
3519 4746 3584 4787 se
3630 4730 3743 4788 ha-

334 4814 510 4882 Deus,
545 4814 646 4887 qui
668 4819 757 4870 est
778 4831 1079 4870 summum
1103 4814 1346 4883 bonum,
1368 4813 1496 4886 ipse
1522 4814 1801 4885 praseius
1823 4815 1980 4870 futu-
2094 4814 2222 4870 buit
2251 4813 2687 4869 multitudinem
2720 4814 3167 4871 monachorum.
3197 4821 3314 4874 Nos
3332 4833 3466 4874 vero
3488 4834 3640 4891 quos
3666 4819 3741 4877 ad

335 4920 557 4971 rerum,
592 4903 966 4975 postmodum
991 4920 1093 4975 per
1121 4903 1309 4958 multa
1356 4919 1645 4958 annorum
1690 4903 1980 4959 curricula
2092 4904 2216 4959 haec
2237 4903 2391 4959 Deus
2423 4901 2679 4959 infelicia
2707 4903 2980 4975 perduxit
3035 4908 3319 4978 tempora,
3368 4907 3419 4963 si
3474 4922 3594 4963 non
3634 4907 3741 4978 ita,

335 4992 636 5048 hominem
668 5009 841 5048 suum
866 4992 1107 5047 charum
1134 4991 1348 5047 animal
1370 5008 1567 5063 regere
1600 5010 1712 5047 non
1737 4991 1979 5059 destitit,
2092 4992 2297 5048 saltem
2321 4991 2474 5064 quod
2499 5009 2815 5064 possumus
2828 4993 3241 5066 adimplemus.
3258 4995 3581 5054 Reddimus
3600 5012 3741 5070 ergo

335 5083 647 5153 imponens
680 5099 865 5137 unum
898 5082 1048 5146 aliis,
1082 5081 1441 5154 patriarchas
1465 5081 1821 5152 primitus,et
1849 5099 1978 5153 pro-
2091 5081 2224 5146 sibi,
2255 5080 2521 5136 videlicet
2549 5087 2605 5136 S.
2632 5082 2917 5149 Ferreolo,
2952 5083 3263 5155 ipsiusque
3284 5086 3737 5156 quondam'mo-

330 5169 559 5242 phetas,
593 5186 657 5224 ac
680 5170 889 5225 deinde
921 5187 1107 5242 reges,
1140 5170 1211 5224 ad
1242 5173 1566 5224 extremum
1589 5185 1721 5224 vero
1744 5175 1978 5242 tempus
2009 5216 2050 5244 η
2091 5167 2365 5235 nasterio,
2398 5184 2466 5224 ex
2497 5169 2833 5226 haereditate
2863 5171 3051 5242 ipsius
3102 5172 3388 5244 quidquid
3428 5174 3486 5227 in
3538 5179 3741 5231 nostro

331 5216 559 5242 r""""1
594 5216 655 5224 "'"
682 5216 888 5225 “‘""“‘"
923 5216 1107 5242 ’νοννῖ
1141 5216 1211 5224 ““
1244 5216 1566 5224 '""""""""
1601 5216 1719 5224 """
1749 5216 1977 5242 "’"'L"""
2092 5216 2365 5235 “'"'""""
2401 5216 2466 5224 "‘
2497 5216 2603 5224 ’⁵⁷⁷⁸
2620 5216 2832 5226 ν“⁴’““⁴¹’“’“’
2865 5216 3051 5242 'l"“‘""’
3103 5216 3388 5244 Ί“¹¹⁵’“¹¹“Ὶ“⁶“⁶
3428 5216 3486 5227 ’⁵⁸
3539 5216 3741 5231 ⁸¹ν⁹⁹⁸υ

330 5258 830 5313 εαοθτάοῑθεᾘωα
860 5264 1055 5314 autem
1088 5260 1216 5315 ideo
1248 5258 1435 5314 facere
1455 5258 1754 5324 voluit,ut,
1771 5259 1816 5313 si
1842 5260 1975 5331 quis
2008 5216 2051 5284 Ο
2089 5256 2350 5314 dominio
2377 5258 2743 5328 tenebamus,
2775 5276 2879 5316 ceu
2937 5261 3113 5317 etiam
3170 5260 3508 5333 ubicunque
3565 5262 3743 5319 fuerit

330 5346 460 5414 ejus
491 5361 688 5401 amore
720 5351 954 5416 peccata
1001 5347 1180 5403 nollet
1234 5348 1436 5410 vitare,
1499 5353 1787 5403 coerceret
1842 5365 1974 5403 eum
2090 5348 2389 5403 inventum
2423 5347 2643 5421 aliquid
2674 5364 2743 5405 ex
2759 5350 2888 5421 ejus
2909 5349 3266 5421 haereditate,
3286 5354 3475 5407 totum
3498 5351 3739 5408 omnino

330 5429 599 5485 videlicet
618 5432 858 5486 alterius
888 5433 1112 5490 timore.
1165 5437 1315 5491 Sunt
1356 5435 1556 5506 itaque
1613 5435 1800 5491 multa
1851 5454 1978 5508 quae
2088 5436 2411 5501 reddimus,
2455 5452 2554 5492 eos
2593 5437 2691 5508 qui
2745 5441 2967 5507 tenent,
3031 5438 3081 5493 si
3131 5439 3368 5496 reddere
3417 5438 3736 5509 voluerint,

333 5532 439 5585 per
460 5517 692 5585 Moysen
727 5520 1015 5588 praecepit,
1036 5532 1085 5576 et
1114 5540 1238 5593 qua:
1261 5527 1447 5578 Aaron
1471 5524 1657 5594 primo
1693 5526 1975 5580 sacerdoti
2087 5526 2146 5580 in
2178 5525 2286 5581 hac
2308 5525 2677 5598 cleemosyna
2702 5527 3102 5600 adjungimus.
3118 5528 3231 5584 Sed
3254 5532 3311 5584 et
3330 5528 3520 5585 fidelis
3538 5532 3739 5587 noster

333 5600 623 5667 injunxit;
657 5604 727 5656 ad
758 5602 1033 5661 ultimum
1063 5625 1198 5663 vero
1221 5612 1282 5666 B.
1308 5611 1474 5664 Petro
1505 5612 1767 5681 apostolo
1816 5612 1974 5682 prin-
2086 5612 2367 5669 Bladinus
2398 5612 2686 5685 quidquid
2717 5615 2789 5671 de
2818 5617 2946 5688 ejus
2977 5615 3314 5674 haereditate
3341 5617 3400 5673 in
3449 5616 3732 5676 beneﬂcio
