3960 6216
164 343 315 414 μοις

1565 413 1574 421 ,
1681 338 2044 407 οιιΑιιοιΑε.

3408 341 3563 409 1406

163 483 234 540 de
263 477 431 539 nobis
459 476 719 550 tenebat,
749 480 939 537 totum
969 472 1177 536 reddit.
1220 476 1465 551 Insuper
1512 483 1568 534 et
1598 478 1667 533 de
1700 496 1806 533 suo
1836 477 1887 542 Α
1918 475 2083 548 gistri
2119 474 2348 533 scholae.
2385 475 2443 533 8.
2490 473 2746 535 Nertaldi
2797 476 3029 535 abbatis
3078 478 3135 535 8.
3191 478 3341 536 Petri
3390 482 3468 554 (1)
3500 482 3561 540 8.

164 571 326 631 alode
355 570 621 644 largitur.
657 569 775 626 Hoc
825 586 961 643 ergo
1014 586 1119 641 per
1175 566 1485 624 consilium
1542 567 1801 623 ﬁdelium

161 666 493 718 nostrorum
523 660 795 726 facimus,
827 657 1193 715 collaudante
1227 657 1388 713 omni
1427 656 1579 713 clero
1609 660 1666 712 et
1697 674 1802 729 po-

159 750 293 825 pulo
322 748 579 806 ecclesia;
608 753 843 816 nostris,
878 748 1119 819 insuper
1139 752 1195 802 et
1217 751 1509 802 annuente
1530 747 1805 801 Hermen-

161 839 339 913 garda
392 836 610 908 inclyta
658 834 858 908 regina
906 835 1059 907 regis
1119 834 1349 892 Radulfi
1400 851 1595 901 uxore,
1648 850 1803 890 nunc

160 927 352 983 vidua.
384 925 666 982 Ponimus
716 940 853 996 ergo
900 924 958 980 in
1009 923 1136 996 ipso
1184 923 1307 979 loco
1358 924 1457 980 Dei
1507 940 1704 980 servos
1736 940 1804 979 ex

162 1013 516 1072 monasterio
545 1014 604 1069 8.
637 1013 890 1069 Victoris
919 1012 1331 1085 gloriosissimi
1365 1013 1640 1085 martyris
1664 1018 1804 1068 Mas-

162 1103 436 1172 siliensis,
486 1102 805 1175 ipsumque
865 1101 1060 1157 locum
1119 1118 1254 1157 cum
1314 1102 1588 1158 omnibus
1639 1102 1710 1157 ad
1743 1118 1803 1157 se

161 1192 586 1267 pertinentibus
607 1190 795 1247 eidem
818 1193 876 1246 S.
902 1191 1113 1247 Victori
1140 1190 1554 1263 pcrpetualiter
1569 1191 1803 1256 damus,

160 1288 215 1338 et
240 1280 361 1336 viro
392 1279 730 1335 venerabilii
760 1280 977 1333 domno
1012 1280 1209 1334 Isarno
1241 1279 1458 1349 abbati,
1494 1295 1594 1351 per
1615 1279 1804 1333 consi-

160 1369 299 1425 lium
330 1373 387 1423 et
410 1368 772 1423 voluntatem
803 1367 1004 1423 domni
1031 1367 1261 1423 abbatis
1285 1367 1550 1423 0dilonis
1574 1366 1805 1423 Clunia-

163 1456 369 1523 censis,
421 1460 479 1513 et
524 1455 788 1513 omnium
836 1457 1083 1511 fratrum
1143 1474 1260 1512 sua:
1311 1456 1802 1529 congregationis.

165 1546 331 1603 Facta
354 1544 593 1601 donatio
615 1544 733 1600 haec
748 1543 1205 1617 eleemosynaria
1218 1561 1370 1600 anno
1387 1544 1807 1600 lncarnationis

164 1633 383 1692 Domini
437 1633 624 1689 nostri
676 1636 815 1689 Jesu
865 1632 1081 1689 Christi
1148 1634 1305 1701 1036,
1358 1633 1679 1689 indictione
1728 1649 1803 1699 IV,

164 1728 359 1797 epacta
388 1740 430 1794 ι,
460 1738 614 1777 anno
639 1738 738 1777 vni
788 1720 1160 1794 imperatoris
1214 1722 1609 1778 Romanorum
1659 1720 1805 1776 Con-

1912 567 2103 637 Pontii,
2139 568 2215 637 (2)
2249 567 2493 623 abbatis.
2531 567 2587 622 8.
2622 566 2923 623 Dothmari
2957 568 3185 625 abbatis
3218 571 3294 641 (3)
3326 571 3383 627 S.
3418 571 3562 629 Wil-

1911 654 2070 713 lelmi
2129 657 2202 727 (4)
2262 656 2444 727 patris
2508 655 2954 729 archiepiscopi.
3014 659 3071 714 S.
3120 658 3405 715 Willelmi
3456 659 3561 716 ﬁlii

1913 745 2061 814 ejus.
2094 749 2149 799 S.
2200 744 2505 800 Humberti
2553 745 2784 801 comitis
2854 751 2910 800 8.
2967 747 3250 803 Hectoris.
3302 749 3360 804 S.
3412 752 3561 805 Her-

1911 834 2057 889 berti
2098 838 2155 888 et
2198 834 2421 889 Artaldi
2473 834 2668 889 fratris
2717 835 2869 905 ejus.
2920 835 2978 890 S.
3028 836 3291 892 Herberti
3338 854 3559 910 praepo-

1912 922 2008 978 siti
2058 922 2307 979 Diensis.
2360 923 2417 979 8.
2468 923 2715 979 Arnulfi.
2767 924 2826 979 S.
2881 924 3157 980 Adalardi
3204 925 3432 982 abbatis
3483 927 3560 998 (5)

1914 1012 2346 1084 Lugdunensis,
2381 1012 2439 1067 8.
2467 1012 2697 1067 Hodrici
2724 1014 2798 1084 (6)
2831 1013 3077 1068 abbatis.
3119 1014 3178 1069 S.
3218 1015 3456 1087 Eugenii
3483 1016 3561 1087 (7)

1913 1100 2162 1155 abbatis.
2198 1101 2253 1155 8.
2291 1100 2509 1172 Ugonis
2539 1101 2824 1156 canonici.
2874 1102 2932 1155 S.
2986 1102 3213 1156 Girardi
3260 1102 3464 1159 levitas.
3499 1105 3557 1160 S.

1917 1188 2143 1244 Girartli
2176 1188 2462 1257 canonici,
2496 1190 2552 1243 8.
2592 1189 2823 1243 Milonis
2864 1190 3145 1245 canonici.
3197 1196 3250 1245 S.
3285 1192 3559 1247 Adalardi

1915 1277 2176 1333 canonici
2198 1278 2583 1347 grammatici.
2609 1280 2666 1332 S.
2699 1279 2980 1333 llcrlionis
3022 1280 3239 1335 Banchi
3271 1280 3557 1336 canonici.

1917 1367 1975 1422 S.
2006 1364 2273 1420 Blandini
2308 1365 2460 1420 laici.
2496 1370 2551 1419 8.
2591 1367 2873 1421 Ιὶριιοοηὶε
2920 1366 2958 1420 l.
3007 1372 3063 1420 8.
3117 1369 3363 1439 Vidgerii
3396 1386 3564 1436 cano-

1919 1454 2028 1508 nici
2062 1456 2118 1509 8.
2154 1454 2415 1526 Hugonis
2452 1454 2814 1509 subdiaconi.
2861 1455 2919 1508 S.
2976 1456 3268 1510 Lamberti
3319 1457 3556 1512 subdia-

1917 1543 2067 1597 coni.
2100 1548 2155 1598 8.
2192 1542 2492 1597 liotmaris
2552 1542 2917 1598 subdiaconi.
2964 1545 3023 1598 8.
3078 1542 3389 1599 Ιὶοὶὶιὺειὶάί
3421 1544 3565 1600 sub-

1917 1630 2168 1686 diaconi.

2715 1739 2783 1794 ΙΙ.

165 1811 303 1910 Padi:
335 1812 730 1910 θξῆθοξδῖξιιξε
782 1810 1099 1910 “Wfﬁn”
1139 1810 1487 1910 ἀυξφιξίιίαῐθ
1540 1811 1807 1910 οωῐξξρο·
1840 1846 1887 1910 Β
1919 1824 2117 1910 Charta
2139 1827 2463 1910 head’cgarit'
2483 1826 3571 1910 archiepiswpz"Kz'ennfnsz's.Ecclesium

165 1900 333 1957 tentis
361 1899 488 1967 Dei,
537 1899 747 1965 Patris,
795 1903 852 1955 et
902 1898 1051 1967 Filii,
1102 1904 1157 1955 et
1203 1899 1455 1971 Spiritus
1505 1899 1713 1967 sancti,
1742 1915 1808 1954 ac

167 1994 359 2046 nostra
417 1987 899 2052 contradicimus,
969 1992 1026 2043 et
1088 1988 1687 2056 excommunicamus,
1741 1992 1808 2043 ut

169 2078 355 2135 nullus
386 2093 797 2135 successorum
830 2081 1166 2133 nostrorum
1206 2076 1460 2132 ecclesiae
1492 2077 1672 2149 hujus
1703 2094 1804 2132 no-

169 2171 291 2225 stra:
313 2166 681 2240 pontificum,
729 2165 849 2222 sive
899 2165 1095 2237 aliqua
1143 2183 1390 2238 persona
1442 2166 1807 2239 disrumpere

169 2255 251 2312 vel
271 2254 598 2328 inquietare
618 2253 734 2310 ullo
752 2254 924 2309 modo
947 2254 1097 2309 hanc
1118 2253 1600 2327 elemosynariam
1633 2255 1808 2310 dona-

171 2343 378 2401 tionem
399 2342 595 2399 valeat
613 2341 700 2400 vel
735 2341 966 2397 audeat.
1000 2342 1161 2405 Quod
1194 2342 1243 2397 si
1278 2342 1499 2409 fecerit,
1532 2343 1807 2400 omnibus

172 2430 267 2489 Dei
293 2429 809 2488 maledictionibus
839 2430 1158 2501 subjaceat,
1191 2435 1249 2487 et
1270 2431 1342 2487 ab
1364 2431 1606 2488 ecclesia
1627 2432 1725 2488 Dei
1747 2432 1806 2487 in

172 2520 478 2593 diejudicii
503 2522 830 2592 separatus,
862 2518 922 2574 in
956 2519 1182 2576 inferno
1214 2519 1535 2592 sepeliatur
1564 2522 1807 2577 damna-

169 2613 277 2666 tns.
311 2611 559 2681 Insuper
578 2611 634 2665 et
658 2607 781 2665 haec
802 2612 1004 2664 nostra
1022 2608 1257 2665 donatio
1281 2610 1452 2667 ﬁrma
1475 2626 1541 2665 ac
1579 2610 1807 2667 stabilis

169 2702 501 2771 permaneat
531 2714 666 2753 cum
696 2696 1073 2770 stipulatione
1104 2698 1376 2753 subnixa.

230 2788 343 2861 Ego
361 2787 571 2859 Nuspa
584 2785 909 2842 monachus
931 2788 1002 2842 ad
1024 2786 1209 2842 vicem
1231 2787 1429 2842 domni
1454 2787 1804 2856 cancellarii,

168 2877 372 2934 domno
421 2875 864 2948 archiepiscOpo
928 2875 1281 2947 Leodegario
1331 2874 1584 2931 dictante
1636 2880 1811 2949 atque

167 2967 477 3022 mandante
509 2963 741 3037 scripsi,
774 2979 927 3019 anno
949 2962 1337 3019 ordinationis
1358 2966 1485 3034 ejus
1505 2980 1582 3032 v1,
1608 2981 1670 3018 ιιι
1694 2964 1805 3019 No-

166 3071 264 3111 nas
292 3052 663 3119 Novembris,
692 3052 835 3107 luna
864 3069 919 3122 x,
954 3050 1097 3106 feria
1124 3068 1199 3106 IV.

1987 1898 2176 1953 Sancti

1986 1898 2176 2023 Samii
2262 1897 2654 1970 Symphorz'am'
2675 1897 2679 1898 “
2735 1897 2978 1954 σαεηοῦίο
3061 1899 3251 1955 Sancti
3322 1902 3573 1957 Ferreoli

2024 1984 2127 2023 ana
2158 2012 2170 2023 .

2024 1984 2170 2024 οηαι.

2531 2058 2715 2128 (Anno
2756 2058 2953 2130 1037.)

2257 2145 2548 2216 (Murram,
2582 2147 2679 2201 ubi
2705 2163 2896 2218 supra,
2931 2145 3039 2202 col.
3072 2147 3224 2218 504.]

2017 2293 2052 2307 ..
2133 2251 2283 2307 Dum
2360 2250 2460 2307 Dei
2526 2252 2947 2324 omnipotentis
3006 2253 3563 2311 ordinatissima.....

1918 2343 2256 2397 sanctorum
2289 2356 2697 2409 canonum,....
2725 2345 3014 2413 quatenus
3047 2359 3137 2397 res
3159 2342 3565 2400 ecclesiastica:

1918 2446 1952 2484 θ.
2004 2430 2241 2500 cujus...
2298 2430 2524 2487 ordinis
2572 2447 2832 2503 persons:
2887 2448 2921 2486 a
2970 2447 3317 2503 quocunque
3365 2433 3567 2505 acqui-

1917 2518 2061 2587 sitrc,
2096 2536 2168 2574 an
2213 2536 2318 2576 nos
2358 2520 2628 2590 quamvis
2667 2536 3064 2591 possessas..."
3097 2519 3350 2577 utilitate
3380 2538 3568 2594 quan-

1915 2608 2134 2664 tumvis
2159 2607 2442 2677 aediﬁciis,
2470 2608 2943 2681 possessionibus
2959 2625 3023 2665 ac
3036 2608 3406 2679 substantiis,
3433 2627 3568 2667 mox

1917 2697 1988 2752 ab
2009 2695 2341 2752 haeredibus
2364 2695 2616 2752 ecclesiae
2641 2697 2710 2751 ad
2727 2713 2903 2768 quam
2919 2698 3055 2768 jure
3076 2697 3567 2770 pertinent,justa

1916 2786 2139 2841 ratione
2163 2786 2400 2841 fuerunt
2424 2786 2727 2857 requisita,
2752 2802 2885 2841 cum
2903 2786 3179 2842 omnibus
3200 2787 3423 2859 absque
3445 2788 3569 2846 ulla

1914 2874 2231 2929 reddantur
2280 2874 2708 2943 contrarietate,
2761 2874 3029 2929 nolentes
3078 2891 3213 2931 vero
3260 2877 3501 2933 reddere
3533 2895 3569 2934 a

1914 2968 2126 3018 sanctee
2153 2963 2247 3019 Dei
2282 2963 2537 3018 ecclesize
2572 2962 2864 3035 segregari
2896 2963 3105 3019 debere
3125 2963 3417 3019 societate.
3442 2966 3563 3039 Ego

1917 3051 2304 3121 Leodegarius
2355 3056 2569 3108 sanctae
2620 3050 2823 3106 matris
2898 3050 3167 3106 Ecclesiae
3214 3052 3565 3111 Viennensis

226 3145 362 3199 Acta
389 3141 627 3216 publice
657 3140 719 3196 in
751 3140 970 3213 synodo
1021 3139 1336 3196 Viennensi
1384 3140 1444 3196 in
1498 3141 1805 3213 praesentia
1845 3207 1874 3216 Α
1911 3140 2373 3197 Christianorum
2434 3140 2931 3213 archiepiscopus,
2983 3140 3247 3196 omnium
3293 3142 3395 3197 Dei
3428 3143 3569 3199 ﬁde-

164 3231 351 3288 domni
384 3229 727 3302 Leodegarii
749 3228 1167 3302 archiepiscOpi
1188 3233 1243 3284 et
1267 3230 1683 3285 canonicorum
1713 3229 1804 3302 ip-
1835 3207 1876 3273 (Σ
1916 3227 2063 3284 lium
2096 3246 2321 3294 servus,
2356 3234 2560 3284 notum
2604 3245 2731 3284 esse
2770 3228 2896 3283 volo
2937 3233 3150 3285 nostra;
3189 3230 3563 3288 ecclesias"...

163 3320 279 3378 sius
300 3319 560 3377 ecclesiae
590 3318 1030 3390 multorumque
1060 3317 1321 3373 fidelium
1354 3319 1634 3374 abbatum
1678 3336 1797 3375 mo-

161 3408 503 3475 nachorum,
526 3406 890 3478 aliarumque
915 3405 1258 3462 clericorum
1282 3407 1645 3463 diversorum
1668 3424 1801 3481 gra-

162 3497 335 3554 duum
366 3499 489 3555 fere
521 3495 1002 3569 quingentorum,
1035 3494 1196 3550 omni
1228 3494 1437 3550 aﬁ‘ectu
1470 3512 1537 3550 ea
1559 3511 1685 3567 quas
1707 3494 1803 3551 hic

161 3585 451 3644 habentur
468 3585 688 3641 inserta
707 3574 1159 3642 acclamdntium
1192 3586 1368 3654 atque
1405 3581 1802 3652 laudantium,

165 3674 333 3731 simul
364 3674 566 3741 etiam,
599 3672 671 3742 si,
703 3672 857 3744 quod
890 3671 1079 3728 absit!
1116 3671 1234 3727 ulla
1264 3687 1524 3743 unquam
1556 3687 1806 3743 persona

165 3762 455 3821 surcularis
503 3764 607 3818 aut
650 3759 1038 3818 ecclesiastica
1090 3759 1208 3816 ullo
1260 3760 1431 3816 modo
1476 3760 1806 3832 inquietare

165 3851 403 3909 voluerit
424 3851 538 3907 hoc
568 3850 855 3919 donuum,
886 3849 1249 3905 invocatione
1268 3849 1464 3905 divina
1483 3853 1539 3904 et
1560 3849 1808 3905 auctori-

165 3944 277 3997 tate
306 3940 574 3997 omnium
606 3945 939 3995 sanctorum
962 3953 1028 3994 ac
1051 3937 1335 3993 virtutum
1359 3936 1681 3994 caelestium
1704 3953 1805 3994 eos

168 4027 796 4085 excommunicantium
828 4032 1002 4099 atque
1032 4026 1676 4096 anathematizantium,
1702 4027 1804 4099 qui

170 4118 420 4190 quolibet
448 4118 626 4173 modo
657 4115 983 4188 inquietare
1001 4115 1289 4172 voluerint
1308 4116 1418 4172 hoc
1438 4116 1658 4172 donum
1685 4115 1804 4173 ullo

172 4222 446 4280 umquam
478 4210 758 4277 tempore.
788 4206 994 4261 Amen.

237 4296 348 4370 Ego
380 4295 771 4368 Leodegarius
819 4294 1294 4367 archiepiscopus
1342 4292 1577 4366 propria
1624 4311 1803 4352 manu

172 4381 350 4440 ﬁrmo.
382 4385 632 4456 Signum
654 4381 916 4439 Hartaldi
938 4382 1252 4454 praepositi.
1278 4383 1336 4438 S.
1361 4383 1649 4439 Burnonis
1670 4383 1802 4439 laici

169 4473 345 4544 patris
372 4468 662 4545 ejusdem.
695 4472 754 4528 8.
790 4471 1075 4528 Heriberti
1124 4471 1539 4528 archidiaconi.
1585 4472 1644 4529 8.
1675 4474 1803 4529 Siu-

1910 3316 2048 3373 ﬁliis
2091 3318 2479 3389 praesentibus
2528 3335 2594 3373 ac
2655 3318 2889 3387 tuturis,
2947 3317 3085 3389 quia
3132 3335 3327 3375 amore
3375 3324 3569 3377 tactus

1911 3405 2127 3471 divino,
2149 3406 2689 3461 resedificandorum
2718 3405 3139 3461 venerabilium
3165 3405 3424 3462 locorum
3447 3416 3569 3464 mb-

1916 3495 2247 3551 nasterium
2326 3495 2511 3550 sancti
2586 3494 2904 3550 Ferreoli...
2957 3512 3025 3549 ex
3074 3499 3323 3567 utraque
3401 3500 3568 3567 parte

1912 3582 2171 3638 Rodanis
2201 3582 2469 3637 ﬂuminis
2490 3581 2815 3653 positorum
2838 3580 3145 3647 desiderio,
3168 3581 3567 3639 consentiente

1913 3672 2182 3728 udiverso
2215 3671 2367 3727 clero
2406 3674 2463 3726 et
2492 3669 2725 3743 populo,
2767 3674 3061 3725 annuente
3105 3669 3418 3726 venerabili
3453 3671 3561 3726 ab-

1913 3760 2048 3817 bate
2100 3762 2297 3816 Isarno
2348 3759 2447 3815 Dei
2508 3775 2692 3827 servo,
2740 3757 3044 3815 asciverim
3092 3772 3161 3814 ex
3208 3758 3566 3817 Massiliensi

1914 3850 2162 3907 ccenobii
2201 3851 2329 3921 jam
2379 3848 2549 3903 dictis
2593 3847 2736 3903 locis
2791 3847 2861 3903 ad
2913 3846 3284 3903 serviendum
3334 3848 3470 3915 Deo,
3506 3854 3567 3905 et

1913 3954 2278 4010 quaecunque
2335 3937 2741 4010 praedictorum
2800 3936 3059 3991 locorum
3134 3935 3287 4008 juris
3343 3941 3564 4007 essent,

1913 4028 2073 4084 omni
2102 4032 2232 4084 voto
2264 4045 2330 4083 ac
2374 4026 2665 4084 desiderio
2726 4027 3078 4082 decreverim
3137 4026 3209 4082 ad
3269 4041 3440 4097 posse
3469 4043 3569 4084 me

1913 4117 2288 4174 reddirurum
2316 4117 2386 4171 ab
2410 4117 2659 4189 integro.
2684 4117 3045 4189 Quapropter
3064 4114 3260 4171 Sancti
3282 4114 3568 4187 Sympho-

1916 4205 2063 4262 riani
2132 4204 2442 4260 ecclesiam
2500 4206 2572 4260 ad
2645 4204 3047 4277 aquilonarem
3103 4204 3337 4261 Vienna:
3398 4204 3566 4262 urbis

1916 4299 2144 4367 partem
2164 4292 2363 4362 sitam,
2380 4310 2556 4365 quam
2573 4293 2834 4349 fidelium
2857 4293 3210 4361 testimonio,
3226 4293 3570 4351 auctoritate

1913 4388 1971 4440 et
2013 4384 2115 4440 Dei
2156 4382 2381 4454 judicio
2431 4387 2660 4437 constat
2708 4383 2891 4439 fuisse
2940 4399 3008 4438 ex
3057 4383 3256 4439 Sancti
3315 4383 3567 4439 Ferreoli

1921 4471 2167 4529 ccenobii
2245 4469 2524 4536 dominio,
2582 4487 2716 4535 cum
2775 4472 2933 4526 omni
2993 4472 3321 4544 integritate
3374 4471 3566 4529 eidem

168 4559 305 4617 tradi
335 4560 755 4618 archidiaconi.
790 4561 848 4617 S.
883 4558 1123 4616 Arnaldi
1146 4559 1560 4615 archidiaconi.
1587 4561 1644 4616 S.
1669 4561 1811 4617 Pon-
1844 4574 1886 4637 ι)
1922 4577 2077 4617 nunc
2109 4558 2373 4627 restituo,
2407 4559 2547 4614 cedo
2578 4562 2755 4629 atque
2786 4560 2972 4625 trado,
3012 4564 3069 4615 et
3120 4560 3427 4616 monachis
3452 4565 3567 4618 Deo

168 4648 229 4704 tii
283 4650 627 4723 presbyteri.
695 4650 754 4706 S.
813 4649 1042 4706 Girardi
1103 4648 1353 4704 diaconi.
1407 4653 1461 4704 S.
1524 4649 1803 4705 Bernardi

166 4737 408 4796 diaconi.
442 4740 504 4795 S.
538 4738 709 4795 Sarili
740 4738 990 4794 diaconi.
1025 4738 1083 4794 S.
1114 4738 1371 4794 Ascarici
1393 4736 1601 4794 levitas.
1623 4738 1682 4793 S.
1707 4738 1805 4795 Se-

166 4826 368 4884 nioreti
401 4827 692 4884 canonici.
726 4827 787 4882 8.
821 4825 1103 4899 Guigonis
1133 4825 1420 4894 canonici,
1442 4826 1500 4881 S.
1526 4826 1802 4883 Richardi

162 4915 524 4973 subdiaconi.
558 4916 617 4972 S.
648 4914 916 4971 Adalardi
948 4914 1230 4970 custodis.
1265 4916 1323 4970 S.
1350 4915 1657 4972 Guarnerii
1685 4933 1805 4972 ma-

232 5058 307 5129 (1)
340 5057 598 5130 Insignis
618 5056 854 5130 abbatia
881 5055 940 5130 in
970 5057 1112 5112 urbe
1144 5055 1485 5130 Viennensi,
1518 5074 1645 5130 quae
1676 5062 1802 5115 tan—

158 5127 292 5185 dem
315 5129 388 5184 ad
420 5127 734 5185 canonicos
769 5127 1074 5183 saeculares
1106 5127 1362 5182 transiit.

250 5201 304 5272 2)
335 5201 579 5272 Pontius
626 5199 1165 5272 authomanensis
1220 5203 1324 5254 aut
1380 5200 1436 5254 S.
1491 5200 1806 5257 Theuderii

163 5269 339 5327 abbas
370 5269 633 5327 extitisse
665 5270 915 5326 videtur.
1622 5288 1638 5304 ο

162 5412 211 5465 re
228 5343 305 5423 (β)
336 5340 698 5425 Dothmarus
720 5340 952 5414 praefuit
972 5340 1325 5397 monasterio
1349 5342 1408 5396 S.
1435 5343 1677 5399 Andreae
1720 5343 1809 5398 in-

215 5429 373 5465 PIOl‘l.

184 5426 351 5468 ΘῙῚΟΓΙ
360 5455 373 5468 .

224 5485 302 5556 (4)
325 5483 640 5556 Νοιαιιὰιιε
670 5482 764 5537 hic
794 5481 1099 5556 locus_de‘
1123 5486 1292 5556 patre
1338 5484 1673 5556 Leodegarii
1706 5502 1804 5540 ar-

156 5552 530 5628 chiepiscopi,
554 5555 957 5628 cujusnomen
976 5553 1258 5609 hactenus
1282 5552 1719 5628 ignorabamus,
1741 5561 1806 5611 ut

155 5626 210 5681 et
238 5624 594 5695 fratris’ejus
624 5624 925 5693 Willelmi,
960 5641 1129 5695 quos,
1164 5624 1484 5682 cum'ante
1513 5627 1803 5683 Humber-

1913 4647 2301 4705 servientibus
2326 4646 2541 4702 ibidem
2574 4648 3078 4719 permanentibus,
3130 4649 3400 4705 videlicet
3427 4667 3566 4707 cum

1914 4736 2208 4809 parochia,
2241 4734 2539 4808 primitiis,
2570 4734 2875 4805 cimiterio,
2910 4736 3150 4808 insuper
3181 4737 3407 4792 decimo
3438 4754 3566 4795 om-

1913 4843 2101 4897 neque
2164 4824 2481 4893 teloneum,
2526 4825 2827 4891 corvadas,
2880 4841 3053 4880 omne
3101 4841 3335 4897 quoque
3376 4827 3566 4881 servi-

1910 4916 2178 4971 tium.....
2199 4914 2389 4986 ipsam
2414 4912 2719 4969 ecclesiam
2743 4912 2983 4968 alteram
3008 4929 3188 4984 super
3206 4914 3391 4984 ripam
3414 4912 3567 4970 Rho-

1912 5062 2037 5113 tum
2105 5055 2376 5111 comitem
2427 5054 2905 5126 subscripserint,
2969 5070 3191 5125 magnae
3239 5052 3564 5111 nobilitatis

1913 5129 2095 5185 fuisse
2124 5126 2491 5197 conjicimus.

1984 5200 2061 5270 (5)
2093 5195 2279 5270 Vulgo
2332 5196 2763 5270 (Athanacensis
2816 5197 3209 5270 monasterii,_
3238 5195 3561 5270 quiabbas

1914 5267 2281 5326 desideratur
2326 5269 2385 5323 in
2432 5268 2683 5340 vulgatis
2752 5267 3046 5322 indicibus
3124 5267 3292 5324 valde
3344 5267 3556 5339 imper-

1915 5341 2098 5398 tectis.

1985 5413 2062 5485 (6)
2120 5411 2429 5485 Hodricus
2465 5427 2566 5485 seu
2639 5408 2888 5485 Udricus
2946 5411 3057 5465 fuit
3113 5407 3561 5485 abbas‘insulp

1914 5480 2204 5551 Barbarae,
2236 5482 2321 5537 vel
2355 5483 2637 5539 Odericus
2686 5482 2867 5537 abbas
2902 5484 3173 5539 Jurensis
3222 5484 3283 5540 8.
3310 5480 3560 5540 Claudii.

1986 5559 2063 5626 (7)
2095 5556 2261 5611 Hunc
2294 5556 2616 5627 Eugenium
2645 5555 2914 5627 suspicor
2939 5555 3122 5614 fuisse
3155 5557 3429 5614 abbatem
3461 5553 3561 5612 Sa-

1986 5572 2063 5626 (ι)
2095 5572 2261 5611 nunc
2294 5572 2372 5610 nu
2420 5572 2616 5612 enium
2645 5572 2914 5627 suspicor
2939 5572 2989 5611 lli

1913 5627 2233 5701 vigniensis
2265 5627 2324 5682 S.
2359 5572 2594 5685 liartini
2630 5628 2989 5686 monasterii.
