3960 6216
418 304 573 371 1407

1488 305 1882 372 STEPHANI
1927 306 1992 370 S.
2042 308 2116 369 Β.
2160 307 2232 370 Ε.
2278 308 2744 372 CARDINALIS

3663 301 3823 391 “.09

412 441 574 512 dani,
624 442 739 500 sive
789 459 966 498 ar.....
1021 439 1401 515 optimusque
1447 445 1694 510 constat,
1755 442 1828 498 ad
1878 444 2053 514 caput
2083 442 2139 508 Α
2168 442 2587 516 Leodegarium
2608 441 3001 501 Viennensem
3040 438 3821 518 archiepiscopum,etAde-

412 533 601 606 ipsius
622 530 877 586 ecclesiae
899 531 1101 599 situm,
1135 536 1193 587 et
1224 535 1429 587 caetera
1458 532 1657 587 omnia
1695 547 2058 603 quaecunque

409 621 681 677 videntur
708 621 780 675 ad
803 620 1081 675 eumdum
1106 620 1298 676 locum
1318 622 1624 692 pertinere,
1650 638 1784 676 cum
1809 620 2053 692 campis,

407 709 614 775 vineis,
650 709 853 780 pratis,
889 709 1090 776 hortis,
1129 709 1503 778 molendinis,
1527 710 1837 766 arboribus
1870 708 2055 781 pomi-

408 797 548 853 feris
587 802 644 852 et
692 797 1100 868 impomil‘eris,
1150 799 1341 870 aquis,
1397 799 1636 869 aquisve
1684 798 2053 864 decursibus,

407 886 563 942 sicut
582 886 850 941 sciuntur
876 886 1132 953 termini,
1166 892 1223 941 et
1253 887 1346 943 hic
1396 888 1687 943 habentur
1712 886 1934 958 scripti.
1969 887 2054 941 Ab

406 975 627 1031 oriente
653 979 804 1029 terra
825 975 883 1029 S.
908 975 984 1046 (8)
1018 976 1274 1030 Mauritii
1315 977 1599 1031 terminos
1642 976 1743 1047 qui
1774 979 2057 1031 vocantur

407 1062 699 1136 Suspulis,
723 1064 795 1117 ab
817 1064 1112 1119 occidente
1135 1068 1290 1119 terra
1312 1064 1547 1137 regalis,
1580 1082 1614 1120 a
1636 1065 1878 1120 meridie
1902 1068 2057 1118 terra

406 1156 465 1208 S.
499 1153 712 1218 Severi,
747 1154 818 1206 ab
851 1151 1123 1223 aquilone
1165 1158 1318 1208 terra
1344 1155 1414 1207 de
1432 1152 1670 1208 castello
1695 1154 1792 1225 qui
1816 1156 2055 1207 vocatur

406 1241 593 1307 Saufei,
626 1246 681 1295 et
720 1242 788 1295 de
840 1240 990 1295 villis
1040 1245 1228 1297 Μαδίη
1275 1248 1330 1297 et
1378 1244 1578 1308 MlU‘ml,
1633 1242 1967 1313 parochiam
1999 1247 2053 1295 et

407 1334 605 1386 omnia
626 1348 752 1401 quae
778 1330 1071 1401 pertinent
1099 1332 1169 1385 ad
1208 1330 1565 1401 parochiam,
1599 1348 1732 1386 cum
1760 1331 1917 1385 omni
1949 1332 2051 1385 de-

406 1409 580 1488 cimo,
617 1419 889 1491 primitiis
920 1437 984 1473 ac
1015 1420 1363 1474 ceuimterio.
1397 1420 1637 1490 Insuper
1666 1421 1841 1475 etiam
1876 1420 2051 1474 reddo

408 1525 594 1563 unum
622 1525 891 1563 mansum
926 1494 1025 1579 qui
1057 1514 1299 1562 vocatur
1328 1509 1717 1564 Adamaredas
1749 1526 1926 1580 super
1960 1525 2049 1563 ec-

408 1595 645 1651 clesiam
679 1597 871 1650 Sancti
905 1596 1184 1651 Desiderii
1208 1597 1385 1651 situm
1410 1614 1543 1650 cum
1573 1597 1819 1668 campis,
1844 1595 2048 1662 vineis,

408 1685 683 1740 omnibus
714 1685 951 1739 omnino
987 1687 1160 1740 rebus
1190 1686 1259 1740 ad
1294 1686 1561 1740 eumdem
1588 1702 1859 1741 mansum
1885 1685 2053 1756 perti-

408 1774 702 1829 nentibus.
728 1774 783 1827 Si
821 1773 952 1845 quis
984 1790 1119 1845 ergo
1146 1774 1295 1829 hanc
1318 1774 1689 1829 donationem
1731 1774 1816 1828 vel
1852 1774 2049 1828 reddi-
2086 1810 2130 1874 Β

407 1862 621 1918 tionem
655 1862 978 1933 inquietare
1010 1861 1333 1926 tentaverit,
1369 1863 1644 1918 omnibus
1678 1863 1777 1918 Dei
1810 1860 2050 1918 maledi-

405 1950 699 2006 ctionibus
752 1950 1069 2018 subjaceat,
1120 1952 1531 2023 cujuscunque
1588 1951 1762 2006 fuerit
1794 1968 2051 2023 persona:

405 2043 506 2094 aut
526 2039 847 2110 dignitatis,
873 2038 1061 2110 sitque
1083 2043 1390 2094 extraneus
1413 2058 1446 2093 a
1469 2040 1724 2095 ﬁdelium
1754 2039 2049 2105 societate,

406 2127 516 2182 hac
562 2127 873 2182 donatione
920 2127 1263 2183 incouvulsa
1312 2134 1589 2199 perpetuo
1651 2133 2047 2199 permanente.

409 2217 579 2271 Facta
614 2217 849 2271 donatio
899 2215 1018 2270 hzec
1062 2233 1214 2271 anno
1268 2217 1691 2272 Incarnationis
1739 2216 2050 2271 Dominicaa

405 2305 565 2372 4037,
599 2305 913 2360 indictione
945 2323 998 2371 v,
1034 2322 1185 2359 anno
1223 2323 1297 2371 ιχ,
1350 2304 1717 2377 imperatoris
1762 2306 2044 2360 Romano-

407 2410 540 2448 rum
555 2394 826 2449 Conradi.

404 2520 407 2523 μ
474 2483 593 2553 Ego
623 2482 821 2553 Nuspa
845 2482 1168 2537 monachus
1190 2482 1261 2537 ad
1285 2482 1467 2537 vicem
1500 2481 1699 2537 domni
1722 2480 2048 2536 cancellarii

403 2571 853 2644 scripsi,domno
878 2571 1226 2642 Leodegario
1249 2571 1682 2643 archiepiscopo
1708 2571 2045 2635 mandante,

403 2677 557 2716 anno
583 2659 971 2716 ordinationis
1019 2661 1146 2731 ejus
1181 2677 1281 2727 vu,
1330 2660 1467 2715 feria
1518 2678 1535 2714 1
1582 2658 1850 2714 stationis
1879 2658 1949 2713 ad
1982 2658 2042 2714 S.

402 2748 733 2806 Ferreolum
762 2754 897 2805 ante
932 2749 1122 2804 natale
1153 2749 1407 2805 Domini.

474 2838 737 2894 Domnus
760 2838 1149 2911 Leodegarius
1183 2837 1657 2909 archiepiscopus
1694 2837 2043 2893 ﬁrmavit.S.

402 2926 572 2984 Sarili
603 2928 828 2983 decani.
862 2928 919 2983 S.
955 2927 1178 2982 Artaldi
1213 2926 1525 2999 prazpositi.
1553 2927 1612 2982 S.
1646 2924 1907 2981 Nortaldi
1941 2928 2043 2980 ab-

401 3016 653 3071 batis.S.
688 3015 858 3071 Petri.
882 3021 937 3070 S.
970 3015 1234 3087 Syufredi
1263 3014 1674 3070 archidiaconi.
1711 3016 1768 3070 S.
1802 3013 2042 3070 Arualdi

402 3104 815 3160 archidiaconi.
867 3105 925 3160 S.
978 3103 1238 3159 llerberti
1285 3102 1696 3158 archidiaconi.
1751 3104 1808 3158 S.
1858 3103 2044 3158 Pontii

2164 531 2374 589 leidem
2411 531 2901 590 marchionissam
2942 549 3077 591 cum
3108 531 3245 589 ﬁliis
3294 531 3441 589 suis.
3484 532 3686 606 Longa
3718 547 3824 604 per

2165 625 2427 694 tempora
2453 622 2617 678 stetit
2638 623 2766 694 ipsa
2788 625 3019 678 moneta
3039 622 3196 679 bona
3219 621 3281 678 in
3302 620 3559 694 pondere
3581 623 3642 677 et
3663 635 3825 676 men-

2163 727 2304 767 sura
2332 711 2568 766 decena.
2602 711 2799 783 Nuper
2828 714 3025 767 autem
3071 714 3331 783 tempore
3378 708 3601 766 Odonis
3651 724 3823 766 mar-

2162 799 2388 855 chionis
2416 799 2525 854 viri
2558 800 2649 855 sui
2696 798 2954 856 latrones
3001 804 3059 856 et
3107 799 3330 855 falsarii
3376 798 3437 854 in
3492 799 3681 872 burgo
3716 796 3825 870 qui

2162 888 2378 943 dicitur
2402 887 2742 961 Aquabella,
2766 892 3290 962 corruperunteam
3305 891 3364 945 et
3376 887 3828 944 confunderunt

2160 979 2216 1032 et
2238 976 2612 1043 falsaverunt,
2637 977 2941 1050 ignorante
2955 976 3291 1050 supradicto
3308 976 3672 1033 marchione.
3699 975 3820 1043 Qui

2162 1065 2361 1121 statim
2378 1070 2443 1120 ut
2457 1065 2678 1121 audivit
2707 1065 3021 1123 clamorem
3043 1064 3367 1138 supradicti
3389 1061 3828 1138 archiepiscopi

2159 1153 2808 1226 Viennensis,prazcepit
2822 1171 2894 1210 ne
2907 1154 3164 1226 amplius
3181 1154 3569 1226 ﬁeret.Neque
3584 1154 3827 1219 factum

2159 1246 2247 1297 est
2267 1260 2332 1297 eo
2358 1243 2601 1298 vivente.
2619 1247 2758 1299 Post
2775 1247 3017 1299 mortem
3041 1260 3173 1299 vero
3205 1243 3334 1313 ejus
3367 1243 3830 1298 insurrexerunt

2160 1334 2216 1385 et
2244 1330 2342 1386 alii
2372 1330 2649 1399 latrones,
2683 1334 2739 1386 et
2785 1331 2970 1386 secuti
3010 1335 3152 1387 sunt
3196 1331 3443 1402 priores,
3493 1335 3553 1386 et
3591 1330 3826 1386 iterum

2163 1419 2989 1491 falsavenunteam,quousque
3003 1419 3313 1492 praedictus
3328 1418 3832 1491 archiepiscopus

2162 1507 2547 1580 Leodegarius
2580 1508 2735 1564 venit
2764 1508 2822 1564 in
2876 1507 3099 1564 Italiam
3149 1508 3219 1563 ad
3273 1507 3614 1580 praedictam
3649 1524 3825 1562 mar-

2161 1596 2516 1652 chionissam
2558 1597 2832 1652 domnam
2867 1595 3230 1652 Adeleidam.
3282 1597 3414 1661 Quae
3445 1593 3730 1650 similiter
3763 1598 3835 1650 ut

2162 1685 2401 1753 audivit,
2424 1702 2495 1740 ne
2518 1685 2769 1756 amplius
2792 1686 2952 1741 ﬁeret
2973 1685 3264 1757 praecepit.
3293 1685 3513 1739 Tamen
3539 1686 3605 1738 ut
3623 1684 3830 1740 omni-

2160 1775 2271 1830 bus
2306 1779 2509 1830 notum
2546 1774 2666 1843 ﬁat,
2700 1773 2978 1845 trapezita
3007 1790 3042 1827 a
3070 1774 3284 1828 domno
3316 1772 3503 1828 Leone
3535 1787 3690 1844 papa
3720 1788 3832 1827 ex-

2162 1863 2651 1931 communicatus,
2673 1862 2925 1936 paralysi
2951 1877 3288 1933 percussus,
3319 1859 3601 1916 membris
3623 1858 3827 1916 omni-

2163 1950 2272 2006 bus
2302 1951 2649 2017 dissolutus,
2682 1950 2927 2021 impiam
2962 1950 3141 2005 vitam
3173 1949 3355 2022 digna
3386 1952 3573 2003 morte
3607 1948 3824 2005 ﬁnivit.

2163 2039 2331 2095 Modo
2362 2043 2555 2095 autem
2587 2039 2890 2111 ignorante
2920 2038 3259 2112 supradicta
3286 2038 3505 2094 domne.
3532 2036 3827 2095 Adeleida

2162 2128 2608 2196 marchionissa,
2659 2128 2758 2184 alii
2802 2127 2984 2183 exorti
3030 2134 3189 2195 sunt,
3238 2130 3297 2182 et
3343 2126 3623 2199 praedicta
3654 2125 3826 2183 mala

2160 2221 2526 2288 sequuntur;
2561 2218 2662 2272 sed
2697 2216 2990 2272 mediante
3020 2217 3233 2271 domno
3278 2214 3530 2271 Adraldo
3577 2216 3824 2277 Brome-

2158 2306 2412 2360 tensium
2446 2306 2675 2371 abbate,
2707 2310 2763 2361 et
2786 2304 3027 2361 Artaldo
3058 2303 3327 2361 Ecclesiae
3360 2309 3571 2360 nostrae
3594 2320 3824 2377 praepo-

2158 2394 2291 2459 sito,
2325 2393 2702 2449 dimittuntur
2729 2389 3068 2466 supradicta
3098 2392 3274 2461 mala,
3322 2395 3380 2448 et
3427 2407 3499 2448 ne
3548 2391 3815 2465 amplius

2158 2482 2321 2549 ﬁant,
2354 2482 2641 2555 promittit
2660 2482 2877 2539 domna
2896 2480 3168 2538 Adeleida
3205 2478 3637 2537 marchionissa
3669 2497 3813 2537 cum

2158 2569 2295 2626 ﬁliis
2328 2571 2452 2626 suis
2478 2571 2647 2626 Petro
2678 2575 2733 2625 et
2764 2570 3012 2626 Amedeo
3042 2573 3099 2646 et
3127 2569 3345 2639 Odone,
3377 2568 3493 2625 Deo
3523 2572 3583 2625 et
3602 2572 3816 2625 sancto

2159 2659 2436 2714 Mauricio
2452 2659 2528 2713 1n
2561 2676 2740 2714 manu
2768 2657 2982 2715 Domni
3014 2658 3350 2733 Leodegarii
3382 2656 3817 2732 archiepiscopi

2156 2747 2526 2813 Viennensis,
2550 2752 2615 2802 ut
2633 2746 2694 2803 in
2716 2752 2838 2803 tota
2859 2750 3145 2820 potestate
3166 2764 3275 2804 sua
3304 2746 3657 2804 Viennensis
3682 2762 3817 2802 mo-

2157 2840 2293 2893 neta
2312 2836 2569 2911 amplius
2596 2854 2709 2893 non
2734 2837 2996 2907 falsetur,
3034 2852 3225 2910 neque
3264 2837 3387 2905 ﬁat,
3428 2852 3619 2909 neque
3651 2852 3817 2903 vera,

2156 2940 2345 2997 neque
2370 2925 2517 2982 falsa
2536 2924 2636 2980 illa
2670 2942 2799 2998 qua:
2823 2925 2896 2980 ‘in
2936 2924 3163 2981 Vienna
3202 2924 3378 2981 fuerit
3407 2924 3579 2980 facta.
3606 2924 3675 2980 Et
3700 2922 3817 2980 hoc

2156 3016 2292 3071 fecit
2327 3032 2429 3087 pro
2467 3032 2667 3071 amore
2718 3014 2819 3069 Dei
2863 3017 2921 3069 et
2945 3014 3142 3070 Sancti
3172 3012 3436 3069 Mauricii
3469 3022 3606 3069 cum
3637 3011 3822 3068 sociis

2154 3105 2279 3159 suis
2305 3122 2318 3172 ;
2346 3104 2417 3160 de
2438 3104 2612 3175 cujus
2641 3102 2927 3160 beneﬁcio
2951 3102 3238 3159 honorata
3266 3107 3375 3172 est,
3407 3107 3590 3181 etpro
3612 3101 3822 3157 anima

402 3191 685 3248 canonici.
719 3193 776 3248 S.
810 3191 1089 3247 Senioreti
1122 3190 1407 3247 canonici.
1433 3192 1491 3246 S.
1524 3190 1755 3246 Geraldi
1789 3191 2038 3247 diaconi.
2074 3173 2116 3240 (ἶ
2157 3193 2404 3249 senioris
2425 3173 2523 3248 sui
2537 3193 2793 3248 Oddonis
2818 3185 3177 3248 marchionis
3209 3196 3269 3247 et
3300 3207 3405 3264 pro
3437 3173 3546 3246 sua
3575 3194 3635 3247 et
3663 3190 3820 3246 ﬁlio-

398 3283 456 3336 S.
492 3280 768 3336 Bernardi
807 3278 1057 3335 diaconi.
1110 3279 1167 3333 S.
1217 3279 1429 3335 Ascarii
1478 3278 1680 3333 levita}.
1736 3279 1795 3334 S.
1826 3280 2042 3351 Ugonis

400 3368 681 3425 canonici.
714 3373 770 3423 S.
805 3368 1068 3424 Garnerii
1111 3367 1372 3422 canonici
1418 3367 1685 3439 magistri
1710 3367 1941 3424 scholas.
1980 3369 2037 3424 S.

2157 3298 2286 3337 rum
2302 3298 2543 3337 suorum
2564 3280 2773 3348 salute,
2798 3279 2898 3352 qui
2939 3278 3050 3335 hoc
3088 3278 3405 3335 laudantet
3433 3277 3819 3345 conﬁrmant,

2150 3370 2417 3426 videlicet
2447 3373 2651 3424 Petrus
2674 3366 3121 3441 primogenitae,
3146 3372 3204 3424 et
3230 3367 3598 3438 Amedeuset
3619 3366 3820 3424 Oddo.

398 3457 636 3514 Gerardi
667 3456 952 3512 canonici.
985 3457 1043 3511 S.
1073 3456 1298 3512 Girardi
1333 3456 1615 3512 canonici.
1668 3455 2040 3512 S.Ada1ardi
2150 3457 2374 3513 Laudat
2431 3455 2539 3511 hoc
2591 3455 2844 3511 domnus
2895 3453 3186 3511 Adraldus
3235 3455 3416 3510 abbas
3468 3453 3824 3511 Bremeten-

396 3546 660 3603 canonici
683 3545 1072 3619 grammatici.
1099 3546 1157 3600 S.
1183 3544 1481 3617 Giudgerii
1507 3545 1790 3600 canonici.
1815 3549 1871 3599 S.
1898 3546 2045 3601 Ren-

400 3635 580 3691 conis.
606 3633 958 3690 S.Richardi
978 3634 1240 3689 canonici
1277 3634 1641 3690 subdiaconi.
1694 3635 1752 3690 S.
1812 3633 2044 3708 Milonis

398 3722 662 3779 canonici
709 3726 765 3776 8.
799 3720 1110 3777 Rothbaldi
1159 3722 1526 3789 subdiacoui,
1568 3728 1625 3779 et
1680 3722 1869 3779 caeteri
1930 3740 2044 3780 uno

401 3811 600 3867 animo
632 3810 1034 3865 ﬁrmaverunt.

745 3970 820 4025 De
845 3973 1063 4043 moneta
1099 3898 1388 4027 νίέγξξίεηεὶ
1423 3978 1696 4043 corrupta.

1026 4042 1214 4113 (Anno
1247 4043 1430 4112 1043.)

401 4110 593 4183 [Apud
623 4113 953 4181 ACHERIUM,
985 4110 1176 4185 Spicz'l.
1218 4118 1331 4169 vet.
1384 4110 1522 4170 edit.
1575 4118 1618 4168 t.
1676 4113 1796 4181 ΧΗ,
1830 4131 1884 4185 p.
1918 4115 2045 4181 284,

471 4216 539 4254 ex
570 4198 929 4257 chartutario
972 4202 1290 4259 Viennensi
1340 4220 1374 4258 a
1419 4204 1484 4258 D.
1537 4202 1880 4259 d’Herouval
1909 4218 2045 4257 con-

474 4286 636 4325 08880
646 4314 657 4325 .

474 4286 657 4325 cesso.

474 4272 690 4397 Notitigt
722 4343 1066 4401 Viennensis
1111 4349 1375 4415 monetae,
1425 4362 1551 4417 quae
1603 4343 1755 4399 facta
1783 4351 1867 4399 est
1899 4343 2050 4399 inter

2154 3545 2257 3614 sis,
2302 3548 2361 3602 et
2409 3544 2681 3600 Artaldus
2729 3544 3075 3616 praepositus
3128 3542 3399 3599 Ecclesia:
3450 3541 3821 3601 Viennensis

2153 3650 2289 3691 cum
2320 3633 2527 3691 ceteris
2557 3631 2828 3690 ﬁdelibus
2858 3631 3003 3699 suis,
3036 3647 3294 3705 quorum
3336 3631 3453 3687 ista
3507 3634 3656 3688 sunt
3711 3649 3819 3690 no-

2157 3740 2340 3779 mina.

2230 3900 2379 3957 Data
2403 3916 2507 3973 per
2532 3888 2744 3956 manus
2765 3898 3010 3956 Bosonis
3032 3899 3104 3955 ad
3135 3898 3318 3955 vicem
3360 3896 3565 3954 domni
3584 3899 3818 3955 cancel-

2154 3989 2283 4045 larii
2314 3992 2373 4043 et
2417 3987 2795 4061 primiscrinii
2840 4005 2882 4043 ιι
2931 3986 3057 4043 Kal.
3110 3985 3470 4055 Decembris,
3518 3984 3667 4042 luna
3692 4003 3815 4055 ιγι,

2156 4077 2299 4133 feria
2329 4094 2406 4148 IV,
2444 4076 2714 4133 Heinrico
2760 4075 3016 4132 secundo
3045 4090 3203 4148 rege,
3250 4074 3515 4130 nondum
3548 4074 3817 4148 impera-

2156 4170 2303 4231 tore,
2344 4165 2589 4221 Caesaris
2636 4169 2695 4220 et
2740 4163 3111 4236 imperatoris
3150 4160 3292 4231 ﬁlio,
3344 4162 3523 4235 hujus
3579 4163 3815 4220 domnae

2160 4253 2602 4312 marchionissa:
2634 4268 2868 4325 genero.
2902 4252 3152 4324 Recepta
3197 4268 3301 4325 per
3345 4268 3560 4309 manus
3609 4253 3815 4309 domni

2160 4342 2584 4415 archiepiscopi
2617 4338 2973 4413 Leodegarii.

472 4440 549 4511 (8)
585 4441 644 4495 Id
684 4447 773 4497 est
799 4442 1052 4499 ecclesia:
1084 4441 1438 4498 cathedralis
1469 4459 1595 4514 quas
1624 4446 1679 4497 S.
1714 4440 1997 4497 Mauricio
2024 4457 2191 4496 sacra
2220 4444 2357 4496 est.‘

401 4532 3816 4577 Μ

1769 4643 1919 4682 ANNO
1949 4642 2155 4682 DOMINI
2186 4643 2431 4683 MLXVIII.

1432 4768 2785 4929 STEPHANUS

718 5012 1246 5107 SANGT/E
1309 5014 1896 5109 ΒΟΜΑΝίἘ
1969 5015 2045 5108 Ε

2230 5012 2366 5106 LE
2380 5012 2621 5107 SI/E
2686 5010 3491 5109 CARDINALIS.

1878 5155 2297 5166 -—-——_——__

1520 5222 1983 5312 ΝΟΤΙΤΙΑ
2044 5219 2679 5312 HISTORICA.

469 5332 665 5402 (Apud
695 5340 748 5395 J.
780 5346 844 5396 G.
880 5344 1048 5400 Eees.
1080 5346 1337 5417 Purpura
1365 5346 1538 5412 docta,
1569 5363 1665 5402 seu
1697 5347 1793 5401 Res
1821 5347 1986 5417 gestae
2016 5346 2071 5401 S.
2123 5350 2188 5401 Η.
2212 5417 2221 5418 7
2247 5347 2307 5400 E.
2368 5344 2763 5418 cardinqlz'um,
2812 5346 3096 5418 desumpta
3124 5361 3194 5401 ex
3246 5343 3525 5412 Ciaconio,
3583 5343 3815 5403 Andrea

1454 5418 1756 5484 Victorello,
1788 5415 2088 5486 Augustino
2116 5417 2374 5483 Oldoino,
2407 5421 2543 5483 etc.,
2576 5415 2617 5482 l,
2648 5415 2762 5489 45.)

1896 5523 2306 5534 —_———

476 5547 577 5599 Sto
607 5551 857 5625 phauus,
892 5564 1122 5620 natione
1142 5566 1365 5635 Gallus,
1388 5566 1476 5622 vir
1504 5585 1610 5623 suo
1638 5572 1899 5641 tempore
1920 5568 2402 5634 litteratissimus,
2436 5583 2471 5621 a
2497 5567 2556 5623 S.
2590 5566 2779 5623 Leone
2811 5568 2882 5624 IX
2911 5568 3351 5641 adjjpurpuram
3373 5569 3632 5636 evectus,
3664 5567 3813 5624 inter
