3960 6216
149 240 316 300 1413

975 239 1482 302 PlthlLEGlUM
1536 243 1683 302 PRO
1730 244 2098 305 ECCLESIA
2147 243 2722 305 VlNDOClNlCNSI.

3394 247 3546 305 MM

146 369 426 444 principis
455 368 704 424 civitatis
735 370 997 439 ejusdem
1028 371 1256 424 evenire
1288 372 1472 443 possit
1519 389 1789 428 securum
1824 377 1875 441 Α
1908 375 2308 431 misericordia
2379 377 2594 431 senties
2670 375 3072 430 cci-lesiasticw
3143 375 3548 430 districtionis.

144 460 309 516 facio.
343 457 508 524 Quod
540 456 589 512 si
623 473 725 512 nec
757 458 827 512 ad
862 475 966 512 nos
999 474 1104 513 nec
1135 459 1204 513 ad
1237 459 1538 515 dominum
1570 458 1788 529 [meum

1903 463 2207 534 Exemplar
2237 464 2410 518 etiam
2447 465 2614 518 mitto
2645 462 2900 534 epistola:
2945 463 3122 532 hujus
3186 463 3488 533 potestatis
3520 481 3553 517 a

143 549 201 603 in
231 547 405 602 dictis
436 546 707 600 terminis
730 546 924 601 venire
947 546 1546 615 volueris,vindictam
1571 551 1792 621 absque
1899 552 2134 606 domino
2159 569 2284 607 meo
2308 553 2451 606 mihi
2476 553 2717 607 tradita).

1014 817 1123 900 IN
1185 816 1736 907 CONCILIO
1801 783 2669 906 BURDEGALENSI

467 965 769 1037 Stephanus
799 966 1132 1030 continetis,
1166 966 1305 1020 sedis
1341 968 1654 1092 apostolicis?
1685 971 1912 1093 tegatui,
1936 969 2129 1023 cellam
2253 970 2544 1024 Clementis
2564 971 2630 1023 «Iv
2654 970 2914 1025 Credom'o
2946 971 3222 1026 monachis

1522 1055 1596 1092 nu
1619 1056 1859 1094 canens:
1883 1057 1963 1094 ms
2001 1057 2171 1094 assert
2191 1078 2215 1094 ς.

1522 1055 1698 1094 11211062
1707 1055 1963 1094 nenszlms
2001 1055 2195 1095 αδδενῖε
2204 1083 2215 1094 .

551 1161 770 1230 (Edidit
799 1162 956 1228 dom,
991 1165 1264 1216 Maerens
1298 1161 1445 1216 Thes.
1478 1163 1700 1230 Anecd.,
1733 1169 1777 1218 t.
1825 1164 1914 1229 IV,
1949 1164 2056 1219 col.
2089 1165 2215 1230 635,
2249 1181 2315 1220 ex
2349 1165 2636 1220 chartario
2668 1165 3136 1235 \iindocinensi.)

218 1395 371 1450 Licet
402 1393 825 1449 monachorum
859 1393 914 1449 S.
940 1392 1146 1448 Albani
1173 1393 1430 1464 querela,
1455 1410 1632 1465 quam
1656 1409 1794 1465 erga
1823 1411 1870 1475 Β
1904 1394 2003 1464 qui
2030 1396 2231 1449 eodem
2249 1412 2350 1466 pro
2376 1395 3176 1450 necessitatibusmonasterii
3197 1397 3287 1450 sui
3313 1401 3551 1451 Romam

161 1482 476 1538 monachos
495 1481 802 1536 Vindocini
821 1481 891 1535 de
903 1479 1148 1536 ecclesia
1160 1481 1658 1551 Credonensijure
1682 1481 1791 1535 sibi

151 1571 356 1627 habere
387 1569 751 1636 videbantur,
777 1569 990 1640 saepius
1013 1568 1302 1633 ventilata,
1319 1570 1542 1639 injusta
1565 1585 1796 1640 semper

152 1665 206 1716 et
232 1660 300 1715 de
330 1657 562 1714 invidize
593 1663 719 1712 orta
749 1657 942 1713 radice
968 1657 1136 1729 legali
1164 1658 1384 1728 judicio
1417 1658 1796 1729 comprobata

154 1750 260 1804 sit:
291 1763 528 1818 semper
556 1751 751 1802 tamen
774 1763 872 1801 eos
903 1746 1095 1800 verbis
1127 1745 1429 1811 lacessere,
1465 1752 1520 1800 et
1566 1745 1795 1817 placitis

147 1837 264 1908 jam
278 1835 762 1892 deﬁnitisiterum
778 1834 1101 1906 inquietare
1120 1833 1290 1889 solita
1304 1851 1412 1890 sua
1429 1835 1796 1906 improbitate

156 1924 528 1982 contendunt.
565 1923 757 1978 Prima
788 1939 1041 1994 namque
1072 1921 1388 1987 calumnia,
1420 1939 1597 1994 quam
1621 1923 1704 1977 eis
1727 1922 1797 1977 de

158 2013 426 2084 praedicta
445 2010 690 2067 ecclesia
705 2010 1054 2076 intulerunt,
1078 2011 1349 2065 audiente
1372 2011 1587 2064 domno
1604 2011 1644 2064 Ε
1667 2009 1797 2079 [Eu-

156 2100 348 2172 sebio],
384 2101 829 2172 Andegavorum
869 2100 1161 2171 pontifice,
1196 2102 1251 2154 et
1281 2099 1494 2153 domno
1528 2103 1619 2152 W.
1645 2098 1794 2168 [Wl-

154 2189 514 2262 grino],tunc
545 2187 754 2243 abbate
781 2191 836 2241 S.
870 2187 1076 2258 Sergii,
1112 2191 1314 2258 postea
1346 2188 1494 2242 facto
1527 2186 1798 2258 episcOpo

150 2275 513 2340 Cenomanis,
545 2276 760 2331 domno
792 2289 1027 2346 quoque
1058 2276 1122 2328 A.
1157 2275 1370 2329 abbate
1401 2275 1458 2329 S.
1510 2275 1797 2329 Vincentii

150 2367 407 2437 ejusdem
439 2364 706 2429 civitatis,
727 2363 1045 2434 multisque
1067 2362 1199 2419 aliis
1221 2363 1628 2434 probabilibus
1661 2364 1798 2418 viris

154 2452 535 2526 praesentibus
565 2468 756 2508 coram
789 2451 1044 2507 Goffrido
1084 2451 1296 2506 comite
1346 2451 1495 2506 facta
1537 2456 1646 2518 est,
1698 2452 1799 2522 qui

159 2559 282 2598 cum
313 2558 418 2598 eos
443 2540 786 2612 requisisset
815 2544 880 2594 ut
908 2539 1133 2595 litteras
1158 2539 1242 2594 vel
1270 2543 1446 2595 testes
1462 2539 1801 2596 exhiberent

161 2631 225 2688 de
251 2630 566 2687 donatione
595 2629 696 2684 illa
721 2645 896 2700 quam
928 2628 1039 2682 sibi
1071 2645 1105 2683 a
1135 2629 1356 2683 Suardo
1375 2627 1566 2683 vetulo
1590 2629 1798 2684 factam

162 2719 332 2775 fuisse
359 2717 722 2782 asserebant,
752 2719 808 2772 et
837 2717 989 2787 quod
1022 2721 1184 2788 pater
1217 2733 1360 2771 suus
1392 2716 1563 2771 Fulco
1605 2734 1800 2772 comes

161 2812 213 2864 et
231 2808 351 2881 ipse
381 2808 611 2864 donum
643 2805 784 2860 illud
830 2805 1264 2872 auctorisasset,
1289 2806 1715 2878 responderunt
1742 2822 1802 2861 se

166 2897 292 2952 inde
322 2897 548 2952 litteras
578 2911 884 2966 nunquam
917 2893 1221 2949 habuisse:
1255 2895 1354 2948 sed
1387 2900 1580 2949 tamen
1605 2897 1801 2949 utrum

165 2989 334 3042 testes
355 2984 574 3040 habere
604 2986 840 3055 possent
860 2998 927 3037 ex
943 2981 1280 3038 hominibus
1300 2982 1579 3054 temporis
1621 2982 1800 3050 illius,

161 3074 208 3129 si
236 3073 494 3147 spatium
524 3072 608 3128 eis
637 3073 1050 3127 concederetur
1074 3071 1386 3143 requirere.
1429 3073 1634 3127 Comes
1672 3088 1802 3128 vero

161 3163 461 3219 Goﬁ‘redus
475 3160 793 3217 terminum
813 3159 931 3216 illis
943 3176 1163 3215 annum
1178 3160 1469 3231 integrum
1489 3165 1804 3232 ponens,ut

161 3250 304 3308 infra
323 3255 504 3307 testes
526 3266 684 3315 suos,
709 3253 765 3304 et
790 3248 1436 3320 undecunque,etiamsi
1453 3249 1523 3304 de
1536 3248 1803 3304 hostibus

160 3339 277 3396 suis
304 3343 526 3407 essent,
561 3336 907 3392 fiducialiter
938 3341 994 3392 et
1028 3338 1249 3408 absque
1279 3341 1437 3392 metu
1470 3336 1668 3407 aliquo
1690 3337 1798 3392 sibi

160 3428 511 3496 adducerent
540 3425 865 3498 imperavit.
899 3427 1056 3491 Quod
1091 3441 1225 3480 cum
1273 3426 1460 3479 facere
1508 3425 1800 3496 nequivis-

157 3522 279 3573 sent
300 3517 489 3589 (quia,
513 3532 662 3586 quos
685 3531 986 3586 nunquam
1007 3513 1609 3584 habuerant,reperire
1623 3518 1800 3568 testes

159 3604 366 3662 alicubi
381 3621 500 3660 non
514 3603 1183 3674 valebant),ca1umniam
1201 3602 1430 3656 interim
1445 3602 1798 3668 omittentes,

157 3709 190 3749 ι
212 3693 380 3750 annis
399 3696 458 3748 et
478 3691 731 3764 amplius
753 3691 968 3764 quibus
987 3706 1181 3746 comes
1199 3689 1503 3745 Gotl‘redus
1515 3689 1654 3743 vixit
1671 3694 1802 3760 post

159 3795 223 3838 ea
249 3783 544 3838 siluerunt
568 3797 579 3836 :
616 3779 812 3836 statim
835 3797 966 3836 vero
989 3784 1122 3851 post
1148 3782 1393 3834 mortem
1415 3777 1574 3833 illius
1596 3782 1798 3849 aptum

160 3869 931 3942 secalumniandireperisse
951 3873 1184 3940 tempus
1212 3867 1636 3936 existimantes,
1670 3884 1800 3922 rur-

158 3976 255 4016 sus
268 3977 417 4016 nova
438 3959 672 4014 decreta
688 3959 1107 4024 cudere,novos
1130 3957 1240 4012 sibi
1261 3956 1491 4027 judices
1521 3957 1800 4013 adversus

159 4049 476 4105 monachos
495 4047 798 4103 Vindocini
822 4063 924 4119 per
936 4063 1177 4101 manum
1196 4045 1449 4102 Goll'redi
1462 4045 1694 4101 comitis
1707 4046 1800 4116 ju-

1905 1489 2254 1554 perrexerat,
2277 1500 2406 1538 cum
2431 1485 2488 1537 in
2518 1484 2763 1537 concilio
2781 1489 2916 1537 tunc
2939 1501 3131 1538 coram
3154 1485 3388 1538 Nicolao
3408 1503 3557 1556 papa

1903 1571 2144 1627 collecto
2186 1590 2319 1628 cum
2356 1573 2579 1627 caeteris
2613 1577 2849 1639 astaret,
2883 1579 2941 1626 et
2973 1573 3296 1627 accusatori
3330 1573 3411 1627 illi
3469 1590 3557 1627 ra-

1905 1661 2061 1715 tione
2076 1678 2334 1731 congrua
2353 1661 2422 1714 de
2447 1661 2866 1716 donoecclesiae
2886 1661 3237 1716 monasterio
3253 1661 3556 1716 Vindocini

1907 1749 2074 1816 facto,
2105 1749 2494 1819 etdejudicio
2551 1750 2882 1820 Andcgavis
2933 1755 3133 1818 postea
3166 1767 3197 1804 a
3248 1751 3559 1820 smpedicto

1904 1836 2113 1892 comite
2146 1837 2208 1892 G.
2238 1836 2487 1907 aliisque
2517 1837 3018 1908 supranominatis
3043 1837 3179 1891 viris
3205 1837 3440 1908 publice
3463 1840 3560 1893 dc-

1903 1925 2238 1988 tcrminato,
2276 1926 2707 1996 respondisset;
2740 1942 3052 1980 commune
3082 1925 3280 1979 domni
3312 1943 3475 1998 papae
3505 1932 3562 1980 et

1905 2013 2311 2086 episcoporum
2335 2013 2434 2084 qui
2459 2014 2694 2068 adfuere
2726 2014 2954 2068 decreto
2987 2013 3274 2068 sancitum
3308 2018 3398 2068 est
3419 2031 3560 2085 prae-

1907 2103 2086 2157 fatam
2121 2102 2420 2157 ecclesiam
2453 2106 2508 2155 S.
2543 2101 2854 2157 Clementis
2878 2102 2948 2156 de
2979 2102 3334 2157 Credonensi
3366 2107 3558 2158 castro

1908 2191 1976 2245 ad
1994 2191 2095 2260 jus
2113 2190 2336 2244 Sancta:
2361 2189 2663 2244 Trinitatis
2689 2189 3138 2245 Vindocinensis
3159 2190 3403 2244 cmnobii
3429 2207 3556 2262 pro-

1909 2277 1998 2333 cul
2030 2279 2209 2333 dubio
2243 2277 2506 2349 legaliter
2537 2277 2843 2349 pertinere.
2875 2278 3077 2332 Tantis
3111 2278 3289 2349 igitur
3311 2284 3550 2350 tamque

1908 2367 2262 2432 manifestis,
2295 2372 2350 2420 et
2382 2367 2621 2434 insuper
2644 2370 2802 2420 tanta
2823 2368 3168 2421 auctoritate
3186 2365 3557 2437 definitisju-

1909 2454 2078 2509 diciis
2095 2472 2246 2526 saepe
2271 2455 2538 2525 convicti,
2566 2455 2912 2510 innocentiae
2937 2455 3128 2510 adhuc
3153 2455 3549 2518 immemores,

1909 2548 1966 2598 et
1990 2547 2074 2597 tot
2104 2543 2454 2613 injuriarum
2482 2560 2629 2613 quas
2663 2543 2966 2599 monachis
3001 2543 3303 2598 Vindocini
3333 2543 3458 2598 suis
3501 2544 3558 2596 in

1910 2631 2159 2700 Christo,
2194 2631 2371 2686 velint
2420 2631 2626 2699 nolint,
2679 2632 2957 2686 fratribus
2991 2633 3264 2700 fecerant,
3325 2632 3560 2703 penitus

1913 2738 2026 2776 non
2042 2721 2677 2786 recordantes,rursum
2704 2719 2912 2790 placita
2932 2719 3393 2790 iterare,judices
3415 2719 3563 2775 alios

1913 2808 1970 2862 in
1989 2807 2194 2862 alienis
2208 2807 2545 2878 regionibus
2569 2808 2844 2862 adhibere
2867 2807 3055 2861 conati
3073 2807 3563 2870 sunt.Quasivero

1914 2897 1972 2949 in
2005 2895 2176 2950 aliam
2204 2900 2601 2951 transcurrere
2621 2897 2893 2966 patriam,
2914 2895 3303 2950 examinatum
3327 2895 3560 2950 rectitu-

1913 2983 2067 3038 dinis
2098 2984 2284 3055 possit
2306 2985 2644 3055 extinguere
2676 2983 3144 3039 veritatem.Post
3187 2983 3427 3056 longum
3456 2984 3561 3038 ita-

1913 3090 2024 3144 que
2055 3078 2308 3144 tempus,
2343 3090 2473 3128 cum
2508 3073 2747 3145 quidam
2770 3072 3101 3143 Stephanus
3117 3077 3176 3126 Β.
3195 3072 3344 3128 Petri
3371 3074 3564 3127 cardi-

1912 3161 2064 3217 nalis
2095 3162 2285 3216 dictus
2320 3162 2563 3216 Romani
2593 3161 2873 3216 antistitis
2893 3161 3200 3216 Alexandri
3227 3160 3562 3232 papeelega-

1911 3250 2069 3305 tione
2104 3252 2159 3305 in
2193 3249 2394 3306 Galliis
2426 3250 2766 3322 fungeretur
2791 3268 2803 3317 ;
2829 3256 3157 3305 remorante
3179 3250 3350 3304 illoin
3377 3251 3562 3304 Ande-

1911 3339 2146 3409 gavensi
2168 3339 2354 3410 patria
2372 3339 2525 3410 apud
2548 3345 2806 3406 castrum
2830 3338 3324 3402 Salmurum,ecce
3347 3339 3559 3392 iterum

1912 3428 2182 3482 monachi
2213 3431 2269 3481 S.
2306 3427 2514 3495 Albini,
2549 3428 2717 3498 quasi
2752 3426 2973 3481 noviter
3015 3432 3155 3481 tune
3211 3425 3557 3496 inciperent,

1910 3516 2334 3587 querimoniam
2371 3517 2440 3570 de
2472 3515 2776 3570 monachis
2822 3515 3129 3568 Vindocini
3178 3531 3280 3585 pro
3312 3513 3560 3568 ecclesia

1910 3604 2260 3660 Credonensi
2289 3606 2359 3660 ad
2395 3622 2565 3660 aures
2598 3604 2756 3659 illius
2785 3603 3164 3674 pertulerunt.
3202 3605 3273 3658 At
3319 3602 3416 3656 ille
3474 3603 3561 3656 eis

1910 3709 2024 3747 non
2039 3693 2462 3757 statimibi,sed
2478 3695 2633 3764 apud
2650 3693 2936 3747 civitatem
2956 3692 3031 3762 (2)
3051 3691 3200 3745 Burd
3213 3690 3422 3762 igalam
3435 3692 3554 3758 ,uhi

1909 3785 1966 3834 et
1999 3781 2312 3836 concilium
2346 3781 2660 3837 habiturus
2687 3785 2826 3847 erat,
2861 3780 3222 3851 praemonitis
3257 3779 3561 3834 monachis

1907 3867 2215 3923 Vindocini
2248 3874 2303 3923 et
2333 3867 2473 3924 illuc
2501 3870 2738 3938 vocatis,
2774 3884 3192 3940 responsurum
3226 3884 3288 3922 se
3336 3871 3392 3921 et
3423 3884 3560 3921 cau-

1908 3974 2034 4013 sam
2072 3957 2385 4027 diligenter
2425 3959 2742 4030 spopondit
2770 3958 3258 4013 examinaturum.
3295 3956 3562 4026 Cumque

1909 4047 1981 4101 ad
2008 4044 2320 4100 concilium
2352 4046 2445 4100 die
2477 4047 2764 4103 Kalendas
2795 4046 3006 4117 Aprilis
3037 4043 3463 4109 convenissent,
3503 4050 3562 4098 et

158 4137 354 4204 nioris,
380 4137 637 4193 Goll'redi
666 4134 906 4192 alterius
961 4135 1336 4204 successoris,
1392 4134 1576 4189 ascire
1613 4139 1798 4191 tenta-
1828 4139 1875 4204 Π
1907 4133 2177 4190 monachi
2209 4134 2267 4188 S.
2303 4132 2496 4188 Albini
2530 4135 2847 4191 clamorem
2867 4151 3041 4190 suum
3069 4134 3295 4189 cunctis
3326 4133 3426 4205 qui
3459 4132 3560 4186 ad-

158 4226 292 4284 bant
312 4225 654 4295 ;nonnullos
675 4225 851 4281 etiam
874 4224 1201 4296 potentium
1216 4239 1598 4295 personarum
1619 4223 1794 4290 viros,

157 4329 297 4386 quos
321 4314 649 4388 improvide
672 4317 872 4369 contra
893 4315 995 4384 jus
1016 4317 1073 4369 et
1093 4313 1181 4369 fas
1205 4313 1262 4366 in
1286 4312 1391 4368 hoc
1413 4311 1526 4367 sibi
1546 4313 1798 4368 maxime

156 4405 490 4476 profuturos
511 4403 847 4472 credebant,
871 4403 1194 4458 obaerantes
1221 4419 1233 4469 ;
1267 4406 1330 4455 ut
1359 4400 1622 4456 videlicet
1643 4402 1796 4472 quod

148 4493 304 4563 justa
334 4493 562 4550 ratione
583 4491 984 4563 nequiverant,
1009 4489 1095 4545 vel
1129 4495 1424 4560 utcunque
1456 4489 1796 4545 muneribus

154 4582 374 4638 efﬁcere
408 4580 807 4654 praevalerent.
841 4580 949 4635 Sed
982 4595 1187 4634 eorum
1219 4595 1322 4650 spe
1352 4578 1408 4632 in
1462 4578 1570 4632 hac
1619 4579 1796 4633 etiam

152 4675 329 4742 parte,
362 4671 483 4726 Deo
515 4669 882 4742 disponente,
917 4670 1217 4735 frustrata,
1244 4665 1590 4722 aliaitcrum
1617 4667 1798 4738 adipi-

154 4761 344 4816 scendi
369 4759 530 4831 quod
559 4759 872 4831 cupiebant
894 4756 1080 4812 moliti
1105 4760 1246 4811 sunt
1273 4755 1483 4810 inferre
1505 4755 1797 4810 machina-

151 4853 364 4905 menta.
400 4849 690 4904 Miserunt
721 4863 974 4920 namque
998 4845 1255 4917 legatum
1281 4845 1474 4900 Romae
1499 4848 1587 4912 G.,
1613 4860 1796 4899 unum

150 4936 218 4992 de
239 4935 552 4994 monachis
583 4937 733 5005 suis,
755 4936 856 5007 qui
887 4951 1089 4991 eorum
1123 4951 1300 5005 super
1329 4933 1438 4989 hac
1471 4949 1530 4988 re
1563 4933 1798 4989 domino

147 5041 306 5099 papa
335 5025 669 5083 insinuaret
694 5023 1020 5097 querelam;
1057 5023 1156 5079 sed
1189 5022 1358 5095 longe
1407 5022 1574 5078 aliter
1622 5040 1797 5094 quam

146 5115 466 5185 sperabant
494 5115 705 5181 evenit,
726 5113 864 5186 quia
885 5116 1105 5184 quanto
1127 5111 1208 5166 ibi
1233 5111 1550 5167 districtiOr
1571 5117 1800 5168 tenetur

146 5217 392 5261 censura
414 5203 683 5276 justitiaa,
716 5206 878 5259 tanto
912 5201 1109 5256 minus
1132 5199 1348 5256 invenit
1371 5200 1526 5272 quod
1545 5217 1799 5258 corrum-

145 5295 242 5363 pat
271 5291 525 5349 avaritia
554 5291 919 5349 adinventrix
931 5288 1196 5362 justiti’aa.
1223 5289 1486 5362 Denique
1503 5293 1567 5346 Ο.
1593 5291 1795 5360 abbas,

1906 4228 2073 4280 erant
2102 4222 2478 4278 audientibus
2513 4223 2818 4292 fecissent;
2872 4224 3114 4296 quidam
3162 4223 3234 4279 de
3283 4221 3567 4277 fratribus

1905 4311 2215 4368 Vindocini
2245 4310 2344 4382 qui
2377 4310 2593 4367 idcirco
2625 4316 2876 4378 venerat,
2907 4311 3114 4368 Vitalis
3159 4311 3420 4379 nomine,
3483 4328 3570 4366 re-

1908 4400 2144 4473 spondit
2165 4397 2575 4456 causamillam
2587 4401 2712 4471 jam
2728 4399 2953 4471 pridem
2971 4400 3029 4455 in
3055 4401 3318 4456 Romana
3335 4400 3568 4470 synodo

1908 4490 2017 4545 sub
2035 4488 2383 4544 venerabilis
2416 4490 2707 4545 memoria
2731 4487 2963 4544 Nicolao
2995 4506 3141 4560 papa
3185 4486 3415 4558 publice
3463 4489 3566 4542 de-

1908 4579 2283 4634 terminatam
2320 4578 2521 4642 fuisse,
2553 4578 2926 4633 audientibus
2958 4578 3312 4648 quibusdam
3343 4576 3566 4646 episco-

1908 4668 1997 4738 pis
2029 4668 2099 4721 de
2132 4665 2318 4722 Gallia
2349 4666 2417 4720 ad
2449 4667 2757 4720 concilium
2784 4667 3076 4736 profectis,
3103 4663 3564 4734 Hugonevideli-

1908 4762 1996 4810 cet
2019 4755 2380 4821 Niverncnsi,
2408 4754 2702 4809 Gualterio
2725 4753 3026 4820 Meldensi,
3052 4754 3304 4823 itemque
3322 4752 3563 4822 liugonc

1906 4844 2197 4910 Trecensi,
2221 4848 2393 4914 atque
2419 4843 3137 4914 WigrinoCenomanensi,
3162 4857 3410 4912 quorum
3441 4846 3560 4897 tres

1908 4934 1972 4992 Η.
2005 4933 2228 4988 scilicet
2260 4935 2351 4987 W.
2388 4938 2441 4986 et
2463 4931 2614 4986 alius
2647 4933 2710 4988 H.
2748 4950 2880 4986 cum
2914 4931 3105 4984 adhuc
3162 4930 3417 4986 viverent
3501 4937 3558 4984 et

1908 5021 2178 5079 monachi
2201 5021 2462 5077 S.Albini
2482 5021 2850 5094 scepedictam
2867 5018 3222 5075 calumniam
3249 5019 3561 5074 iterassent

1908 5112 2133 5168 litteras
2163 5127 2302 5166 suas
2329 5110 2724 5166 B.Turonensi
2748 5108 3187 5180 archiepiscopo
3207 5112 3263 5163 et
3283 5109 3343 5162 E.
3378 5109 3563 5163 Ande-

1909 5216 2186 5276 gavorum
2221 5198 2476 5272 pontiﬁci
2507 5198 2565 5253 in
2597 5199 2999 5255 testimonium
3025 5196 3330 5254 monachis
3349 5197 3559 5253 Vinde-

1910 5291 2024 5346 cini
2047 5287 2917 5360 transmiserunt,protestantes
2937 5286 3154 5342 vidisse
3173 5303 3235 5343 se
3257 5291 3314 5343 et
3327 5286 3560 5343 audisse

209 5446 284 5520 (2)
315 5445 646 5504 Concilium
697 5443 1019 5519 Burdigala:
1051 5460 1203 5500 anno
1239 5444 1374 5500 1068
1416 5442 1731 5502 celebravit
1760 5442 2095 5520 Stephanus
2155 5442 2402 5517 legatus:
2436 5443 2507 5501 de
2537 5459 2650 5518 quo
2700 5442 2792 5499 hic
2840 5441 3003 5503 locus
3059 5440 3292 5499 videtur
3349 5438 3558 5502 intelli-

139 5530 386 5593 genuus.
