3960 6216
103 277 106 280 ’
141 269 280 375 ll”

1074 307 1176 368 DE
1219 305 1707 369 INVENTIONB
1752 306 2134 370 CORPORIS
2180 307 2248 368 Β.
2299 309 2559 372 MARCI.

3363 312 3522 373 1418

136 411 468 518 vindicabat.
484 413 738 513 contigit
757 443 950 497 autem
967 445 1030 496 ut
1051 441 1466 514 pertransirent
1485 442 1620 498 inde
1643 442 1761 498 via-
1790 441 1848 509 Α
1877 442 1968 498 sui
1994 443 2363 516 episcOpatus
2375 443 2634 500 ecclesiis
2649 444 2720 500 ab
2753 442 2971 515 iniquis
2991 447 3048 499 et
3069 444 3263 515 pravis
3275 443 3525 500 homini-

137 541 295 600 tores,
323 534 379 608 et
409 531 468 587 in
494 529 618 586 loco
651 530 850 586 eodem
867 531 1037 601 juxta
1065 530 1763 603 sepulcrum,nescientes

133 624 239 680 illic
253 619 611 692 requiescere
628 617 984 675 sanctissimi
998 619 1173 676 Marci
1189 618 1511 676 venerabile
1532 637 1763 691 corpus,

133 728 259 770 suos
285 724 463 781 equos
491 706 705 764 vellent
733 707 942 763 locare.
972 707 1243 772 Quasdam
1294 711 1491 764 autem
1551 708 1764 764 sancti-

102 791 388 858 l'monialis
420 796 642 854 femina
674 795 950 852 clamosis
977 795 1209 852 obsistit
1232 795 1494 862 vocibus,
1525 796 1762 852 dicens:

135 913 159 940 ‹‹
187 886 386 956 Nolite,
421 887 656 954 fratres,
683 884 862 948 nolite
882 884 941 940 in
959 884 1068 940 hoc
1087 888 1288 940 sancto
1309 885 1594 958 hospitari
1617 885 1762 952 loco,

133 995 196 1035 ne
223 978 358 1043 forte
380 974 601 1046 aliquid
624 972 788 1029 vobis
810 972 949 1028 mali
969 973 1268 1045 contingat
1291 992 1304 1042 ;
1330 973 1586 1030 vidimus
1607 973 1764 1029 enim

134 1067 220 1122 Dei
241 1062 531 1138 magnalia
560 1063 774 1134 saepius
804 1061 863 1120 in
895 1061 1004 1117 hoc
1036 1061 1157 1117 fieri
1183 1062 1555 1117 sanctissimo
1579 1062 1762 1118 loco.»

130 1159 194 1212 At
220 1153 319 1220 illi,
352 1169 456 1226 pro
487 1151 674 1207 nihilo
697 1152 975 1207 ducentes
1005 1150 1126 1206 haec
1155 1151 1348 1219 verba,
1373 1151 1576 1207 eadem
1600 1155 1765 1206 nocte

133 1246 458 1301 manserunt
480 1240 716 1306 ibidem,
741 1244 798 1295 et
814 1239 962 1295 facto
986 1256 1156 1294 mane
1177 1239 1526 1295 insultantes
1544 1256 1763 1295 sermo-

120 1333 291 1402 nibus
321 1333 451 1402 ejus
481 1332 782 1402 cmperunt
812 1329 922 1383 iter
949 1327 1223 1401 arripere.
1277 1329 1390 1384 Sed
1447 1332 1760 1399 antequam

132 1422 286 1495 longe
313 1420 714 1494 procederent,
743 1417 814 1474 ad
847 1417 1086 1473 modum
1118 1417 1340 1488 sagittas
1388 1417 1540 1472 ictus
1571 1434 1761 1489 ccepe-

135 1516 257 1568 runt
275 1511 398 1583 jam
432 1508 710 1582 pmnitere
731 1507 803 1562 de
820 1506 990 1575 facto,
1011 1505 1149 1578 quia
1170 1523 1323 1562 unus
1345 1521 1548 1561 eorum
1571 1523 1762 1578 equus

134 1603 186 1656 in
213 1603 418 1658 terram
443 1595 665 1654 corruit
695 1600 984 1663 mortuus,
1005 1595 1148 1652 alter
1164 1611 1319 1658 vero.
1350 1596 1612 1651 nondum
1637 1611 1762 1667 per-

133 1694 246 1746 acto
275 1687 483 1755 stadio,
518 1687 576 1742 in
611 1686 738 1758 ipso
770 1685 974 1742 itinere
1018 1685 1211 1756 periit,
1267 1683 1460 1741 taliter
1513 1684 1759 1740 Domino

133 1775 669 1874 cunctipotente'sui
699 1773 877 1829 Marci
910 1773 1103 1829 dilecti
1152 1773 1424 1873 martyris
1482 1773 1757 1843 injuriam
1789 1809 1836 1874 Β

132 1868 461 1924 vindicante.
483 1863 614 1920 Alio
638 1863 837 1936 itaque
865 1867 1145 1935 tempore,
1170 1861 1322 1919 sicut
1341 1879 1373 1917 a
1403 1863 1756 1934 quibusdam

135 1953 382 2012 fidelibus
405 1953 550 2010 mihi
581 1951 829 2008 relatum
851 1955 956 2018 est,
982 1967 1114 2006 cum
1142 1951 1413 2022 quisdam
1439 1950 1758 2006 Calabrites

135 2044 342 2117 onustis
373 2041 577 2100 asellis
605 2041 900 2097 mercibus
929 2040 1002 2095 ad
1033 2041 1372 2111 pradietum
1406 2039 1595 2096 locum
1629 2056 1758 2096 sero

133 2134 387 2200 venirent,
404 2128 1127 2201 etdivertendihospitium
1143 2130 1757 2200 quaererent,qumdam

130 2220 458 2290 venerabilis
481 2207 690 2276 mulier
708 2219 854 2274 dixit
880 2217 997 2274 illis
1022 2235 1035 2272 :
1058 2238 1077 2266 ι
1095 2217 1674 2286 Nolite,cbarissimi,
1699 2218 1757 2271 in

127 2311 224 2367 hoc
240 2311 357 2368 loco
385 2313 614 2366 vestros
644 2309 840 2365 asinos
871 2306 1173 2374 collocare,
1219 2307 1355 2378 quia
1403 2305 1566 2361 locus
1624 2323 1758 2361 san-

130 2403 249 2456 ctus
275 2403 396 2456 est:
435 2413 572 2454 nam
604 2396 652 2452 si
687 2395 1063 2468 presumitis,
1111 2411 1226 2450 non
1266 2395 1487 2466 absque
1544 2396 1758 2450 damno

130 2487 252 2544 hinc
279 2488 531 2545 transire
551 2483 841 2543 valebitis.
882 2503 908 2536 ι»
953 2484 1059 2550 Qui
1093 2501 1200 2540 sua
1223 2483 1492 2540 inebriati
1525 2483 1761 2540 vesania

139 2576 391 2636 dixerunt
426 2577 497 2633 ad
528 2591 692 2632 eam:
725 2597 752 2624 ‹‹
787 2574 936 2646 Ergo
966 2576 1024 2629 et
1053 2589 1159 2628 nos
1192 2571 1406 2628 mortui
1439 2589 1668 2640 sumus,
1709 2572 1759 2628 si

128 2671 341 2723 nostros
353 2665 560 2722 asinos
574 2663 868 2720 custodire
881 2678 995 2718 non
1012 2678 1329 2733 possumus
1348 2679 1402 2729 ;»
1423 2665 1481 2717 et
1501 2677 1633 2717 cum
1647 2678 1760 2716 nox

119 2755 234 2825 jam
261 2755 493 2829 plenius
525 2751 878 2821 advenisset,
900 2743 1248 2806 collocantes
1271 2765 1351 2818 se,
1376 2755 1432 2804 et
1462 2750 1520 2804 in
1569 2750 1760 2806 medio

133 2844 312 2920 asinos
341 2860 546 2901 eorum
580 2844 894 2914 ponentes;
927 2843 984 2894 et
1012 2837 1279 2910 quamvis
1311 2838 1586 2894 audacter
1614 2837 1760 2894 fece-

136 2921 262 3001 rint,
288 2938 484 2990 tamen
516 2928 792 3003 suspecti,
825 2944 896 2984 ne
927 2944 960 2982 a
989 2926 1143 2998 lupis
1171 2925 1260 2981 vel
1282 2925 1656 2984 alatronibus
1677 2942 1766 2984 ra-

134 3022 762 3094 perentur,frustratam
794 3016 1120 3072 custodiam
1142 3019 1490 3086 posuerunt:
1506 3015 1768 3071 nescien-

132 3113 211 3166 tes
240 3111 624 3183 Scripturam,
657 3123 783 3180 quae
814 3105 991 3160 dicit:
1032 3128 1052 3154 α
1081 3104 1260 3175 {Quod
1309 3104 1479 3159 timet
1523 3103 1767 3175 impius,

132 3200 309 3256 veniet
339 3193 520 3272 super
549 3214 705 3254 eum.
738 3217 766 3247 υ
796 3193 1062 3266 Arreptis
1092 3193 1286 3264 itaque
1307 3209 1512 3249 somno
1531 3197 1588 3248 et
1610 3193 1767 3252 velut

133 3290 365 3355 mortuis
393 3287 638 3355 effectis,
662 3285 836 3357 lupus
858 3300 888 3340 e
908 3283 1134 3339 diverso
1156 3282 1412 3351 veniens,
1453 3282 1511 3337 in
1572 3282 1762 3338 medio

130 3393 316 3433 eorum
356 3379 684 3450 ingressus,
743 3372 987 3429 asellum
1049 3371 1396 3427 abstrahens
1452 3369 1761 3426 interfecit.

125 3467 417 3531 ,Consimili
447 3479 705 3536 namque
731 3461 1080 3517 miraculum
1112 3460 1256 3515 mihi
1288 3460 1360 3515 ad
1420 3460 1763 3515 memoriam

129 3556 293 3624 venit,
324 3555 385 3610 id
412 3553 558 3626 ipsis
575 3550 959 3609 referentibus
982 3548 1082 3622 qui
1105 3549 1318 3620 priora.
1343 3549 1488 3604 Nam
1513 3548 1603 3603 die
1626 3564 1766 3620 qua-

130 3643 276 3711 dam,
309 3642 587 3701 similiter
615 3641 819 3698 eodem
852 3638 910 3694 in
941 3638 1088 3706 loco,
1119 3637 1239 3694 sole
1269 3637 1588 3702 occidente,
1636 3635 1765 3708 qui-

131 3732 256 3789 dam
283 3749 422 3788 cum
457 3747 564 3786 suo
595 3728 774 3786 asello
809 3727 1068 3793 veniens,
1128 3726 1446 3798 hospitium
1499 3743 1765 3798 quazrens

131 3819 372 3891 divertit,
407 3824 489 3888 et,
521 3819 663 3874 dum
696 3834 730 3873 a
755 3817 972 3872 femina
996 3815 1338 3887 supradicta
1394 3814 1769 3886 repelleretur

131 3923 196 3963 ne
214 3909 569 3980 divertisset,
600 3905 879 3970 continue
909 3921 1043 3960 cum
1070 3921 1176 3959 suo
1211 3903 1377 3959 asino
1435 3903 1769 3975 hospitatus

131 4003 231 4064 est,
259 4003 317 4054 et
345 3998 558 4070 pedem
578 3994 744 4052 aselli
765 4011 899 4050 cum
921 4010 1028 4050 suo
1059 3992 1236 4048 simul
1269 3991 1487 4065 ligavit,
1512 3997 1684 4064 atque
1707 4008 1768 4048 se

129 4088 387 4156 protinus
418 4087 480 4142 in
511 4090 724 4142 terram
755 4083 942 4156 gratia
979 4081 1316 4155 quiescendi
1356 4082 1538 4137 dedit.
1609 4083 1772 4137 Tunc

132 4175 521 4247 pratergressi
553 4173 829 4238 latrones,
864 4172 1209 4227 invenerunt
1237 4187 1371 4226 eum
1409 4169 1566 4224 velut
1617 4187 1771 4226 mor-

113 4325 118 4330 _
131 4264 288 4331 tuum
321 4263 738 4332 dormientem,
772 4265 830 4318 et
859 4259 1110 4316 invicem
1140 4276 1202 4315 se
1232 4259 1290 4313 in
1325 4257 1546 4314 malum
1579 4258 1772 4314 conci-

134 4353 336 4421 tantes,
367 4352 578 4409 restim
609 4341 884 4408 Continuo
907 4347 1355 4414 concidentes,ei
1379 4348 1613 4403 asinum
1640 4347 1771 4403 abs-

133 4438 385 4506 tulerunt
409 4460 423 4511 ;
458 4440 560 4513 qui
586 4439 855 4513 protinus
874 4455 909 4494 a
928 4454 1134 4496 somno
1155 4437 1458 4510 evigilans,
1489 4437 1772 4492 damnum

1873 532 1983 588 bus
2014 532 2328 601 desolatis;
2352 536 2408 588 et
2430 533 2569 588 dum
2599 533 2668 588 de
2699 532 2823 588 loco
2842 532 2900 587 in
2932 532 3125 588 locum
3143 533 3368 589 visendi
3391 548 3519 606 gra-

1875 621 1954 677 tia
1984 622 2286 686 adfuisset,
2320 622 2582 695 pervenit
2613 622 2849 678 tandem
2884 623 2955 677 ad
2988 621 3348 695 episcopium
3375 622 3523 678 anti-

1875 709 2169 781 quissimae
2202 711 2366 767 urbis
2394 711 2713 778 Atinensis,
2754 714 2810 766 et
2837 711 3140 783 ingressus
3179 711 3516 783 prmdictam

1875 797 2202 865 ecclesiam,
2224 817 2352 872 quae
2371 800 2429 855 in
2453 799 2790 856 suburbano
2821 800 3107 870 praedictae
3141 799 3392 855 civitatis
3415 799 3516 855 ad-

1873 892 1982 958 est,
2014 888 2512 961 perlustransque,
2550 889 2767 944 invenit
2815 892 2948 944 ante
3007 893 3277 944 sanctum
3336 888 3518 944 altare

1872 977 2201 1049 congeriem
2233 977 2513 1048 lapidum,
2535 994 2660 1049 qua:
2681 978 2751 1033 de
2770 977 3023 1033 fractura
3040 993 3341 1034 murorum
3366 993 3519 1033 acer-

1872 1083 2008 1121 vum
2041 1067 2272 1132 fecerat,
2306 1072 2360 1121 et
2391 1066 2555 1122 valde
2587 1067 2712 1122 suis
2751 1067 3073 1139 alienisque
3103 1067 3287 1123 oculis
3313 1067 3515 1140 displi-

1873 1155 2058 1210 cebat.
2077 1157 2239 1210 Tunc
2251 1172 2576 1210 convocans
2594 1157 2665 1210 ad
2684 1171 2744 1210 se
2759 1151 3071 1227 quemdam
3087 1157 3489 1228 presbyterum
3502 1201 3516 1225 ,

1873 1244 2183 1316 assignans
2215 1244 2471 1299 ei~locum
2504 1245 2794 1316 praecepit,
2823 1246 3022 1301 dicens
3045 1263 3057 1299 :
3084 1270 3110 1294 «
3137 1246 3299 1301 Hunc
3322 1246 3516 1317 accipe

1873 1331 2086 1399 locum,
2121 1333 2223 1401 fili,
2247 1337 2304 1388 et
2325 1333 2631 1404 diligenter
2651 1335 2924 1388 emunda.
2949 1357 2975 1381 ››
2997 1333 3302 1406 Presbyter
3320 1339 3517 1390 autem

1872 1422 1982 1477 sibi
2007 1421 2336 1492 delegatum
2360 1421 2548 1476 locum
2575 1421 2886 1493 accipiens,
2908 1423 3107 1477 devote
3129 1423 3518 1494 ccepitemun-

1871 1512 2028 1575 dare,
2053 1515 2110 1566 et
2139 1511 2279 1566 dum
2305 1528 2405 1582 per
2424 1526 2632 1582 gyrum
2663 1509 2863 1568 altaris
2885 1511 3180 1576 effoderet,
3202 1511 3424 1566 invenit
3443 1511 3521 1566 la-

1870 1600 2107 1672 pideum
2140 1599 2378 1654 titulum
2412 1599 2717 1671 scriptum,
2739 1605 2816 1667 et,
2851 1599 2987 1655 licet
3018 1601 3520 1668 fractum,nomen

1869 1688 2081 1744 Christi
2117 1688 2392 1759 martyris
2422 1688 2595 1743 Marci
2631 1688 2998 1744 intimantem
3028 1706 3040 1756 ;
3085 1704 3261 1760 quem
3319 1687 3523 1743 videns

1868 1776 2177 1849 episcopus
2207 1775 2571 1846 exclamavit,
2603 1776 2836 1831 dicens:
2873 1798 2900 1826 «
2936 1778 2979 1831 Ο
3013 1782 3237 1850 martyr
3275 1775 3521 1846 magna!

1868 1866 2107 1922 ostende
2130 1865 2298 1920 nobis
2331 1865 2588 1936 indignis
2611 1869 2713 1920 tua
2734 1865 2977 1938 pignora
2997 1870 3233 1931 sancta;
3265 1888 3292 1914 ››
3312 1864 3523 1920 deinde

1868 1971 2204 2023 conversus,
2223 1955 2535 2010 Dominum
2560 1953 2652 2008 his
2671 1954 2861 2008 verbis
2887 1954 3060 2026 cmpit
3081 1958 3202 2009 toto
3225 1955 3400 2008 corde
3420 1953 3520 2008 de-

1867 2044 2168 2100 votissime
2189 2043 2518 2115 supplicare
2541 2061 2599 2096 :u
2616 2043 2888 2110 Obsecro,
2905 2043 3167 2108 Domine,
3192 2043 3434 2097 obsecro
3451 2045 3518 2096 ut

1869 2133 2126 2206 digneris
2157 2133 2324 2187 nobis
2343 2132 2744 2204 peccatoribus
2775 2131 2968 2186 dilecti
2992 2133 3076 2187 tui
3100 2131 3274 2186 Marci
3299 2134 3522 2203 marty-

1869 2223 1949 2276 ris
1970 2221 2264 2276 tumulum
2288 2221 2718 2288 demonstrare;
2745 2237 2912 2291 spero
2934 2220 3170 2287 etenim,
3193 2226 3249 2275 et
3267 2221 3518 2277 fideliter

1869 2313 2040 2368 credo
2073 2311 2226 2383 quod
2259 2310 2354 2365 hic
2383 2309 2697 2381 requiescit
2725 2309 2902 2364 Marci
2951 2310 3225 2382 martyris
3283 2326 3517 2381 corpus,

1868 2401 2038 2471 cujus
2067 2400 2177 2454 iste
2198 2397 2407 2454 titulus
2429 2398 2598 2452 nobis
2621 2414 2833 2453 nomen
2856 2398 3238 2453 demonstrat.
3267 2421 3294 2447 »
3317 2398 3418 2453 His
3439 2399 3523 2453 ita

1868 2488 2136 2563 peractis,
2167 2489 2444 2544 continua
2475 2487 2544 2542 ad
2571 2487 2808 2559 propria
2838 2487 3149 2559 repedavit,
3195 2491 3252 2542 et
3309 2488 3518 2541 arden-

1869 2580 2099 2635 tissimo
2131 2576 2416 2632 desiderio
2446 2580 2674 2632 noctem
2693 2577 2960 2632 eamdem
2983 2576 3515 2632 duxitinsomnem.

1871 2669 2039 2724 Mane
2069 2668 2265 2738 itaque
2295 2665 2442 2721 facto
2475 2665 2640 2737 quasi
2673 2665 2954 2720 divinitus
2985 2664 3257 2737 praecepit
3285 2665 3518 2719 duobus

1873 2755 2223 2830 presbyteris
2241 2760 2307 2809 ut
2324 2755 2493 2823 irent,
2509 2758 2565 2809 et
2581 2757 2714 2809 ante
2736 2752 2917 2809 altare
2939 2754 3521 2824 foderentquousque

1871 2846 2087 2901 ibidem
2109 2845 2233 2916 ipse
2254 2844 2647 2898 descenderet.
2673 2843 2864 2898 Inerat
2892 2842 3045 2897 eni‘n
3071 2843 3182 2896 sibi
3206 2859 3319 2896 non
3343 2857 3522 2913 parva

1874 2934 2179 3000 dubitatio,
2215 2950 2280 2989 eo
2307 2933 2462 3004 quod
2494 2930 2682 2986 multa
2719 2948 2963 3002 corpora
3018 2931 3326 2985 hominum
3383 2929 3520 2984 inde

1867 3024 2162 3096 jacebant,
2194 3028 2250 3077 et
2280 3021 2436 3093 quod
2469 3019 2790 3076 dubietatis
2820 3036 3120 3076 rancorem
3153 3037 3186 3075 a
3219 3035 3280 3074 se
3296 3018 3523 3074 auferre

1824 3174 1836 3192 ι
1876 3132 1992 3170 non
2016 3117 2241 3185 poterat
2257 3110 2436 3166 :unde
2453 3113 2510 3166 et
2526 3109 2839 3165 Dominum
2863 3109 3097 3181 pulsare
3119 3108 3388 3180 precibus
3409 3123 3523 3162 cce-

1877 3203 1962 3277 pit
1989 3207 2052 3258 ut
2076 3201 2187 3257 sibi
2221 3201 2526 3255 ostendere
2557 3198 2900 3270 dignaretur
2925 3199 3078 3269 quod
3112 3199 3314 3253 devote
3362 3213 3524 3268 quas-

1871 3293 2052 3348 rebat.
2083 3289 2406 3360 Presbyteri
2434 3292 2627 3343 autem
2652 3291 2954 3359 pergentes
2976 3287 3034 3340 in
3060 3287 3354 3341 dexteram
3388 3301 3520 3356 par-

1872 3385 1990 3436 tem
2023 3378 2222 3434 altaris
2253 3377 2312 3432 S.
2337 3375 2738 3430 Bartholomasi
2773 3379 3074 3446 coeperunt
3105 3375 3318 3429 fodere.
3343 3375 3518 3428 Secu-

1873 3473 1968 3525 tus
1990 3473 2183 3523 autem
2215 3482 2313 3521 eos
2341 3464 2669 3536 episcopus,
2694 3468 2751 3518 et
2787 3463 3006 3518 invenit
3059 3479 3159 3518 eos
3217 3477 3515 3516 incassum

1872 3559 2225 3623 laborantes,
2258 3555 2607 3624 intuensque
2654 3569 2752 3606 eos
2809 3551 3032 3622 accepit
3066 3551 3399 3616 fossorium,
3461 3553 3519 3604 et

1875 3648 2001 3719 ipse
2027 3643 2260 3718 propria
2280 3660 2454 3698 manu
2479 3641 2652 3713 ccepit
2673 3641 2883 3706 fodere,
2907 3645 2964 3695 et
2984 3641 3125 3694 dum
3149 3638 3344 3694 labore
3366 3642 3522 3694 esset

1875 3737 2176 3806 fatigatus,
2195 3733 2445 3788 reddidit
2468 3730 2604 3795 illis,
2626 3733 2682 3784 et
2705 3729 2919 3785 factum
2943 3733 3031 3782 est
3051 3729 3193 3783 dum
3224 3728 3336 3800 ipsi
3359 3728 3526 3783 fode-

1875 3829 2024 3888 rent,
2059 3825 2444 3895 pervenerunt
2467 3820 2538 3874 ad
2562 3817 2855 3874 tumulum
2890 3817 2947 3871 in
2971 3833 3084 3888 quo
3103 3816 3289 3872 sancti
3315 3819 3527 3887 marty-

1877 3913 1959 3969 ris
1989 3911 2166 3966 Marci
2198 3927 2410 3982 corpus
2447 3909 2867 3981 requiescebat,
2902 3911 2958 3962 et
2987 3906 3168 3961 nimio
3201 3905 3403 3977 repleti
3436 3921 3528 3960 ar-

1878 4005 2035 4068 dore,
2070 3999 2540 4054 exclamaverunt
2561 3999 2822 4053 dicentes
2843 4013 2857 4051 :
2879 4020 2905 4046 ‹‹
2933 3997 3134 4067 Surge,
3158 3994 3406 4066 benigne
3429 3993 3534 4048 Pa-

1879 4097 1988 4156 ter,
2022 4089 2175 4160 quod
2207 4092 2267 4141 tu
2299 4087 2532 4158 quieris,
2566 4103 2697 4142 ecce
2727 4091 2979 4143 tenetur.
3019 4108 3044 4134 ››
3078 4084 3183 4150 Qui
3231 4083 3428 4140 statim
3461 4082 3534 4137 de

1881 4180 2004 4235 loco
2028 4192 2297 4248 surgens,
2321 4175 2620 4246 humoque
2646 4174 3102 4247 prostratus,his
3129 4173 3323 4229 verbis
3346 4171 3538 4228 omni-

1883 4271 2180 4342 potentem
2217 4265 2525 4320 Dominum
2573 4263 2975 4320 collaudabat:
3037 4287 3064 4314 ‹‹
3125 4263 3327 4320 Gratia
3382 4261 3543 4318 celsa

1882 4357 2010 4422 tibi,
2037 4355 2188 4427 regis
2207 4353 2304 4424 qui
2331 4352 2533 4406 munia
2568 4353 2795 4418 mundi,
2813 4354 2911 4424 qui
2934 4354 3326 4424 quodcunque
3347 4349 3536 4421 cupis,

1883 4461 2018 4500 cum
2049 4444 2157 4510 vis,
2191 4442 2317 4498 sine
2348 4457 2512 4496 mora
2541 4445 2826 4513 patratur.
2862 4465 2890 4491 ››
2923 4443 3198 4497 Gaudens
3228 4454 3460 4513 quoque
3480 4441 3542 4493 et

133 4525 362 4598 invenit,
397 4535 458 4586 et
490 4547 525 4587 a
553 4528 680 4585 loco
709 4529 898 4584 tristis
929 4527 1233 4584 abscessit.
1275 4530 1581 4598 Coeperunt
1634 4525 1771 4581 dicti
1805 4542 1852 4606 Ι)
1881 4534 2254 4588 vehementer
2269 4530 2538 4586 exultans
2559 4530 2630 4585 de
2653 4534 2814 4584 tanto
2837 4530 2946 4585 sibi
2970 4547 3244 4586 concesso
3268 4533 3538 4600 patrono,

133 4614 392 4676 homines
421 4623 690 4676 metuere
719 4617 937 4684 locum,
969 4620 1027 4672 et
1063 4617 1134 4672 ab
1183 4615 1401 4686 injuria
1455 4619 1780 4670 reverenter

135 4720 375 4764 cessare.
439 4709 805 4780 Quapropter
867 4709 1098 4778 peracto
1163 4705 1316 4760 cives
1371 4703 1610 4761 consilio
1666 4703 1781 4759 nisi

133 4801 266 4864 sunt
290 4783 568 4854 eamdem
599 4795 904 4852 ecclesiam
951 4798 1302 4859 restaurare,
1361 4797 1419 4849 et
1469 4796 1778 4850 convocato

131 4883 396 4959 episcOpo
427 4885 535 4958 qui
565 4889 704 4941 tunc
733 4883 1013 4957 temporis
1044 4883 1262 4952 aderat,
1288 4881 1468 4938 altare
1490 4881 1569 4936 ibi
1589 4882 1649 4937 in
1681 4881 1782 4936 ho-

127 4987 324 5038 norem
349 4974 682 5032 beatissimi
715 4972 962 5045 apostoli
984 4971 1390 5028 Bartholomaai
1413 4971 1678 5027 dedicare
1698 4971 1781 5026 fe-

131 5068 350 5130 cerunt,
373 5062 708 5119 nescientes
721 5061 840 5118 illic
861 5061 1224 5133 requiescere
1243 5059 1590 5116 venerabilis
1604 5058 1782 5115 Marci

129 5152 404 5224 martyris
432 5167 676 5223 corpus,
708 5151 768 5206 in
801 5151 974 5222 cujus
994 5149 1232 5218 honore,
1257 5154 1320 5204 ut
1350 5148 1596 5217 aestimo,
1621 5148 1785 5221 prius

128 5237 313 5297 fuerat
341 5240 682 5298 benedicta.

194 5329 382 5402 Igitur
399 5341 668 5401 tempore
694 5345 808 5402 quo
824 5328 1130 5401 piissimus
1151 5327 1469 5400 imperator
1483 5328 1788 5386 Conradus

125 5420 428 5492 regnabat,
465 5435 624 5476 anno
648 5419 961 5474 Dominicaa
1014 5417 1432 5472 incarnationis
1474 5417 1788 5474 millesimo

126 5507 585 5582 quadragesimo
606 5512 835 5579 quarto,
859 5507 1059 5562 divina
1081 5508 1301 5561 favente
1319 5507 1526 5578 gratia,
1546 5508 1683 5578 quid
1695 5525 1788 5563 am

121 5592 238 5656 illic
269 5597 594 5656 ordinatus
624 5597 933 5669 episcopus
955 5594 1242 5652 sollicitus
1266 5611 1367 5669 pro
1390 5597 1789 5657 restaurandis

451 5721 725 5794 ΡΑτιιοι..
773 5720 1034 5788 CXLIII.

1887 4622 2117 4692 collegit
2140 4620 2385 4692 pignora
2417 4622 2652 4686 sancta;
2686 4619 2787 4674 sed
2819 4636 2932 4674 non
2965 4624 3085 4674 tam
3116 4619 3284 4674 laetus
3314 4618 3384 4671 de
3416 4619 3542 4671 toto

1891 4725 2132 4781 corpore
2153 4725 2331 4779 quam
2359 4706 2546 4763 tristis
2576 4707 2889 4762 mansitde
2919 4710 3126 4779 capite,
3151 4724 3216 4763 eo
3245 4705 3398 4777 quod
3423 4720 3543 4761 non

1890 4796 2280 4854 essetibidem
2299 4814 2310 4863 ;
2331 4799 2457 4850 erat
2472 4795 2626 4850 enim
2653 4795 2975 4850 Sabbatum
3004 4796 3167 4867 quasi
3194 4795 3336 4849 hora
3357 4793 3543 4848 unde-

1889 4887 2062 4950 cima,
2094 4890 2150 4940 et
2179 4883 2448 4956 quamvis
2479 4883 2849 4939 interdiceret
2871 4900 2941 4938 ne
2963 4884 3134 4939 alicui
3164 4883 3540 4954 panderetur,

1889 4980 2081 5032 tamen
2111 4977 2231 5028 tota
2262 4972 2466 5028 civitas
2497 4972 2688 5028 subito
2721 4973 2790 5027 de
2821 4973 2977 5026 fama
3025 4971 3300 5043 repletur.
3360 4968 3544 5042 Cmpit

1891 5069 2085 5120 autem
2117 5066 2318 5119 sancta
2338 5061 2583 5134 pignora
2613 5062 2738 5116 suis
2769 5061 3042 5116 manibus
3073 5060 3380 5132 diligenter
3428 5059 3539 5116 ab-

1892 5154 2073 5220 luere,
2096 5151 2227 5208 etin
2249 5151 2464 5207 scrinio
2495 5150 2798 5216 collocare,
2819 5154 2875 5204 et
2907 5150 3110 5205 eadem
3156 5154 3322 5204 nocte
3355 5149 3537 5221 depu-

1894 5243 2034 5300 tatis
2056 5241 2302 5308 clericis,
2319 5240 2377 5294 in
2402 5240 2638 5312 hymnis
2659 5244 2715 5295 et
2732 5238 3136 5311 spiritualibus
3159 5239 3403 5294 canticis
3420 5241 3544 5294 tota

1895 5336 2064 5388 nocte
2095 5329 2403 5404 pervigiles
2426 5328 2606 5400 jussit
2634 5345 2889 5394 manere,
2923 5333 2988 5384 ut
3041 5328 3189 5383 facto
3249 5345 3422 5383 mane
3469 5327 3542 5384 ad

1897 5420 2259 5494 episcopium
2291 5420 2554 5487 ejusdem
2589 5421 2749 5474 urbis
2781 5435 2910 5473 cum
2943 5418 3111 5473 laude
3143 5423 3199 5470 et
3230 5417 3415 5489 gloria
3444 5419 3544 5475 de-

1901 5515 2177 5583 portaret.

1972 5599 2278 5674 Presbyter
2295 5602 2512 5669 autem,
2537 5600 2633 5674 qui
2653 5600 2814 5673 prius
2830 5598 3062 5655 titulum
3088 5595 3387 5670 lapideum
3409 5598 3551 5658 scri-

3154 5725 3238 5812 ω
