3960 6216
499 284 655 345 1419

1612 281 1892 346 LEONIS
1939 280 2353 344 ATINENSIS
2395 283 2776 347 EPISCOPI.

3750 282 3889 349 1420

446 413 453 420 ’
498 422 663 489 ptum
688 416 1110 485 invenit,cujus
1130 418 1187 471 et
1213 414 1487 487 superius
1512 414 1853 469 memoriam
1877 413 2142 484 fecimus,
2176 413 2230 479 Α
2261 415 2365 469 bra
2396 415 2695 471 haberent.
2728 415 2987 481 Qualiter
3018 418 3213 471 autem
3242 413 3661 488 gloriosissimi
3727 416 3889 473 Marci

497 509 621 561 erat
648 508 786 559 tunc
818 505 875 558 in
899 502 1238 558 inﬁrmitate
1258 502 1423 557 valde
1446 501 1724 567 afflictus,
1746 502 1825 556 ita
1847 506 1911 557 ut
1932 502 2002 556 de
2026 503 2143 557 vita

497 594 869 663 desperaret;
893 591 992 662 qui
1026 596 1089 647 ut
1119 591 1239 646 haec
1274 591 1514 658 audivit,
1550 591 1713 646 misit
1744 590 2020 646 continuo
2067 591 2138 645 ad

496 695 629 735 eum
663 682 727 733 ut
756 679 1099 749 dignaretur
1119 680 1231 735 sibi
1257 697 1466 751 aquam
1493 679 1722 734 mittere
1744 680 1814 734 de
1838 695 1953 749 qua
1978 696 2143 733 sacra

496 766 764 823 abluerat
795 768 1062 839 pignora,
1097 785 1275 839 quam
1310 768 1596 824 medelam
1630 768 1702 823 ab
1762 784 1828 822 co
1886 769 2145 838 accipere

501 860 841 910 mereretur.
878 856 1045 911 Mane
1076 856 1274 927 itaque
1308 858 1456 911 facto
1489 872 1851 927 consurgens
1900 856 2146 910 antistes

499 944 806 999 admonuit
826 944 1103 1016 populum
1126 949 1187 999 ut
1207 945 1423 1016 pariter
1443 961 1574 999 cum
1596 962 1661 999 eo
1684 945 2075 1009 descenderet,
2094 948 2148 998 et

497 1049 633 1087 cum
664 1032 823 1086 omni
848 1032 1294 1087 honoriﬁcentia
1316 1035 1384 1087 ad
1410 1033 1807 1105 supradictam
1839 1032 2144 1087 ecclesiam

497 1121 672 1177 Marci
698 1122 1140 1177 sanctissimum
1164 1137 1375 1193 corpus
1397 1122 1757 1176 transferret.
1788 1121 2031 1174 lndutus
2053 1137 2149 1174 au-

497 1214 617 1264 tem
651 1199 835 1265 sacris
866 1210 1128 1265 vestibus
1158 1209 1334 1265 simul
1359 1227 1491 1264 cum
1518 1210 1803 1264 ministris
1826 1209 1923 1280 qui
1948 1225 2147 1264 secum

498 1298 745 1354 aderant
774 1315 906 1353 cum
933 1299 1210 1354 thuribus
1242 1303 1299 1354 et
1326 1299 1659 1370 ceraptatis,
1695 1304 1753 1353 et
1795 1314 1929 1353 cum
1988 1297 2148 1352 omni

499 1392 786 1459 apparatu
817 1387 1235 1454 ecclesiastico,
1264 1387 1406 1443 viris
1435 1391 1493 1442 et
1525 1386 1893 1452 mulieribus,
1955 1386 2151 1457 pueris

498 1479 556 1530 et
586 1475 818 1547 puellis,
854 1476 1116 1531 accensis
1148 1477 1350 1542 cereis,
1386 1476 1781 1547 impositaque
1819 1474 2044 1543 litania,
2078 1474 2149 1528 ad

496 1564 691 1618 locum
724 1566 989 1629 tetendit,
1023 1570 1079 1619 et
1115 1564 1296 1619 levato
1319 1564 1455 1618 inde
1478 1580 1739 1635 corpore,
1761 1567 1816 1617 et
1850 1563 1906 1616 in
1948 1562 2154 1629 lectiva

497 1654 847 1724 composito,
875 1652 1109 1707 laudem
1138 1653 1368 1707 Domini
1392 1653 1776 1715 decantando,
1796 1650 2053 1723 pervenit
2078 1650 2148 1706 ad

497 1741 807 1796 civitatem.
842 1742 949 1795 Sed
995 1746 1309 1812 antequam
1343 1741 1701 1813 episcopium
1732 1740 2150 1812 ingrederetur,

504 1830 810 1903 presbyter
826 1830 940 1895 ille,
959 1846 1133 1902 quem
1153 1828 1423 1900 superius
1438 1846 1581 1901 pene
1599 1834 1922 1894 mortuum,
1937 1846 2153 1883 memo-

500 1917 1114 1983 ravimus,incolumis
1136 1934 1267 1972 cum
1289 1917 1552 1973 accensis
1569 1917 1750 1972 cereis
1770 1917 1999 1972 obviam
2025 1934 2153 1971 san-

506 2012 595 2062 cto
618 2007 849 2062 advenit
879 2006 1383 2077 corpori,lauduns
1416 2010 1470 2060 et
1500 2006 1851 2060 benedicens
1884 2005 2150 2059 omnium

499 2097 893 2152 Conditorem.
920 2096 1243 2167 Episcopus
1266 2099 1460 2149 autem
1492 2099 1686 2166 grates
1713 2096 2032 2149 immensas
2060 2109 2152 2147 re-

500 2185 695 2240 ferens
714 2184 977 2241 omnium
1004 2183 1356 2255 redemptori
1376 2183 1620 2238 Domino
1636 2184 1771 2250 Deo,
1787 2182 2150 2255 episcopium

501 2274 762 2345 ejusdem
781 2272 1207 2345 antiquissimae
1228 2270 1553 2343 ingreditur
1569 2270 1729 2326 urbis
1750 2276 1807 2326 et
1828 2271 2151 2325 venerabile

506 2378 722 2433 corpus
754 2361 812 2416 in
847 2360 1210 2416 confessione
1232 2359 1331 2413 Dei
1364 2358 1676 2413 Genitricis
1709 2358 2027 2423 collocavit,
2051 2376 2150 2414 ex-

509 2455 780 2522 spectans
810 2453 875 2504 ut
907 2450 1016 2504 sibi
1047 2449 1417 2519 omnipotens
1436 2447 1589 2503 Deus
1620 2449 1926 2503 ostendere
1956 2449 2153 2520 digna-

508 2542 668 2594 retur
698 2537 890 2594 locum
922 2553 1097 2609 quem
1129 2537 1240 2593 sibi
1272 2540 1472 2608 aptum
1510 2536 1762 2608 placeret
1819 2537 1889 2591 ad
1950 2552 2150 2592 recon-

501 2627 725 2683 dendas
757 2626 904 2698 reliq
917 2625 1045 2682 uias
1074 2626 1456 2682 venerandae.

574 2718 790 2772 Eodem
823 2731 1064 2788 quoque
1095 2715 1186 2770 die
1218 2731 1333 2784 quo
1362 2718 1630 2769 sanctum
1662 2714 1839 2770 Marci
1897 2714 2151 2771 levatum

503 2810 593 2862 est
633 2822 869 2876 corpus,
930 2804 1143 2859 accidit
1201 2807 1266 2857 ut
1323 2802 1457 2857 inde
1514 2804 1779 2873 quaedam
1836 2803 2154 2859 sanctimo-

506 2892 680 2949 nialis
712 2892 1010 2958 transiret,
1047 2897 1102 2946 et
1132 2892 1273 2946 dum
1315 2891 1546 2961 longius
1592 2891 1674 2946 ire
1732 2896 2041 2964 satageret,
2093 2898 2157 2947 ut

507 2981 729 3037 audivit
758 2981 866 3035 hoc
898 2981 1138 3046 factum,
1200 2980 1473 3034 eumdem
1533 2979 1769 3036 divertit
1822 2982 1879 3035 in
1938 2980 2151 3049 locum,

505 3074 563 3127 et
595 3070 737 3125 dum
787 3084 848 3124 se
906 3084 1090 3140 prona
1142 3073 1532 3139 prosterneret
1590 3074 1857 3124 sanctum
1915 3070 2156 3125 adorare

2254 504 2527 574 martyris
2549 508 2725 577 caput
2748 504 3049 561 inventum
3083 507 3191 572 est,
3228 503 3459 561 silentio
3490 522 3606 561 non
3638 508 3737 561 est
3760 521 3893 576 pras-

2254 594 2622 648 tereundum.
2657 594 2804 648 Nam
2849 595 3103 664 quadam
3162 596 3327 649 nocte
3356 593 3588 650 cuidam
3620 597 3889 651 veterano

2254 681 2588 751 presbytero
2614 681 2947 749 dormienti,
2982 686 3045 736 ut
3076 683 3199 754 ipse
3228 682 3512 738 hactenus
3542 685 3774 749 narrat,
3801 698 3895 738 vox

2256 770 2407 822 facta
2427 774 2536 835 est,
2569 769 2775 825 dicens
2802 788 2815 825 :
2854 793 2879 819 ‹‹
2899 771 3103 842 Snrge,
3126 775 3183 826 et
3206 770 3327 826 noli
3359 771 3636 826 dormire.
3666 793 3696 820 »
3721 773 3794 825 At
3814 771 3895 825 ille

2257 858 2749 929 exspergefactus,
2784 860 3027 930 putabat
3053 876 3113 915 se
3144 874 3177 914 a
3208 876 3313 914 suo
3346 860 3504 915 socio
3545 860 3646 931 qui
3711 875 3896 914 secum

2259 945 2597 1000 morabatur
2628 947 2682 1000 in
2718 946 2843 1001 loco
2887 947 3098 1014 vocari,
3154 952 3213 1003 et
3270 948 3411 1002 dum
3470 948 3898 1003 sciscitaretur:

2265 1054 2284 1079 α
2317 1035 2501 1097 Quare
2523 1034 2552 1087 ‘I
2583 1054 2610 1083 ››
2635 1039 2690 1089 et
2722 1051 2892 1089 nemo
2915 1034 3024 1089 sibi
3048 1036 3446 1106 responderet,
3469 1037 3684 1091 iterum
3713 1036 3904 1091 obdor-

2258 1121 2445 1187 mivit,
2479 1127 2533 1176 et
2564 1123 2812 1176 necdum
2846 1128 3043 1194 aperte
3076 1123 3395 1189 dormiens,
3428 1125 3617 1181 denuo
3657 1141 3777 1180 vox
3813 1141 3902 1181 au-

2258 1209 2379 1263 dita
2398 1213 2503 1276 est,
2526 1210 2808 1266 dicensad
2828 1228 2963 1267 eum
2993 1230 3005 1266 :
3035 1235 3055 1260 α
3081 1211 3210 1267 Noli
3234 1219 3353 1268 tam
3378 1212 3544 1285 piger
3560 1229 3717 1279 esse,
3744 1229 3907 1285 surge

2257 1302 2313 1351 et
2344 1297 2397 1351 in
2434 1297 2645 1369 angulo
2678 1298 2856 1370 hujus
2888 1299 3142 1355 basilicae
3165 1317 3359 1372 quaere
3377 1301 3755 1358 thesaurum.
3784 1324 3813 1350 »
3835 1304 3907 1357 At-

2258 1384 2477 1440 tonitus
2509 1390 2705 1441 autem
2740 1388 3044 1460 presbyter
3063 1387 3181 1455 ille,
3206 1393 3263 1443 et
3283 1389 3587 1446 admirans
3610 1405 3828 1447 seeum
3850 1390 3907 1445 de

2257 1474 2479 1528 visione
2497 1474 2667 1545 cmpit
2689 1479 2968 1543 tractare;
2992 1476 3093 1531 sed
3117 1482 3433 1548 antequam
3453 1479 3523 1533 de
3544 1477 3770 1534 lectulo
3795 1495 3906 1534 sur-

2262 1570 2436 1633 geret,
2463 1562 2787 1618 consimilis
2814 1564 2983 1618 tertia
3014 1565 3213 1619 audita
3234 1568 3323 1619 est
3343 1582 3451 1620 vox
3472 1566 3830 1639 praecipiens
3856 1574 3910 1622 ut

2261 1650 2537 1704 continuo
2570 1656 2855 1722 surgeret,
2886 1657 2943 1707 et
2971 1652 3220 1708 ulterius
3251 1654 3322 1708 de
3351 1653 3573 1710 visione
3602 1672 3729 1711 non
3751 1656 3907 1711 dubi-

2262 1741 2428 1791 taret.
2463 1739 2626 1792 Tunc
2659 1740 2960 1811 presbyter
2982 1740 3149 1797 laetus
3170 1742 3432 1809 effectus,
3458 1747 3803 1817 putansque
3823 1760 3910 1816 pe-

2260 1826 2493 1880 cuniam
2527 1828 2743 1883 certius
2775 1828 3050 1884 invenire.
3087 1830 3332 1886 festinus
3362 1832 3630 1899 surrexit,
3651 1837 3713 1888 et
3740 1833 3910 1889 ferra-

2261 1919 2460 1969 mentu
2472 1930 2525 1968 m
2541 1920 2679 1987 aptu
2691 1932 2744 1970 m
2760 1917 2830 1971 ad
2846 1933 3049 1989 vepres
3063 1918 3414 1974 scindendas
3428 1919 3909 1993 arripiens,quasi

2261 2002 2547 2058 divinitus
2569 2005 2637 2057 ad
2664 2005 2853 2060 locum
2881 2007 3163 2077 pervenit,
3186 2012 3244 2063 et
3262 2024 3465 2079 vepres
3489 2007 3707 2080 quibus
3761 2008 3912 2066 locus

2260 2092 2585 2161 tegebatur,
2619 2093 2889 2161 abscidit,
2924 2095 3177 2167 atquein
3202 2095 3329 2167 ipso
3351 2094 3567 2169 angulo
3588 2097 3646 2152 in
3671 2097 3911 2153 modum

2260 2180 2511 2252 capsula:
2535 2180 2791 2236 loculum
2828 2184 3043 2239 factum
3076 2184 3315 2251 invenit,
3343 2201 3516 2257 quem
3542 2186 3752 2241 statim
3780 2202 3907 2258 ape-

2262 2268 2399 2331 ruit,
2422 2274 2478 2323 et
2497 2270 2790 2325 invenitin
2815 2287 2880 2326 eo
2907 2278 3081 2344 caput
3114 2273 3520 2347 gloriosissiml
3557 2274 3744 2331 Marci
3766 2290 3909 2330 mar-

2259 2356 2401 2427 tyris
2434 2358 2612 2413 simul
2646 2359 2824 2415 clavis
2855 2361 3045 2417 affixis
3075 2378 3210 2417 cum
3243 2362 3461 2434 quibus
3492 2363 3661 2435 impii
3687 2363 3907 2419 crucia-

2260 2451 2461 2500 verant
2490 2446 2678 2515 illum,
2704 2455 2758 2502 et
2790 2450 3059 2520 quamvis
3089 2451 3243 2522 quod
3304 2455 3607 2523 putaverat
3672 2452 3909 2507 minime

2261 2534 2775 2599 inveniret,tamen
2790 2538 3003 2609 gaudio
3038 2554 3251 2610 magno
3280 2537 3907 2611 gavisus,la2tabundus

2263 2624 2331 2677 ad
2357 2623 2697 2696 episcopum
2720 2625 2896 2688 venit,
2910 2629 2968 2682 et
2986 2630 3197 2682 cuncta
3213 2628 3341 2699 quae
3361 2627 3583 2684 viderat
3599 2627 3903 2684 emanavit.

2265 2713 2472 2784 Magno
2506 2713 2703 2785 itaque
2732 2714 2946 2785 gaudio
2979 2714 3237 2787 repletus
3269 2719 3358 2771 est
3386 2715 3715 2788 episcopus,
3748 2721 3814 2772 ut
3862 2715 3905 2771 si

2263 2803 2462 2857 decem
2495 2801 2681 2856 millia
2711 2802 2835 2857 auri
2866 2802 3084 2859 talenta
3114 2804 3451 2874 invenisset,
3473 2819 3587 2861 non
3605 2809 3728 2861 tam
3746 2804 3903 2861 laetus

2266 2891 2594 2945 efﬁceretur
2623 2907 2801 2962 quam
2836 2893 2908 2948 de
2940 2892 3049 2947 hoc
3079 2893 3267 2964 capite
3293 2893 3482 2949 sancti
3510 2894 3811 2967 martyris,
3856 2898 3904 2948 et

2265 2977 2398 3033 licet
2427 2978 2547 3033 haec
2576 2979 2724 3034 visio
2754 2996 2867 3035 non
2902 2981 3119 3036 certius
3180 2997 3395 3038 nomen
3448 2982 3620 3038 istius
3679 2980 3900 3038 Domini

2264 3067 2490 3123 athletze
2514 3067 2889 3133 declarasset,
2914 3069 3010 3124 ille
3031 3074 3229 3125 tamen
3259 3071 3591 3126 afﬁrmabat
3631 3072 3775 3143 quia
3802 3071 3900 3126 hoc

506 3156 864 3229 sepulcrum,
944 3156 1219 3228 respexit,
1298 3160 1355 3210 et
1444 3173 1575 3211 ecce
1650 3157 1936 3229 particula
2021 3157 2151 3212 reli-
2182 3145 2225 3212 C
2266 3159 2355 3210 cst
2385 3156 2743 3211 sanctissimi
2777 3158 3049 3229 martyris
3078 3163 3275 3230 caput,
3304 3163 3362 3214 et
3402 3158 3503 3215 Dei
3546 3157 3900 3232 providentia

506 3245 779 3318 quiarum
847 3246 905 3301 in
965 3245 1156 3313 medio
1201 3244 1428 3314 jacens,
1510 3245 1711 3301 furtim
1789 3244 2019 3314 levavit,
2098 3251 2155 3301 et

507 3335 707 3408 gavisa
776 3333 991 3407 gaudio
1059 3349 1294 3405 magno,
1353 3351 1554 3390 secum
1627 3338 1857 3406 portare
1929 3334 2149 3402 voluit;

505 3441 635 3497 qua:
658 3424 799 3479 dum
818 3440 932 3479 non
957 3422 1125 3494 longe
1146 3422 1217 3476 ab
1243 3422 1485 3478 ecclesia
1505 3427 1678 3488 esset,
1697 3428 2006 3494 antequam
2030 3439 2151 3495 per-

504 3513 809 3591 veniretad
830 3512 1042 3568 vadum
1067 3510 1567 3575 ﬁuminis,tantus
1588 3511 1763 3567 timor
1778 3512 2148 3577 invasiteam,

504 3607 570 3677 ut
590 3619 695 3659 nec
715 3606 867 3659 retro
886 3618 989 3657 nec
1011 3605 1145 3656 ante
1168 3605 1363 3672 posset
1384 3600 1700 3673 aliquando
1722 3600 2031 3657 declinare.
2049 3601 2151 3656 Re-

502 3693 741 3749 cordata
765 3695 961 3747 autem
994 3689 1183 3746 sancti
1214 3690 1487 3763 martyris
1519 3691 1923 3763 reliquiarum,
1964 3690 2149 3745 conti-

501 3797 619 3837 nuo
649 3780 921 3836 sericium
948 3779 1139 3835 velum
1162 3796 1278 3850 quo
1299 3779 1960 3853 caputtegebaturtulit,
1982 3785 2038 3834 et
2058 3780 2145 3834 in-

498 3868 826 3925 volvensibi
849 3872 1054 3923 sancta
1075 3867 1320 3939 pignora
1342 3868 1567 3924 remisit
1582 3870 1653 3924 ad
1676 3886 1909 3940 corpus,
1934 3872 1992 3923 et
2013 3884 2147 3924 mox

498 3958 668 4031 quasi
691 3975 724 4014 a
753 3955 1001 4014 vinculis
1032 3956 1323 4023 absoluta,
1357 3963 1609 4029 coeptum
1634 3958 1856 4030 peregit
1878 3957 2003 4013 iter.
2026 3957 2147 4013 Coe-

494 4049 583 4121 pit
618 4047 831 4104 dehinc
853 4045 1099 4102 antistes
1129 4044 1503 4101 vehementer
1532 4046 1801 4101 haesitare
1831 4046 1972 4117 quid
2011 4046 2145 4101 inde

495 4138 727 4202 faceret,
751 4135 840 4191 vel
873 4136 931 4190 in
965 4151 1082 4207 quo
1115 4134 1239 4190 loco
1271 4150 1406 4190 eum
1439 4139 1761 4207 reponeret,
1792 4140 1895 4190 aut
1923 4136 1971 4189 si
2030 4134 2141 4190 sibi

490 4224 787 4296 propriam
808 4225 1048 4278 domum
1068 4226 1458 4291 construeret;
1475 4227 1531 4278 et
1546 4224 1688 4279 dum
1712 4223 1831 4278 hac
1846 4226 2139 4292 tractaret,

491 4312 679 4369 adfuit
709 4312 957 4368 dilectus
977 4311 1203 4367 Domini
1218 4312 1449 4367 Marcus
1474 4312 1533 4366 in
1559 4312 1783 4368 somnis
1803 4313 2034 4367 cuidam
2058 4328 2143 4368 re-

492 4402 716 4475 ligiosa:
730 4401 981 4467 feminae,
1001 4400 1229 4457 dicens:
1252 4402 1447 4455 «Vade
1466 4405 1520 4455 et
1536 4400 1629 4456 die
1640 4400 1934 4473 episcopo,
1957 4401 2138 4456 anim-

491 4491 756 4547 advertat
786 4489 1113 4563 diligenter,
1148 4492 1207 4544 et
1242 4492 1508 4578 nostrum
1539 4490 1834 4545 evidenter
1890 4506 2139 4562 perpen-
2168 4513 2216 4578 Β

490 4581 591 4637 dat
605 4579 885 4637 honorem
905 4597 917 4647 ;
938 4579 1077 4651 quia
1093 4577 1304 4632 domus
1328 4577 1398 4632 de
1415 4594 1529 4649 qua
1546 4582 1812 4632 nostrum
1830 4578 1968 4634 tulit
1987 4597 2141 4635 nunc

486 4686 722 4742 corpus,
759 4669 940 4725 nostri
972 4666 1211 4723 honoris
1241 4682 1419 4721 causa
1450 4665 1693 4722 mirifice
1713 4668 1933 4723 exstitit
1954 4667 2131 4736 facta;

485 4744 1046 4833 quapropter‘zedem
1072 4754 1368 4828 propriam
1386 4770 1604 4826 quaero,
1623 4756 1776 4827 quod
1805 4756 1854 4812 si
1877 4755 2138 4827 neglexe-

481 4848 559 4903 rit
588 4848 795 4908 facere,
829 4846 979 4901 sciat
1008 4860 1070 4899 se
1101 4843 1210 4901 hoc
1241 4859 1395 4899 anno
1437 4843 1694 4916 periculo
1744 4845 2065 4917 subjacere.
2099 4868 2128 4897 »

477 4935 596 4991 Hoc
625 4934 847 5000 audito,
878 4933 1188 5005 episcopus
1221 4931 1467 5003 expavit,
1501 4937 1559 4988 et
1584 4932 1655 4989 de
1677 4933 1897 4990 visione
1920 4934 2000 4989 nil
2023 4935 2131 4990 du-

478 5024 725 5093 bitabat,
759 5021 1038 5094 quoniam
1070 5020 1283 5076 mulier
1311 5020 1412 5076 illa
1439 5023 1713 5079 timorata
1750 5022 1948 5089 nimis,
2003 5040 2129 5096 quae

476 5112 724 5171 viderat.
759 5126 894 5166 cum
918 5110 1259 5180 juramento
1289 5108 1537 5165 terribili
1568 5110 1917 5167 afﬁrmabat.
1941 5111 2129 5167 Colla-

476 5200 636 5256 tione
658 5200 856 5270 itaque
880 5197 1032 5254 facta
1053 5215 1185 5254 cum
1210 5197 1357 5266 suis,
1391 5197 1451 5253 in
1481 5197 1606 5254 loco
1638 5215 1752 5270 quo
1799 5199 1911 5255 sibi
1969 5216 2128 5255 com-

477 5287 677 5361 paruit
706 5287 905 5342 statim
937 5289 1010 5343 ad
1038 5286 1460 5359 perﬁciendum
1493 5303 1639 5358 opus
1686 5287 1859 5360 cmpit
1915 5288 2125 5344 funda-

476 5378 677 5434 menta
698 5374 941 5442 jactare.
968 5375 1080 5430 Sed
1106 5392 1218 5431 non
1238 5375 1461 5448 absque
1480 5374 1677 5430 divino
1699 5380 1844 5430 nutu
1868 5376 2040 5433 citius
2063 5381 2127 5434 ut

476 5459 806 5519 wstimabat
826 5461 1153 5532 complevit.
1169 5462 1316 5518 Nam
1339 5461 1515 5520 sisibi
1535 5461 1706 5528 Deus,
1723 5467 1787 5519 ut
1805 5468 2120 5536 optaverat,

476 5546 759 5609 tribueret
779 5545 1130 5620 facultatem,
1148 5550 1391 5608 forsitan
1411 5549 1585 5609 hodie
1601 5567 1717 5609 non
1740 5556 1917 5628 caput
1938 5571 2122 5615 mem-

2262 3249 2617 3300 reservatum
2646 3263 2658 3312 ;
2690 3262 2760 3301 ne
2790 3261 3000 3317 corpus
3029 3246 3251 3317 absque
3280 3247 3466 3319 capite
3525 3247 3891 3304 conderetur.

2261 3335 2425 3388 Anno
2448 3333 2642 3405 itaque
2664 3334 2972 3406 completo,
2992 3338 3399 3391 consummata
3428 3334 3677 3391 ecclesia
3696 3335 3765 3392 in
3785 3337 3897 3407 ejus

2261 3420 2500 3488 honore,
2532 3428 2589 3477 et
2612 3422 2797 3494 capite
2820 3424 3027 3492 juncto
3059 3424 3287 3494 corpori
3309 3438 3537 3478 summa
3566 3439 3707 3479 cum
3754 3440 3894 3480 reve-

2260 3511 2445 3565 rentia
2466 3515 2555 3566 est
2569 3512 2734 3567 tertio
2756 3511 2948 3567 Nonas
2963 3510 3226 3568 Octobris
3246 3511 3586 3567 solemniter
3605 3512 3896 3580 dedicata;

2259 3598 2494 3671 scripsit
2515 3604 2709 3655 autem
2736 3604 2793 3655 et
2824 3598 3061 3656 titulum
3091 3599 3385 3672 lapideum
3422 3604 3488 3655 ut
3518 3599 3800 3672 priorem,
3849 3604 3896 3656 et

2249 3688 2421 3757 juxta
2450 3687 2641 3743 locum
2676 3689 2870 3760 posuit
2901 3688 3296 3744 continentem
3327 3688 3437 3743 hoc
3470 3689 3679 3745 modo:

2330 3778 2425 3831 llic
2446 3784 2659 3847 martyr
2684 3793 2926 3849 magnus
2954 3779 3245 3848 requiescit
3274 3792 3494 3847 corpore
3522 3780 3777 3845 Marcus,

2400 3864 2549 3933 Quod
2571 3865 2849 3920 tribuente
2879 3866 2986 3920 Deo
3016 3864 3261 3921 condidit
3277 3881 3394 3921 ecce
3421 3866 3523 3921 Leo

2327 3955 2543 4011 Praesul
2573 3956 2871 4022 Atinensis,
2898 3956 3040 4027 lapis
3071 3955 3159 4010 hic
3185 3956 3293 4011 erit
3314 3958 3366 4010 et
3392 3955 3505 4010 sibi
3528 3956 3701 4011 testis.

2324 4042 2627 4097 Inventum
2655 4047 2744 4097 est
2772 4048 2970 4099 autem
3011 4047 3170 4099 sexto
3197 4042 3423 4098 decimo
3456 4040 3750 4100 Kalendas
3779 4048 3891 4099 Au-

2251 4130 2429 4202 gusti,
2463 4147 2617 4186 anno
2649 4131 3397 4188 Dominicaaincarnationis
3418 4130 3734 4189 millesimo
3759 4148 3888 4205 qua-

2250 4219 2582 4291 dragesimo
2613 4224 2794 4275 sexto.
2820 4220 2955 4275 Erat
2976 4224 3172 4276 autem
3193 4224 3333 4276 tunc
3354 4221 3644 4277 immensa
3664 4221 3888 4278 siccitas

2249 4325 2428 4380 super
2454 4313 2693 4375 terram,
2724 4308 2805 4363 ita
2835 4312 2897 4363 ut
2920 4308 3159 4381 plurimi
3177 4324 3246 4365 ex
3267 4308 3484 4383 populo
3514 4308 3888 4369 crederentﬁ-

2249 4414 2381 4453 nem
2411 4398 2616 4453 adesse
2647 4398 2873 4464 mundi,
2900 4414 2965 4453 eo
2998 4397 3153 4469 quod
3185 4398 3454 4454 incendia
3472 4403 3529 4454 et
3549 4397 3740 4472 caligo
3770 4416 3885 4455 ma-

2246 4501 2363 4558 gna
2383 4490 2570 4541 totum
2592 4485 2927 4541 invaserant
2949 4486 3172 4541 orbem.
3198 4486 3345 4542 Nam
3364 4487 3559 4543 herba:
3581 4487 3780 4561 campi
3798 4488 3884 4543 de-

2251 4576 2528 4643 fecerant,
2559 4574 2805 4630 virentia
2834 4579 3047 4630 cuncta
3077 4575 3382 4631 ardebant.
3416 4576 3478 4631 In
3510 4575 3640 4648 ipso
3698 4581 3880 4635 autem

2247 4663 2505 4736 periculo
2536 4664 2807 4737 apparuit
2838 4662 3088 4720 dilectus
3119 4664 3351 4720 Domini
3384 4667 3610 4720 Marcus
3656 4666 3879 4722 cuidam

2244 4753 2674 4809 sanctimoniali
2699 4752 2945 4820 feminae,
2970 4752 3245 4824 praeclaro
3266 4752 3454 4822 vultu,
3479 4752 3653 4825 longo
3683 4758 3748 4810 et
3767 4751 3877 4827 pul-

2242 4841 2381 4897 chro
2410 4858 2670 4914 corpore,
2699 4842 2876 4897 barba
2904 4847 2963 4897 et
2982 4841 3169 4914 capite
3196 4841 3470 4910 candido,
3502 4841 3773 4915 dixitque
3800 4841 3875 4898 ei:

2241 4953 2269 4980 ‹‹
2301 4935 2503 5003 Surge,
2535 4935 2593 4987 et
2621 4930 2713 4985 dic
2744 4930 3013 5003 episcopo
3035 4947 3215 5002 quare
3237 4947 3450 5003 corpus
3472 4934 3745 4990 nostrum
3765 4937 3876 4988 tan-

2239 5018 2339 5073 diu
2368 5018 2579 5074 retinet
2607 5035 2784 5091 super
2801 5022 3015 5074 terram
3033 5018 3061 5072 ‘I
3081 5020 3222 5074 Ecce
3236 5021 3361 5090 jam
3385 5020 3599 5076 domus
3620 5020 3774 5078 mihi
3790 5035 3875 5093 pa-

2238 5111 2362 5162 rata
2394 5111 2502 5175 est,
2540 5107 2680 5179 quid
2713 5107 3023 5163 moratur?
3046 5108 3319 5178 Nunquid
3343 5124 3456 5163 non
3496 5108 3683 5164 cernit
3737 5106 3873 5184 quod

2236 5195 2489 5267 populus
2511 5196 2773 5253 siccitate
2802 5195 3163 5267 periclitatur
3182 5197 3209 5249 ?
3229 5194 3387 5252 Sciat
3407 5196 3665 5268 profecto
3682 5192 3871 5270 quissi

2235 5302 2445 5356 corpus
2478 5303 2673 5341 meum
2702 5285 2975 5341 redditur
3005 5284 3200 5352 terris,
3224 5285 3424 5340 statim
3465 5301 3617 5357 aqua
3648 5282 3869 5344 Domini

2234 5373 2513 5430 beneﬁcio
2544 5378 2665 5430 tota
2690 5377 2845 5430 terra
2874 5373 3116 5446 rigatur.
3152 5396 3181 5424 κ
3234 5373 3405 5429 Facto
3461 5374 3662 5446 itaque
3719 5386 3870 5433 mane

2232 5463 2488 5520 surrexit
2519 5462 2757 5530 femina,
2791 5467 2849 5518 et
2889 5478 3017 5535 quae
3048 5462 3274 5518 viderat
3303 5460 3617 5519 intimavit.
3663 5470 3741 5522 At
3787 5462 3866 5520 ille

2232 5553 2501 5611 haesitare
2531 5552 2705 5628 cmpit
2734 5551 2875 5628 quid
2902 5554 3128 5629 ageret;
3161 5551 3494 5611 decreverat
3517 5552 3679 5613 enim
3702 5572 3771 5617 eo
3787 5552 3863 5613 die
