3960 6216
105 364 230 430 im

1034 359 1134 421 DE
1178 358 1656 424 INVEN-TIONE
1701 360 2083 426 CORPORIS
2129 362 2198 424 B.
2239 363 2506 428 MARCI.

3318 352 3475 430 M22

103 516 199 573 quo
223 508 422 567 corpus
468 488 773 547 inventum
827 491 1034 559 fuerat,
1088 491 1390 548 basilicam
1424 494 1711 548 dedicare.
1745 497 1797 562 Α
1828 501 1958 550 ante
1990 514 2221 551 sacrum
2256 496 2550 552 tumulum
2587 496 2856 552 ﬁebiliter
2877 497 3189 553 Dominum
3214 502 3473 572 rogando

101 590 227 646 Nam
254 582 497 640 ﬁdeliter
523 579 780 653 populus
803 580 1054 637 irrueret
1083 597 1262 653 super
1290 598 1446 650 eum,
1476 583 1676 638 dicens
1702 600 1714 638 :

105 700 128 730 ‹‹
153 675 416 733 Nolumus
439 672 566 742 jam
591 669 696 724 tibi
724 669 980 741 amplius
1014 671 1268 738 credere,
1305 671 1354 726 si
1395 670 1514 726 haec
1548 672 1716 727 bene-

100 766 212 823 ﬁcia
227 781 257 820 a
275 763 384 819 Deo
411 760 582 816 nobis
602 759 899 832 promissa
923 759 1214 815 retardare
1235 759 1511 816 volueris.
1533 783 1560 809 »
1579 761 1718 815 San-

99 849 418 912 ctimonialis
444 853 640 905 autem
672 847 895 904 femina
920 864 1056 903 cum
1081 849 1422 918 juramento
1454 849 1718 904 afﬁrma-

98 944 214 1000 bat:
253 963 278 991 ‹‹
311 939 399 994 Me
429 936 489 993 in
517 936 790 993 custodia
818 936 1083 1007 retinete,
1117 939 1175 992 et
1204 941 1474 993 sanctum
1507 955 1717 1010 corpus

99 1029 292 1088 reddite
337 1025 740 1099 sepulturm,et
755 1023 804 1080 si
830 1024 1001 1080 tertia
1022 1025 1114 1080 die
1133 1024 1393 1096 pluviam
1410 1042 1528 1080 non
1547 1025 1717 1082 habe-

100 1121 184 1190 tis,
203 1118 317 1174 sine
338 1131 502 1172 mora
525 1131 722 1170 meum
745 1118 923 1186 caput
944 1114 1306 1170 detruncate.
1337 1136 1362 1162 »
1386 1114 1717 1169 Convictus-

101 1213 268 1264 autem
296 1210 412 1261 tam
463 1202 729 1259 mulieris
777 1202 1204 1259 assertionibus
1247 1219 1424 1273 quam
1455 1203 1630 1257 etiam
1661 1206 1718 1258 et

96 1295 266 1370 populi
295 1291 827 1366 objurgationibus,
861 1295 1071 1363 quarta
1101 1289 1371 1347 videlicet
1422 1290 1564 1347 feria
1594 1290 1717 1363 ipse

97 1401 208 1442 cum
233 1381 542 1456 aliquantis
584 1381 656 1436 de
706 1380 920 1453 pepulo
960 1380 1271 1451 jejunavit,
1316 1384 1375 1435 et
1423 1396 1555 1434 cum
1589 1396 1716 1435 sero

96 1477 244 1540 esset,
265 1471 405 1544 ipsis
431 1469 576 1526 solis
605 1468 798 1526 locum
823 1469 1167 1534 scientibus,
1193 1469 1474 1524 secretius
1506 1485 1716 1539 corpus

96 1561 344 1628 humavit,
376 1562 554 1631 atque
585 1563 794 1614 cuncto
817 1557 1032 1630 populo
1060 1554 1214 1612 diem
1239 1557 1586 1612 sacrationis
1617 1557 1715 1612 de-

97 1649 372 1707 nuntiavit.
429 1648 792 1718 Factumque
844 1650 933 1701 est
963 1649 1029 1700 ut
1057 1645 1151 1700 die
1183 1643 1282 1700 illo
1329 1644 1625 1712 transiret,
1660 1649 1716 1700 et

97 1739 230 1794 sicut
251 1737 452 1794 mulier
473 1735 829 1809 repromisit,
851 1735 968 1790 alia
989 1735 1082 1790 die
1099 1737 1320 1789 tantam
1343 1734 1714 1806 omnipotens

95 1827 223 1884 Deus
251 1844 345 1900 pro
368 1826 590 1882 honore
621 1824 712 1880 sui
745 1824 940 1879 dilecti
975 1823 1252 1895 martyris
1275 1823 1561 1878 concessit
1591 1822 1714 1894 plu-

94 1917 243 1984 viam,
269 1921 329 1972 ut
351 1915 548 1972 subito
580 1917 705 1969 tota
725 1917 880 1968 terra
911 1929 1064 1985 aqua
1086 1912 1597 1968 abundantissime
1627 1928 1710 1966 re-

97 2004 334 2075 pleretur.
365 2005 450 2060 Ad
484 2003 604 2058 haec
637 2006 758 2058 tota
789 2001 992 2057 civitas
1019 2001 1270 2067 lmtatur,
1294 2001 1433 2072 quia
1463 2000 1518 2055 id
1552 2000 1706 2071 quod

95 2097 376 2166 optaverat,
407 2091 536 2148 sine
568 2108 733 2146 mora
763 2091 1016 2146 tenebat.

153 2181 618 2238 Pristermisimus
639 2183 836 2235 autem
861 2195 1140 2251 magnum
1156 2179 1580 2250 etstupendum
1605 2177 1710 2232 mi-

93 2269 326 2326 raculum
357 2270 514 2343 quod
565 2269 934 2341 omnipotens
978 2269 1132 2323 Deus
1182 2268 1384 2322 eodem
1427 2267 1539 2333 die,
1573 2283 1706 2320 cum

94 2358 258 2414 adhuc
286 2364 516 2416 sanctas
550 2357 825 2430 reliquias
852 2355 1125 2412 manibus
1145 2360 1402 2411 versaret
1428 2356 1704 2426 pontifex,

93 2449 285 2518 operari
311 2449 589 2521 dignatus
611 2450 718 2503 est.
745 2447 890 2501 Nam
914 2446 1055 2500 dum
1083 2444 1322 2516 quidam
1339 2444 1577 2515 juvenis
1595 2443 1706 2498 ari-

94 2536 208 2591 dam
237 2554 470 2593 manum
501 2537 724 2592 habens
753 2533 1170 2607 superveniret,
1204 2537 1262 2588 et
1290 2534 1349 2588 in
1383 2532 1574 2588 medio
1597 2533 1706 2587 cir-

93 2626 482 2682 cumstantium
513 2624 712 2698 populi
736 2641 797 2680 se
823 2623 1128 2694 objiciens,
1159 2621 1520 2694 prospiciens
1552 2622 1708 2692 quod

93 2713 366 2788 episcopus
395 2712 815 2786 languentibus
837 2729 1049 2784 aquam
1075 2712 1145 2768 de
1168 2727 1284 2783 qua
1306 2727 1481 2766 sacrae
1503 2710 1706 2765 ablue—

92 2801 275 2858 bantur
309 2803 566 2876 reliquiaa
615 2802 686 2857 ad
710 2802 1032 2874 potandum
1076 2801 1417 2872 porrigeret,
1451 2799 1624 2871 caapit
1651 2803 1710 2854 et

90 2890 195 2962 ipse
214 2892 375 2964 plena
394 2893 510 2948 ﬁde
530 2892 855 2963 devotaque
883 2895 1075 2946 mente
1098 2889 1394 2962 postulare
1417 2893 1709 2960 quatenus

91 2979 131 3035 ei
148 2998 239 3052 pro
250 2981 502 3038 remedio
522 2998 639 3036 suae
663 2979 867 3037 salutis
885 2979 1228 3052 dignaretur
1248 2977 1360 3034 sibi
1381 2977 1706 3050 porrigere;

89 3068 170 3140 qui
197 3071 384 3126 statim
412 3074 649 3142 accepto
677 3068 913 3125 vasculo
946 3068 1259 3134 benedixit,
1291 3067 1461 3138 eique
1499 3067 1568 3121 ad
1605 3083 1708 3138 po-

89 3159 305 3216 tandum
333 3159 609 3234 porrexit.
642 3159 750 3214 Sed
783 3158 982 3214 statim
1015 3161 1079 3213 ut
1096 3158 1165 3212 ad
1199 3174 1262 3212 os
1293 3156 1453 3211 illius
1484 3154 1708 3211 exstitit

87 3248 457 3321 propinatum,
483 3247 678 3303 divina
700 3247 923 3302 favente
945 3247 1153 3320 gratia,
1174 3245 1328 3302 illico
1349 3261 1559 3300 manus
1581 3245 1710 3315 ejus

88 3333 372 3395 incolumis
404 3337 656 3404 reddita,
705 3335 983 3392 haustum
1036 3335 1337 3391 vasculum
1390 3353 1424 3390 a
1470 3334 1704 3406 proprio

87 3439 168 3481 ore
194 3427 450 3484 removit.
483 3426 622 3483 Viso
671 3428 865 3482 autem
916 3430 1077 3480 tanto
1118 3424 1400 3480 miraculo
1431 3421 1706 3479 admirati

84 3521 361 3588 coeperunt
389 3532 599 3572 omnes
624 3513 948 3588 gloriﬁcare
994 3513 1477 3586 omnipotentiam
1508 3511 1704 3568 Salva-

83 3604 207 3660 toris
233 3605 333 3677 qui
369 3609 537 3661 tanta
564 3604 622 3660 in
653 3603 746 3661 his
776 3603 1000 3660 ultimis
1023 3603 1230 3659 diebus
1249 3603 1321 3658 ad
1353 3603 1704 3657 conﬁrman-

83 3691 206 3749 dum
235 3694 501 3752 ﬁdelium
552 3697 777 3751 mentes
831 3691 1115 3750 miracula
1164 3691 1390 3764 operari
1431 3692 1706 3764 dignatus

83 3785 175 3838 est.

144 3871 411 3930 Praesenti
445 3888 679 3946 quoque
710 3889 884 3940 anno,
908 3871 1047 3944 quid
1072 3872 1130 3926 in
1161 3871 1270 3928 hac
1291 3871 1431 3926 urbe
1451 3869 1710 3926 clemens

80 3956 345 4019 Dominus
375 3963 534 4036 apud
568 3961 726 4017 illius
768 3959 1273 4018 venerabilissima
1305 3961 1546 4032 pignora
1575 3976 1711 4031 ope-

84 4048 185 4102 rari
212 4051 489 4124 dignatus
519 4055 629 4120 est,
659 4049 892 4106 silentio
925 4050 1394 4122 prmtereundum
1451 4066 1565 4104 non
1597 4053 1708 4106 est.

84 4135 215 4194 Nam
239 4139 377 4196 dum
412 4140 722 4211 cujusdam
757 4139 905 4195 fabri
931 4138 1052 4193 ﬁlia
1071 4139 1142 4193 ab
1165 4137 1405 4209 antiquo
1428 4138 1592 4192 hoste
1614 4139 1713 4193 de-

85 4240 235 4283 mens
262 4229 613 4299 efﬁceretur,
645 4229 729 4284 ita
755 4233 819 4283 ut
849 4227 908 4283 in
942 4227 1066 4283 loco
1101 4227 1157 4282 in
1203 4244 1316 4300 quo
1350 4226 1713 4292 consisteret,

86 4313 162 4368 vel
181 4333 338 4374 suam
361 4318 555 4391 ipsam
579 4318 920 4392 genitricem
942 4317 1238 4388 ignoraret
1263 4331 1277 4372 :
1305 4317 1582 4372 continuo
1601 4332 1717 4370 ma-

85 4403 167 4456 ter
189 4405 310 4474 ejus
341 4424 480 4462 cum
513 4406 1117 4479 cognovisset,festina
1139 4405 1210 4460 de
1233 4421 1370 4477 agro
1402 4404 1461 4458 in
1495 4421 1610 4474 quo
1643 4405 1712 4460 ad

86 4496 431 4564 pascendum
463 4496 640 4551 boves
674 4495 932 4562 miserat,
975 4495 1045 4550 ad
1099 4493 1459 4566 episcopium
1487 4510 1620 4548 cum
1653 4510 1721 4548 ea

85 4584 347 4649 cucurrit,
379 4589 440 4640 et
464 4584 737 4656 praesenti
764 4584 1036 4656 episcopo
1060 4583 1362 4638 indicavit.
1390 4583 1494 4646 Qui
1518 4583 1717 4637 statim
1737 4602 1779 4666 ι)

87 4671 144 4721 ut
169 4670 434 4743 cognovit
462 4688 592 4728 eam
625 4673 697 4728 ob
719 4672 998 4728 invidiam
1020 4671 1245 4743 antiqui
1268 4671 1452 4727 hostis
1475 4671 1722 4726 misera-

84 4754 263 4814 biliter
291 4759 694 4828 immutatam,
728 4761 873 4816 dixit
898 4762 969 4816 ad
1001 4778 1128 4816 eam
1156 4777 1168 4814 :
1197 4783 1224 4810 «
1249 4761 1292 4816 Ο
1316 4759 1557 4816 mulier!
1585 4760 1722 4832 quid

82 4842 178 4899 tibi
202 4847 406 4905 faciam
425 4849 658 4922 ignoro,
682 4851 782 4906 sed
807 4854 1090 4923 tanquam
1112 4849 1571 4905 misericordiam
1597 4866 1726 4905 con-

83 4940 328 5004 secutus,
358 4937 682 4994 consilium
715 4939 1123 5013 recuperandze
1156 4937 1288 4992 ﬁliae
1319 4942 1518 4993 vestra:
1551 4937 1728 4993 saluti

83 5023 316 5090 praebeo.
352 5025 605 5099 Suscipe
662 5044 798 5100 ergo
854 5031 911 5084 et
964 5028 1243 5083 continuo
1291 5043 1421 5082 eam
1454 5027 1512 5081 in
1544 5026 1729 5082 nostri

83 5109 392 5171 Salvatoris
444 5119 590 5172 Jesu
638 5116 853 5173 Christi
904 5117 1119 5172 ﬁducia
1163 5120 1297 5172 ante
1329 5133 1561 5171 sacrum
1602 5117 1731 5188 ejus

83 5196 308 5267 gloriosi
335 5205 621 5275 martyris
643 5205 941 5262 tumulum
966 5205 1184 5279 projice
1210 5222 1224 5271 ;
1249 5204 1477 5260 confido
1499 5205 1655 5260 enim
1677 5209 1734 5260 et

82 5286 426 5349 ﬁducialiter
458 5293 657 5361 credo,
682 5311 785 5367 per
803 5296 932 5366 ejus
955 5311 1187 5350 sacrum
1211 5291 1496 5349 auxilium
1521 5311 1626 5349 suo
1651 5293 1734 5348 in-

85 5379 439 5438 terveniente
471 5381 772 5456 suffragio,
808 5384 879 5439 ab
930 5382 1042 5438 ista
1073 5381 1448 5438 infestatione
1479 5381 1602 5436 ﬁlia
1631 5385 1736 5437 tua

86 5470 406 5526 sanabitur.
444 5492 476 5522 »
510 5470 645 5534 Qua:
679 5488 811 5528 mox
843 5475 907 5527 ut
937 5470 1180 5538 audivit,
1222 5470 1548 5527 confortata
1573 5470 1735 5527 illius

85 5558 332 5627 oraculo,
358 5576 468 5634 per
493 5575 735 5615 manum
759 5577 886 5616 eam
909 5559 1373 5632 apprehendens,
1398 5564 1454 5614 et
1475 5559 1533 5614 in
1555 5559 1736 5616 eccle-

85 5644 224 5706 siam
250 5647 430 5725 plena
449 5647 571 5707 ﬂde
593 5648 910 5724 devotaque
933 5646 1146 5707 ﬁducia
1166 5645 1509 5720 introduxit,
1532 5654 1590 5709 et
1607 5665 1737 5709 eam

1829 585 2088 656 projecit.
2124 586 2256 641 Erat
2284 592 2478 641 autem
2510 590 2648 641 tunc
2678 587 2824 642 hora
2863 586 3032 643 tertia
3070 588 3205 654 diei,
3253 595 3312 644 et
3341 593 3472 662 per-

1829 675 2046 729 mansit
2078 675 2134 728 in
2168 675 2274 729 hac
2306 675 2564 730 oratione
2591 675 2706 730 fere
2735 675 2882 731 hora
2913 676 3138 747 quinta,
3171 681 3347 749 atque
3369 695 3473 750 pro

1827 778 1894 818 ea
1923 763 2275 819 sacriﬁcium
2307 765 2421 820 Deo
2454 764 2736 833 oblatum,
2791 764 3124 833 incolumis,
3159 767 3476 822 auxiliante

1829 852 2090 919 Domino,
2124 853 2295 919 facta,
2333 869 2465 908 cum
2499 870 2606 908 sua
2636 852 2815 909 simul
2846 853 3144 925 genitrice,
3178 871 3304 927 qua:
3338 871 3474 910 cum

1824 941 1984 1013 gravi
2024 941 2299 1012 angustia
2328 945 2384 996 et
2424 941 2618 998 dolore
2665 943 2733 997 ad
2783 942 3144 1014 episcopium
3174 948 3472 1010 venerant,

1826 1046 1959 1085 cum
1991 1030 2204 1101 gaudio
2232 1034 2285 1086 et
2319 1029 2517 1086 laetitia
2548 1031 2618 1086 ad
2651 1031 2886 1102 propria
2916 1035 3055 1088 sunt
3084 1049 3343 1089 reversis.

1897 1117 2152 1188 Denique
2184 1135 2315 1173 cum
2350 1119 2420 1173 ad
2456 1118 2563 1174 hoc
2606 1118 2956 1175 miraculum
2990 1122 3061 1176 ad
3093 1121 3326 1177 laudem
3357 1121 3471 1177 Do-

1828 1205 1972 1260 mini
1996 1207 2178 1261 nostri
2199 1207 2337 1262 Jesu
2363 1207 2570 1262 Christi
2596 1212 2652 1262 et
2673 1208 2960 1278 praeconia
2983 1209 3075 1264 sui
3095 1209 3291 1266 dilecti
3314 1227 3469 1266 mar-

1825 1296 1968 1367 tyris
1993 1295 2167 1350 Marci
2193 1296 2563 1363 scriberetur,
2586 1300 2643 1350 et
2667 1297 2738 1351 de
2759 1297 2852 1352 his
2873 1298 3184 1354 virtutibus
3209 1299 3471 1371 stupenti

1826 1385 2022 1439 anima
2045 1385 2375 1449 miraretur,
2395 1384 2634 1456 quidam
2653 1385 2976 1441 monachus
2993 1388 3156 1442 bona:
3176 1388 3468 1444 memoria;

1827 1474 1884 1529 S.
1919 1473 2213 1529 Benedicti
2237 1473 2476 1528 caanobii
2502 1473 2858 1529 adnodatum
2887 1475 3236 1531 miraculum
3268 1479 3472 1533 devote

1825 1563 1895 1618 de
1927 1562 2204 1617 manibus
2233 1561 2550 1634 accipiens,
2583 1547 2943 1618 sanctissimi
2975 1563 3153 1634 hujus
3198 1566 3473 1637 martyris

1824 1667 1991 1722 prece
2021 1651 2362 1722 deposcens,
2396 1668 2512 1722 quo
2554 1652 2661 1707 sibi
2709 1651 3054 1724 dignaretur
3084 1653 3390 1709 subvenire
3420 1658 3476 1710 et

1824 1738 2082 1794 dolorem
2106 1740 2197 1794 sui
2220 1740 2571 1810 capitis,quo
2596 1740 2810 1812 szepius
2829 1741 3473 1813 cruciabatur,auferre,

1827 1831 2001 1900 atque
2032 1828 2248 1899 stylum
2281 1844 2384 1898 per
2413 1827 2625 1883 lectum
2652 1829 2708 1883 in
2737 1833 2982 1900 utraque
3004 1834 3168 1901 parte
3199 1831 3290 1886 sui
3323 1831 3476 1902 capi-

1821 1915 1895 1970 tis
1915 1915 2508 1987 ponens,suppliciter
2529 1934 2589 1971 se
2616 1917 2934 1973 sustollens
2956 1917 3014 1972 in
3036 1935 3204 1989 prece
3231 1919 3466 1990 agebat:

1819 2005 1996 2072 «Eia,
2047 2006 2294 2060 verende
2351 2006 2585 2078 Martyr,
2650 2006 2791 2060 mihi
2853 2023 3126 2063 succurre
3183 2009 3464 2079 precanti,

1818 2098 1990 2165 atque
2020 2110 2122 2164 pro
2153 2098 2252 2148 tuo
2284 2094 2498 2149 honore
2528 2095 2641 2149 mei
2688 2095 2894 2166 capitis
2947 2095 3083 2172 tolle
3115 2097 3396 2154 dolorem.
3436 2121 3464 2147 »

1819 2183 1884 2237 Et
1914 2200 2044 2237 cum
2077 2183 2196 2238 haec
2229 2183 2599 2238 devotissime
2639 2184 2875 2254 diceret,
2926 2186 3202 2242 continuo
3235 2187 3465 2242 Domini

1816 2269 2098 2343 largiente
2127 2271 2455 2338 clementia,
2490 2271 2655 2328 dolor
2685 2273 2892 2345 capitis
2917 2275 2989 2329 ab
3018 2292 3083 2330 eo
3107 2277 3382 2332 recessit:
3410 2279 3469 2332 et

1819 2377 1950 2414 mox
1973 2360 2341 2416 laetabundus
2363 2361 2431 2414 ad
2459 2378 2565 2416 nos
2588 2362 2862 2417 continuo
2886 2365 3198 2435 repedavit,
3215 2369 3268 2420 et
3287 2382 3471 2437 quan-

1817 2453 1937 2504 tam
1969 2449 2079 2504 sibi
2114 2454 2264 2504 Deus
2297 2449 2494 2504 fecerit
2516 2450 2977 2506 misericordiam
3001 2453 3223 2508 meritis
3255 2455 3345 2508 sui
3378 2455 3467 2508 di-

1817 2537 1948 2592 lecti
1981 2537 2183 2593 famuli
2215 2540 2546 2605 enarrabat,
2573 2529 2869 2612 humoque
2891 2546 3310 2612 prostratus,et
3335 2559 3464 2598 ere-

1818 2626 1926 2682 ctis
1959 2626 2016 2681 in
2048 2625 2257 2682 cmlum
2293 2627 2589 2692 manibus,
2623 2629 2797 2699 cmpit
2821 2644 3034 2699 magna
3059 2645 3192 2683 cum
3216 2628 3469 2684 exsulta-

1818 2714 2294 2770 tionoDominum
2326 2720 2383 2770 et
2407 2717 2534 2785 ejus
2566 2721 2879 2788 martyrem
2914 2716 3262 2772 collaudare.
3285 2719 3464 2773 Laete-

1819 2803 2177 2874 muritaque,
2205 2803 2407 2858 fratres
2427 2804 2843 2871 charissimi,et
2860 2805 2996 2861 totis
3021 2806 3243 2861 viribus
3259 2807 3472 2876 jucun-

1820 2892 2046 2960 demur,
2079 2891 2440 2948 exsultemus
2471 2897 2528 2948 et
2572 2892 2929 2948 delectemur
2973 2895 3032 2949 in
3064 2895 3334 2964 Domino,
3367 2912 3470 2967 pro

1819 2983 1986 3052 cujus
2005 2997 2222 3048 amore,
2246 2981 2340 3036 hic
2356 2980 2819 3052 gloriosissimus
2842 2987 3062 3054 martyr
3083 2984 3312 3040 Marcus
3335 3001 3472 3056 sup-

1820 3069 2061 3141 plicium
2095 3069 2332 3141 pertulit
2379 3070 2605 3135 mortis,
2661 3074 2716 3125 et
2750 3088 2862 3126 non
2895 3079 3011 3126 tam
3061 3073 3132 3127 de
3172 3072 3472 3130 miraculis

1822 3177 2000 3232 quam
2033 3160 2104 3214 de
2133 3159 2260 3228 eius
2290 3157 2636 3215 dulcissimo
2668 3160 2992 3232 patrocinio
3033 3160 3376 3232 gloriemur,
3408 3162 3469 3217 in

1816 3265 1931 3320 quo
1957 3264 2089 3303 cum
2112 3263 2310 3303 amore
2336 3251 2547 3302 nostra:
2571 3247 2894 3303 devotionis
2921 3265 3083 3320 spem
3115 3253 3172 3304 et
3194 3248 3471 3305 ﬁduciam

1816 3338 2111 3410 ponimus,
2136 3337 2358 3408 absque
2381 3337 2558 3391 dubio
2583 3337 2651 3391 de
2674 3338 2906 3408 magnis
2933 3337 3212 3408 periculis
3243 3338 3314 3392 ab
3338 3339 3474 3408 ejus

1816 3430 2019 3483 sancta
2039 3423 2456 3480 intercessione
2476 3426 2716 3495 protecti
2744 3425 2838 3480 hic
2860 3429 2916 3481 et
2939 3425 2996 3480 in
3021 3425 3214 3480 futuro
3237 3424 3469 3480 liberati

1814 3515 2158 3571 lzetabimur.
2192 3514 2271 3568 De
2304 3514 2488 3584 signis
2519 3513 2786 3568 videlicet
2814 3518 2988 3585 atque
3018 3514 3298 3585 prodigiis
3341 3531 3457 3569 non

1814 3619 2046 3677 semper
2073 3617 2366 3674 quemque
2395 3599 2671 3657 admirari
2703 3606 2948 3673 oportet,
2981 3601 3459 3674 quandoquidem

1817 3711 1932 3750 non
1963 3697 2192 3748 tantum
2223 3690 2430 3758 sancti,
2477 3690 2578 3745 sed
2610 3689 2785 3745 etiam
2816 3694 2872 3745 et
2902 3694 3232 3763 peccatores
3262 3691 3322 3745 in
3354 3708 3460 3747 no-

1818 3783 1974 3838 mine
2003 3779 2234 3836 Domini
2265 3779 2450 3834 facere
2473 3783 2756 3851 possunt;
2790 3779 2945 3834 unde
2974 3778 3032 3832 in
3064 3779 3374 3852 Evangelio
3401 3781 3464 3836 in

1819 3871 1912 3928 die
1935 3869 2139 3943 judicii
2163 3867 2372 3924 dicturi
2404 3872 2541 3923 sunt
2564 3885 2613 3922 ;‹‹
2640 3866 2903 3933 Domine,
2923 3884 3113 3923 nonne
3139 3868 3196 3922 in
3229 3869 3469 3925 nomine

1821 3967 1920 4017 tuo
1951 3957 2237 4015 daemonia
2264 3957 2564 4028 ejecimus,
2596 3961 2652 4012 et
2700 3955 2886 4012 multa
2915 3957 3084 4028 signa
3113 3958 3360 4014 fecimus
3384 3961 3407 4013 Ρ
3439 3981 3468 4009 ››

1823 4050 2046 4115 Quibus
2064 4047 2330 4102 dicturus
2352 4045 2767 4102 estDominus:
2795 4069 2822 4096 ‹‹
2839 4046 3127 4101 Discedite
3147 4064 3180 4101 a
3202 4063 3315 4113 me,
3337 4063 3472 4119 ope-

1827 4143 2049 4194 ratores
2077 4135 2428 4208 iniquitatis,
2462 4135 2602 4207 quia
2632 4152 2746 4190 non
2779 4135 2909 4190 novi
2939 4151 3059 4190 vos.
3097 4158 3124 4184 »
3145 4135 3292 4191 Nam
3322 4140 3378 4191 et
3406 4138 3470 4192 B.

1827 4227 2140 4300 Gregorius
2162 4225 2218 4279 in
2244 4242 2408 4280 sacro
2431 4224 2662 4296 eloquio
2695 4224 2863 4297 signa
2884 4241 3116 4296 quoque
3139 4225 3477 4282 inﬁdelibus

1828 4319 1963 4373 data
1991 4332 2119 4372 esse
2142 4314 2335 4369 refert.
2363 4314 2504 4385 Ergo
2539 4315 2585 4369 si
2609 4314 2776 4386 signa
2797 4313 3137 4369 inﬁdelibus
3155 4316 3481 4371 concedun-

1831 4412 1947 4471 tur,
1980 4423 2085 4460 cur
2115 4421 2220 4460 nos
2243 4401 2444 4458 ﬁdeles
2467 4403 2525 4457 in
2551 4403 2737 4476 signis
2760 4407 2817 4458 et
2847 4403 3147 4460 miraculis
3170 4405 3474 4470 miramur,

1830 4500 1885 4551 et
1914 4512 2028 4550 non
2085 4493 2280 4565 potius
2305 4493 2362 4546 in
2413 4493 2722 4548 sanctitate
2754 4492 3152 4548 conﬁdimus?
3198 4493 3342 4548 Nam
3374 4491 3478 4545 ubi

1831 4585 2043 4639 desunt
2073 4583 2259 4653 signa,
2294 4582 2510 4636 adsunt
2539 4584 2595 4635 et
2627 4581 2905 4653 suffragia
2936 4581 3282 4635 sanctitatis.
3316 4579 3479 4634 Ideo-

1833 4688 1965 4744 que,
1997 4669 2350 4736 eharissimi,
2377 4669 2535 4724 omni
2560 4668 2774 4723 ﬁducia
2807 4673 3039 4740 totaque
3070 4669 3283 4724 mentis
3315 4669 3481 4723 devo-

1834 4761 1990 4815 tione
2022 4757 2144 4814 solo
2175 4755 2475 4828 prostrati,
2497 4757 2649 4828 apud
2681 4755 2838 4811 hunc
2870 4761 3137 4812 sanctum
3167 4761 3480 4827 martyrem

1836 4848 2079 4905 Domino
2109 4845 2336 4900 veniam
2389 4844 2777 4916 postdemus,
2811 4850 3101 4917 quatenus
3140 4846 3266 4915 ejus
3301 4843 3484 4899 sacris

1837 4936 2060 4993 meritis
2090 4935 2400 5005 impetrare
2423 4949 2772 4989 mereamur.
2797 4935 2940 4988 Nam
2974 4934 3019 4988 si
3055 4951 3121 4989 ex
3165 4938 3282 4988 toto
3315 4933 3487 4988 corde

1839 5031 1895 5082 et
1915 5025 2032 5080 lida
2054 5027 2245 5079 mente
2271 5037 2547 5093 rogamus
2571 5023 2724 5094 quod
2753 5040 2855 5094 pro
2877 5021 3065 5078 salute
3088 5027 3290 5078 nostra
3313 5023 3489 5094 depo-

1841 5116 2082 5182 scimus,
2126 5113 2351 5168 dicente
2402 5111 2644 5166 Domino
2671 5130 2682 5166 :
2714 5136 2740 5162 ‹‹
2777 5113 2835 5167 Si
2866 5111 3006 5183 quid
3053 5110 3336 5183 petieritis
3385 5111 3489 5165 Pa-

1841 5210 1990 5260 trem
2022 5203 2078 5257 in
2113 5202 2348 5258 nomine
2382 5217 2533 5268 meo,
2591 5201 2829 5259 dabitur
2867 5201 3051 5257 vobis.
3087 5221 3114 5248 ››
3147 5201 3492 5263 Quaeramus

1843 5293 2022 5367 igitur
2052 5290 2335 5347 auxilium
2387 5289 2456 5344 ab
2489 5307 2555 5345 eo
2605 5290 2702 5362 qui
2736 5294 2941 5362 potens
2973 5293 3080 5357 est,
3133 5293 3189 5344 et
3219 5292 3493 5344 sanctum

1846 5399 2057 5438 nomen
2089 5383 2238 5452 ejus,
2273 5383 2330 5434 et
2359 5379 2458 5450 qui
2491 5396 2629 5435 suos
2659 5387 2944 5452 martyres
2973 5378 3031 5433 in
3063 5382 3346 5434 aeternum
3377 5376 3496 5449 glo-

1847 5471 2054 5536 riﬁcat,
2089 5486 2192 5541 pro
2226 5468 2462 5524 illorum
2503 5469 2726 5524 meritis
2759 5485 2862 5524 nos
2893 5469 2963 5523 de
2994 5465 3269 5541 periculis
3301 5465 3494 5520 immi-

1848 5560 2122 5616 nentibus
2136 5558 2295 5614 assid
2306 5576 2374 5614 ue
2390 5558 2611 5616 liberet.
2628 5559 2852 5614 Scimus
2865 5559 3019 5614 enim
3033 5555 3352 5613 etindubitz
3368 5561 3498 5611 nter

1849 5648 2143 5706 credimus
2171 5647 2348 5722 quod,
2375 5648 2423 5704 si
2457 5648 2590 5722 quis
2621 5666 2754 5707 eum
2788 5666 2899 5707 non
2929 5649 3124 5724 tepida
3142 5649 3335 5706 mente
3367 5659 3498 5726 pres
