3960 6216
499 289 526 345 1
539 286 653 344 423

1616 279 1892 341 LEONIS
1938 279 2350 341 ATINENSIS
2397 278 2767 341 EPISCOPI.

3700 349 3706 374 ι
3746 278 3886 375 es

498 418 664 472 cibus
688 413 1198 488 pulsat,quidquid
1226 430 1329 485 pro
1347 430 1454 467 sua
1473 411 1657 467 salute
1677 413 2138 483 rogitat,absque
2167 417 2218 481 Α
2255 416 2551 467 merentur
2577 419 2633 467 et
2661 413 2931 466 eﬁectum
2964 411 3150 483 precis
3172 428 3290 466 suae
3321 411 3751 484 adipiscuntur.
3783 411 3889 467 Vos

498 506 674 561 dubio
706 502 1006 567 obtinebit,
1042 508 1105 556 ut
1135 501 1259 572 ipse
1291 501 1562 556 ﬁdelibus
1607 501 1730 555 suis
1764 500 2017 572 polliceri
2050 506 2139 555 est

496 595 799 665 dignatus;
830 590 967 645 dicit
988 590 1177 645 enim:
1217 612 1242 639 ‹‹
1267 590 1325 646 Si
1350 590 1673 644 habueritis
1701 590 1897 656 ﬁdem,
1923 595 1984 644 ut
2007 607 2136 662 gra-

495 697 636 743 num
669 680 909 751 sinapis,
943 679 1213 734 diceretis
1243 679 1378 734 huic
1409 679 1591 733 monti
1619 697 1629 733 :
1657 679 1862 734 Transi
1894 679 2050 744 hinc,
2085 684 2141 733 et

493 769 757 838 transiet,
777 774 834 823 et
854 769 905 824 si
929 769 986 823 in
1005 769 1117 822 ﬁde
1141 786 1254 823 non
1268 768 1692 834 hzesitaveritis,
1709 769 1996 839 quidquid
2015 768 2139 822 sine

494 858 673 914 dubio
704 858 858 930 quod
883 858 1184 930 petieritis,
1207 858 1594 929 impetrabitis
1617 857 1672 910 id
1697 857 1911 928 ipsum.
1936 878 1960 908 ι)
1995 858 2142 912 Sunt

496 946 734 1018 quidem
769 946 1033 1002 nonnulli
1067 947 1164 1018 qui
1215 950 1419 1018 petunt
1450 945 1642 1018 tepida
1691 947 1823 1011 ﬁde,
1867 946 1994 1000 ideo
2027 963 2140 1000 non

499 1041 799 1090 merentur
827 1036 980 1107 quod
1015 1039 1285 1106 quaerunt
1315 1035 1573 1106 accipere
1607 1038 1619 1088 ε
1654 1038 1710 1088 et
1749 1037 1886 1088 sunt
1913 1032 2009 1088 alii
2044 1033 2143 1105 qui

498 1129 620 1179 tam
651 1124 1066 1180 ardentissima
1094 1124 1207 1178 ﬁde
1247 1128 1472 1195 petunt,
1505 1141 1568 1178 ac
1601 1125 1645 1177 si
1695 1127 2010 1195 praesentes
2044 1124 2142 1177 ha-

499 1214 693 1280 beant,
726 1219 782 1269 et
829 1231 893 1268 os
923 1214 992 1268 ad
1026 1231 1090 1268 os
1137 1213 1472 1283 loquantur.
1510 1213 1574 1267 Hi
1625 1213 1834 1266 idcirco
1883 1211 2142 1266 exaudiri

501 1382 784 1391 W

795 1383 1604 1390 __._—._—_-.~—_-————_—————
1625 1382 2024 1389 -σ-Α--υ-ν--ε-
2041 1382 2312 1389 —-———.

2248 502 2442 572 itaque
2457 501 2749 566 adhortor,
2768 500 3122 566 charissimi,
3138 501 3395 572 utbujus
3415 499 3601 556 sancti
3622 501 3889 573 martyris

2250 591 2422 646 Marci
2446 591 2726 644 auxilium
2749 589 3151 661 imploremus,
3174 594 3238 644 ut
3257 590 3693 645 unanobiscum
3711 590 3774 643 in
3796 607 3891 647 suo

2249 679 2568 750 patrocinio
2600 679 3092 750 congratulcmur,
3125 683 3190 733 ut
3221 679 3312 733 cui
3345 679 3581 734 assidue
3611 678 3896 752 praecenia

2251 769 2574 823 sanctitatis
2601 768 2658 822 in
2685 769 2853 823 terris
2875 767 3384 840 attollimus,illius
3407 770 3774 826 consortium
3793 786 3898 824 me-

2253 875 2485 913 reamur
2517 857 2726 912 habere
2759 857 2817 911 in
2849 857 3010 912 cmlis
3037 875 3048 911 :
3085 857 3396 914 auxiliante
3421 857 3668 914 Domino
3704 862 3898 913 nostro

2251 948 2388 1003 Jesu
2422 947 2671 1013 Christo,
2709 947 2806 1018 qui
2833 963 2967 1002 cum
3001 948 3166 1003 Patre
3198 953 3253 1003 et
3278 948 3497 1020 Spiritu
3530 941 3741 1004 sancto
3770 947 3901 1002 vivit

2253 1040 2308 1090 et
2367 1040 2569 1108 regnat
2618 1036 2771 1090 Deus
2821 1053 2922 1107 per
2976 1035 3207 1092 inﬁnita
3273 1038 3484 1092 saecula
3530 1037 3899 1093 saeculorum.

2257 1129 2459 1178 Amen.

1110 1584 1134 1608 ο
1281 1539 1298 1556 ‘
1567 1513 2111 1629 DOMNI
2239 1514 2838 1628 LEOle

1803 1722 2213 1784 ATINENSIS
2259 1723 2606 1783 EPISCOPI

1147 1885 1401 1946 Domitio
1431 1883 1699 1944 solemnis
1733 1884 1902 1962 facta
1933 1883 2226 1943 canonicis
2265 1881 2604 1963 clericique
2633 1884 2932 1943 Atz'nensz‘s
2963 1883 3026 1944 Ε
3028 1883 3267 1944 cclesz'az.

1530 2042 1716 2114 (Apud
1755 2043 2021 2110 UGllELLl,
2056 2043 2212 2097 Ilalz'a
2244 2059 2422 2110 sacra,
2455 2048 2494 2096 t.
2529 2042 2624 2109 Vl,
2659 2060 2712 2114 p.
2748 2045 2898 2108 432.)

581 2360 637 2413 ln
674 2357 908 2412 nomine
938 2354 1167 2410 Domini
1199 2354 1380 2408 nostri
1412 2354 1552 2409 Jesu
1585 2352 1820 2408 Christi.
1897 2391 1906 2400 .

578 2449 742 2501 Anno
773 2446 844 2500 ab
877 2443 1278 2499 Incarnatione
1303 2443 1428 2513 ejus
1464 2441 1769 2497 millesimo
1793 2443 2152 2513 quinquage-

508 2535 657 2592 simo
689 2539 869 2599 sexto,
923 2548 1123 2588 mense
1152 2532 1328 2596 Julio,
1382 2531 1578 2586 indict.
1631 2548 1706 2595 1x,
1752 2532 2041 2586 residente
2093 2531 2151 2585 in

506 2625 649 2679 urbe
682 2623 864 2677 Roma
895 2638 1127 2676 summo
1166 2625 1222 2676 et
1252 2620 1564 2676 universali
1614 2621 1884 2692 pontiﬁce
1915 2620 2151 2675 domino

503 2730 655 2786 papa
676 2712 921 2778 Victore,
941 2711 1332 2782 etimperante
1355 2710 1591 2765 domino
1605 2710 1866 2765 Conrado
1887 2709 2150 2781 piissimo

505 2803 876 2872 imperatore,
908 2804 966 2854 et
1020 2801 1354 2870 Capuanam
1416 2798 1730 2853 Ecclesiam
1791 2799 2151 2869 gubernante

507 2890 741 2945 domino
770 2887 1114 2959 Adenulpho
1159 2888 1615 2960 archiepiscopo.
1650 2889 1766 2942 Nos
1817 2887 1928 2941 Leo
1960 2887 2152 2942 divina

505 2976 694 3050 gratia
723 2977 1119 3046 dispensante,
1153 2975 1370 3031 Eccles.
1403 2975 1703 3030 Atinensis
1733 2976 2037 3046 episcopus
2070 2991 2151 3030 re-

504 3072 597 3122 cto
626 3064 1108 3120 considerationis
1140 3064 1306 3120 oculo
1338 3081 1405 3120 ea
1435 3082 1561 3136 qua
1593 3065 1664 3118 ad
1698 3063 2008 3118 utilitatem
2043 3066 2150 3118 Ec-

505 3155 694 3212 clesia:
745 3153 1038 3226 pertinent
1091 3154 1394 3219 intuendo,
1444 3157 1508 3208 ut
1537 3153 1963 3208 ecclesiasticus
2009 3155 2150 3208 ordo

499 3244 661 3317 juste
691 3249 747 3300 et
780 3243 869 3316 pie
898 3242 956 3297 in
980 3243 1152 3298 domo
1187 3242 1408 3298 Domini
1437 3243 1622 3296 vivere
1647 3240 1852 3307 valeat,
1879 3242 2152 3297 ordinan-

508 3338 597 3389 tes
611 3332 670 3388 in
694 3337 886 3387 mente
904 3332 1219 3386 statuimus
1238 3336 1299 3385 ut
1317 3330 1623 3385 Atinenses
1637 3329 1827 3384 clerici
1851 3330 1918 3383 ad
1944 3331 2146 3386 ecclcs.

507 3423 568 3479 S.
601 3421 792 3478 Mariae
824 3426 1028 3493 sponte
1059 3425 1115 3476 et
1141 3420 1465 3475 voluntarie
1496 3420 1714 3489 pariter
1753 3419 2149 3486 convenirent,

504 3517 560 3570 et
598 3511 862 3568 divinum
895 3510 1196 3565 servitium
1228 3509 1585 3563 unanimiter
1625 3509 1870 3564 Domino
1908 3510 2147 3564 exhibe-

504 3606 658 3669 rent;
673 3601 780 3656 hoc
795 3604 1006 3655 nostra:
1021 3596 1335 3654 voluntatis
1349 3598 1655 3652 arbitrium
1683 3597 1984 3670 placuit,et
2003 3598 2145 3670 ipse,

504 3708 537 3746 a
565 3707 681 3762 quo
703 3706 876 3745 omne
898 3690 1118 3743 bonum
1142 3686 1418 3757 procedit,
1453 3687 1560 3742 hoc
1586 3705 1694 3742 sua
1713 3687 2019 3742 clementia
2043 3689 2146 3742 tri-

502 3777 627 3832 buit
647 3781 704 3832 et
725 3776 1030 3841 concessit,
1055 3774 1332 3846 quoniam
1358 3775 1499 3847 ipse,
1525 3777 1621 3847 qui
1645 3777 1858 3830 bonam
1877 3775 2148 3831 volunta-

499 3871 615 3922 tem
647 3864 909 3937 largitur,
945 3865 1163 3936 przebet
1191 3869 1248 3919 et
1268 3865 1624 3935 operationis
1659 3865 1818 3936 pium
1849 3865 2143 3921 ell'ectum.

497 3955 836 4012 Convocatis
859 3955 1042 4026 igitur
1064 3955 1352 4010 universis
1369 3954 1595 4010 clericis
1615 3972 1729 4009 una
1749 3971 1882 4009 cum
1906 3956 2144 4010 domino

495 4046 692 4102 Laudo
720 4044 1118 4100 illustrissimo
1143 4043 1375 4111 comite,
1405 4048 1462 4099 et
1484 4051 1678 4099 nostro
1704 4045 1980 4098 advocato
2011 4044 2145 4098 Ber-

494 4135 676 4191 nardo
700 4133 915 4205 pariter
936 4151 1068 4188 cum
1091 4133 1251 4189 omni
1284 4133 1497 4204 populo
1529 4132 1795 4199 civitatis,
1818 4137 2025 4186 nostra:
2045 4149 2142 4188 vo-

492 4223 736 4278 luntatis
767 4223 1070 4279 arbitrium
1121 4223 1536 4289 disseruimus,
1582 4227 1639 4276 et
1686 4222 2049 4293 propositum
2084 4223 2140 4277 in

493 4316 687 4367 mente
717 4316 1060 4383 conceptum
1095 4312 1214 4366 illis
1261 4310 1533 4366 omnibus
1564 4311 1691 4365 viva
1739 4327 1878 4365 voce
1916 4311 2140 4382 aperire

493 4401 847 4465 curavimus,
883 4406 947 4457 ut
977 4400 1124 4456 nihil
1156 4401 1214 4455 in
1248 4401 1420 4455 domo
1451 4398 1682 4454 Domini
1714 4400 1934 4470 absque
1964 4399 2138 4470 digno

491 4491 735 4548 consilio
761 4491 880 4556 ﬁat,
905 4490 1044 4562 quia
1091 4489 1378 4560 scriptum
1406 4493 1496 4543 est
1525 4505 1536 4542 :
1566 4511 1592 4536 ‹‹
1629 4487 1837 4543 Omnia
1877 4489 1963 4543 fac
2002 4505 2135 4543 cum

489 4580 754 4646 consilio,
785 4585 843 4636 et
873 4584 1003 4651 post
1034 4579 1251 4633 factum
1277 4595 1390 4632 non
1424 4577 1748 4649 pmnitebis.
1790 4600 1816 4625 η
1849 4577 2136 4634 Patefacto

488 4671 740 4742 denique
763 4667 1027 4734 consilio,
1059 4667 1303 4739 dignum
1335 4668 1634 4736 etjustum
1666 4667 1857 4722 visum
1888 4672 1976 4722 est
2005 4668 2134 4722 uni-

484 4759 667 4816 versis
700 4777 771 4814 ne
805 4756 992 4812 clerici
1027 4773 1128 4828 per
1156 4755 1384 4811 diversa
1413 4761 1708 4828 vagantes,
1742 4761 1800 4812 et
1829 4756 2134 4813 seeoulares

486 4866 656 4904 curas
680 4853 853 4918 atque
867 4845 1288 4901 sollicitudines
1303 4849 1828 4917 sempergerentes,
1855 4846 1912 4899 in
1936 4846 2133 4902 divino

485 4956 544 4992 se
577 4935 859 4992 famulatu
905 4951 1166 4990 exercere
1210 4939 1384 5005 prout
1413 4935 1689 4990 condecet
1729 4935 1970 4990 minime
1999 4952 2130 5006 pos-

485 5032 641 5093 sent;
659 5025 903 5097 proinde
923 5023 1117 5080 clerici
1139 5023 1613 5090 consiliohabito,
1635 5023 1874 5093 quidam
1897 5039 1964 5078 ex
1985 5023 2128 5094 ipsis

2329 2353 2391 2406 lli
2407 2369 2609 2407 omnes
2624 2353 2967 2410 rationabile
2981 2354 3328 2426 obsequium
3347 2357 3586 2413 Domino
3601 2374 3908 2431 reprwsen-

2263 2446 2453 2496 tantes
2469 2445 2531 2496 ut
2552 2442 2922 2498 ambularent
2945 2443 3000 2497 in
3017 2445 3189 2499 domo
3213 2445 3443 2500 Domini
3462 2463 3593 2502 cum
3617 2463 3904 2503 consensu

2263 2531 2332 2586 ad
2365 2530 2544 2586 altare
2576 2536 2786 2587 sancta:
2819 2531 2916 2586 Dei
2965 2532 3271 2589 Genitricis
3303 2551 3430 2591 sese
3469 2552 3601 2592 cum
3632 2536 3905 2592 omnibus

2262 2621 2385 2674 suis
2426 2621 2600 2675 rebus
2652 2620 2948 2676 humiliter
2995 2621 3349 2678 obtulerunt.
3405 2623 3504 2680 His
3545 2624 3624 2679 ita
3665 2625 3904 2698 peractis

2263 2714 2620 2764 memoratus
2665 2727 2860 2765 comes
2891 2710 3048 2765 omni
3091 2711 3303 2783 populo
3335 2712 3444 2768 sibi
3485 2713 3766 2786 adjuncto
3800 2731 3906 2769 una

2262 2815 2394 2853 cum
2427 2799 2718 2870 praedictis
2741 2799 2961 2854 clericis
2983 2801 3276 2873 supplices
3301 2802 3467 2857 nobis
3503 2820 3707 2875 preces
3741 2804 3904 2876 depo-

2262 2894 2524 2952 suerunt,
2560 2889 2838 2943 attentius
2870 2895 3174 2945 exorantes
3202 2895 3265 2944 ut
3295 2894 3413 2945 tam
3446 2891 3528 2946 illi
3563 2893 3662 2964 qui
3699 2910 3762 2948 se
3785 2895 3900 2965 jam

2261 2977 2332 3031 ad
2367 2976 2632 3032 Ecclesia:
2665 2978 2949 3049 gremium
2977 2979 3366 3045 contulerunt,
3400 2997 3576 3052 quam
3609 2986 3667 3037 et
3697 2980 3901 3054 posteri

2261 3066 2358 3138 qui
2384 3083 2581 3121 eorum
2608 3066 2819 3121 fuerint
2848 3067 3090 3139 vestigia
3112 3068 3368 3123 secuturi
3396 3074 3600 3126 nostra
3620 3071 3903 3126 discussa-

2260 3159 2387 3209 rent
2412 3172 2424 3208 :
2459 3170 2706 3225 quorum
2731 3170 2929 3225 preces
2951 3154 3198 3226 benigno
3223 3156 3452 3226 pietatis
3485 3157 3701 3213 intuitu
3726 3142 3897 3214 atten-

2259 3244 2481 3304 dentes,
2506 3243 2748 3312 dignum
2765 3259 2862 3296 eos
2885 3241 3158 3297 duximus
3181 3244 3463 3299 exaudiri.
3488 3243 3650 3301 Unde
3673 3250 3896 3318 accepto

2259 3337 2312 3385 et
2345 3331 2659 3384 deliberate
2690 3329 2952 3396 consilio,
2987 3331 3175 3386 eidem
3208 3337 3424 3388 sanctae
3447 3333 3547 3388 Dei
3581 3332 3896 3390 Genetricis

2257 3419 2508 3474 ecclesiae
2540 3419 2812 3473 omnibus
2843 3419 3162 3490 canonicis,
3207 3421 3361 3476 sicut
3387 3423 3806 3493 praesentibus,
3830 3423 3897 3478 ita

2258 3509 2430 3564 etiam
2451 3514 2505 3562 et
2524 3509 3017 3580 subsequentibus
3032 3510 3406 3564 concedimus
3421 3509 3596 3581 atque
3611 3512 3895 3568 donamus

2257 3598 2564 3653 ecclesiam
2584 3598 2642 3652 S.
2670 3597 2988 3667 Laurentii,
3012 3599 3070 3653 S.
3093 3597 3391 3664 Marciani,
3411 3599 3469 3656 S.
3489 3599 3689 3668 Blasii,
3715 3595 3896 3676 δηεςι-

2258 3688 2455 3753 vestri,
2471 3689 2528 3742 S.
2547 3687 2718 3753 Petri,
2737 3687 2793 3742 S.
2810 3687 3394 3759 Stephani,etomnes
3407 3688 3686 3744 ecclesias
3707 3686 3892 3760 quzein

2265 3777 2478 3836 ﬁnibus
2502 3776 2680 3830 Atina:
2703 3775 2950 3831 civitatis
2968 3776 3225 3831 construi
3242 3779 3509 3848 possunt,
3533 3776 3756 3832 scilicet
3773 3791 3892 3832 cum

2257 3867 2522 3932 decimis,
2557 3864 2833 3936 primitiis
2865 3871 2919 3920 et
2958 3864 3353 3922 oblationibus
3374 3865 3631 3920 vivorum
3667 3871 3725 3922 et
3747 3881 3893 3920 mor—

2258 3961 2510 4009 tuorum.
2532 3959 2808 4009 Praeterea
2823 3954 2890 4008 ad
2917 3953 3193 4010 honorem
3215 3960 3426 4010 sanctae
3450 3954 3548 4010 Dei
3573 3945 3891 4010 Genitricis.

2254 4048 2308 4098 et
2329 4045 2398 4099 ob
2434 4044 2809 4099 reverentiam
2833 4043 3090 4115 corporis
3111 4043 3436 4099 beatissimi
3456 4041 3730 4115 martyris
3759 4041 3894 4097 Mar-

2253 4134 2325 4200 ci,
2343 4132 2522 4204 hujus
2535 4133 2786 4187 civitatis
2801 4131 3483 4198 antistitis,concedimus
3495 4132 3660 4188 vobis
3675 4128 3894 4188 vestris-

2253 4240 2365 4294 que
2396 4222 2833 4277 successoribus
2865 4221 3128 4276 omnium
3161 4227 3486 4277 vestrarum
3517 4221 3888 4296 ecclesiarum

2251 4311 2646 4366 ordinationes
2664 4311 2881 4382 pariter
2901 4314 2955 4365 et
2977 4310 3289 4366 canonicas
3312 4312 3667 4368 sanctiones.
3692 4303 3885 4368 Conde-

2250 4400 2445 4454 dimus
2471 4399 2710 4470 insuper
2729 4399 2893 4455 vobis
2914 4404 2978 4453 ut
2999 4399 3228 4471 quoties
3256 4417 3361 4456 nos
3393 4400 3480 4456 vel
3503 4405 3736 4457 nostros
3768 4413 3885 4455 suc-

2249 4505 2508 4544 cessores
2540 4488 2811 4543 absentes
2842 4488 3149 4556 fuerimus,
3183 4506 3251 4544 ex
3283 4493 3494 4545 nostrai
3537 4485 3885 4546 auctoritatis

2247 4579 2436 4633 ofﬁcio
2469 4578 2772 4650 potestatis
2804 4577 3230 4649 plenitudinem
3250 4579 3551 4647 habeatis;
3586 4583 3654 4635 ut
3684 4578 3885 4652 episco-

2247 4667 2358 4738 pali
2384 4669 2519 4738 jure
2542 4667 2884 4722 clericorum
2904 4667 3198 4737 judicium
3224 4667 3281 4722 in
3303 4673 3492 4723 vestro
3518 4667 3774 4740 capitulo
3795 4656 3883 4720 ob-

2246 4757 2495 4824 tineatis,
2530 4760 2585 4810 et
2617 4757 2685 4810 de
2717 4755 3003 4810 universis
3045 4757 3470 4826 criminalibus,
3503 4755 3775 4812 videlicet
3824 4751 3882 4806 de

2245 4843 2632 4900 matrimoniis
2692 4842 3080 4900 dissolve'ndis
3111 4845 3199 4900 vel
3255 4845 3709 4919 conjungendis,
3741 4847 3794 4900 et
3819 4840 3878 4895 de

2242 4933 2719 5004 Oppressionibus
2763 4934 3038 4989 canonice
3077 4934 3435 5004 judicandis.
3487 4934 3555 4989 Et
3604 4939 3673 4990 ut
3720 4931 3880 5003 hujus

2239 5027 2449 5077 nostra:
2481 5022 2707 5094 paginae
2746 5023 3225 5090 instrumentum,
3257 5023 3411 5080 sicut
3457 5029 3512 5079 et
3534 5041 3566 5078 a
3595 5023 3784 5088 nobis,
3814 5017 3880 5072 ita

482 5131 598 5170 non
631 5093 794 5169 inviti
830 5130 1016 5184 neque
1046 5113 1227 5168 coacti
1267 5113 1336 5168 ad
1374 5111 1636 5167 Ecclesia:
1669 5111 1969 5167 servitium
2003 5093 2130 5183 gra-
2163 5093 2206 5156 Ῑ)
2238 5112 2413 5167 etiam
2447 5093 2949 5167 aisuccessoribus
2991 5113 3208 5167 nostris
3244 5112 3478 5167 ﬁrmum
3510 5117 3566 5168 et
3598 5112 3875 5169 illibatum

480 5201 628 5256 tuito
664 5207 890 5272 pectore
922 5208 980 5256 et
1010 5203 1236 5258 sincera
1285 5201 1584 5258 voluntate
1635 5217 1698 5256 se
1731 5201 2127 5269 contulerunt,

477 5288 746 5344 videlicet
797 5290 1034 5354 Theoto,
1094 5291 1369 5362 Angelus,
1439 5291 1714 5356 Joannes,
1775 5289 2126 5357 Almundus,

476 5375 770 5441 Albertus,
794 5377 1071 5443 Joannes,
1095 5379 1224 5445 Leo,
1252 5379 1616 5442 Benedictus,
1643 5378 1846 5433 Petrus
1867 5383 1923 5434 et
1949 5379 2127 5434 Joan-

476 5477 587 5518 nes
620 5463 958 5532 presbyteri,
977 5469 1033 5518 et
1054 5465 1398 5523 Benedictus
1419 5467 1885 5532 archidiaconus,
1911 5473 1966 5524 et
1988 5467 2130 5525 Gre-

476 5545 706 5618 gorius,
756 5549 1005 5614 Marcus,
1048 5552 1383 5623 primicerii,
1437 5554 1774 5611 Dominicus
1807 5560 1862 5612 et
1900 5559 2128 5616 Atinus.

2240 5203 2295 5255 in
2333 5206 2678 5273 perpetuum
2702 5203 3102 5268 conservetur,
3127 5201 3458 5274 obligemus
3490 5218 3598 5256 nos
3619 5207 3678 5256 et
3707 5199 3875 5272 poste.

2241 5308 2334 5346 ros
2365 5296 2594 5346 nostros
2619 5289 2789 5345 curire
2814 5295 3047 5345 centum
3075 5291 3260 5346 libras
3293 5289 3416 5346 auri
3450 5283 3874 5363 componereﬂ

2243 5379 2350 5434 hoc
2402 5380 2578 5435 simili
2639 5380 2808 5434 modo
2874 5380 3195 5452 eodemque
3252 5383 3449 5434 tenore
3481 5373 3874 5435 inviolabiliter

2242 5474 2634 5525 conservetur.
2671 5471 2829 5534 Quod
2857 5468 2904 5523 si
2932 5469 3062 5540 quis
3092 5468 3268 5541 hujus
3291 5473 3499 5524 nostra:
3529 5460 3869 5525 constitutio-

2243 5560 2334 5615 nis
2365 5560 2658 5614 decretum
2695 5557 2891 5629 aliqua
2926 5557 3142 5614 ratione
3175 5574 3321 5617 ausu
3346 5558 3655 5616 temerario
3686 5550 3867 5615 infrin-
