3960 6216
83 400 223 462 M29

1140 389 1404 454 SERMO
1449 387 1550 451 DE
1596 384 1969 452 PASSIONE
2012 388 2082 449 B.
2127 384 2394 451 MARCI.

3311 387 3466 452 1430

82 534 288 609 species
321 531 538 597 formae,
558 528 776 586 candor
806 531 863 585 et
893 529 1088 586 rubor.
1111 528 1271 584 Unde
1288 527 1463 583 David
1489 528 1557 583 de
1579 528 1706 597 ejus
1735 523 1788 590 Α
1821 529 2045 588 aDavid
2061 547 2246 603 usque
2265 531 2334 587 ad
2351 527 2923 601 transmigrationem
2953 525 3466 600 Babylonis,sexta

80 624 254 699 specie
279 623 364 679 sic
394 620 509 676 ait:
545 643 572 671 «
604 620 916 692 Speciosus
947 620 1134 674 forma
1164 635 1276 690 prae
1324 617 1462 672 filiis
1511 617 1702 671 homi-

81 729 208 770 num
232 731 244 779 ;
273 735 300 761 ››
321 711 379 766 in
402 711 650 766 candore
671 725 903 764 carnem
922 707 1262 779 virgineam,
1279 707 1336 760 in
1357 707 1566 761 rubore
1586 723 1704 778 my-

82 803 308 860 sterium
341 798 651 855 Dominicaa
675 798 985 869 passionis.
1026 798 1104 851 De
1127 797 1232 852 hac
1255 796 1481 850 vivifica
1519 795 1708 850 hostia

82 903 182 949 tres
203 895 395 964 partes
417 889 623 945 exinde
646 886 783 942 facit
805 887 1098 949 sacerdos,
1119 885 1368 956 primam
1393 886 1449 940 in
1475 888 1703 956 patena,

82 981 382 1038 secundam
416 979 472 1032 in
502 977 677 1032 calice
709 976 891 1048 ponit,
916 975 1143 1029 tertiam
1168 975 1291 1046 ipse
1312 975 1582 1029 sacerdos
1608 991 1704 1029 su-

82 1073 213 1127 mit:
243 1069 432 1142 prima
465 1084 617 1138 pars,
655 1083 777 1136 quos
810 1066 867 1119 in
900 1069 1108 1136 patena
1141 1065 1392 1135 ponitur,
1419 1063 1708 1134 significat

84 1158 526 1217 Incarnationem
564 1155 686 1210 Filii
722 1155 863 1220 Dei;
899 1154 1174 1217 secunda,
1229 1170 1354 1222 qua:
1413 1153 1470 1206 in
1532 1152 1707 1206 calice

85 1250 316 1322 ponitur,
347 1263 558 1319 corpus
591 1243 1026 1314 incorruptibile
1058 1243 1210 1313 quod
1245 1244 1300 1296 in
1335 1242 1598 1312 sepulcro
1631 1242 1708 1295 la—

84 1339 214 1404 tuit;
249 1336 440 1401 tertia,
475 1351 651 1407 quam
685 1333 955 1387 sacerdos
986 1332 1215 1403 accipit,
1249 1331 1462 1387 Christi
1511 1348 1708 1385 resur-

83 1429 372 1486 rectionem
405 1427 694 1498 designat.

674 1572 749 1622 De
779 1570 969 1637 quarto
995 1565 1101 1619 die.

150 1701 205 1755 In
223 1700 426 1771 quarto
445 1711 579 1751 vero
598 1707 840 1748 numero
863 1689 1181 1762 accipimus
1197 1689 1309 1759 figu
1320 1704 1441 1742 ram
1460 1690 1710 1757 quatuor

91 1787 435 1853 animalium,
460 1789 516 1840 et
538 1787 786 1856 quatuor
813 1785 1167 1844 rotarum,ac
1189 1781 1438 1849 quatuor
1459 1773 1706 1829 annulos

91 1895 242 1944 arcae;
277 1880 332 1932 et
363 1878 621 1946 quatuor
656 1867 1006 1943 principales
1037 1867 1302 1957 virtutes,
1337 1863 1706 1935 prudentiam
1739 1894 1785 1957 B

90 1967 280 2023 scilicet
307 1969 364 2019 et
417 1961 740 2034 justitiam,
805 1956 1202 2012 fortitudinem
1259 1959 1315 2008 et
1373 1958 1706 2023 temperan-

90 2058 245 2120 tiam;
273 2053 358 2109 vel
393 2055 652 2125 quatuor
684 2047 885 2102 mundi
919 2050 1111 2117 partes
1138 2063 1150 2111 ;
1185 2047 1283 2097 aut
1312 2041 1606 2097 hominem
1640 2057 1707 2093 ex

91 2150 310 2217 quatuor
337 2138 652 2197 elementis
683 2141 942 2192 creatum
968 2154 980 2202 ;
1015 2138 1070 2189 et
1101 2138 1352 2204 quatuor
1382 2130 1626 2186 flumina
1642 2146 1708 2183 ex

90 2251 188 2290 uno
214 2231 486 2305 paradiso
521 2225 835 2282 manantia.
877 2226 935 2278 in
967 2226 1175 2294 quarto
1206 2221 1378 2276 etiam
1413 2220 1534 2273 loco
1565 2218 1705 2272 scri-

92 2323 228 2379 bitur
253 2321 388 2376 illud
430 2317 586 2390 quod
617 2321 766 2370 Deus
797 2312 976 2368 dixit:
1013 2337 1038 2360 ‹‹
1069 2311 1191 2366 Fiat
1213 2310 1330 2376 lux,
1355 2315 1411 2363 et
1442 2309 1592 2362 facta
1621 2311 1709 2361 est

97 2411 210 2466 lux:
244 2434 268 2459 η
296 2411 353 2465 in
385 2410 601 2480 quarto
632 2420 863 2476 quoque
891 2401 1016 2456 loco
1047 2400 1304 2455 hominis
1353 2397 1589 2469 ponitur
1613 2397 1706 2466 ju-

90 2504 286 2567 ventus,
318 2502 373 2554 et
403 2503 642 2568 tempus
675 2510 708 2549 a
742 2493 932 2564 Moyse
966 2507 1154 2561 usque
1201 2489 1271 2544 ad
1326 2486 1706 2557 transmigra-

92 2589 282 2645 tionem
314 2583 657 2658 Babylonis.

671 2731 750 2782 De
776 2725 970 2797 quinto
999 2723 1105 2778 die.

151 2859 204 2914 In
229 2857 423 2930 quinto
460 2868 706 2910 numero
759 2848 1146 2920 intelligimus
1207 2847 1465 2919 quinque
1523 2845 1705 2900 libros

95 2945 266 3020 Moysi,
291 2951 344 3002 et
364 2951 603 3015 tempus
623 2936 1158 3010 transmigrationis
1181 2935 1487 3006 Babylonis
1520 2951 1706 3005 usque

95 3037 150 3090 ad
178 3036 338 3092 David
363 3055 378 3097 ;
407 3032 502 3088 vel
537 3031 793 3103 quinque
825 3043 1032 3082 sensus
1065 3024 1346 3097 corporis,
1373 3025 1534 3078 visus
1557 3023 1706 3077 vide-

92 3124 220 3192 licet,
252 3125 511 3185 auditus,
532 3124 764 3193 gustus,
797 3117 1072 3172 odoratus
1098 3121 1150 3168 et
1182 3117 1374 3168 tactus
1396 3131 1408 3178 ;
1433 3112 1705 3166 similiter

94 3214 236 3269 etiam
255 3217 306 3268 et
327 3212 381 3266 in
401 3211 516 3265 hoc
539 3223 780 3262 numero
805 3203 1216 3259 describuntur
1238 3201 1494 3272 quinque
1522 3199 1700 3271 plaga:

1817 637 1850 675 a
1879 621 2391 692 transmigratione
2431 619 2742 691 Babylonis
2773 613 2982 689 usque
3009 618 3077 673 ad
3124 617 3418 674 Christum
3447 635 3459 674 :

1818 709 2110 781 capientes
2141 709 2384 782 singulm
2410 713 2686 765 metretas
2716 708 2904 775 binas,
2940 709 2995 763 id
3030 712 3118 765 est
3165 709 3347 764 Vetus
3403 710 3465 766 et

1821 799 2041 854 Novum
2074 800 2533 855 Testamentum.

2402 944 2478 998 De
2506 944 2729 1015 septimo
2754 943 2860 998 die.

1891 1069 1995 1123 Per
2025 1069 2414 1140 septenarium
2449 1084 2703 1140 namque
2732 1085 3040 1123 numerum
3065 1073 3296 1125 sanctos
3328 1085 3462 1141 apo-

1820 1157 1999 1212 stolos
2030 1156 2432 1227 intelligimus,
2466 1158 2535 1211 de
2567 1157 2782 1228 quibus
2815 1157 3095 1212 Dominus
3128 1159 3244 1213 ait:
3275 1181 3301 1208 «
3342 1157 3458 1213 Vos

1821 1245 1962 1299 estis
1995 1243 2092 1296 lux
2126 1244 2325 1297 mundi
2355 1261 2367 1309 ;
2402 1266 2427 1292 ››
2465 1249 2682 1314 septem
2717 1245 2888 1298 etiam
2942 1245 3270 1302 invenimus
3327 1263 3456 1302 esse

1819 1333 1973 1386 dona
1995 1331 2246 1403 Spiritus
2265 1332 2470 1397 sancti,
2493 1332 2550 1385 id
2574 1337 2682 1397 est,
2707 1333 3001 1404 sapientia:
3033 1338 3088 1388 et
3110 1333 3456 1404 intellectus,

1821 1420 2050 1475 consilii
2082 1426 2136 1475 et
2168 1420 2546 1485 fortitudinis,
2567 1422 2820 1476 scientia:
2842 1423 3161 1494 etpietatis,
3194 1441 3260 1480 ac
3288 1425 3459 1480 timo-

1821 1511 1902 1565 ris
1935 1510 2164 1565 Domini
2193 1529 2204 1576 ;
2233 1510 2290 1564 in
2312 1515 2514 1565 sancta
2544 1527 2775 1582 quoquc
2794 1511 3046 1566 Ecclesia
3069 1517 3290 1584 septem
3315 1515 3469 1570 dona

1821 1599 2075 1669 Spiritus
2107 1599 2293 1654 sancti
2328 1599 2736 1670 unusquisque
2765 1599 2952 1654 fidelis
2983 1602 3211 1671 accipit,
3262 1603 3320 1656 id
3379 1606 3467 1658 est

1822 1686 2103 1759 pabulum
2137 1687 2299 1755 salis,
2332 1687 2588 1742 ecclesiae
2619 1689 2947 1753 introitum,
2979 1695 3241 1762 sputum,
3277 1689 3470 1746 oleum

1821 1777 2135 1843 unctionis,
2159 1778 2514 1849 baptismum
2534 1778 2770 1844 Christi,
2796 1778 3054 1834 chrisma
3077 1781 3468 1842 sacerdotum,

1819 1870 1873 1920 et
1903 1866 2162 1922 chrisma
2193 1866 2554 1938 pontificum.
2591 1868 2822 1938 Septem
2866 1885 3098 1940 quoque
3154 1868 3350 1940 sigilla
3408 1869 3466 1924 in

1817 1955 2160 2026 Apocalypsi
2184 1955 2428 2010 Joannis
2459 1955 2728 2026 legimus,
2762 1955 3018 2026 primum
3069 1956 3326 2027 sigillum
3376 1962 3466 2014 est

1818 2043 2185 2098 annuntiatio
2222 2044 2640 2100 lncarnationis
2661 2043 2788 2098 Filii
2821 2045 2918 2099 Dei
2948 2064 2958 2111 ;
2985 2045 3329 2108 secundum,
3368 2046 3462 2101 ba-

1818 2132 2108 2204 ptismus;
2143 2133 2402 2198 tertium,
2427 2133 2657 2204 passio;
2709 2138 3006 2204 quartum,
3070 2134 3456 2202 resurrectio;

1818 2221 2112 2293 quintum,
2147 2221 2409 2277 ascensio
2437 2240 2448 2288 ;
2479 2226 2727 2286 sextum,
2751 2223 3081 2292 judicium;
3115 2224 3455 2296 septimum,

1822 2310 2161 2365 meritorum
2197 2309 2496 2365 retributio
2523 2329 2535 2378 ;
2563 2315 2700 2366 sunt
2721 2316 2776 2366 et
2792 2316 3013 2382 septem
3037 2313 3454 2370 bcatitudines:

1821 2416 2063 2469 regnum
2097 2399 2399 2466 cmlorum,
2432 2401 2724 2470 possessio
2757 2403 2916 2455 terrae
2946 2401 3282 2469 viventium,
3317 2420 3459 2458 con-

1819 2488 2046 2554 solatio,
2074 2489 2318 2559 justitiee
2351 2489 2620 2556 societas,
2656 2489 3076 2560 misericordia,
3133 2491 3278 2547 visio
3337 2491 3458 2561 Dei,

1821 2581 1877 2632 et
1906 2576 2109 2632 filiatio
2141 2577 2260 2633 Dei.

2428 2703 2501 2757 De
2524 2707 2706 2758 octavo
2735 2703 2842 2758 die.

1886 2847 1945 2901 In
1979 2846 2274 2902 octonario
2306 2862 2547 2900 numero
2579 2849 2843 2902 sanctam
2867 2847 3229 2919 Scripturam
3251 2849 3461 2906 intelli-

1816 2935 2033 3007 gimus,
2068 2939 2123 2989 et
2154 2934 2521 2990 dilectionem
2555 2935 2654 2990 Dei
2682 2938 2738 2990 et
2768 2936 3042 3007 proximi,
3065 2953 3129 2992 ac
3151 2937 3458 3010 speculan-

1816 3024 1959 3079 tium
1990 3024 2189 3090 vitam,
2213 3028 2270 3078 et
2292 3029 2526 3095 tempus
2549 3023 2817 3094 generale
2849 3027 3310 3091 resurrectionis,
3371 3028 3458 3085 vel

1814 3112 2122 3167 hominum
2139 3112 2495 3184 decrepitam
2509 3116 2886 3168 senectutem.
2905 3114 3151 3169 Octavus
3167 3114 3290 3171 dies
3303 3118 3457 3187 apud

1817 3217 2301 3273 unumquemque
2334 3201 2468 3255 finis
2498 3204 2586 3255 est
2616 3201 2742 3256 vitae
2775 3203 3077 3273 praesentis
3117 3208 3174 3258 et
3225 3204 3461 3261 initium

94 3267 317 3373 corporis
374 3297 595 3354 Christi
646 3296 704 3350 in
751 3311 919 3349 cruce
971 3267 1298 3364 pendentis,
1342 3267 1418 3344 et-
1442 3267 1701 3361 quinq—ue
1733 3267 1776 3334 (ἶ
1812 3291 1939 3344 vitae
1967 3267 2171 3344 futura)
2191 3267 2490 3356 {octavum
2506 3289 2659 3344 diem
2681 3267 3050 3362 significabat
3071 3291 3461 3364 cataclysmus

93 3390 248 3447 claves
277 3387 603 3462 sapientiae,
629 3383 888 3455 quinque
919 3397 1152 3454 quoque
1175 3396 1352 3450 panes
1376 3378 1702 3445 hordeacei,

92 3480 148 3535 de
172 3481 370 3551 quibus
399 3477 695 3534 Dominus
727 3472 957 3528 satiavit
987 3469 1244 3541 quinque
1277 3468 1462 3523 millia
1517 3467 1705 3521 homi-

91 3586 226 3624 num.

693 3688 766 3742 De
795 3688 944 3741 sexto
974 3683 1082 3739 die.

156 3839 206 3892 In
233 3835 457 3892 senario
494 3845 739 3887 numero
769 3826 1174 3899 accipiendum
1206 3829 1294 3880 est
1340 3824 1708 3878 infirmorum

97 3925 480 3992 visitationem,
497 3935 721 3977 necnon
744 3922 802 3974 et
822 3916 1128 3972 hominum
1141 3916 1520 3978 senectutem,
1537 3917 1712 3983 atque

98 4017 534 4086 perseverantem
557 4010 665 4066 sub
688 4005 994 4079 Evangelio
1011 4003 1383 4062 famulatum.
1406 4005 1462 4056 et
1479 4006 1712 4073 tempus

99 4118 124 4156 ι
148 4099 647 4175 transmigratione
676 4095 991 4169 Babylonis
1023 4109 1208 4165 usque
1249 4092 1320 4147 ad
1374 4090 1707 4146 Christum:

98 4190 250 4246 simul
276 4192 449 4247 etiam
473 4190 536 4243 in
561 4186 790 4242 senario
814 4199 1054 4239 numero
1074 4187 1224 4236 Deus
1246 4183 1453 4234 cuncta
1502 4178 1715 4232 creavit

100 4282 145 4332 et
169 4280 460 4343 ordinavit,
497 4277 558 4331 in
594 4279 752 4330 sexto
787 4273 878 4328 die
910 4271 1207 4326 hominem
1243 4269 1393 4337 fecit,
1431 4272 1484 4321 ot
1538 4266 1594 4320 in
1646 4282 1714 4321 ea

99 4370 238 4424 etate
265 4369 557 4424 mundum
589 4364 997 4434 redempturus
1029 4358 1274 4414 advenit.
1305 4357 1364 4411 In
1389 4360 1547 4410 sexta
1569 4370 1711 4423 quo-

100 4471 193 4526 que
210 4457 341 4513 hora
361 4474 466 4529 pro
490 4457 694 4510 nostra
719 4451 906 4507 salute
923 4450 1038 4504 Deo
1056 4448 1204 4502 Patri
1225 4444 1491 4502 Christus
1510 4447 1717 4497 semet-

98 4542 264 4614 ipsum
295 4543 653 4604 sacrificium
675 4539 904 4596 obtulit.
936 4543 999 4592 In
1035 4536 1256 4608 nuptiis
1289 4551 1440 4598 vero,
1487 4549 1613 4604 quae
1655 4531 1712 4584 in

1816 3380 2006 3434 factus
2031 3379 2138 3432 sub
2163 3379 2300 3444 Noe,
2320 3378 2377 3431 in
2402 3395 2515 3448 quo
2537 3381 2664 3432 octo
2689 3378 2896 3433 animae
2920 3379 3088 3434 salvae
3113 3381 3270 3434 factae
3291 3386 3458 3450 sunt;

1815 3472 1872 3521 et
1903 3467 1956 3520 in
1996 3465 2337 3521 Ecclesiaste
2369 3465 2640 3520 Salomon
2672 3465 2967 3538 loquitur:
2995 3489 3016 3517 ι
3043 3469 3125 3522 Da
3157 3473 3351 3539 partes
3373 3487 3464 3525 se-

1818 3559 1974 3626 ptem
2009 3571 2112 3608 nec
2144 3571 2258 3608 non
2289 3558 2346 3608 et
2377 3558 2541 3619 octo;
2580 3575 2606 3600 ››
2641 3559 2862 3624 septem
2906 3571 3162 3624 namque
3219 3559 3274 3610 et
3331 3554 3461 3612 octo

1818 3643 2153 3715 quindecim
2181 3642 2418 3711 faciunt,
2452 3645 2507 3695 et
2537 3641 2871 3712 quindecim
2896 3647 3034 3697 sunt
3065 3644 3292 3700 cantica
3329 3662 3462 3718 gra-

1819 3733 2002 3786 duum
2035 3748 2162 3802 qua:
2187 3729 2288 3783 filii
2313 3729 2485 3784 Israel
2510 3730 2741 3799 quando
2761 3731 2830 3784 ad
2857 3731 3139 3802 templum
3165 3734 3465 3790 convenie—

1819 3822 1979 3887 bant,
2014 3821 2322 3875 decantare
2355 3817 2508 3873 soliti
2539 3823 2722 3873 erant.
2755 3817 3022 3874 Christus
3052 3823 3140 3875 est
3171 3821 3294 3878 dies
3338 3823 3468 3895 pri-

1822 3927 1974 3974 mus,
2008 3908 2294 3980 septimus
2324 3912 2379 3962 et
2410 3910 2646 3962 octavus
2673 3925 2685 3975 ;
2715 3905 2962 3978 primus,
2989 3912 3122 3964 ante
3143 3926 3317 3980 quem
3341 3912 3469 3966 nul-

1822 3997 1914 4053 lus
1942 4016 1955 4064 ;
1989 3996 2299 4068 septimus,
2331 3995 2468 4067 quia
2494 3995 2551 4050 in
2585 3997 2712 4066 ipso
2744 4000 2966 4067 septem
3009 3997 3162 4052 dona
3212 3998 3467 4069 Spiritus

1824 4086 2009 4143 sancti
2045 4085 2375 4157 requievere
2399 4102 2412 4151 ;
2445 4087 2701 4150 octavus,
2725 4083 2861 4156 quia
2882 4089 3132 4142 aeternus
3163 4103 3229 4141 ac
3251 4087 3468 4158 sempi-

1823 4181 2024 4231 ternas
2058 4179 2181 4241 est;
2216 4178 2344 4228 octo
2387 4173 2560 4228 etiam
2620 4173 3011 4229 beatitudines
3067 4174 3351 4231 Dominus
3407 4175 3470 4231 in

1825 4268 2020 4319 monte
2041 4263 2164 4317 suis
2187 4261 2494 4334 discipulis
2514 4264 2799 4334 exposuit,
2817 4280 2962 4334 quas
2988 4267 3204 4336 martyr
3224 4263 3318 4320 hic
3340 4282 3474 4322 san-

1825 4353 2128 4407 ctissimus
2161 4355 2217 4406 et
2250 4351 2502 4422 pontifex
2533 4351 2822 4407 almificus
2854 4351 2912 4407 in
2946 4369 3008 4408 se
3033 4354 3274 4410 retinuit
3302 4358 3358 4410 et
3377 4371 3476 4411 ex-

1825 4441 2020 4496 crevit.
2053 4441 2219 4495 Nunc
2253 4440 2448 4511 itaque
2479 4441 2707 4497 enixius
2738 4441 3069 4514 flagitemus
3114 4443 3272 4499 hunc
3315 4459 3471 4498 mar-

1825 4536 2008 4602 tyrem
2042 4533 2099 4584 et
2129 4528 2461 4600 pontificem
2498 4532 2755 4586 Marcum
2789 4536 2852 4585 ut
2882 4549 2985 4602 pro
3017 4531 3184 4586 nobis
3213 4531 3472 4602 indignis

99 4631 232 4689 Cana
258 4635 486 4691 Galileae
520 4633 685 4687 factae
717 4633 873 4692 sunt,
902 4644 1001 4683 sex
1022 4626 1238 4697 hydriae
1281 4623 1480 4696 positis
1537 4625 1676 4674 sunt
1701 4637 1713 4687 ;
1748 4631 1794 4694 D
1829 4618 2212 4690 omnipotenti
2237 4623 2346 4671 Deo
2372 4633 2570 4688 preces
2592 4619 2873 4686 effundat,
2895 4621 3078 4690 utqui
3104 4620 3290 4685 Pater,
3315 4622 3476 4674 tutor

100 4722 264 4791 prima
285 4724 492 4796 hydria
523 4723 614 4776 est
635 4719 706 4772 ab
727 4718 909 4771 Adam
931 4731 1115 4786 usque
1138 4713 1208 4768 ad
1236 4713 1370 4777 Noe,
1406 4708 1662 4764 secunda
1685 4724 1718 4762 a

100 4808 198 4865 Noe
226 4829 404 4885 usque
437 4811 511 4866 ad
547 4807 866 4872 Abraham,
899 4803 1068 4858 tertia
1100 4802 1172 4856 ab
1206 4799 1498 4855 Abraham
1534 4811 1720 4867 usque

101 4898 160 4953 ad
177 4901 418 4973 Moysen,
440 4901 655 4971 quarta
693 4898 931 4965 aMoyse
971 4907 1158 4962 usque
1194 4890 1263 4944 ad
1299 4887 1496 4953 David,
1521 4885 1724 4957 quinta

1829 4709 1886 4760 et
1916 4705 2183 4759 defensor
2217 4703 2386 4758 nobis
2419 4707 2605 4758 exstat
2635 4704 2694 4758 in
2726 4704 2915 4772 terris,
2939 4721 3071 4759 eum
3104 4705 3327 4759 socium
3360 4721 3477 4759 me-

1831 4809 2065 4848 reamur
2097 4792 2308 4846 habere
2340 4792 2397 4846 in
2429 4790 2610 4850 ccelis.
2647 4792 2772 4863 ipse
2800 4793 3111 4862 adjuvante
3141 4792 3241 4863 qui
3265 4791 3402 4846 vivit
3421 4796 3480 4847 et

1833 4885 2034 4954 regnat
2063 4880 2119 4933 in
2153 4877 2366 4934 saecula
2398 4878 2764 4934 saeculorum.
2799 4881 3002 4934 Amen.
