3960 6216
160 446 3602 493 W

1545 486 1816 492 ..Ἡ
1831 488 1846 492 -
1861 483 2036 494 __-_
2049 483 2318 493 _J.._._.._
2327 488 2744 495 —___.._____..__.

1399 624 1554 665 ANNO
1591 624 1797 665 DOMINI
1825 625 1996 667 κιχνι
2035 626 2105 665 ετ
2144 626 2379 666 Μωανῐ.

686 799 832 950 SS.
896 800 1421 950 AHIALDUS
1478 802 2000 952 DIACONUS
2067 804 2192 951 ET
2260 804 3097 956 HEIILEMBALDUS

1445 1085 2342 1227 MARTYBES.

1173 1481 1872 1571 SANCTORUM
1945 1481 2622 1572 MARTYRUM

351 1703 1338 1818 A,R;IALDI~
1420 1704 1674 1804 ετ
1822 1703 3436 1811 ΗΕιιιεΜιΔιυι

1727 1927 2074 2020 ACTA.

444 2164 544 2223 DE
587 2159 1132 2222 VENERATIONE
1185 2160 1525 2231 ANTIQUA
1570 2160 2155 2230 SEPULCRORUM,
2191 2160 2567 2219 ACTOllUM
2617 2161 3179 2226 SCRIPTORIBUS
3241 2167 3340 2226 ET

936 2241 1472 2312 CERTAMINUM,
1508 2239 1729 2300 SOCIO
1773 2239 2276 2300 LUITPRANDO
2332 2241 2866 2303 PRESBYTERO.

885 2401 1076 2473 (Apud
1123 2401 1430 2470 Bouaqu
1474 2401 1602 2456 Acta
1639 2405 1972 2464 sanctorum,
2001 2398 2186 2471 Junii,
2220 2404 2260 2455 t.
2296 2403 2364 2470 V,
2396 2400 2488 2456 die
2521 2403 2610 2470 27,
2645 2417 2702 2473 p.
2735 2401 2890 2473 280.)

256 2716 311 2772 1.
337 2715 594 2774 Joannes
614 2713 816 2770 Petrus
832 2712 1176 2783 Puricellus,
1200 2713 1597 2770 Laurentianae
1621 2715 1833 2772 Medio-
1860 2716 1915 2782 Α
2015 2715 2068 2767 2.
2101 2713 2210 2769 Sed
2242 2713 2292 2769 si
2317 2713 2395 2769 ibi
2428 2714 2890 2786 praetermittitur
2919 2739 2946 2765 «
2972 2717 3030 2771 S.
3066 2716 3536 2789 Herlembaldus,
3573 2745 3600 2771 ι»

177 2803 649 2882 lani’collegiataa
672 2803 1160 2876 archipresbyter,
1183 2819 1316 2859 cum
1350 2820 1501 2860 anno
1534 2805 1673 2860 1645
1698 2806 1834 2861 Amo
1943 2802 1996 2858 is
2057 2801 2193 2858 alibi
2262 2803 2438 2858 etiam
2506 2804 2730 2876 absque
2764 2827 2791 2852 »
2844 2803 3078 2862 Arialdo
3126 2827 3148 2855 ι
3223 2807 3469 2864 refertur
3539 2816 3604 2865 ut

105 2947 121 2970 τ
178 2895 478 2951 διεσείεωω
494 2893 712 2949 ibidem
736 2891 988 2950 basilicae
1002 2909 1070 2948 ac
1093 2892 1432 2948 monasterii
1457 2899 1838 2951 monumenta

179 2981 535 3056 evulgasset,
559 2982 762 3042 ordine
791 2980 1200 3054 chronolpgico
1251 2981 1496 3052 digesta,
1548 2982 1646 3038 ubi
1679 2982 1834 3039 haud

179 3087 362 3146 parce
387 3070 719 3130 delibantur
747 3073 875 3126 acta
894 3071 1449 3143 praenominatorum
1476 3076 1834 3138 sanctorum,

179 3159 424 3232 biennio
445 3163 579 3233 post
609 3158 909 3232 proprium
942 3159 1012 3214 de
1042 3159 1135 3214 his
1160 3158 1451 3231 evulgavit
1469 3176 1637 3231 opus,
1669 3159 1838 3217 libris

183 3231 785 3325 quaterdistinctum,
825 3263 1080 3320 quorum
1122 3247 1350 3322 primus
1381 3248 1640 3304 continet
1665 3272 1692 3299 α
1728 3251 1836 3306 Te-
1878 3231 1907 3264 ⁴

181 3337 484 3412 stimonia,
530 3353 634 3411 pro
678 3336 943 3416 ipsorum
991 3337 1300 3393 sanctitate
1346 3335 1612 3406 collecta,
1650 3361 1678 3387 ››
1712 3355 1837 3410 qua:

182 3427 426 3502 quidem
445 3425 722 3504 pleraque
745 3423 1153 3486 historicorum
1172 3429 1333 3496 sunt,
1364 3425 1569 3484 ordine
1593 3427 1779 3482 atatis
1805 3444 1839 3483 a

179 3515 401 3586 seculo
416 3532 473 3572 x1
489 3531 679 3590 usque
697 3514 772 3588 ad
788 3531 901 3570 xvu
917 3513 1349 3586 propositorum
1374 3529 1475 3586 per
1492 3515 1683 3586 capita
1703 3533 1834 3582 xxx,

178 3609 244 3662 et
272 3619 481 3676 eorum
509 3604 762 3676 potiores
793 3620 899 3670 suo
935 3601 1532 3675 iudicabuntur-loco.
1559 3603 1675 3660 Prw
1705 3603 1835 3660 istis

179 3694 326 3769 huc.
334 3679 713 3768 potissimum
735 3695 962 3766 spectat
977 3713 1009 3758 μ
1029 3691 1600 3765 archiepiscoporum
1625 3691 1838 3750 Medio-

176 3781 520 3856 lanensium
550 3781 848 3855 catalogus
884 3803 904 3829 ι»
940 3797 1093 3850 anno
1124 3781 1267 3837 1310
1293 3780 1593 3850 collectus,
1627 3781 1726 3838 ubi
1761 3782 1832 3837 ad

177 3869 472 3947 Guidonis
509 3869 931 3945 archiepiscopi
972 3887 1130 3940 Lxxu,
1155 3886 1393 3941 nomen,
1439 3870 1526 3928 sic
1557 3875 1828 3928 notatur:

175 3981 208 4011 α
242 3961 364 4017 Isto.
387 3963 648 4034 tempore
669 3949 880 4032 passus
906 3965 993 4015 est
1011 3959 1074 4026 Β,
1097 3957 1397 4028 Arialdus,
1430 3964 1652 4032 martyr
1670 3964 1727 4016 et
1749 3959 1832 4017 le-

173 4049 332 4118 vita,
353 4047 580 4124 scilicet
609 4047 918 4119 millesimo
948 4047 1315 4126 sexagesimo
1347 4052 1527 4107 sexto.
1574 4049 1740 4108 Jacet
1768 4047 1831 4104 in

174 4153 420 4209 corpore
449 4135 702 4212 OCCIQSim
729 4137 806 4210 βπ
825 4136 1106 4210 Dionysii.
1149 4137 1360 4198 Beatus
1403 4153 1637 4209 quoque
1665 4135 1830 4192 Heri-

175 4213 394 4283 baldus
423 4225 612 4296 miles,
646 4225 746 4300 qui
769 4224 1024 4300 amasias
1053 4229 1111 4282 et
1139 4224 1291 4282 filios
1306 4226 1674 4284 sacerdotum
1706 4241 1830 4296 per-

175 4315 556 4392 sequebatur.
587 4335 615 4365 »
650 4313 952 4372 Fundatur
981 4317 1177 4380 autem
1206 4314 1546 4386 bujusmodi
1567 4314 1829 4371 testimo-

175 4403 344 4480 nium
367 4403 758 4476 inutriusque
780 4403 1177 4484 monumentis
1198 4402 1300 4460 diu
1321 4403 1754 4474 superstitibus,
1774 4408 1832 4460 et

169 4490 494 4564 epitaphiis
523 4491 584 4548 in
630 4493 972 4548 corumdem
1011 4492 1298 4550 erectione
1337 4491 1604 4564 sculptis,
1654 4497 1828 4564 atque

171 4579 788 4656 infraproducendis.
833 4581 1174 4654 Proximum
1217 4579 1298 4636 illi
1344 4580 1605 4652 catalogo
1634 4579 1828 4638 locum

172 4672 437 4746 meretur
459 4691 495 4742 Δ‹‹
517 4669 931 4744 Kalendarium
954 4669 1431 4738 Ambrosianum,
1456 4691 1483 4718 »
1515 4685 1668 4726 anno
1693 4671 1818 4725 1381

174 4756 485 4838 preatlxum
517 4758 888 4832 membraneo
905 4759 1088 4815 codici
1102 4757 1494 4830 Epistolarum
1517 4757 1587 4814 ad
1617 4757 1830 4824 missas

172 4859 279 4917 per
306 4861 530 4926 annum
560 4847 938 4922 legendarum
965 4846 1110 4919 ;_u_bi
1142 4848 1214 4903 ad
1245 4849 1314 4902 28
1344 4846 1506 4904 Junii
1537 4847 1620 4904 sic
1648 4847 1825 4904 habe-

167 4935 303 4991 tur:
334 4933 397 5012 _S.
429 4934 860 5012 Ariaidi'le’vitaa
887 4941 943 4992 et
972 4936 1268 5009 martyris.
1297 4938 1460 4996 Jacet
1492 4935 1563 4994 ad
1594 4935 1653 4994 S.
1688 4937 1826 4992 Dio-

170 5007 766 5104 nysiumhﬁA-pcedit
797 5007 1190 5100 ilibeqipsius,
1239 5024 1510 5086 Puricelli
1555 5026 1827 5098 proprius

1945 2915 1972 2940 ‹‹
1993 2895 2266 2959 sanctus;
2287 2913 2314 2941 »
2327 2892 2592 2948 videlicet
2617 2893 2674 2947 in
2696 2893 2899 2950 tabula
2919 2894 3268 2967 perantiqua
3281 2896 3600 2969 collegiate:

1944 2980 2201 3038 ecclesiae
2222 2981 2280 3036 S.
2316 2981 2564 3053 Babylze,
2588 2999 2656 3037 ex
2677 2981 2978 3039 asseribus
3008 2989 3330 3055 compacta,
3349 2986 3422 3042 ad
3444 2988 3597 3048 istud

1946 3069 2234 3126 sacellum
2269 3071 2422 3141 quod
2456 3068 2691 3142 capellas
2723 3071 3014 3143 primariae
3033 3072 3340 3130 sinistrum
3371 3080 3479 3143 est,
3505 3077 3606 3132 ubi

1946 3181 1974 3209 ‹‹
1997 3159 2255 3216 medium
2273 3158 2466 3218 locum
2483 3163 2660 3216 tenet.
2680 3161 2741 3216 S.
2758 3161 3606 3229 Ambrosius,indumentis-ar-

1945 3246 2474 3319 chiepisoopalibus
2511 3253 2777 3318 ornatus,
2823 3249 3121 3322 ﬂagellum
3153 3251 3460 3308 minaciter
3487 3253 3604 3309 ela-

1943 3341 2071 3392 tum
2113 3337 2347 3393 dextera
2393 3353 2571 3393 manu
2615 3343 2874 3410 gestans,
2908 3339 3149 3396 sinistra
3194 3341 3510 3400 vexillum:
3549 3343 3605 3398 in

1945 3441 2062 3496 quo
2087 3424 2251 3496 pictai
2273 3430 2412 3480 sunt
2431 3426 2817 3482 sanctissimae
2839 3427 3145 3484 Trinitatis
3165 3430 3603 3500 personamihil

1944 3513 2096 3568 inter
2125 3529 2187 3568 se
2218 3514 2406 3568 forma
2435 3511 2522 3568 vel
2548 3518 2715 3569 atate
2745 3514 3099 3571 differentes.
3129 3515 3442 3572 Ambrosio
3461 3517 3599 3572 dex-

1940 3603 2032 3656 ter
2057 3600 2278 3656 assidet
2305 3604 2547 3657 sanctus
2596 3601 2767 3656 miles
2797 3607 3081 3670 armatus,
3121 3602 3478 3674 gentilitium
3515 3606 3598 3660 fa-

1943 3687 2116 3745 miliae
2148 3688 2325 3745 Cottae
2357 3694 2609 3746 stemma
2637 3690 2950 3761 praeferens
2981 3707 3164 3762 supra
3192 3695 3394 3764 pectus
3425 3692 3484 3750 in
3509 3692 3595 3748 la-

1941 3781 2060 3833 tere
2088 3777 2342 3844 dextero,
2384 3777 2610 3834 Cottam
2655 3777 2879 3834 scilicet
2914 3777 3130 3847 albam,
3177 3783 3235 3838 et
3261 3779 3355 3837 his
3384 3779 3600 3839 litteris

1939 3865 2488 3923 indicatussanctus
2506 3867 2817 3924 Arembald
2827 3884 2915 3935 us;
2936 3867 3177 3930 sinistra
3191 3885 3427 3942 quoque
3445 3887 3600 3930 mar-

1937 3955 2180 4027 tyricam
2211 3960 2449 4027 gestans
2481 3955 2762 4028 palmam,
2794 3957 2999 4013 dextra
3024 3973 3159 4013 vero
3205 3957 3477 4014 vexillum
3510 3957 3595 4013 al-

1938 4043 2078 4100 bum
2095 4044 2276 4100 rubra
2296 4061 2465 4100 cruce
2487 4043 2827 4117 interposita
2854 4043 3164 4102 variatum.
3197 4044 3402 4103 Simile
3422 4063 3595 4118 porro

1935 4131 2208 4190 vexillum
2239 4137 2296 4189 et
2342 4132 2600 4218 palmyam
2630 4133 2904 4190 similiter
2953 4137 3148 4206 gestat
3191 4133 3337 4190 alter
3377 4133 3498 4201 ille,
3532 4135 3590 4190 in

1937 4221 2174 4278 sinistro
2201 4222 2470 4279 assidens
2491 4219 2689 4290 latere,
2722 4239 2789 4280 ac
2819 4227 3057 4280 sanctus
3085 4223 3362 4282 Julianus
3391 4223 3594 4297 appel-

1937 4311 2114 4366 latus.
2149 4334 2177 4361 ››
2209 4311 2322 4368 Sed
2343 4310 2438 4370 hic
2471 4311 2604 4383 quis
2633 4312 2731 4378 sit,
2766 4311 3048 4372 hactenus
3079 4330 3195 4370 non
3227 4313 3423 4370 divino
3449 4332 3462 4381 ;
3493 4313 3590 4369 ha-

1937 4399 2096 4456 bitus
2123 4403 2276 4456 certe
2303 4398 2488 4456 alium
2521 4399 2744 4457 indicat
2782 4402 2856 4456 ab
2902 4401 3078 4458 istuis
3109 4401 3364 4458 nominis
3392 4407 3596 4458 sancto

1937 4487 2201 4559 diacono,
2233 4488 2333 4560 qui
2365 4505 2498 4544 cum
2543 4489 2718 4546 fratre
2765 4491 2823 4546 S.
2857 4490 3014 4547 Julio
3059 4491 3318 4547 Novariaa
3349 4491 3592 4563 presby-

1935 4582 2060 4634 tero
2091 4576 2303 4634 colitur
2321 4577 2381 4634 31
2411 4576 2699 4634 Januarii.

2005 4668 2058 4722 3.
2093 4666 2398 4723 Secundus
2444 4665 2786 4738 prmlaudati
2835 4666 3028 4738 operis
3076 4665 3226 4722 liber
3261 4689 3283 4717 ι
3317 4669 3373 4721 S.
3401 4666 3588 4722 Arial-

1935 4756 1994 4812 di
2023 4755 2215 4812 Vitam
2243 4778 2263 4804 ιι
2299 4755 2577 4822 continet,
2610 4771 2786 4827 quam
2825 4754 3248 4812 Constantinus
3277 4755 3595 4814 Caietanus

1937 4843 2216 4901 Puricello
2239 4843 2714 4915 communicavit,
2745 4861 2815 4901 ex
2833 4844 3012 4900 veteri
3043 4844 3245 4901 codice
3266 4849 3564 4918 acceptam
3579 4889 3591 4913 ,

1935 4934 2215 5006 scriptam
2245 4936 2440 4990 autem
2494 4950 2610 4990 non
2641 4951 2676 4996 a
2728 4934 2870 5005 Syro
2917 4933 3221 4994 sacerdote
3269 4934 3465 5005 (cujus
3495 4952 3592 4992 ex-

1933 5026 2051 5082 stat
2079 5023 2152 5079 ad
2183 5021 2396 5080 calcem
2430 5021 2703 5094 epistola,
2728 5027 2786 5078 et
2805 5022 2896 5078 cui
2927 5022 3116 5093 ipsam
3151 5037 3456 5094 perperam
3489 5023 3592 5078 ad-

169 5108 1041 5192 annisjfprsecise‘icentum{post
1063 5112 1236 5192 illum
1257 5113 1518 5180 codicem
1547 5114 1825 5187 scriptus,
1905 5171 1908 5174 ,
1935 5112 2080 5170 dixit
2107 5111 2393 5176 Beronius
2440 5111 2512 5167 ad
2559 5128 2654 5167 an.
2691 5111 2872 5183 1066).
2915 5111 3019 5174 sed
3051 5127 3087 5168 a
3115 5132 3144 5160 ‹‹
3181 5109 3246 5165 Β.
3273 5111 3528 5175 Andrea,
3563 5133 3589 5160 »

170 5189 833 5280 «deigdulgentiis_qugs
855 5189 1141 5274 concessae,
1159 5206 1300 5272 sunt
1319 5202 1828 5270 Mediolanieccle-
1935 5202 2192 5276 primum
2251 5200 2311 5256 S.
2370 5198 2586 5256 Arialdi
2635 5216 2824 5272 usque
2876 5201 2950 5257 ad
3005 5198 3232 5256 obitum
3273 5198 3592 5272 discipulo,

167 5285 299 5356 liis,
345 5270 1318 5371 deqdacorpoi-buasanctorum
1340 5291 1400 5349 in
1448 5291 1652 5351 eadem
1683 5293 1828 5352 urbe
1935 5270 2146 5348 deinde
2175 5289 2461 5346 monacho
2480 5270 2945 5346 Valumbrosano
2967 5293 3143 5360 atque
3161 5287 3372 5344 abbate
3404 5270 3465 5345 S.
3501 5289 3595 5344 Fi-

172 5379 352 5449 atque
377 5377 850 5462 ipsiushdiosceai
887 5379 1354 5456 quiescentibus,
1388 5402 1418 5429 »
1459 5380 1559 5436 ubi
1590 5379 1727 5438 folio
1762 5383 1828 5438 16
1862 5455 1896 5462 _
1934 5379 2083 5437 delis
2115 5379 2187 5434 de
2217 5378 2686 5449 Strumis,.cujus
2707 5380 2976 5450 quaedam
3007 5381 3140 5432 acta
3164 5374 3437 5448 colligere
3463 5382 3592 5434 stu-

170 5463 240 5534 ν,
273 5455 516 5546 dicitur.
537 5455 1058 5545 {glubiSLDionysio
1089 5468 1516 5545 S..Dionysius,
1548 5473 1604 5525 S.
1635 5469 1822 5525 Ariol-
1853 5455 1896 5522 C
1934 5468 2033 5524 dui
2067 5468 2158 5522 die
2197 5469 2258 5520 10
2279 5467 2491 5523 Martii.
2517 5467 2763 5540 Scripsit
2794 5468 3033 5539 quidem
3059 5464 3280 5537 aliquid
3309 5487 3332 5512 ι
3361 5465 3592 5537 Syrus»

171 5553 306 5625 dus,
334 5555 760 5638 Auriliusk»
783 5557 928 5632 alias
963 5580 984 5629 ς
1018 5556 1291 5616 Arialdus
1314 5579 1342 5622 ξ)
1374 5561 1431 5614 et
1451 5581 1479 5608 «
1506 5557 1820 5615 Aurelius»
1939 5553 2250 5629 praedictus
2305 5553 2505 5612 statim
2546 5572 2615 5612 ac
2645 5556 2832 5614 caedes
2885 5559 3116 5630 patrata
3145 5555 3355 5622 fuerat,
3389 5576 3417 5604 «
3453 5570 3586 5610 cum

171 5642 498 5728 scribendi,
534 5693 585 5724 ﬂ,
1939 5644 2095 5704 socio
2125 5642 2512 5715 Herimberto,
2544 5667 2573 5696 »
2605 5645 2689 5702 uti
2719 5644 2780 5703 in
2809 5646 3059 5720 epistola
3088 5645 3162 5702 ad
3191 5659 3327 5702 eum
3360 5643 3442 5702 ait
3472 5644 3595 5720 ipse
