3960 6216
272 344 429 406 1435

1401 346 1510 406 SS.
1559 345 1878 406 ARIALDI
1925 345 2034 408 EM
2080 347 2584 416 ERLEMBALDI

3519 358 3681 426 1436

271 486 566 553 Andreas;
593 484 692 541 sed
717 485 870 557 quod
890 481 1142 555 scripsit,
1164 480 1604 538 noninvenitur.
1627 479 1771 546 Quia
1784 496 1916 536 vero
1947 482 2002 549 Α
2031 497 2314 552 passuum
2337 485 2522 545 millia
2542 486 2717 546 distet
2740 488 3196 562 Mediolano,nec
3216 491 3297 550 ita
3316 491 3520 567 procul
3541 493 3679 555 inde

268 573 363 629 ille
397 575 578 629 multa
626 574 918 638 omiserat,
963 573 1191 644 plenius
1241 576 1296 627 et
1326 571 1653 627 accuratius
1682 571 1917 642 scripsit

266 665 546 728 Andreas,
594 664 760 732 jussu
813 663 1042 717 abbatis
1089 662 1179 717 sui
1232 661 1483 725 Rudolfi,
1536 661 1758 716 decimo
1786 667 1917 732 post

268 758 513 806 mortem
556 753 738 806 sancti
773 768 962 817 anno;
1021 750 1371 823 ineompleto
1404 751 1648 816 scilicet,
1682 757 1745 804 ut
1774 750 1910 805 alibi

263 841 590 906 ostendam,
617 858 802 895 annos
819 842 1201 905 numerando,
1220 841 1274 894 id
1306 845 1393 895 est
1415 857 1566 894 anno
1591 841 1746 907 1075,
1776 855 1910 894 cum

263 935 523 984 recenter
553 931 786 993 obiisse,
821 929 1031 984 similis
1056 930 1315 1001 martyrii
1349 929 1544 983 laurea
1575 933 1909 993 coronatus,

261 1043 285 1065 ‹‹
310 1019 366 1072 S.
393 1018 859 1084 llerlembardus,
879 1042 905 1066 ››
923 1020 1090 1088 cujus
1109 1018 1197 1072 ille
1214 1019 1545 1088 passionem
1567 1041 1584 1065 α
1605 1017 1769 1072 alteri
1791 1021 1906 1071 tam

258 1107 538 1160 volumini
571 1125 747 1178 quam
787 1107 1055 1178 scriptori
1083 1131 1107 1154 n
1143 1108 1469 1177 relinquere
1502 1122 1560 1160 se
1589 1107 1905 1177 professus,

262 1215 420 1250 num.
471 1199 556 1262 41,
612 1198 1015 1252 necessitatem
1063 1197 1231 1250 nobis
1282 1196 1562 1267 itnposuit
1608 1197 1735 1266 ejus
1781 1202 1908 1251 acta

254 1295 564 1366 colligendi
596 1310 663 1348 ex
709 1294 1014 1345 auctorum
1064 1304 1406 1352 coaevorum,
1458 1286 1556 1340 sed
1599 1287 1777 1340 ferme
1805 1286 1904 1340 ad-

256 1385 644 1440 versariorum
669 1380 928 1436 historiis
959 1396 1060 1434 seu
1095 1375 1592 1445 annalibUS,qLios
1623 1375 1680 1428 in
1712 1375 1902 1430 lucem

256 1475 512 1529 edendos
564 1470 833 1543 promisit
889 1469 1126 1540 quidem
1167 1463 1510 1529 Puricellus,
1571 1464 1670 1518 sed
1718 1468 1903 1518 morte

2022 577 2227 644 captus
2254 573 2350 630 ille
2381 577 2474 645 sit,
2501 578 2776 634 horarum
2803 597 3122 652 paucarum
3153 582 3453 641 intervallo
3479 602 3492 654 ;
3527 586 3677 644 satis

2023 663 2237 719 mirum
2272 665 2782 738 fuitproditionem
2806 686 2958 739 eam,
2993 687 3292 744 perquam
3322 673 3380 728 in
3412 673 3673 732 hostium

2021 768 2231 807 manus
2265 753 2387 824 ipse
2424 755 2598 823 venit,
2650 759 2927 830 postridie
2971 777 3140 816 mane
3187 763 3560 833 personuisse
3612 763 3673 819 in

2021 841 2181 907 urbe,
2216 841 2348 897 licet
2379 844 2569 900 adhuc
2600 847 2726 902 sine
2756 847 2873 903 ulla
2912 849 2982 904 de
3013 865 3150 905 nece
3188 849 3275 905 vel
3308 851 3467 908 necis
3499 854 3674 909 modo

2019 931 2401 1000 certitudine;
2439 951 2612 1004 quam
2665 935 2920 1007 primum
2963 937 3055 992 die
3078 939 3148 992 29
3191 944 3538 996 consecutus
3584 945 3675 997 est

2017 1023 2238 1086 auctor,
2265 1025 2447 1076 totam
2471 1022 2625 1078 diem
2646 1029 2990 1096 noctemque
3013 1026 3521 1084 ambulandoilluc
3542 1045 3674 1100 pro-

2015 1124 2273 1179 gressus.
2308 1112 2470 1166 Tunc
2501 1113 2792 1183 siquidem
2841 1114 3271 1170 consceleratus
3316 1119 3587 1173 sacerdos
3617 1118 3671 1174 ei

2015 1196 2242 1252 obviam
2277 1200 2483 1266 tactus,
2508 1201 2651 1255 dixit
2680 1219 2692 1255 :
2729 1226 2753 1249 ‹‹
2792 1203 2871 1257 Ex
2901 1207 3065 1258 terna
3096 1203 3187 1258 die
3209 1221 3314 1260 vox
3344 1205 3604 1275 lzetifera,
3642 1229 3670 1257 »

2013 1286 2070 1340 id
2102 1290 2189 1341 est
2219 1285 2425 1342 lmtitiae
2459 1289 2647 1360 plena,
2683 1313 2711 1338 ‹‹
2746 1290 2868 1346 loco
2901 1296 3097 1346 nostro
3131 1293 3432 1349 insonuit:
3477 1296 3668 1350 Arial-

2013 1374 2144 1442 dus,
2169 1375 2509 1432 clericorum
2533 1379 3165 1446 adversarius,vinctus
3188 1381 3510 1439 habeturin
3534 1385 3668 1440 navi

2012 1468 2067 1518 et
2087 1463 2146 1518 in
2180 1464 2304 1536 ripa
2327 1465 2456 1532 laci,
2476 1488 2502 1516 »
2530 1468 2850 1539 eodemque
2877 1469 2968 1524 die
3000 1475 3298 1540 peractam
3329 1471 3543 1527 eadem
3565 1473 3668 1528 de-

2012 1552 2232 1608 scribit.
2269 1554 2375 1610 Ubi
2409 1573 2522 1611 non
2558 1556 2684 1628 lego
2711 1574 2844 1612 cum
2878 1557 3160 1614 Puricello
3193 1581 3221 1608 «
3255 1564 3510 1629 externa,
3548 1583 3568 1611 ι
3601 1565 3669 1618 ut

253 1659 384 1725 post
415 1669 477 1708 se
507 1651 765 1724 reliquit.

2036 1640 2185 1698 'ideri
2219 1649 2433 1714 posset,
2496 1670 2522 1694 α
2553 1645 2858 1714 hesterna;
2895 1669 2914 1695 ι
2953 1647 3052 1702 sed
3086 1670 3112 1697 ‹‹
3147 1664 3216 1703 ex
3264 1651 3452 1714 terna,
3487 1672 3514 1698 ››
3547 1649 3669 1706 sive

326 1745 375 1796 4.
411 1744 560 1796 Sunt
589 1744 783 1796 autem
816 1735 898 1791 illi
922 1734 1175 1807 primum
1210 1755 1237 1781 «
1269 1730 1546 1786 Arnulfus
1573 1751 1600 1779 ››
1631 1731 1894 1802 quidam,
2007 1750 2036 1777 «
2068 1746 2136 1785 ex
2166 1731 2336 1786 tertia
2365 1733 2478 1800 die,
2512 1756 2538 1782 ››
2572 1734 2627 1788 id
2661 1738 2768 1800 est,
2803 1734 3018 1790 nudius
3049 1734 3277 1802 tertius,
3309 1739 3504 1793 tuncv
3535 1737 3667 1794 Kal-

252 1836 504 1902 quatuor
542 1829 706 1884 libris
733 1824 1039 1881 historiam
1084 1821 1331 1892 patriam
1373 1819 1747 1890 complexus;
1781 1823 1837 1874 et
1865 1836 1898 1874 a
1927 1849 1974 1913 Β
2004 1818 2164 1913 Julii.
2200 1821 2485 1884 Quoniam
2517 1828 2712 1879 autem
2745 1825 2816 1879 de
2844 1847 2871 1874 «
2922 1824 2979 1880 S.
3010 1823 3469 1881 Herlembaldo»
3515 1826 3668 1892 nihil

251 1920 398 1975 libro
434 1938 471 1974 ιι
497 1919 794 1990 professus
843 1931 910 1970 ea
939 1929 1000 1968 se
1029 1912 1303 1980 deinceps
1355 1909 1734 1980 scripturum,
1769 1926 1895 1979 quas
1927 1907 1969 1913 ⁷
2009 1907 2278 1964 distincte
2311 1911 2495 1965 scitur
2525 1913 2716 1983 quoad
2749 1913 2904 1967 diem
2929 1912 3154 1979 mortis,
3188 1913 3356 1968 obitas
3407 1914 3494 1985 (ut
3523 1915 3667 1973 satis

248 2011 319 2064 ab
352 2008 595 2064 Ariberti
627 2000 1046 2075 archiepiscopi
1076 1999 1355 2055 electione
1395 1997 1544 2051 facta
1573 2013 1726 2051 anno
1761 1998 1897 2051 1019
2006 1999 2387 2068 probaturum
2439 2017 2531 2055 me
2562 2004 2724 2072 puto)
2756 2018 2908 2057 anno
2942 2001 3101 2069 1075,
3157 2018 3270 2057 non
3305 2003 3463 2068 1076,
3506 2003 3664 2060 haud

248 2098 494 2170 ipsemet
530 2096 776 2152 videndo
823 2091 1223 2165 cognovisset;
1257 2087 1408 2142 sicut
1439 2086 1574 2140 fecit
1605 2102 1790 2158 usque
1821 2086 1892 2141 ad
2005 2084 2102 2140 diu
2129 2092 2261 2156 post
2278 2088 2639 2145 Dominicam
2669 2091 2726 2144 in
2751 2089 3082 2157 Albis,tunc
3104 2091 3174 2146 12
3193 2090 3412 2161 Aprilis
3436 2097 3661 2162 actam;

255 2190 403 2244 1077.
436 2185 652 2242 Deinde
678 2207 696 2233 ι
727 2180 1071 2244 Landulfus,
1108 2201 1134 2225 »
1168 2181 1430 2248 respectu
1473 2174 1713 2230 alterius
1744 2175 1895 2229 infra
2002 2189 2325 2247 congruum
2360 2177 2582 2246 censui,
2617 2195 2868 2250 quorum
2893 2182 3205 2250 conjuncta
3236 2180 3474 2235 fuerunt
3503 2185 3560 2236 et
3581 2181 3664 2236 vi-

255 1568 579 1635 przeventus
618 1564 858 1633 longum
905 1556 1243 1613 eorumdem
1301 1552 1656 1607 desiderium
1712 1552 1902 1607 adhuc

246 2275 608 2341 nominandi,
660 2297 686 2322 (ι
725 2272 932 2328 Senior
956 2294 975 2317 ι
1010 2266 1415 2339 appellandus,
1453 2264 1553 2336 qui
1601 2265 1893 2319 scribebat
2000 2265 2257 2319 ventium
2289 2271 2498 2335 acta,et
2529 2271 2895 2323 mortuorum
2918 2271 3300 2324 monumenta
3325 2267 3657 2341 cultusque,

244 2368 396 2421 circa
443 2379 664 2420 annum
705 2362 865 2424 1080,
913 2359 972 2413 in
1024 2357 1117 2410 his
1146 2357 1219 2410 ob
1268 2372 1394 2426 quae
1427 2377 1453 2404 ‹‹
1502 2352 1802 2408 Arialdum
1835 2358 1893 2409 et
2001 2369 2114 2407 non
2146 2353 2420 2410 dirimere
2448 2355 2774 2424 historiam,
2799 2358 2901 2412 sed
2934 2357 3075 2412 Vitae
3101 2356 3318 2412 Arialdi
3350 2357 3662 2415 subtexere

245 2452 716 2509 Herlembaldum
752 2472 778 2497 »
829 2447 1161 2511 laudamus,
1219 2458 1459 2515 quaeque
1507 2443 1576 2496 ad
1608 2442 1888 2497 invidiam

245 2544 475 2614 utrique
525 2539 890 2596 conﬂandam
941 2535 1064 2607 ipse
1121 2535 1444 2604 detorquet,
1495 2535 1657 2586 tanto
1702 2529 1889 2602 magis

241 2632 585 2696 credendus,
612 2627 802 2700 quoad
828 2625 903 2680 rei
921 2629 1094 2697 gestae
1111 2621 1523 2687 substantiam,
1547 2624 1764 2690 quanto
1783 2618 1890 2673 ini-

241 2720 429 2792 quiori
461 2719 657 2775 animo
687 2733 755 2772 ea
784 2712 1036 2786 scripsit,
1071 2710 1302 2767 etiamsi
1333 2709 1638 2765 manifeste
1671 2731 1697 2758 «
1724 2724 1884 2763 men-
1919 2773 1924 2776 _

238 2812 369 2875 dax,
404 2810 543 2863 dum
577 2804 828 2862 asseruit
856 2808 914 2858 et
950 2800 1253 2856 Arialdum
1293 2803 1349 2855 et
1372 2798 1760 2854 Alexandrum
1783 2813 1883 2868 pa-

241 2917 370 2970 pam
407 2898 452 2952 II
485 2897 828 2968 paenitenter
858 2890 1178 2946 indoluisse
1209 2888 1484 2944 omnibus
1528 2903 1653 2958 quae
1686 2891 1886 2941 contra

239 2986 553 3042 Nicolaitas
597 2989 655 3040 et
701 2982 1065 3037 Simoniacos
1113 2975 1423 3033 Mediolani
1481 2975 1719 3031 clericos
1751 2979 1884 3030 ante

236 3076 531 3146 egissent;
566 3073 705 3128 dum
747 3071 919 3126 etiam
954 3069 1064 3123 tria
1112 3065 1390 3122 conﬁnxit
1420 3063 1722 3131 miracula,
1755 3080 1882 3134 quae

235 3165 388 3219 Deus
421 3161 666 3234 patravit
692 3161 752 3214 in
803 3160 1056 3213 favorem
1087 3171 1274 3211 causae
1313 3170 1489 3225 quam
1532 3153 1756 3208 uxorati
1788 3169 1879 3208 sa-

1997 2443 2221 2515 reliqua
2248 2461 2435 2515 usque
2465 2445 2535 2500 ad
2564 2466 2590 2495 ‹‹
2611 2445 3006 2501 Herlembaldi
3029 2468 3057 2496 »
3079 2447 3290 2501 caedem
3322 2451 3470 2502 acta.

2067 2535 2120 2588 6.
2177 2532 2460 2598 Quoniam
2519 2533 2693 2589 etiam
2749 2535 2991 2591 extremi
3037 2535 3398 2591 discriminis
3456 2535 3652 2594 socius

1997 2621 2094 2676 ille
2122 2621 2230 2676 fuit
2257 2646 2284 2670 «
2321 2623 2716 2694 Luitprandus
2735 2623 3082 2696 presbyter»
3110 2623 3524 2695 praelaudatus,
3563 2625 3652 2680 di-

1995 2713 2122 2764 ctus
2138 2709 2312 2764 etiam
2331 2732 2357 2758 ‹‹
2372 2710 2697 2782 Liprandus
2718 2717 2855 2768 netu
2875 2713 3268 2784 Leoprandus,
3286 2733 3313 2762 ››
3337 2729 3490 2769 anno
3513 2715 3651 2770 1513

1994 2798 2087 2854 die
2128 2800 2162 2853 6
2197 2798 2481 2866 Januarii,
2535 2800 2594 2854 in
2641 2805 2940 2857 senectute
2988 2805 3044 2856 et
3086 2800 3451 2857 confessione
3498 2802 3654 2860 bona

1994 2887 2324 2955 defunctus,
2357 2889 2417 2943 in
2471 2889 2736 2945 Pontidio
2785 2891 2843 2946 S.
2877 2890 3078 2946 Jacobi
3111 2891 3492 2959 monasterio,
3550 2891 3648 2947 sed

1992 2976 2211 3031 sanctis
2243 2977 2492 3032 necdum
2526 2982 2984 3047 annumeratus;
3045 2995 3172 3049 quae
3214 2979 3284 3033 de
3311 2977 3409 3033 illo
3439 2995 3652 3049 super-

1991 3069 2156 3118 erant
2186 3063 2356 3136 plane
2404 3065 2770 3134 admiranda,
2803 3071 2862 3122 et
2910 3067 2981 3123 ad
3015 3067 3168 3121 idem
3201 3082 3442 3137 prorsus
3474 3082 3649 3138 argu-

1992 3158 2255 3208 mentum
2287 3154 2576 3222 facientia,
2611 3172 2714 3227 per
2743 3156 2982 3211 modum
3007 3155 3360 3226 lappendicis
3395 3155 3650 3212 historias

234 3216 913 3324 cerdot‘espertinaciter
957 3216 1346 3309 tutabantur;
1376 3259 1672 3315 quamque
1710 3241 1880 3298 toties
1910 3216 1953 3283 θ·
1991 3247 2330 3298 sanctorum
2353 3216 2846 3316 duorumlplacuit
2874 3216 3208 3315 adju'ngere.
3236 3243 3318 3299 De
3339 3243 3516 3315 hujus
3540 3243 3652 3300 ali-

235 3341 490 3398 Ecclesia
519 3338 806 3396 catholica
860 3337 1123 3392 Romana
1177 3333 1492 3389 damnavit.
1528 3353 1557 3380 »
1585 3333 1670 3386 Ita
1712 3330 1878 3385 Puri-

234 3431 417 3486 cellus
450 3431 506 3485 in
541 3427 875 3502 praefatione
892 3426 963 3480 ad
988 3424 1202 3479 librum
1227 3440 1265 3490 ι,
1292 3421 1498 3477 merito
1522 3421 1877 3492 redarguens

231 3521 566 3577 Tristanum
587 3513 1207 3580 Chalchum,Carolum
1227 3509 1876 3584 Sigonium,losephum

234 3608 696 3682 Ripamontium,
746 3601 1085 3661 recentioris
1116 3601 1217 3654 εενί
1261 3599 1569 3654 historicos
1601 3596 1878 3652 Mediola-

232 3715 462 3765 nenses,
487 3696 643 3769 quod
667 3695 728 3751 in
748 3691 1108 3766 explicandis
1125 3689 1316 3744 turbis
1347 3685 1799 3758 quibus,saeculo
1820 3703 1876 3741 x1

231 3789 385 3843 ultra
402 3788 770 3842 medietatem
792 3777 1412 3854 procurrente,agitata
1432 3773 1877 3831 Mediolanensis

230 3876 487 3932 Ecclesia
515 3878 624 3942 est,
683 3877 741 3928 et
769 3886 1018 3943 quarum
1075 3883 1252 3922 causa
1283 3865 1381 3919 isti
1411 3862 1641 3935 publice
1693 3861 1877 3917 habiti

232 3966 416 4022 sancti
446 3964 622 4020 vitam
656 3961 998 4024 amiserunt,
1033 3953 1294 4026 martyrii
1337 3951 1507 4007 titulo
1537 3969 1571 4007 a
1603 3950 1879 4006 Romanis

235 4055 608 4129 pontiﬁcibus
639 4053 1061 4111 consecratam,
1089 4041 1400 4100 maluerint
1429 4045 1693 4096 auctores
1723 4039 1876 4096 schi-

233 4146 511 4203 smaticos
541 4141 707 4212 sequi
739 4141 1018 4211 ipsosque
1065 4136 1299 4188 sanctos
1347 4129 1665 4201 inculpare,
1699 4145 1876 4201 quam

236 4259 262 4285 ‹(
297 4231 647 4290 Landulfum
669 4229 993 4290 Juniorem,
1025 4243 1052 4272 ››
1077 4221 1179 4292 qui
1200 4219 1308 4274 sub
1331 4235 1553 4273 annum
1579 4218 1715 4272 1515
1743 4217 1880 4272 scri-

233 4326 406 4380 bebat
437 4319 632 4393 qualia
659 4334 728 4372 ex
762 4339 782 4364 ι
817 4310 1130 4370 venerabili
1188 4308 1500 4380 Liprando,
1532 4330 1559 4357 »
1593 4306 1878 4362 avunculo

232 4431 359 4481 suo,
393 4410 697 4473 didicerat,
746 4421 850 4477 pro
881 4402 1084 4458 eadem
1138 4415 1318 4454 causa
1348 4413 1490 4453 naso
1521 4396 1880 4467 auribusque

234 4503 524 4561 mutilato.

1987 3349 2101 3404 quo
2131 3331 2295 3387 cultu
2326 3333 2480 3404 aqud
2515 3333 2916 3389 Pontidienses
2945 3332 3286 3400 monachos,
3311 3333 3465 3404 apud
3493 3349 3647 3403 quos

1987 3421 2133 3476 obiit
2163 3424 2219 3476 et
2244 3420 2509 3491 sepultus
2539 3425 2646 3489 est,
2681 3421 2729 3476 si
2761 3421 2900 3492 quid
2945 3421 3266 3477 invenisset
3297 3417 3643 3498 Puricellus,

1987 3510 2194 3566 fuisset
2222 3509 2381 3565 haud
2429 3509 2605 3566 dubie
2654 3510 2915 3566 studiose
2962 3525 3343 3580 expensurus.
3391 3507 3647 3564 Attentis

1985 3603 2180 3655 tamen
2203 3598 2274 3653 iis
2296 3615 2422 3669 quae
2446 3616 2626 3670 nepos
2649 3598 2820 3654 istius
2842 3597 3180 3670 Luitprandi
3209 3601 3407 3652 narrat
3420 3596 3535 3670 [de]
3561 3597 3647 3652 vi-

1984 3687 2172 3743 ventis
2186 3687 2517 3758 mortuique
2532 3687 2852 3754 miraculis;
2873 3686 3120 3760 atquein
3136 3684 3672 3758 primis[de]animi‘

1987 3775 2632 3845 fortitudine,divinitus
2663 3776 2967 3847 inspirata,
2984 3777 3056 3831 ad
3087 3775 3460 3831 subeundum
3493 3774 3649 3831 ultro

1987 3863 2436 3939 ignisjudicium
2464 3882 2477 3933 ;
2502 3864 2770 3921 dubitare
2792 3865 2885 3919 vix
2911 3881 3153 3936 possum
3174 3863 3316 3936 quin
3337 3864 3496 3919 hunc
3516 3864 3652 3920 bea-

1984 3956 2062 4011 tis
2091 3953 2216 4010 suis
2245 3953 2668 4021 accensuerint,
2694 3958 2752 4008 et
2783 3969 2918 4009 ossa
2947 3953 3205 4008 defuncti
3237 3953 3648 4010 Pontidienses
3742 4020 3747 4024 _

1987 4043 2299 4098 habuerint
2329 4042 2389 4097 in
2422 4043 2660 4111 honore,
2699 4043 2800 4098 sed
2832 4059 2935 4115 per
2971 4041 3207 4098 bellicas
3237 4041 3452 4097 aliasve
3491 4042 3647 4099 cala-

1988 4133 2240 4197 mitates,
2256 4132 2552 4187 destructo
2571 4131 2884 4203 aliquando
2899 4130 2988 4187 vel
3002 4131 3239 4187 incenso
3263 4132 3644 4202 monasterio,

1989 4221 2254 4293 suspicor
2271 4221 2513 4293 periisse
2535 4220 2724 4292 ipsius
2747 4219 2995 4292 sepulcri
3023 4220 3455 4288 memoriam,et
3475 4219 3645 4292 quid-

1988 4311 2128 4382 quid
2154 4312 2337 4365 facere
2370 4313 2567 4381 posset
2595 4309 2666 4364 ad
2689 4310 2960 4364 eumdem
2985 4308 3110 4364 sine
3134 4308 3411 4380 scrupulo
3431 4325 3645 4364 vocan-

1988 4401 2130 4455 dum
2154 4421 2180 4449 υ
2216 4399 2472 4464 beatum,
2497 4420 2517 4446 υ
2580 4396 2699 4452 imo
2728 4401 2781 4452 et
2817 4418 2845 4445 «
2881 4399 3171 4466 sanctum,
3210 4418 3232 4447 α
3269 4397 3320 4453 si
3353 4401 3648 4454 constaret

1989 4489 2118 4559 ejus
2149 4503 2276 4543 esse
2304 4503 2458 4552 ossa,
2493 4503 2618 4557 qua:
2643 4484 2828 4557 Papias
2860 4485 3009 4539 inter
3046 4484 3192 4541 alias
3224 4485 3508 4558 reliquias
3539 4503 3645 4542 no-

302 4598 354 4648 5.
403 4599 618 4648 Damus
665 4586 758 4642 hic
809 4583 1058 4657 primam
1093 4605 1117 4629 ‹‹
1142 4580 1200 4635 S.
1253 4576 1470 4633 Arialdi
1495 4599 1522 4626 ››
1576 4575 1766 4630 Vitam
1816 4589 1884 4629 ex
1913 4581 1960 4645 1)
1993 4577 2310 4632 minantur.
2343 4574 2544 4630 Talem
2575 4575 2646 4630 de
2678 4572 3143 4629 Pontidiensium
3166 4591 3305 4647 erga
3331 4575 3644 4645 Luitpran-

135 4739 140 4746 .
230 4685 340 4740 ista
374 4677 636 4738 Puricelli
666 4675 939 4741 editione,
974 4687 1108 4726 cum
1141 4684 1323 4740 eaque
1361 4670 1608 4722 mortem
1639 4661 1879 4718 ascribi-

232 4791 363 4829 mus
396 4787 546 4826 anno
591 4767 751 4830 1066,
782 4768 838 4819 et
876 4761 1115 4834 quidem
1147 4758 1253 4813 hoc
1302 4757 1428 4828 ipso
1476 4771 1590 4826 quo
1620 4751 1880 4806 Andreas

232 4877 472 4935 passum
498 4854 883 4913 «Arialdum»
912 4847 1290 4913 affirmatdie,
1319 4868 1348 4895 «
1363 4843 1579 4935 quinto
1592 4839 1879 4935 Kalendas

230 4927 410 5018 Julii;
447 4972 473 4998 »
509 4947 608 5019 qui
639 4949 834 5000 tamen
889 4941 1013 4996 dies
1045 4955 1180 4995 cum
1235 4938 1390 4991 esset
1444 4929 1790 4988 celebranda
1817 4927 1877 4984 S.

232 5040 502 5112 Baptistae
540 5039 742 5092 octava
787 5033 1127 5102 occupatus,
1181 5022 1471 5112 tanslatus
1521 5020 1597 5076 sit
1625 5019 1696 5112 in
1733 5035 1880 5112 prae-

229 5107 402 5184 citato
425 5123 768 5182 Kalendario
790 5121 863 5176 ad
895 5136 951 5173 Iv
971 5141 997 5168 ‹‹
1024 5114 1334 5170 Kalendas.
1358 5133 1385 5160 »
1409 5111 1608 5182 Neque
1630 5109 1700 5164 ad
1722 5107 1877 5163 diem

231 5215 575 5272 mutandam
607 5229 741 5268 cum
773 5206 1058 5266 Puricello
1095 5221 1203 5260 nos
1251 5205 1442 5258 movet
1481 5213 1758 5254 numerus
1785 5198 1875 5263 67,

231 5305 385 5376 quod
418 5302 710 5372 captivum
766 5298 1083 5354 abductum
1124 5296 1413 5356 sanctum,
1451 5312 1478 5340 ‹‹
1510 5291 1642 5344 ante
1672 5287 1876 5342 horam

230 5393 342 5446 diei
377 5387 628 5453 tertiam,
669 5389 728 5441 in
790 5401 902 5456 quo
932 5383 1129 5455 vigilia
1155 5387 1210 5437 S.
1264 5379 1414 5435 Petri
1454 5377 1875 5443 celebrabatur,

229 5495 331 5547 per
352 5478 542 5529 totum
564 5474 955 5528 Mediolanum
979 5475 1068 5525 est
1092 5469 1477 5538 divulgatum.
1510 5488 1538 5515 ι)
1558 5466 1702 5521 Cum
1719 5466 1877 5520 enim

229 5565 417 5616 Lacus
447 5559 651 5627 Major,
686 5561 756 5613 ad
791 5573 964 5627 quem
997 5559 1208 5612 ductus
1238 5557 1372 5611 etin
1406 5571 1521 5626 quo
1552 5555 1754 5610 eadem
1786 5554 1878 5611 die

228 5645 571 5701 interfectus
603 5650 688 5700 est
718 5647 976 5708 sanctus,
1011 5645 1081 5698 ad
1130 5643 1557 5715 quinquaginta
1581 5648 1682 5703 aut
1708 5642 1878 5716 plura

1990 4665 2130 4720 dum
2186 4665 2395 4720 affectu
2443 4662 2778 4735 opinionem
2827 4662 3137 4717 confirmat
3187 4661 3332 4718 mihi
3364 4662 3650 4720 memoria

1991 4753 2186 4809 cultus
2215 4770 2250 4808 a
2277 4751 2787 4808 Vallumbrosanis
2819 4751 3123 4807 monachis
3151 4751 3328 4807 delati
3359 4752 3417 4807 S.
3451 4752 3644 4822 Petro,

1989 4859 2163 4916 quem
2195 4865 2222 4892 ‹‹
2254 4842 2492 4914 Igneum
2519 4861 2541 4892 ι
2595 4840 3029 4913 cognaminant,
3063 4841 3134 4896 ab
3167 4857 3233 4896 eo
3263 4843 3493 4907 eventu,
3527 4857 3647 4911 quo

1989 4931 2180 4987 simile
2206 4931 2360 5002 ignis
2407 4929 2701 5000 judicium
2731 4929 2912 4984 subiit
2963 4929 3264 4986 Florentia;
3295 4945 3447 4985 anno
3481 4930 3644 4998 1063,

1989 5021 2048 5076 id
2080 5023 2168 5076 est
2200 5019 2370 5074 annis
2400 5018 2490 5084 38,
2523 5022 2838 5090 antequam
2871 5018 2930 5073 id
2960 5018 3184 5074 subiret
3211 5017 3645 5090 Luitprandus;

1987 5108 2281 5181 siquidem
2328 5106 2482 5163 Petri
2528 5106 2699 5163 istius
2733 5107 3014 5178 reliquias
3066 5106 3296 5179 pridem
3326 5106 3668 5176 honorifice,

1987 5196 2253 5254 conditas
2273 5196 2490 5252 habent
2506 5196 2775 5253 monachi
2799 5195 2890 5252 sui
2919 5196 2979 5250 in
3003 5195 3469 5268 altari,pluribus
3490 5196 3540 5267 ej
3551 5212 3648 5253 us-

1987 5288 2121 5343 dem
2180 5285 2562 5358 professionis
2593 5286 2776 5341 beatis
2825 5285 3144 5353 communi,
3194 5289 3250 5340 et
3279 5301 3434 5340 nunc
3465 5285 3644 5342 etiam

1987 5375 2365 5432 obtinuerunt
2397 5392 2430 5431 a
2471 5391 2638 5430 sacra
2667 5373 2907 5429 Rituum
2965 5373 3433 5447 congregatione,
3465 5377 3531 5430 ut
3561 5374 3644 5431 fe-

1987 5469 2146 5521 stum
2187 5464 2315 5534 ejus
2347 5462 2577 5536 possint
2607 5479 2741 5519 cum
2773 5463 2974 5519 Ofﬁcio
3005 5478 3174 5536 agere
3202 5463 3236 5518 8
3284 5462 3605 5520 Februarii.

2055 5556 2110 5608 '7.
2167 5553 2426 5608 Andreas
2483 5551 2762 5619 Alciatus,
2834 5550 3268 5624 juriconsultus
3337 5551 3642 5610 celeberri-

1987 5658 2142 5715 mus,
2173 5641 2274 5714 qui
2305 5657 2456 5701 anno
2488 5641 2628 5699 1530
2655 5641 2917 5703 florebat.
2951 5641 3010 5699 in
3051 5641 3302 5712 quodam
3337 5657 3444 5699 suo
3473 5642 3644 5700 Anti-
