3960 6216
185 339 341 406 143⁸1

1786 328 1990 393 ACTA

3439 335 3466 394 i
3478 334 3595 400 438

185 473 416 549 quario,
469 487 572 546 per
599 469 668 528 N.
717 471 1038 527 Fontanam
1087 463 1149 524 in
1196 481 1339 523 mss.
1382 461 1628 539 allegato
1677 461 1831 536 apud
1864 465 1916 532 Α
1948 463 3597 544 pendium,quaadampaulomeliusordinansetsupplens

188 561 546 622 Puricellum
578 577 710 634 pag.
745 561 832 629 15,
874 583 901 610 ‹‹
929 557 1147 614 Arialdi
1177 573 1245 612 ex
1273 555 1495 612 Alciata
1542 558 1711 627 gente
1743 568 1838 610 se-

188 655 461 730 pulcrum
485 674 513 702 »
547 651 810 706 indicare
841 648 1092 714 dicitur;
1125 650 1180 702 et
1201 645 1433 712 addere,
1459 667 1485 694 «
1511 644 1680 715 cujus
1712 658 1842 730 con-

190 729 412 810 ciones,
447 741 895 813 disputationes.
946 752 1168 801 necem,
1219 732 1520 802 miracula,
1561 729 1843 788 Arnulfus

190 832 513 892 historicus
535 829 902 885 Mediolanus
924 823 1296 896 descripsit.»
1319 822 1428 878 Sed
1449 821 1724 894 quoniam
1745 821 1845 874 Ar-

193 923 400 982 nulfus
423 921 530 976 iste
553 915 861 983 fuit,sicuti
882 908 1842 984 vidimus,periniquus«Arialdo,»

194 1029 312 1070 non
345 1014 437 1066 est
465 1004 796 1064 verosimile
828 1003 983 1076 quod
1014 1001 1109 1058 ille
1155 999 1398 1056 seorsim
1430 1017 1463 1054 a
1511 1015 1617 1056 sua
1646 999 1843 1053 Histo-

193 1103 303 1168 ria,
327 1097 565 1171 qualem
589 1095 865 1159 diximus,
885 1091 1075 1147 Vitam
1100 1089 1288 1146 sancti
1311 1088 1554 1144 voluerit
1570 1087 1844 1151 scribere,

193 1189 333 1247 licet
353 1188 427 1244 ad
451 1188 774 1242 extremum
798 1180 1143 1238 emendatus
1159 1181 1215 1234 et
1236 1176 1644 1234 reconciliatus
1661 1174 1848 1230 Eccle-

194 1279 330 1347 sia;
366 1292 503 1333 cum
533 1290 606 1329 ne
633 1276 774 1328 tunc
804 1270 1042 1342 quidem
1075 1267 1355 1323 dimoveri
1405 1263 1656 1338 potuerit
1704 1263 1848 1335 quin

195 1365 446 1426 sentiret
466 1365 699 1419 sanctos
721 1358 1108 1432 prwlaudatos
1137 1357 1352 1412 bonam
1379 1371 1619 1410 causam
1651 1352 1849 1408 minus

195 1457 348 1514 bene
377 1453 745 1522 discreteque
775 1448 986 1520 egisse,
1020 1447 1280 1517 adeoque
1311 1460 1417 1501 nec
1448 1443 1507 1499 in
1553 1446 1737 1498 morte
1767 1441 1852 1497 sic

198 1544 362 1604 obita
381 1540 728 1598 laudandos.
749 1537 823 1594 Ut
839 1541 904 1592 ut
918 1540 1026 1605 est,
1051 1535 1178 1606 ejus
1201 1551 1313 1590 non
1339 1536 1529 1605 potest
1551 1547 1680 1588 esse
1695 1531 1850 1598 Vita,

198 1651 331 1708 quae
353 1627 640 1686 Puricello
662 1625 800 1683 facit
819 1625 1037 1680 librum
1068 1623 1331 1694 tertium,
1354 1626 1411 1677 et
1441 1638 1556 1694 quo
1586 1620 1644 1675 in
1671 1621 1851 1676 adno-

197 1722 339 1780 tatis
372 1720 707 1790 frequenter
744 1718 998 1770 utemur.
1048 1713 1444 1783 Praeterquam
1491 1710 1648 1765 enim
1695 1708 1852 1780 quod

1949 571 2017 611 ex
2047 555 2246 611 eadem
2279 555 2542 622 scientia,
2578 560 2634 612 et
2655 573 2794 612 suos
2823 559 2963 612 tunc
2983 558 3158 613 etiam
3183 559 3438 616 Annales
3459 563 3597 616 scri-

1951 645 2116 710 bens,
2150 645 2209 700 in
2257 645 2576 717 appendice
2607 646 2776 702 nobis
2807 646 3181 718 potissimum
3235 651 3590 721 sequendos.

2021 737 2076 790 8.
2112 735 2270 791 Idem
2297 735 2555 792 Alciatus
2585 736 2760 792 aliam
2794 738 2985 794 Vitam
3030 762 3058 789 «
3093 741 3151 795 S.
3187 741 3406 797 Arialdi
3434 766 3460 790 ››
3507 743 3596 800 vel

1953 825 2188 897 scripsit
2216 823 2305 880 vel
2337 825 2589 881 scribere
2621 826 2931 883 inchoavit.
2957 829 3235 900 Superest
3279 831 3434 887 enim
3468 835 3596 902 eius

1953 913 2207 980 initium,
2233 914 2386 986 quod
2411 914 2688 971 Puricello
2726 915 2863 971 facit
2908 915 3040 972 libri
3071 935 3088 973 ι
3119 924 3292 990 caput
3324 923 3411 987 12,
3445 922 3599 976 sicut

1952 1001 2096 1058 illud
2119 1002 2215 1059 hic
2244 1001 2468 1074 habuit,
2491 1003 2923 1077 suppeditatam
2968 1006 3079 1062 sibi
3111 1025 3144 1063 a
3175 1009 3440 1066 Matthiae
3462 1010 3596 1065 Val-

1956 1092 2062 1161 rio,
2093 1091 2416 1148 Carthusiar
2459 1093 2763 1164 Papiensis
2793 1095 2994 1166 priori,
3027 1101 3083 1151 et
3131 1097 3306 1152 simili
3359 1115 3598 1170 prorsus

1956 1181 2221 1252 exemplo
2240 1179 2383 1236 vidit
2402 1181 2462 1236 in
2495 1198 2712 1237 muszeo
2743 1181 2957 1255 Aloysti
2993 1185 3064 1240 ab
3097 1186 3371 1254 Ecclesia,
3421 1205 3605 1260 quon-

1958 1269 2095 1323 dam
2145 1268 2439 1324 secretarii
2485 1268 2724 1326 Urbani.
2758 1271 2874 1327 Hoc
2921 1289 3158 1345 quoque
3189 1275 3599 1348 fragmentum,

1959 1355 2251 1413 adnotatis
2299 1356 2516 1414 nostris
2572 1358 2881 1426 insertum,
2941 1360 3122 1416 lector
3175 1363 3461 1421 inveniet:
3517 1365 3603 1421 uti

1960 1444 2138 1502 etiarn
2170 1446 2440 1518 quaedam
2460 1467 2488 1496 «
2513 1445 2664 1502 Petri
2683 1448 2893 1518 Azarii,
2916 1470 2944 1499 ››
2970 1449 3098 1517 viri,
3131 1455 3198 1506 ut
3225 1458 3463 1524 apparet
3493 1454 3602 1509 mi-

1960 1533 2170 1601 litaris,
2195 1534 2296 1605 qui
2318 1551 2472 1590 anno
2501 1536 2634 1590 1456
2655 1535 2875 1592 militiae
2895 1538 3276 1595 reformandze
3307 1541 3607 1598 adhibitus

1961 1621 2278 1678 Annalium
2309 1622 2838 1681 Mediolanensium
2886 1642 3055 1698 opus,
3089 1627 3264 1697 quale
3293 1629 3444 1700 apud
3476 1635 3610 1685 Car-

1962 1710 2171 1767 thusiai
2222 1711 2474 1784 priorem
2514 1712 2940 1784 praelaudatum
2988 1716 3330 1772 servabatur
3375 1717 3434 1772 in
3467 1735 3608 1774 mss.

199 1810 423 1883 ubique
441 1810 778 1864 sanctorum
811 1808 941 1861 acta
965 1803 1170 1875 probet
1196 1801 1589 1870 vehementer,
1615 1814 1742 1896 sese
1761 1798 1854 1896 in-
1887 1832 1932 1896 Β
1964 1799 2233 1872 perduxit
2253 1800 2322 1855 ad
2348 1817 2568 1856 annum
2592 1802 2732 1856 1402
2750 1801 2922 1874 plane
2942 1804 3310 1876 grandaevus.
3337 1806 3613 1878 Reliquos

199 1901 362 1958 dicat
381 1899 584 1954 auctor
599 1893 907 1966 scripsisse
928 1895 1062 1965 post
1083 1905 1303 1947 annum
1328 1890 1488 1953 1100,
1521 1888 1754 1960 quando
1784 1887 1856 1942 de

202 2012 232 2042 «ι
250 1987 500 2046 ecclesia
519 1983 767 2041 Rozonis
782 2004 807 2032 ››
832 1982 1079 2053 loquens
1101 1979 1283 2047 addit,
1303 1995 1461 2050 «quae
1477 1993 1632 2032 nunc
1643 1977 1858 2031 dicitur

202 2080 262 2137 S.
297 2073 590 2149 Sepulcri,
625 2095 652 2122 »
685 2071 841 2144 quod
874 2086 1086 2126 nomen
1130 2067 1227 2123 illa
1275 2066 1533 2140 primum
1586 2069 1857 2121 assecuta

201 2171 346 2225 tunc
368 2167 478 2221 est.
524 2161 702 2218 Plura
729 2159 788 2215 in
819 2159 969 2215 hanc
999 2174 1120 2214 rem
1155 2156 1415 2229 congerit
1443 2153 1764 2210 Puricellus
1797 2153 1854 2208 in

203 2252 550 2330 praefatione
575 2250 647 2308 ad
677 2249 859 2305 istum
890 2247 993 2302 lib.
1020 2263 1103 2314 ιιι,
1133 2248 1444 2317 censetque
1473 2260 1541 2300 ex
1556 2243 1705 2316 stylo
1726 2259 1855 2298 eam

205 2361 338 2402 esse
365 2365 392 2393 «
416 2337 702 2405 Landulﬁ,
735 2355 768 2393 a
794 2340 851 2391 8.
887 2335 1062 2392 Paulo
1096 2357 1123 2384 »
1146 2335 1311 2399 dicti,
1343 2357 1370 2382 «
1403 2332 1664 2390 Junioris
1699 2354 1724 2380 »
1757 2348 1859 2403 per

209 2451 319 2491 nos
344 2428 700 2504 appellandi,
725 2425 825 2499 qui
839 2425 988 2481 lecta
1011 2428 1278 2480 accurate
1292 2423 1426 2478 Vita
1446 2439 1548 2495 per
1566 2421 1691 2478 And
1701 2437 1856 2476 ream

210 2523 433 2594 scripta
452 2519 626 2592 (hanc
649 2520 844 2572 autem
874 2513 1086 2586 legisse
1106 2511 1388 2569 Arnulfus
1408 2512 1501 2566 vix
1526 2509 1733 2584 potuit,
1759 2525 1857 2564 ne-

210 2612 354 2668 dum
386 2612 444 2664 et
471 2611 593 2662 tam
623 2603 914 2662 contraria
943 2602 1108 2675 prius
1137 2600 1444 2673 scripsisse
1484 2599 1626 2672 quin
1659 2601 1861 2670 postea

211 2696 550 2757 distinctius
582 2691 939 2762 retractaret)
972 2691 1238 2747 eamdem
1278 2688 1563 2762 redegerit
1595 2689 1652 2743 in
1700 2704 1858 2744 com-

1964 1893 2248 1955 auctores,
2283 1905 2533 1961 quorum
2564 1890 2691 1945 loca
2747 1907 2814 1946 ac
2862 1893 3198 1949 testimonia
3245 1894 3491 1966 implent
3541 1895 3609 1950 li-

1965 1977 2134 2032 brum
2161 1994 2176 2031 ι
2209 1976 2499 2032 Puricelli.
2533 1994 2905 2036 communem
2938 2006 2965 2031 (ι
2991 1981 3090 2037 SS.
3123 1982 3358 2038 Arialdo
3391 1989 3447 2039 et
3476 1985 3613 2039 Her—

1962 2063 2254 2121 lembaldo
2280 2088 2308 2114 »
2338 2069 2538 2137 (quam
2561 2067 2743 2139 aliqui
2775 2092 2804 2119 κ
2825 2069 3260 2137 Arembaldum,
3295 2072 3610 2128 Herenbal-

1963 2155 2137 2212 dum»
2151 2154 3210 2231 etdieribaldum»nominant)videsis
3223 2162 3377 2233 apud
3391 2162 3607 2234 ipsum.

1965 2243 2109 2298 Vide
2128 2242 2304 2299 etiam
2321 2244 2584 2314 ejusdem
2602 2244 2816 2302 librum
2839 2252 3146 2318 quartum;
3169 2249 3270 2320 qui
3294 2249 3468 2305 unius
3489 2250 3612 2322 qui-

1966 2332 2098 2387 dem
2131 2354 2160 2381 «
2193 2332 2581 2389 Herlembaldi
2621 2335 2814 2390 Vitam
2848 2359 2876 2386 »
2930 2338 3237 2407 profitetur
3293 2339 3452 2405 dare,
3511 2341 3608 2394 sed

1968 2437 2165 2476 revera
2194 2421 2501 2477 historiam
2547 2423 2805 2479 continet
2850 2425 3031 2480 totius
3079 2427 3416 2482 schismatis
3459 2427 3612 2498 quod

1969 2508 2180 2565 saeculo
2200 2525 2254 2564 ιιι
2279 2509 2594 2566 Ecclesium
2626 2510 2918 2582 laceravit,
2946 2513 3197 2570 Cadaloo
3223 2587 3226 2590 ,
3248 2520 3305 2570 et
3335 2515 3615 2571 Guiberto

1968 2598 2027 2653 in
2059 2597 2365 2670 antipapas
2397 2597 2657 2666 elevatis,
2681 2616 2784 2672 per
2808 2601 3082 2659 rebellem
3115 2602 3378 2658 Ecclesia:
3409 2603 3614 2659 Henri-

1968 2702 2101 2741 cum
2133 2687 2259 2756 ejus
2287 2685 2544 2744 nominis
2573 2704 2768 2761 regem
2802 2690 2889 2759 IV,
2931 2690 3340 2762 imperatorem
3375 2693 3468 2748 III.

209 2861 3619 2892 Μ

1191 3033 1798 3149 SANCTI
1927 3033 2641 3146 ARIALDI

1760 3278 2065 3365 VITA

977 3489 1244 3548 Auctore
1287 3487 1356 3548 B.
1402 3487 1680 3556 Annam,
1714 3481 2255 3571 Vallumbrosano,
2288 3481 2484 3543 sancti
2528 3482 2857 3561 discipulo.

847 3833 1238 3892 PREFATIO.

284 3928 308 3986 l
325 3971 336 3983 .
370 3925 729 3998 Prmcepisti,
759 3923 1087 3980 venerande
1111 3924 1283 3979 Pater
1312 3921 1580 3991 Budolfe,
1615 3925 1680 3978 ut
1707 3921 1862 3978 beati

214 4015 496 4090 martyris
524 4013 742 4072 Arialdi
765 4012 1095 4087 passionem
1116 4012 1524 4068 describerem.
1549 4011 1711 4076 Quod
1733 4009 1868 4068 licet

212 4107 405 4164 facere
435 4106 681 4160 conatus
709 4103 821 4160 sim
849 4103 932 4174 (in
960 4101 1222 4169 veritate,
1248 4117 1365 4156 non
1397 4118 1500 4173 pro
1531 4100 1867 4157 humilitate

213 4194 362 4260 sola,
395 4196 464 4248 ut
491 4191 754 4265 plerique
793 4190 1085 4264 sapientes
1135 4189 1344 4257 solent,
1395 4189 1643 4262 loquor),
1694 4191 1864 4262 quid-

215 4283 357 4357 quid
388 4282 450 4338 in
482 4297 552 4337 ea
581 4284 670 4337 est
695 4281 851 4353 quod
884 4279 1234 4336 conveniens
1265 4279 1360 4345 sit,
1391 4278 1567 4335 etiam
1619 4279 1682 4336 in
1738 4280 1868 4352 ipsa

211 4372 528 4430 verborum
563 4369 1004 4442 compositione,
1033 4385 1148 4424 non
1181 4383 1321 4424 mea:
1372 4366 1691 4439 sapientiae,
1737 4385 1864 4440 quis

215 4459 302 4516 sic
331 4464 423 4516 est
453 4475 631 4531 parva
660 4462 726 4514 ut
746 4473 891 4530 pene
912 4457 990 4514 sit
1025 4456 1208 4525 nulla,
1233 4457 1334 4512 sed
1365 4455 1473 4512 soli
1503 4456 1606 4512 Dei
1644 4457 1864 4529 gratiae,

212 4547 563 4619 meritisque
593 4545 802 4619 ipsius,
829 4550 1002 4618 atque
1019 4550 1131 4602 tuae
1150 4544 1395 4601 orationi
1425 4545 1640 4600 tribuo.
1666 4548 1728 4601 In
1751 4563 1868 4618 qua

213 4636 386 4706 sciat,
425 4652 556 4692 eam
614 4636 951 4708 quicunque
993 4633 1220 4707 legerit,
1278 4649 1372 4690 me
1430 4649 1672 4705 prorsus
1719 4634 1864 4691 nihil

212 4725 440 4781 dixisse
468 4723 582 4780 nisi
604 4724 760 4796 quod
779 4724 920 4779 viris
942 4723 1115 4780 certis
1135 4721 1510 4778 narrantibus
1532 4721 1860 4788 didicerim,

213 4830 250 4870 a
278 4811 624 4869 marchione
652 4812 940 4881 videlicet,
974 4812 1162 4884 ipsius
1191 4827 1469 4884 germano
1504 4810 1682 4879 fideli,
1713 4811 1801 4867 vel
1833 4829 1867 4866 a

213 4900 570 4958 Bonovisino
599 4900 866 4972 ejusdem
924 4899 1268 4956 fidelissimo
1312 4897 1552 4968 famulo,
1600 4897 1700 4970 qui
1748 4898 1800 4954 ei
1833 4916 1867 4955 a

214 4988 530 5047 cunabulis
559 4993 648 5045 est
667 4988 987 5046 famulatus
1003 4987 1295 5056 similiter,
1319 4987 1438 5043 imo
1461 4987 1532 5042 de
1548 4987 1763 5060 quibus
1781 4991 1868 5044 tot

213 5079 465 5137 existere
495 5082 747 5151 possunt
775 5081 956 5135 testes
985 5080 1128 5150 quot
1159 5075 1261 5133 illo
1291 5075 1352 5132 in
1377 5075 1504 5132 loco
1535 5093 1670 5133 cum
1700 5080 1866 5133 aetate

213 5167 474 5240 perfecta
503 5183 766 5240 sanoque
791 5183 968 5223 sensu
999 5169 1140 5221 sunt
1168 5165 1456 5222 homines.

282 5259 339 5313 2.
373 5256 616 5324 Verum,
640 5272 743 5328 per
763 5259 950 5312 totum
967 5255 1125 5310 hunc
1140 5253 1629 5321 libellum,meum
1651 5271 1864 5312 nomen

214 5344 460 5412 celetur,
509 5345 613 5417 qui
640 5344 774 5402 talis
805 5361 937 5401 sum
987 5347 1050 5399 ut
1078 5343 1268 5416 magis
1307 5345 1612 5402 conveniat
1653 5344 1866 5402 nesciri

215 5448 395 5506 quam
428 5432 590 5499 sciri,
617 5421 870 5505 cui'jure
889 5431 1158 5504 congruit
1177 5430 1322 5486 illud
1346 5431 1540 5488 Isaiaa:
1579 5433 1862 5504 «Claude,

211 5522 424 5595 inquit,
441 5521 664 5578 ostium
687 5526 878 5590 tuum,
893 5519 1263 5578 et'absconde
1282 5524 1337 5576 te
1358 5525 1491 5592 post
1510 5519 1864 5589 illud,donec

212 5615 479 5672 transeat
508 5611 598 5670 ira
616 5610 847 5669 Domini
877 5611 1014 5682 (1δαί
1041 5624 1194 5675 xxvr,
1223 5609 1338 5682 20);
1364 5630 1394 5661 ››
1425 5613 1550 5671 tum
1580 5624 1713 5668 vero
1760 5624 1865 5669 no-

1892 3831 1935 3898 C
1975 3846 2108 3885 men
2138 3828 2198 3884 in
2228 3831 2354 3900 ejus
2384 3829 2571 3886 fronte
2600 3829 2918 3900 habeatur;
2953 3832 3252 3904 quoniam,
3273 3834 3416 3892 velis
3449 3838 3621 3910 nolis,

1976 3935 2154 3991 super
2199 3918 2638 3986 candelabrum,
2691 3923 2758 3975 ut
2785 3921 3059 3976 omnibus
3092 3921 3308 3990 luceas,
3341 3928 3396 3981 te
3429 3929 3627 3996 posuit

1974 4007 2242 4066 Christus
2270 4025 2283 4075 ;
2317 4011 2630 4079 quatenus,
2662 4008 2713 4064 is
2740 4009 2838 4080 qui
2861 4009 3100 4081 scripsit
3129 4010 3178 4066 si
3201 4009 3522 4083 ignoratur,
3550 4017 3623 4070 ad

1975 4113 2150 4169 quem
2183 4097 2438 4169 scriptus
2467 4100 2556 4152 est
2586 4113 2700 4153 non
2723 4097 3040 4170 ignoretur.
3072 4102 3249 4169 Porro
3272 4100 3413 4173 quia
3433 4102 3490 4158 in
3514 4103 3624 4159 hoc

1976 4185 2145 4258 plura
2164 4190 2304 4241 sunt
2324 4185 2384 4241 in
2401 4185 2592 4242 verbis
2612 4192 2670 4242 et
2692 4187 2858 4243 factis
2881 4187 3248 4245 aediﬁcationi
3271 4191 3460 4257 utilia,
3488 4193 3624 4248 duo-

1975 4274 2163 4330 decim
2186 4275 2560 4332 monasteriis
2580 4275 2796 4347 quibus
2815 4281 2872 4332 te
2893 4294 3188 4350 supernus
3211 4279 3398 4336 Judex
3423 4299 3628 4354 prepo-

1975 4365 2113 4434 suit,
2146 4380 2245 4420 oro
2277 4369 2341 4420 ut
2371 4366 2443 4420 ad
2473 4363 2788 4437 legendum
2839 4365 3088 4437 tribuas,
3133 4373 3444 4440 quatenus,
3479 4371 3622 4425 dum

1975 4453 2288 4522 audierint,
2322 4455 2381 4509 in
2409 4455 2746 4511 defensione
2775 4455 3057 4528 veritatis,
3099 4459 3252 4529 quod
3287 4457 3382 4514 alii
3424 4465 3622 4514 nostro

1974 4544 2034 4599 in
2060 4548 2320 4616 tempore
2351 4543 2624 4600 dixerunt
2653 4549 2710 4600 et
2739 4546 2998 4617 perpessi
3029 4550 3190 4616 sunt,
3231 4548 3624 4603 accendantur

1973 4638 2030 4690 et
2060 4633 2175 4706 ipsi
2207 4637 2271 4689 ut
2299 4632 2440 4690 talia
2493 4633 2708 4702 dicant,
2743 4638 2818 4702 et,
2858 4635 2907 4688 si
2964 4650 3203 4691 necesse
3263 4636 3457 4703 fuerit,
3518 4653 3622 4707 pro

1973 4722 2174 4777 eadem
2210 4723 2450 4778 veritate
2475 4721 2693 4777 similia
2721 4722 3043 4793 patiantur.

2507 4863 2734 4920 CAPUT
2783 4863 3090 4920 PRIMUM.

1972 4969 2188 5026 Arialdi
2214 4969 2446 5038 natales,
2481 4970 2776 5053 institutio,
2801 4972 2985 5053 primo
3029 4980 3221 5028 contra
3270 4971 3478 5028 clerum
3529 4974 3623 5029 in-

2576 5051 2683 5097 088‘
2688 5058 2781 5097 um
2813 5051 3016 5098 οοησῐο.

2045 5166 2098 5220 3.
2127 5166 2282 5222 Licet
2301 5167 2430 5239 jam
2461 5167 2545 5222 sic
2575 5181 2752 5222 senex
2781 5165 2858 5222 sit
2880 5167 3137 5222 mundus
3167 5171 3233 5222 ut
3254 5167 3623 5239 jamjamquve

1974 5255 2203 5310 vicinus
2234 5256 2362 5327 ejus
2393 5260 2668 5312 cernatur
2695 5272 2959 5323 occasus,
2989 5260 3184 5312 tamen
3220 5256 3359 5328 quia
3389 5257 3462 5312 ab
3494 5257 3622 5312 uni-

1973 5343 2157 5400 versis
2188 5344 2537 5401 mortalibus
2566 5344 2866 5417 ignoratur
2905 5346 3141 5417 quando
3193 5346 3452 5418 ﬁniatur,
3487 5346 3626 5402 libet

1973 5449 2257 5488 novorum
2290 5434 2678 5490 constantiam
2709 5439 3066 5502 sanctorum,
3110 5452 3424 5508 supparem
3479 5435 3624 5492 anti-

1973 5537 2250 5592 quorum,
2274 5522 2672 5596 saevitiamque
2703 5525 3059 5597 perfidorum
3090 5525 3192 5597 qui
3214 5542 3312 5581 eos
3341 5542 3529 5600 usque
3553 5524 3624 5582 ad

1974 5626 2198 5683 necem,
2222 5611 2444 5673 nostris
2464 5613 2825 5688 temporibus
2850 5614 3088 5688 imoque
3115 5614 3330 5679 nostris
3358 5618 3466 5676 sub
3493 5633 3626 5678 acu-
