3960 6216
265 375 420 440 1439

1384 372 1494 434 SS.
1543 369 1858 433 ABIALDI
1905 369 2005 434 ET
2049 369 2555 435 ERLEMBALDI

3523 371 3688 439 1440

262 509 356 580 lis,
379 507 668 583 persecuti
692 510 848 577 sunt,
868 503 1102 580 scriptis
1121 505 1349 564 tradere
1370 510 1544 577 atque
1566 506 1812 578 posteris
1833 506 1900 561 ad
1935 507 1987 573 Α
2022 497 2186 580 pcres
2220 507 2465 563 invicem
2498 505 2844 574 conferrent,
2877 505 3175 565 dicentes:
3201 505 3260 564 Si
3292 505 3413 565 haec
3444 507 3678 580 obierit,

267 616 470 656 eorum
502 596 942 654 aediﬁcationem
972 595 1265 654 intimare.

333 690 386 745 Δ.
425 688 605 759 Igitur
635 687 692 741 in
721 687 958 742 Cutiaco
977 687 1053 757 (1)
1075 686 1329 758 quodam
1355 685 1500 753 vico,
1521 684 1672 740 inter
1694 683 1908 740 Medio-

265 776 462 832 lanum
495 777 854 847 Comumque
886 776 1016 842 sito,
1053 775 1324 831 milliario
1353 774 1634 846 vigesimo
1656 775 1909 829 distante

263 883 297 921 a
328 867 792 937 majore,quinto
814 880 947 920 vero
980 882 1011 920 a
1043 865 1265 919 minore
1287 864 1578 935 [civitate],
1603 867 1666 917 ut
1686 862 1908 932 vulgari

263 955 446 1010 fertur
471 953 761 1026 opinione,
801 955 943 1009 Bezo
970 954 1210 1026 quidam
1261 970 1393 1008 cum
1424 954 1567 1009 Beza
1597 969 1703 1008 sua
1736 967 1911 1007 uxore

263 1044 508 1109 exstitit,
543 1042 765 1098 nobiles
804 1045 880 1114 (2)
910 1043 1141 1115 utrique
1174 1043 1427 1108 natione,
1460 1043 1562 1097 sed
1597 1041 1908 1096 nobiliores

262 1134 569 1206 probitate.
607 1135 665 1188 In
698 1149 948 1203 quorum
976 1133 1232 1204 profecto
1256 1132 1428 1187 laude
1461 1147 1777 1204 parumper
1805 1129 1910 1187 im-

264 1222 476 1278 morari
509 1239 577 1276 ex
605 1226 939 1277 sanctorum
971 1221 1151 1292 gestis
1181 1220 1635 1292 quamplurimis
1663 1219 1908 1276 instrui-

265 1329 418 1377 mur,
449 1315 505 1366 et
533 1311 724 1366 cuncti
756 1311 978 1366 scimus
1008 1309 1336 1366 liberiorem
1361 1311 1480 1365 fore
1505 1309 1740 1364 laudem
1772 1308 1906 1363 celsi

262 1399 510 1465 aedificii,
536 1399 586 1455 si
605 1399 889 1455 certitudo
912 1399 1223 1454 manifesta
1242 1398 1528 1453 habeatur
1546 1397 1698 1452 ﬁrmi
1722 1397 1908 1468 ipsius

267 1487 654 1545 fundamenti.
688 1487 756 1543 Hi
788 1503 1043 1558 namque
1071 1499 1310 1542 causam
1344 1487 1743 1559 reproborum,
1781 1502 1907 1556 quae

263 1583 353 1633 est
379 1577 692 1648 rapacitas,
715 1581 835 1631 tam
857 1591 1093 1631 exosum
1114 1575 1500 1640 habebant,ut
1530 1575 1682 1630 inter
1708 1577 1914 1632 cetera

263 1683 464 1722 eorum
499 1667 670 1730 bona,
693 1681 827 1720 cum
850 1665 908 1720 in
935 1665 1117 1720 servis
1139 1665 1421 1736 equisque
1448 1663 1625 1719 nimis
1647 1663 1906 1718 abunda-

266 1761 412 1822 rent,
439 1753 638 1810 nullus
668 1759 793 1810 erat
821 1754 1010 1809 audax
1040 1769 1108 1808 ex
1138 1753 1284 1826 ipsis
1307 1752 1490 1808 servis
1513 1751 1613 1824 qui
1646 1751 1907 1824 manipu-

266 1846 388 1901 lum
419 1845 656 1917 quidem
686 1845 740 1900 vi
771 1845 1047 1900 furtimve
1077 1843 1277 1948 aliena
1308 1843 1519 1948 segetis
1547 1846 1781 1948 raptum
1809 1842 1907 1897 de-
1941 1881 1986 1948 D

266 1935 412 1990 ferre
429 1935 670 1988 auderet
682 1933 852 2004 equis
873 1949 1068 1987 coram
1085 1931 1328 1987 eisdem.
1354 1931 1525 1986 Porro
1547 1930 1907 2003 superbiam,

266 2041 392 2094 qua:
425 2028 514 2078 est
543 2038 723 2077 causa
757 2020 996 2087 diaboli,
1051 2021 1131 2076 ita
1159 2021 1610 2076 exsecrabantur
1656 2024 1740 2086 ut,
1774 2035 1908 2074 cum

266 2113 446 2168 libere
473 2111 660 2167 modis
677 2110 954 2166 omnibus
977 2109 1100 2165 suis
1115 2109 1324 2164 vicinis
1346 2110 1717 2164 imminerent
1739 2112 1911 2179 atque

266 2220 299 2257 a
329 2203 562 2257 nemine
581 2217 782 2256 eorum
815 2199 865 2255 si
896 2199 1134 2270 nollent,
1157 2199 1478 2270 constringi
1505 2201 1769 2271 possent;
1805 2212 1908 2252 ceu

265 2295 464 2346 essent
495 2307 565 2345 ex
594 2289 828 2345 illorum
859 2287 1141 2356 minimis,
1176 2287 1259 2344 sic
1289 2304 1351 2344 se
1383 2288 1534 2344 ultro
1583 2284 1912 2342 subdebant

265 2377 527 2451 ipsorum
557 2378 716 2433 omni
739 2379 914 2448 justaa
945 2375 1330 2431 conventioni.

337 2470 391 2522 5.
426 2471 642 2522 Verum
673 2465 949 2538 quoniam
1011 2464 1328 2535 unicuique
1386 2478 1594 2536 parum
1649 2467 1738 2518 est
1791 2478 1910 2517 non

268 2571 440 2628 agere
469 2571 645 2627 prava
673 2553 785 2609 nisi
818 2553 877 2608 in
905 2553 1072 2608 bonis
1119 2553 1394 2624 operibus
1441 2551 1910 2608 exercitationem

267 2649 464 2719 ponat,
499 2658 819 2718 pauperum
847 2643 1334 2713 inﬁrmorumque
1365 2641 1693 2698 necessitati
1721 2640 1909 2695 inten-

269 2737 502 2800 debant,
538 2738 684 2788 utex
699 2733 906 2786 vicinis
924 2748 1116 2798 nemo,
1143 2731 1483 2786 inﬁrmitate
1507 2729 1909 2802 oppressus,in

269 2825 686 2892 stratojacerel
710 2821 806 2892 qui
833 2839 866 2875 a
892 2821 1037 2874 Beza
1069 2820 1349 2875 memoria
1371 2820 1546 2892 digna
1578 2837 1690 2874 non
1721 2819 1914 2874 visita-

270 2919 447 2975 retur,
481 2916 537 2964 et
567 2910 712 2974 suis,
739 2909 786 2963 si
809 2914 1001 2980 egeret
1031 2908 1393 2979 hujusmodi,
1417 2907 1765 2964 substantiis
1798 2924 1909 2962 non

271 3000 543 3057 aleretur.
581 2998 862 3052 Praeterea
895 2997 951 3050 in
985 3000 1324 3051 caeterorum
1353 2997 1750 3069 orphanorum
1781 3013 1910 3067 ege-

271 3104 598 3158 norumque
628 3085 947 3152 beneficiis,
982 3101 1111 3154 quae
1143 3084 1256 3139 illis
1287 3085 1488 3140 sedule
1517 3086 1909 3156 impendebat,

271 3180 386 3235 Deo
411 3184 468 3233 et
494 3175 832 3232 hominibus
862 3175 987 3244 ejus
1013 3173 1131 3227 vita
1145 3172 1227 3227 sic
1241 3179 1363 3228 erat
1381 3179 1546 3246 grata
1560 3180 1622 3228 ut
1639 3175 1747 3246 ipsi
1772 3191 1911 3246 pau-

341 3331 417 3412 (iA)
453 3326 772 3412 Landulfus
801 3325 1090 3412 Junior,}
1123 3323 1248 3378 loca
1276 3325 1381 3412 r‘in
1408 3323 1699 3412 acnuzago‘,
1733 3343 1911 3412 prope

268 3396 849 3468 Canturium,»vulgo
872 3420 898 3445 ‹‹
915 3396 1318 3468 Cantu,»quod
1346 3401 1580 3452 notatur
1599 3396 1656 3451 in
1673 3396 1907 3465 tabulis,

269 3473 426 3530 istud
451 3489 562 3526 non
585 3466 1010 3525 itemﬁlciatus
1032 3466 1439 3524 «Cucciacum-
1461 3469 1725 3525 nominat
1747 3492 1772 3519 ‹‹
1799 3474 1910 3527 sub

270 3542 636 3615 Cauturiensi
654 3541 1020 3615 praefectura,
1040 3561 1066 3587 ››
1091 3540 1711 3615 triplo_propiusComo
1733 3560 1910 3615 quam

271 3614 616 3679 Mediolano,
649 3611 801 3667 inter
832 3611 1140 3666 Lambrum
1174 3611 1231 3666 et
1263 3611 1487 3666 Muram
1521 3613 1747 3669 ﬂuvios.

341 3690 413 3756 (2)
433 3684 775 3756 «Nobilibus
798 3682 1138 3756 parentibus
1160 3684 1228 3737 de
1243 3683 1653 3756 Alzates,»quo
1678 3687 1911 3741 nomine

270 3755 560 3814 invenitur
588 3755 750 3809 vicus
775 3757 828 3820 6,
856 3771 912 3826 p.
948 3769 1025 3806 m.
1061 3755 1213 3826 ultra
1241 3755 1547 3810 Novariam
1575 3774 1588 3822 ;
1617 3755 1713 3810 alii
1743 3757 1910 3812 fami-

269 3831 362 3886 lia:
395 3843 602 3882 nomen
633 3825 962 3896 faciunt,get
990 3847 1015 3871 ‹‹
1049 3825 1302 3880 Alciatos
1337 3849 1363 3873 ››
1400 3828 1593 3882 Latine
1625 3828 1909 3896 reddunt;

270 3903 368 3958 sed
404 3897 794 3970 prmlaudatus
842 3894 1099 3951 Alciatus
1129 3896 1188 3950 in
1241 3896 1764 3970 fragmentoVitze,
1795 3894 1911 3954 An?

271 3967 638 4046 drea{_vcrbis
696 3971 1023 4046 contentus,
1067 3972 1261 4046 tacere
1292 3967 1348 4022 id
1409 3968 1638 4046 maluit,
1671 3987 1744 4025 an
1777 3971 1913 4041 quia

268 4042 545 4117 gentilem
578 4055 754 4117 suum
786 4059 813 4117 (ς
836 4039 1295 4117 _S._Aria_ldum__»
1328 4056 1439 4117 non
1473 4039 1911 4117 audebat‘asse-

269 4109 394 4171 rere
414 4118 440 4170 Ἰ
468 4117 538 4168 At
571 4115 770 4184 postea
797 4111 851 4165 id
889 4109 1022 4184 fecit
1053 4111 1111 4184 in
1133 4111 1475 4184 Antiquario
1505 4129 1632 4177 suo,
1667 4113 1914 4184 allegato

271 4133 394 4171 rere
414 4127 440 4170 Υ
468 4127 538 4168 At
571 4127 770 4184 postea
797 4127 851 4165 iu
889 4127 1022 4164 iecu.
1053 4128 1111 4165 ιιι
1133 4127 1475 4235 Antiquarlo
1505 4129 1632 4177 suo,
1667 4127 1913 4184 auegato

271 4204 434 4243 num.
465 4187 497 4237 7
531 4180 1028 4255 Comm.__prrevii_,
1071 4183 1142 4236 de
1173 4204 1201 4230 «
1230 4188 1271 4255 ᾼ
1304 4183 1453 4255 ciata
1495 4189 1687 4255 gente,
1721 4207 1747 4232 ››
1779 4201 1913 4240 eum

270 4260 471 4324 fuisse,
491 4255 690 4308 dicens
716 4269 728 4307 ε
761 4252 975 4307 verum
1000 4252 1117 4306 hzec
1147 4253 1322 4308 verba
1352 4252 1615 4309 fortassis
1645 4255 1916 4311 Fontanze

271 4335 450 4395 sunt;
480 4332 537 4380 et
566 4328 791 4396 Oportet
820 4340 935 4378 non
967 4324 1285 4396 admodum
1326 4325 1578 4381 nobilem
1612 4325 1811 4391 fuisse,
1846 4328 1916 4382 de

268 4417 384 4474 quo
428 4394 507 4453 ait
537 4394 742 4474 Se'nior
779 4394 1193 4474 _Landulp_hus,
1227 4397 1437 4474 quoda
1478 4397 1851 4474 Landulfum,
1883 4419 1911 4474 ig

270 4467 554 4541 majorem
573 4467 947 4541 Canonicum
968 4489 994 4515 ‹‹
1017 4467 1130 4521 sibi
1153 4467 1726 4541 praeviditapplicare
1747 4470 1915 4539 quasi

271 4538 759 4625 gerierosiorqm,»
784 4538 1058 4625 quiaipse
1081 4538 1918 4625 («erath'umil'iternatusﬁiqua

277 4609 358 4687 in,
382 4631 482 4687 re,_
517 4611 710 4687 credo,
743 4609 1030 4664 ncluisset
1075 4609 1590 4687 mentiriscriptor
1618 4609 1735 4678 ille,
1780 4609 1922 4687 licet
1951 4620 1997 4687 ι)

275 4685 524 4742 subinde
556 4682 800 4738 minime
841 4697 1028 4744 verax,
1058 4697 1190 4736 cum
1223 4681 1417 4752 agitur
1445 4681 1513 4736 de
1543 4698 1719 4736 causa
1749 4681 1916 4737 cleri-

271 4773 472 4812 corum
507 4771 693 4826 quam,
714 4756 910 4826 tuetur
940 4757 1141 4807 contra
1185 4757 1478 4806 sanctum.
1515 4752 1696 4826 Igitur
1723 4754 1824 4826 qui
1856 4754 1914 4808 in

272 4827 510 4900 prologo
527 4823 883 4900 attribuitur
920 4828 1119 4877 sancto
1163 4838 1485 4900 germanus
1512 4823 1851 4900 «.Marchio,
1887 4848 1916 4874 ››

271 4893 405 4955 eum
429 4893 554 4951 reor
572 4897 713 4951 itam
735 4895 956 4966 dictum
981 4894 1212 4966 proprio
1235 4895 1469 4966 nomine
1491 4910 1524 4947 a
1547 4893 1916 4966 baptismate,

271 4988 385 5025 non
421 4974 615 5022 autem
665 4963 1012 5036 appellativo
1042 4963 1388 5036 a‘dignitate
1427 4981 1588 5036 aeque
1617 4963 1682 5036 ac
1713 4965 1917 5032 alium,

270 5057 443 5112 quem
470 5039 622 5109 apud
644 5034 992 5112 Puricellum
1016 5034 1273 5112 pag._237
1303 5050 1366 5088 ex
1397 5034 1637 5112 Aruull‘o
1669 5035 1920 5112 legimus

270 5104 344 5168 ab
377 5110 496 5164 alta
511 5104 670 5189 rupe.
685 5104 1130 5189 praecipitatum,
1153 5104 1433 5189 piamans
1464 5104 1824 5189 Marinon‘us,
1859 5109 1919 5163 in

275 5200 386 5236 ms.
425 5186 497 5232 De
529 5175 1043 5236 originibus—urbis
1073 5181 1128 5231 et
1151 5175 1508 5231 familiarum
1537 5177 1923 5234 Mediolanen-

273 5255 454 5312 sium,
487 5246 647 5320 apud
686 5247 1057 5320 Puriciellumi
1077 5246 1259 5320 lib._1,
1293 5263 1418 5320 cap.
1464 5252 1542 5314 l2,
1593 5265 1804 5305 nomen
1848 5251 1920 5305 ab

273 5347 299 5372 ‹‹
326 5317 567 5391 Αιοεῑῌο
587 5341 614 5368 ››
642 5319 796 5391 regis
818 5317 1008 5391 onlize
1033 5318 1170 5384 tilio,
1193 5317 1591 5391 Hippodamiae
1616 5337 1808 5391 proco,
1832 5320 1920 5375 vel

275 5393 348 5468 ab
382 5412 409 5468 fc
442 5388 630 5468 Alceo,
667 5388 991 5468 {Herculis
1011 5403 1121 5468 avo
1136 5388 1323 5468 pet-it,
1343 5388 1921 5468 quaspro—deridicu-

275 5461 350 5513 lis
382 5458 704 5525 habuisset,
729 5459 921 5521 credo,
961 5458 1399 5514 eruditissimus
1431 5458 1708 5526 Alciatus,
1755 5462 1802 5516 si
1835 5461 1922 5516 le-

276 5543 414 5647 gere
429 5529 712 5593 potuisset
737 5545 750 5593 ;
775 5527 868 5581 hio
889 5534 1105 5594 tamen,
1131 5530 1326 5585 nescio
1350 5530 1447 5585 ubi
1471 5532 1556 5585 vel
1579 5549 1696 5603 quo
1726 5533 1920 5600 modo,

319 5600 497 5645 ICItur
523 5618 547 5640 α
573 5596 793 5647 Alciato
817 5598 985 5647 regis:
1017 5598 1218 5647 stirnis
1245 5601 1414 5647 fidem
1442 5602 1643 5647 facere.
1679 5625 1705 5647 η
1731 5602 1920 5647 Italica

319 5596 497 5668 icitur
523 5618 547 5640 α
573 5596 793 5668 Alciato
817 5598 985 5666 regis:
1017 5598 1218 5668 stirpis
1243 5601 1416 5654 fidem
1442 5596 1644 5658 facere.
1677 5625 1705 5652 ››
1731 5596 1924 5658 Italice

283 5661 552 5714 «Alzatus
567 5683 592 5707 ι»
608 5663 760 5717 idem
783 5661 1036 5734 estquod
1052 5661 1400 5736 «elevatus»
1413 5672 1566 5727 unde
1579 5671 1919 5743 «inalzare,»

2020 597 2274 669 profecto
2305 596 2474 653 nobis
2505 595 2694 652 vivere
2726 611 2842 653 non
2865 596 3114 669 expedit.
3140 595 3259 653 Hoc
3280 596 3500 670 quippe
3522 591 3683 655 exer-
3721 597 3724 604 ’

2018 685 2222 742 citium
2241 691 2456 742 sanctae
2472 684 2717 742 actualis
2737 686 2884 752 vitae,
2910 703 3014 758 per
3035 685 3358 742 multorum
3382 687 3685 745 curricula

2019 793 2332 844 annorum,
2366 777 2425 830 in
2456 775 2803 832 venerabilis
2825 781 2980 831 Bezaa
3004 780 3393 849 natorumque
3416 778 3544 848 ejus
3577 779 3678 834 de-

2019 864 2345 928 sudatione,
2369 865 2489 919 viro
2508 864 2692 935 ipsius
2711 865 2835 935 jam
2863 864 3160 932 defuncto,
3187 869 3418 937 egomet
3436 867 3554 921 vidi
3576 883 3682 922 csa-

2017 959 2258 1025 teraque
2285 952 2556 1025 perplura
2585 952 2955 1010 aedificationi
3007 969 3288 1026 congrua.
3353 956 3488 1021 Quae
3547 955 3679 1011 ideo

2019 1042 2415 1116 praetermitto,
2449 1041 2588 1114 quia
2605 1040 2876 1097 velociter
2904 1043 2978 1097 ad
3009 1058 3076 1098 ea
3099 1058 3353 1114 quorum
3369 1059 3546 1099 causa
3567 1043 3680 1102 hoc

2018 1149 2164 1202 Opus
2193 1132 2489 1202 assumpsi
2519 1131 2714 1186 venire
2744 1129 3120 1202 concupisco.

2087 1222 2142 1275 6.
2175 1221 2318 1275 Huic
2352 1220 2573 1292 utique,
2598 1220 2750 1276 sicut
2773 1219 2932 1274 illius
2966 1219 3245 1276 relatione
3275 1219 3474 1290 didici,
3509 1227 3680 1278 nocte

2017 1308 2272 1380 quadam
2305 1309 2636 1374 dormienti,
2669 1310 2797 1380 ejus
2828 1307 3019 1364 adhuc
3045 1309 3270 1365 vivente
3298 1309 3418 1365 viro
3457 1327 3526 1366 ex
3560 1329 3676 1383 quo

2017 1402 2156 1454 tunc
2184 1398 2243 1453 in
2276 1401 2438 1453 utero
2471 1398 2721 1454 habebat
2753 1396 2962 1463 filium,
3013 1397 3360 1454 admirabile
3389 1397 3582 1455 lucem
3615 1400 3676 1456 in

2016 1487 2258 1553 visione,
2293 1503 2397 1542 ceu
2427 1486 2566 1542 solis
2598 1485 2903 1544 meaidiani
2938 1485 3232 1558 splendor,
3268 1485 3523 1561 desuper
3546 1487 3675 1544 illu-

2017 1575 2135 1642 xit;
2161 1577 2329 1647 cujus
2357 1575 2612 1641 claritas,
2661 1575 2936 1630 omnibus
2979 1575 3235 1632 tenebris
3265 1576 3336 1632 ab
3370 1593 3438 1632 ea
3467 1577 3677 1651 expul-

2018 1665 2120 1734 sis,
2154 1669 2338 1720 totam
2365 1665 2627 1732 domum,
2653 1663 2752 1720 ubi
2787 1665 3153 1736 eratjacens,
3185 1661 3466 1737 implevit.
3502 1665 3676 1724 Mane

2018 1758 2246 1809 auctem
2279 1753 2454 1822 facto,
2487 1752 2784 1809 insolitam
2811 1769 3009 1810 secum
3031 1752 3315 1808 visionem
3346 1753 3673 1825 admirans,
3723 1757 3727 1762 ⁷

2018 1841 2276 1912 antiquis
2300 1840 2583 1897 matronis
2616 1839 2855 1913 pandit;
2891 1858 2924 1896 a
2956 1840 3175 1913 quibus
3206 1835 3476 1914 protinus
3506 1843 3679 1900 audit

2017 1931 2232 1987 habere
2263 1947 2324 1986 se
2355 1930 2413 1985 in
2440 1935 2602 1986 utero
2634 1930 2916 1986 infantem
2946 1945 3119 1986 sexus
3147 1931 3478 2002 masculini,
3504 1933 3678 1989 meri-

2018 2022 2178 2092 tique
2212 2021 2474 2074 futurum
2498 2019 2656 2074 celsi.
2681 2021 2862 2084 Quem
2887 2035 3020 2075 cum
3054 2018 3222 2075 enixa
3238 2025 3344 2089 est,
3368 2023 3502 2094 apto
3525 2039 3676 2094 prae-

2019 2109 2226 2167 stolato
2260 2113 2540 2181 tempore,
2604 2108 2907 2164 Arialdum
2965 2112 3195 2178 vocant,
3253 2107 3530 2166 clericum
3585 2101 3704 2168 fa?

2018 2199 2200 2264 ciunt,
2223 2197 2439 2252 scholis
2469 2196 2779 2269 diligenter
2801 2213 2866 2253 eo
2890 2213 3078 2270 usque
3101 2198 3343 2254 tradunt
3363 2215 3674 2273 quousque

2018 2286 2402 2359 provinciales
2434 2285 2700 2357 magistri
2722 2287 2822 2358 qui
2847 2302 2980 2342 eum
3008 2290 3247 2359 possent
3267 2288 3556 2345 instruere
3581 2291 3676 2347 de-
3725 2289 3728 2292 ’

2019 2376 2241 2432 ﬁciunt.
2274 2377 2319 2430 A
2348 2374 2565 2447 quibus
2594 2389 2728 2430 cum
2762 2392 2864 2448 per
2893 2379 3180 2449 tempora,
3213 2381 3279 2432 ut
3307 2376 3672 2435 scholaribus

2021 2465 2200 2521 moris
2221 2469 2327 2531 est,
2361 2468 2745 2520 reverteretur
2764 2465 2940 2534 (sicut
2965 2482 2998 2520 a
3021 2468 3202 2521 matre
3223 2466 3352 2538 ejus
3369 2465 3495 2538 jam
3517 2484 3670 2541 saepe

2019 2555 2178 2610 dicta
2207 2554 2495 2625 cognovit)
2525 2557 2582 2607 et
2630 2552 2834 2624 puellae
2883 2552 3071 2625 ipsius
3128 2554 3463 2612 ornationes
3511 2573 3673 2614 more

2020 2643 2190 2700 solito
2214 2643 2633 2714 nitidioresque
2657 2659 2717 2698 se
2749 2643 2877 2714 ejus
2907 2641 3093 2698 vultui
3123 2648 3544 2716 prmsentarent
3573 2646 3671 2718 (3).

2019 2732 2518 2805 quemadmodum
2539 2737 2691 2786 esset
2713 2731 2929 2798 videre,
2953 2731 3035 2786 sic
3059 2733 3486 2788 exterminabat
3508 2752 3541 2789 a
3566 2752 3675 2790 sua

2021 2823 2184 2890 facie,
2217 2821 2446 2878 dicens:
2501 2820 2701 2892 Captio
2732 2820 2855 2876 haec
2886 2825 2976 2877 est
3027 2822 3271 2878 Satanae.
3327 2821 3674 2880 Indesinen-

2021 2915 2107 2966 ter
2137 2910 2411 2981 denique,
2445 2909 2502 2963 in
2535 2907 2782 2964 diversis
2812 2909 3005 2976 terris,
3059 2909 3426 2968 scholasticis
3456 2927 3519 2967 se
3549 2917 3674 2968 stu-

2019 2998 2134 3054 diis
2166 2998 2371 3053 tandiu
2402 2996 2662 3062 tradidit,
2695 2998 2879 3052 donec
2909 2997 3126 3069 optime
3171 3002 3287 3052 tam
3341 2997 3672 3056 liberalium

2021 3103 2199 3159 quam
2232 3086 2562 3141 divinarum
2613 3085 2940 3141 litterarum
2984 3087 3224 3142 haberet
3254 3086 3563 3145 scientiam
3593 3087 3672 3144 si-

2025 3174 2264 3245 mulque
2297 3178 2524 3230 atatem
2556 3173 2869 3246 perfectam
2903 3176 3000 3245 (4).

2018 3329 2107 3404 est
2131 3347 2162 3375 (ι
2192 3324 2436 3390 elevare,
2472 3345 2498 3404 ξ)
2521 3324 2684 3404 quod
2719 3323 2860 3404 satis
2887 3341 3019 3404 esse
3049 3325 3117 3380 ad
3153 3343 3352 3382 verum
3406 3325 3668 3382 nominis

2019 3403 2248 3469 etymon
2284 3411 2414 3469 reor
2433 3393 2712 3469 obligatis
2744 3395 2974 3469 fabulis.

2113 3469 2167 3539 3)
2201 3465 2518 3523 Landulfus
2561 3465 2801 3522 Junior:
2835 3488 2862 3516 «
2895 3466 3054 3539 Vidit
3082 3483 3313 3539 sorores
3350 3466 3414 3539 in
3446 3466 3667 3539 lascivo

2018 3537 2220 3620 habitu
2281 3548 2414 3593 eum
2445 3543 2692 3620 “matre;
2729 3559 2771 3620 ξ).
2813 3537 2973 3620 Quod
3004 3538 3514 3620 hujusuprobitati
3547 3555 3672 3620 non

2021 3611 2165 3667 satis
2219 3609 2488 3664 convenit
2514 3609 2780 3681 ;‘_potuit
2806 3614 3029 3681 tamen
3089 3609 3297 3680 puellis
3329 3609 3477 3681 suis,
3508 3612 3586 3676 et,
3621 3610 3671 3666 si

2021 3697 2168 3754 quas
2198 3681 2467 3754 habebat,
2501 3679 2732 3754 filiabus
2765 3679 2898 3751 plus
2937 3679 3178 3735 ornatus
3207 3679 3512 3752 indulgere
3545 3697 3671 3736 ma-

2021 3750 2129 3818 t'er,
2159 3752 2259 3824 qui
2289 3757 2485 3824 tamen
2515 3750 2915 3824 lascivus’inon
2938 3757 3120 3824 esset.

2092 3821 2476 3894 (4)'Alciatus,
2496 3845 2523 3871 «
2541 3821 2768 3894 Prius,»
2783 3822 3204 3894 inquit,«dedit
3219 3837 3454 3894 operam
3477 3823 3674 3877 omni-

2022 3893 2134 3950 bus
2154 3893 2748 3966 liberalibusstuidiis,
2769 3894 2828 3947 in
2852 3893 3094 3965 quibus,
3119 3898 3182 3950 ut
3198 3893 3460 3965 tempora
3479 3898 3676 3966 erant,

2024 3965 2275 4038 multum
2308 3965 2570 4038 profecit.
2603 3964 2898 4038 Perierant
2928 3965 3086 4022 enim
3117 3981 3184 4038 ea
3215 3964 3675 4038 tempestate,et

2023 4035 2280 4093 assiduis
2308 4033 2596 4091 bellorum
2626 4035 3001 4103 tumultibus,
3026 4044 3083 4092 et
3112 4036 3200 4090 ira
3228 4033 3358 4101 Dei,
3386 4037 3548 4091 bonae
3578 4033 3672 4091 lit-
3737 4099 3739 4102 ,

2023 4114 2178 4174 tere,
2213 4107 2490 4178 nullaque
2519 4107 2825 4179 gymnasia
2847 4123 2948 4179 per
2976 4121 3211 4179 omnem
3243 4107 3467 4162 Italiam
3501 4105 3676 4162 habe-

2025 4181 2272 4248 bantur;
2306 4178 2661 4251 quapropter
2690 4179 2759 4251 in
2783 4178 3027 4234 Galliam
3055 4180 3130 4251 ad
3150 4178 3518 4251 Parisiorum
3548 4182 3686 4233 aca-'

2025 4251 2280 4308 demiam
2309 4268 2370 4306 se
2415 4250 2692 4317 Contulit;
2748 4250 2807 4304 in
2865 4266 3048 4322 eaque
3103 4250 3697 4322 diutius_versatus,.

2025 4339 2304 4378 magnum
2339 4338 2548 4377 nomen
2581 4324 2927 4376 consecutus
2952 4319 3063 4376 est.
3093 4343 3120 4369 »
3166 4321 3260 4376 Sic
3290 4319 3466 4375 etiam
3522 4319 3678 4376 Lan-

2025 4391 2220 4449 duli‘ns
2251 4393 2479 4459 Junior,
2513 4393 2573 4446 in
2609 4392 2867 4462 Monum.
2904 4393 3172 4462 Ambros.
3207 4407 3339 4462 pag.
3372 4391 3499 4458 530,
3531 4391 3678 4462 dicit
3747 4393 3752 4404 '

2025 4464 2284 4520 Olricum
2338 4465 2458 4518 vice
2485 4463 2794 4518 dominum
2841 4461 3357 4529 Mediolanensem,
3390 4469 3448 4517 et
3471 4461 3694 4518 Ansel-'

2027 4552 2191 4591 mum
2222 4535 2293 4589 de
2324 4533 2587 4590 Pusterla
2616 4556 2643 4583 ‹‹
2679 4533 3020 4589 Leodunum
3053 4550 3092 4600 ι,
3115 4555 3144 4583 ››
3170 4534 3524 4590 Laudunum
3546 4533 3679 4589 Gal-

2027 4605 2116 4662 liae
2149 4606 2370 4672 iniisse,
2397 4628 2423 4654 ‹‹
2457 4605 2528 4678 ad
2563 4605 2923 4678 praecipuum
2945 4603 3296 4678 magistrum
3325 4603 3705 4678 Anselmum,

2027 4679 2097 4734 de
2114 4678 2364 4750 Monte,»
2381 4673 2640 4750 audiehd
2653 4694 2683 4730 u
2695 4673 2960 4750 m,quibu
2975 4693 3000 4730 s
3020 4673 3249 4750 g'rat_um
3268 4673 3684 4750 fueritipsum-

2028 4754 2146 4805 met
2174 4747 2527 4804 Landuli‘um
2569 4763 2769 4803 secum
2802 4747 3046 4802 ducere.
3069 4769 3096 4797 «
3128 4747 3198 4801 Et
3225 4747 3499 4814 tradunt,
3526 4769 3552 4795 ››
3587 4747 3685 4801 in-

2027 4821 2159 4892 quit
2184 4819 2442 4892 Alciatus
2472 4820 2542 4874 de
2574 4820 2632 4874 S.
2670 4817 2928 4892 2Arialdo,
2963 4840 2991 4868 «
3027 4818 3085 4873 in
3117 4818 3448 4874 divinarum
3483 4833 3682 4872 rerum
3742 4818 3770 4892 νς

2072 4891 2410 4956 rofessione,
2437 4906 2614 4960 quam
2649 4888 2998 4961 theologiam
3029 4894 3257 4961 vocant,
3285 4891 3520 4944 tantum
3550 4905 3689 4961 pros
3741 4885 3766 4896 ”

2072 4909 2410 4956 ῐιοιθεειοῐιθ,
2437 4909 2614 4960 quam
2649 4909 2998 4961 meonogiam
3029 4909 3257 4953 vocant,
3285 4909 3520 4944 tantum
3589 4909 3689 4944 l'O-T

2029 4909 2233 5034 iecisse
2263 4965 2328 5015 ut
2357 4977 2558 5016 omnes
2603 4960 2856 5034 collegas
2886 4965 3020 5033 post
3048 4976 3109 5034 se
3140 4960 3517 5034 relinqueret.
3549 4909 3723 5034 δίῃ-η
3755 5011 3774 5024 _,

2029 5032 2295 5106 lecticam
2312 5045 2467 5096 vero,
2485 5048 2659 5104 quam
2676 5031 2952 5106 doctrinae
2972 5031 3342 5106 superficiem
3363 5031 3687 5106 quamdam

2029 5101 2739 5228 appellabanconteompsit
2759 5103 2949 5176 magis
2971 5101 3148 5175 quam
3165 5101 3508 5184 ignoravit.»
3535 5103 3687 5184 Lan:
3719 5105 3729 5115 ⁴
3767 5167 3774 5186 ῐ

2030 5175 2109 5230 du
2140 5175 2231 5230 fus
2279 5175 2484 5229 Semor
2513 5192 2564 5230 ei
2596 5175 2885 5243 infensus,
2917 5175 3070 5244 apud
3123 5173 3482 5229 Puricellum
3515 5189 3688 5244 quasi

2031 5189 2231 5256 uultus
2279 5189 2484 5256 senior
2513 5192 2564 5230 ei
2596 5189 2885 5243 intensus,
2917 5189 3070 5257 apud
3123 5189 3482 5255 Puriceuum
3515 5189 3688 5244 quasi

2031 5245 2471 5317 ingratitudmis
2495 5251 2772 5317 sanctum
2803 5249 3022 5317 arguit,
3049 5247 3190 5301 dum
3219 5250 3323 5317 ait,
3345 5316 3350 5317 ί
3374 5259 3510 5317 pag.
3561 5245 3692 5317 479,

2033 5315 2186 5399 quod
2221 5341 2248 5365 «
2270 5333 2446 5399 penes
2477 5316 2802 5399 Guidonem
2827 5315 3389 5399 antistitempultis
3410 5316 3691 5399 fotu‘sdo-

2031 5383 2201 5453 liciis,
2236 5383 2555 5460 multisque
2587 5386 2932 5460 cumulatus
2969 5383 3495 5460 honoribus,4_dum
3528 5383 3685 5460 litte-

2032 5473 2230 5513 rarum
2257 5456 2487 5513 vacaret
2517 5457 2731 5528 studio,
2756 5458 3161 5525 severissimus
3183 5463 3271 5514 est
3301 5457 3509 5513 divina:
3540 5456 3691 5528 legis
3734 5457 3737 5463 “

2032 5531 2222 5584 factus
2273 5529 2578 5599 interpres,
2629 5529 2777 5584 dura
2819 5545 3092 5586 exercens
3122 5531 3182 5585 in
3239 5528 3482 5587 clericus
3532 5527 3693 5587 solos
3776 5527 3780 5532 ’

2023 5599 2270 5670 judicia.
2306 5621 2336 5649 »
