3960 6216
149 238 296 321 1469

1730 250 1961 316 ACTA.

3392 265 3552 327 1450

152 389 486 463 inquiritur.
518 389 761 462 Cognita
784 408 1039 466 namque
1070 398 1594 463 causa,nefandum
1621 402 1794 458 eleri-
1820 384 1878 452 Α
1906 390 2118 455 cerent,
2142 388 2340 445 vineas
2372 394 2428 447 et
2457 391 2630 450 silvas
2654 392 3020 466 introgressi,
3045 386 3558 455 alienasincidunt

150 494 277 535 cum
307 478 768 549 circumdedere,
800 497 1053 554 eumque
1100 500 1280 540 cornu
1328 486 1513 542 toxico
1557 488 1794 560 plenum

1908 479 1964 529 et
1993 476 2366 534 decorticant.
2396 480 2813 538 Verumtamen
2838 485 2948 538 Deo
2971 484 3192 554 gratias
3214 501 3396 558 agens
3428 503 3555 558 pro-

148 568 456 625 habentem
486 568 805 641 reperiunt.
849 570 1156 631 Mmrentes
1178 589 1336 647 ergo,
1368 591 1713 647 percussum
1742 584 1799 637 et
1905 564 2073 619 meo"
2110 572 2313 638 Ροεεθδ
2366 584 2458 623 me
2512 570 2730 625 Vidisse
2772 587 3026 644 Ρθτεωρθ
3073 572 3234 644 ipsas
3316 575 3553 633 arbores

146 672 275 712 eum
297 655 400 729 qui
430 657 725 729 percussit
745 659 1060 731 accipiunt,
1085 677 1151 718 ac
1176 662 1259 718 sic
1280 664 1353 720 ad
1378 665 1623 722 domum
1656 671 1798 724 lianc

147 744 345 819 dulphi
367 749 618 817 pergunt
650 764 664 816 ;
697 751 756 803 et
775 747 966 820 ipsius
988 750 1214 808 obitum
1236 753 1507 825 protinus
1551 760 1795 827 praesto-

143 834 335 892 lantur
366 835 709 892 affuturum.
740 837 856 894 Sed
888 839 1089 912 magni
1141 842 1391 914 prodigii
1442 843 1793 903 evidentiam

141 925 275 978 tunc
299 921 562 978 ostendit
582 921 738 980 Deus
767 925 1160 998 omnipotens,
1196 933 1261 985 ut
1292 947 1456 987 servo
1487 948 1594 988 suo
1646 933 1792 989 nihil

144 1009 270 1084 plus
288 1024 580 1067 venenum
602 1012 878 1082 officeret,
905 1017 1405 1088 quemadmodum
1437 1021 1486 1077 si
1517 1037 1670 1093 aqua
1698 1040 1791 1078 es-

146 1102 246 1156 set.
275 1098 424 1155 Nam
460 1099 649 1157 isdem
678 1103 978 1174 professus
1010 1110 1098 1161 est
1127 1105 1373 1164 clericus
1416 1126 1479 1166 se
1525 1110 1673 1167 illud
1729 1113 1791 1167 in

144 1187 404 1261 pluribus
435 1189 759 1262 pecudibus
788 1194 1104 1264 probasse;
1138 1212 1266 1267 quas
1298 1201 1365 1254 ut
1411 1199 1788 1272 deglutivere,

145 1281 354 1334 cunctis
382 1281 522 1350 post
546 1278 818 1350 pululum
851 1282 967 1338 vita
997 1291 1334 1342 caruerunt.
1385 1286 1430 1342 Ο
1489 1288 1640 1345 mira
1685 1289 1791 1345 Do-

146 1365 279 1422 mini
309 1366 576 1439 potentia
607 1366 620 1422 Ξ
653 1368 821 1425 Hunc
839 1370 1033 1428 virum
1055 1377 1370 1446 postquam
1392 1376 1788 1449 tetigit,etiam

147 1453 489 1527 deglutitum
522 1456 669 1513 nulli
701 1474 908 1517 nocere
937 1462 1144 1533 quivit.
1166 1462 1331 1519 Unde
1363 1464 1488 1537 ipse
1537 1467 1789 1524 reddens

146 1544 389 1601 debitam
415 1544 537 1602 Deo
564 1544 821 1615 laudem,
836 1564 1242 1621 percussorem
1265 1552 1541 1611 clericum
1563 1555 1790 1613 dimisit

144 1631 510 1699 incolumem,
535 1633 858 1692 admonens
877 1654 949 1695 ne
969 1638 1218 1697 ulterius
1228 1645 1455 1699 tantam
1476 1648 1789 1701 conaretur

146 1722 673 1796 pmsumptionem.
707 1724 867 1782 Idem
897 1743 1031 1784 vero
1062 1728 1331 1801 clericus,
1381 1748 1492 1788 sua
1539 1750 1783 1791 cernens
1816 1755 1864 1821 B

153 1809 466 1879 molimina,
499 1811 685 1870 nimio
707 1814 902 1871 studio
923 1817 1239 1889 exquisita,
1286 1837 1321 1875 a
1368 1820 1469 1877 Dei
1491 1822 1789 1880 evidenter

146 1899 340 1956 virtute
386 1899 707 1969 exinanita,
730 1903 960 1976 sibique
999 1905 1073 1961 ab
1094 1907 1224 1979 ejus
1247 1908 1467 1966 famulo
1486 1927 1591 1982 pro
1612 1910 1786 1969 malis

146 1988 395 2061 impensa
420 1988 602 2059 bona,
633 1992 805 2048 corde
834 2000 1244 2069 compunctus,
1302 1998 1534 2055 veniam
1591 2001 1782 2072 petiit,

148 2078 277 2134 tanti
304 2077 542 2136 sceleris
571 2079 898 2139 incentores
929 2084 1206 2156 prodidit,
1258 2104 1320 2142 se
1376 2087 1621 2145 ulterius
1669 2089 1785 2148 tale

150 2166 272 2238 quid
299 2167 547 2224 minime
568 2168 766 2225 conari
784 2172 1079 2242 promisit,
1112 2177 1168 2229 et
1188 2178 1484 2246 postremo
1518 2177 1602 2233 sic
1661 2178 1783 2235 dis-

154 2255 329 2313 cessit.

207 2345 287 2400 18.
315 2345 423 2402 Per
450 2345 607 2403 idem
636 2349 871 2420 tempus
901 2348 1093 2406 clerici
1125 2351 1472 2421 suburbani,
1503 2353 1564 2409 in
1594 2370 1782 2411 unum

147 2433 558 2501 convenientes,
574 2435 647 2492 ad
670 2435 918 2492 invicem
940 2438 1149 2495 dicunt
1172 2455 1184 2494 :
1210 2441 1358 2506 Quid
1375 2441 1623 2499 facimus
1644 2444 1671 2497 ?
1691 2445 1732 2499 E
1748 2461 1783 2499 n

148 2520 419 2589 Arialdus,
441 2522 548 2596 qui
574 2540 682 2581 nos
700 2528 1049 2598 nostrasque
1068 2528 1320 2585 familias
1336 2531 1707 2587 conturbavit
1726 2536 1785 2589 et

149 2609 421 2683 dispersit,
446 2612 510 2667 in
532 2611 675 2670 urbe
687 2613 1022 2683 conclusus,
1042 2620 1218 2688 atque
1238 2634 1272 2673 a
1292 2619 1507 2691 populo
1531 2620 1781 2677 circum-

149 2698 620 2769 datus,inhabitat
646 2720 660 2770 ;
684 2701 955 2776 ideoque,
974 2708 1039 2760 ut
1055 2721 1191 2761 eum
1215 2707 1554 2778 perimanus
1567 2725 1783 2782 nequa-

149 2801 301 2859 quam
333 2789 666 2862 pertingere
684 2791 971 2849 valemus.
1008 2794 1068 2849 Si
1098 2798 1297 2850 autem
1310 2795 1418 2852 hoc
1439 2798 1776 2871 nequimus,

150 2875 411 2935 damnum
440 2879 834 2952 dedecusque,
868 2883 1024 2954 quod
1057 2898 1398 2955 possumus,
1426 2884 1511 2940 illi
1567 2886 1778 2944 saltem

149 2963 470 3023 inferamus.
503 2967 567 3022 In
588 2966 716 3026 loca
745 2973 947 3025 nostra
976 2988 1131 3026 nunc
1160 2976 1539 3042 revertamur,
1567 2978 1625 3031 et
1679 2992 1778 3032 ex-

150 3053 363 3124 quisitis
384 3054 601 3129 gladiis
632 3056 779 3113 bene
808 3059 1015 3127 acutis,
1050 3076 1285 3117 rursum
1307 3066 1474 3118 nocte
1495 3063 1610 3120 alia
1639 3082 1779 3121 con-

152 3142 457 3213 veniamus,
477 3160 597 3201 una
614 3144 773 3216 illuc,
808 3147 907 3203 ubi
935 3148 1092 3203 idem
1116 3153 1203 3204 est
1220 3153 1406 3219 ortus,
1434 3168 1775 3225 pergamus,

155 3234 204 3285 et
227 3232 321 3288 ubi
343 3233 540 3290 adhuc
558 3250 689 3292 cum
712 3235 838 3291 suis
871 3252 1085 3309 magna
1105 3238 1669 3312 polletpossessione
1684 3260 1781 3315 pa-

150 3320 412 3391 rentibus,
427 3325 606 3395 atque
621 3324 693 3379 ad
712 3324 1095 3397 ignominiam
1113 3328 1242 3398 ejus
1262 3329 1777 3404 ecclesiam,quam

150 3406 270 3465 olim
294 3410 592 3483 impendio
619 3412 853 3484 proprio
875 3416 1513 3484 construxit,violemus
1535 3424 1594 3475 et
1611 3420 1780 3477 dissi-

147 3509 375 3569 pemus;
405 3501 645 3557 arbores
673 3515 807 3557 vero
839 3506 1320 3577 castaneas,quas
1366 3507 1542 3563 habet
1599 3508 1776 3565 innu-

149 3600 345 3657 meras,
371 3589 810 3659 decorticemus,
841 3590 1011 3647 vinea
1056 3598 1274 3661 autem,
1332 3596 1549 3667 quibus
1599 3597 1778 3654 nimis

148 3674 411 3743 abundat,
445 3677 795 3737 incidamus.
824 3679 1064 3737 Interim
1094 3682 1329 3754 quidem
1354 3700 1422 3740 ex
1451 3684 1620 3740 nobis
1671 3685 1776 3742 ali-

147 3763 237 3833 qui
261 3763 397 3823 illnc
426 3771 673 3840 pergant
699 3768 762 3825 in
792 3768 887 3825 die
907 3769 1009 3842 qui
1029 3770 1219 3843 ipsius
1251 3772 1591 3828 substantiae
1606 3773 1778 3845 plene

147 3848 345 3910 habent
371 3856 662 3926 notitiam,
692 3858 894 3915 vineas
922 3859 1051 3930 ejus
1079 3864 1137 3916 et
1165 3859 1340 3917 silvas
1362 3862 1657 3918 evidenter
1686 3864 1780 3920 de-

154 3939 388 4013 signent,
411 3948 616 4001 utnon
638 3950 779 4003 tunc
801 3946 943 4020 quid
966 3952 1243 4021 appareat
1292 3950 1352 4005 in
1384 3966 1499 4022 quo
1530 3950 1665 4023 quis
1690 3969 1779 4008 er-

152 4043 264 4086 rare
282 4031 506 4090 debeat.

208 4115 290 4175 49.
322 4120 502 4178 Nocte
531 4121 715 4194 igitur
754 4123 1107 4181 conveniunt
1153 4125 1443 4193 condicta,
1476 4126 1782 4185 ecclesiam

152 4208 297 4263 extra
321 4208 518 4265 vicum
548 4210 662 4283 (13)
696 4212 1200 4285 reperiunt,quam
1231 4215 1423 4285 ruptis
1482 4216 1651 4272 ostiis
1692 4216 1782 4271 in-

151 4294 306 4351 trant.
333 4297 537 4355 Altare
568 4299 847 4373 frangunt
876 4306 933 4356 et
961 4301 1198 4369 violant,
1236 4307 1559 4375 caeteraque
1615 4308 1783 4361 uten-

155 4379 271 4439 uilia
291 4386 604 4460 dissipant,
629 4394 686 4444 et
705 4389 980 4457 dedecus,
1003 4391 1157 4462 quod
1178 4390 1439 4448 infelices
1461 4393 1787 4465 nequibant

1906 652 2029 709 suis
2060 654 2382 712 cultoribus
2413 658 2740 715 uberrimos
2768 660 2994 717 fructus
3045 662 3287 719 reddere
3335 680 3553 737 easque

1905 741 2096 799 adhuc
2127 743 2397 802 similiter
2424 748 2596 804 credo
2627 749 2814 804 facere
2835 750 2968 822 (lli).

2534 855 2763 911 CAPUT
2803 856 2902 912 III.

1960 939 2094 994 Acta
2125 939 2179 994 S.
2211 941 2427 1021 Arialdz'
2448 951 2635 1021 contra
2665 945 3022 1021 Si'monz'aqos,
3041 963 3186 1021 Aquas
3206 955 3482 1021 tanquam

2290 1012 2568 1069 hmreticos
2590 1017 2879 1086 fugiendos
2907 1012 3147 1073 docebat.

1969 1096 2058 1150 20.
2091 1097 2198 1153 Per
2227 1098 2383 1155 idem
2414 1104 2647 1173 tempus
2681 1102 2897 1158 Christi
2947 1103 3176 1175 famuli,
3238 1108 3542 1161 cernentes

1900 1199 2133 1240 omnem
2164 1188 2447 1260 pepulum
2479 1191 2549 1244 ad
2570 1192 2933 1262 sequendum
2969 1193 3251 1265 quidquid
3286 1194 3546 1250 dicerent

1899 1287 2027 1327 csse
2052 1276 2582 1347 promptissimum,
2604 1279 2674 1332 de
2708 1280 3039 1336 Simoniaca
3079 1298 3255 1352 quam
3301 1286 3544 1338 eatenus

1898 1361 2267 1428 reticuerant,
2301 1364 2495 1437 palam
2526 1365 3009 1440 loquiincipiunt.
3033 1370 3289 1432 Quorum
3314 1372 3544 1444 primus

1895 1448 1956 1503 in
1986 1448 2201 1507 virtute
2231 1453 2486 1509 scientias
2509 1459 2566 1509 et
2595 1456 2991 1525 sanctitantis,
3015 1458 3231 1514 scilicet
3251 1460 3543 1527 Ariaidus,

1896 1538 2033 1595 licet
2050 1539 2150 1596 illo
2163 1541 2530 1614 eloquentior
2542 1548 2697 1600 esset
2712 1545 3197 1617 Landulphus,de
3217 1548 3550 1606 Simoniaca

1895 1632 1951 1683 et
2001 1634 2203 1686 contra
2225 1631 2413 1703 ipsam
2438 1632 2551 1688 tale
2564 1634 2867 1689 exordium
2891 1635 3134 1706 protulit
3150 1636 3220 1691 ad
3242 1636 3546 1709 populum.

1895 1716 2145 1787 Gratias,
2179 1718 2389 1793 inquit,
2424 1721 2812 1789 dilectissimi,
2846 1724 3233 1796 omnipotenti
3264 1728 3379 1780 Deo
3418 1725 3549 1781 red-

1895 1807 2029 1862 dere
2057 1808 2358 1877 debemus,
2393 1811 2491 1881 qui
2519 1811 2677 1867 dedit
2698 1811 2863 1867 vobis
2894 1811 3038 1868 velle
3070 1828 3199 1884 quaa
3227 1813 3351 1869 vult
3399 1813 3546 1886 ipse.

1895 1896 2054 1952 Scire
2083 1914 2183 1953 vos
2203 1898 2439 1969 quidem
2461 1899 2733 1955 volumus
2757 1902 2913 1972 quod
2932 1901 3191 1958 laborem
3214 1921 3328 1960 non
3353 1903 3542 1960 modi-

1894 2000 2228 2058 cum,quem
2247 2003 2430 2058 usque
2452 1989 2625 2043 modo
2640 1993 2840 2045 contra
2862 1989 3236 2046 insolentiam
3256 1993 3539 2063 conjuga-

1894 2075 2627 2149 torum,adulterorumque
2641 2078 3007 2151 sumpsimus
3020 2080 3543 2148 sacerdotum,ma—

1893 2163 1982 2233 gis
2015 2179 2121 2219 nos
2152 2163 2356 2221 fecisse
2390 2166 2733 2222 necessitate
2772 2184 2948 2240 quam
3004 2168 3323 2224 voluntate.
3365 2168 3536 2238 Nam,

1894 2255 2089 2308 utrum
2123 2252 2377 2309 haeretici
2407 2271 2614 2311 uxores
2644 2255 2900 2312 habeant
2930 2274 3003 2313 an
3035 2275 3176 2326 non,
3197 2258 3361 2330 parvi
3391 2274 3536 2330 pen-

1892 2339 2109 2397 dimus.
2141 2342 2576 2414 Aspicientibus
2600 2361 2735 2416 ergo
2760 2346 2830 2399 ad
2853 2344 3101 2401 invicem
3132 2361 3193 2401 se
3214 2346 3423 2412 turbis,
3480 2349 3539 2402 et

1892 2429 2323 2486 admirantibus
2353 2448 2456 2487 cur
2477 2431 2585 2488 hoc
2637 2434 2873 2500 diceret,
2933 2434 3193 2504 adjecit:
3246 2434 3539 2502 Audistis,

1892 2517 2245 2588 charissimi,
2270 2520 2411 2575 dum
2442 2521 2894 2593 legereturliber
2946 2525 3198 2579 Actuum
3257 2522 3545 2596 apostolo-

1892 2624 2045 2675 rum,
2074 2608 2302 2664 venisse
2333 2609 2632 2665 Simonem
2653 2612 2888 2683 Magum
2942 2611 3013 2666 ad
3076 2617 3142 2667 B.
3200 2612 3539 2684 apostolum

1892 2696 2216 2765 Petrum,et
2244 2697 2577 2769 postulasse
2597 2715 2701 2771 per
2728 2704 3041 2771 pecuntam
3072 2700 3326 2772 Spiritus
3348 2700 3538 2756 sancti

1898 2786 2169 2859 gratiam.
2194 2787 2380 2843 Lucas
2427 2787 2800 2859 evangelista,
2836 2789 2935 2860 qui
2965 2789 3075 2845 hoc
3091 2788 3349 2861 scripsit,
3397 2788 3539 2860 quid

1889 2876 2093 2931 beatus
2122 2873 2174 2930 ei
2222 2875 2427 2931 Petrus
2474 2877 2859 2948 responderit,
2901 2875 3169 2949 protinus
3229 2876 3536 2948 adjunxit:

1888 2987 1916 3014 ‹‹
1951 2963 2448 3035 Pecunia(inquit)
2480 2967 2583 3020 tua
2636 2968 2830 3021 tecum
2876 2966 2953 3021 sit
3000 2966 3059 3021 in
3120 2965 3533 3038 perditionem,

1889 3053 2028 3126 quia
2056 3052 2403 3108 existimasti
2425 3052 2645 3108 donum
2675 3053 2777 3109 Dei
2808 3054 3057 3126 pecunia
3087 3054 3371 3127 possideri
3395 3055 3531 3126 (Act.

1807 3123 1850 3192 C
1886 3123 2010 3209 6m,
2036 3144 2149 3210 20).
2178 3164 2204 3189 η
2235 3140 2380 3205 Quid
2401 3145 2488 3197 est
2517 3142 2627 3197 hoc
2657 3142 2685 3196 ?
2714 3123 2916 3199 Nonne
2946 3144 3055 3200 iste
3085 3123 3181 3199 ille
3204 3123 3536 3214 Petrus,cui

1888 3231 2452 3304 septuagiesseptics
2481 3232 2747 3304 peccanti
2797 3234 2963 3289 fratri
3010 3233 3311 3289 dimittere
3351 3231 3535 3303 jussit

1887 3320 2219 3375 Dominus?
2247 3320 2633 3390 (Matth.xvm,
2656 3321 2771 3390 22.)
2796 3322 2896 3376 Est
2933 3320 3158 3393 utique.
3208 3322 3318 3377 Sed
3376 3322 3535 3377 hunc

1887 3425 2003 3464 non
2021 3407 2317 3479 prospexit
2339 3407 2476 3462 inse
2509 3424 2612 3463 nec
2638 3408 2696 3462 in
2729 3409 3025 3464 hominem
3049 3425 3287 3479 peccare
3317 3410 3537 3464 solum-

1886 3497 2081 3563 modo,
2112 3497 2211 3552 sed
2243 3496 2303 3551 in
2338 3500 2537 3551 Deum.
2570 3497 2717 3551 Nam
2751 3497 2930 3551 nimis
2963 3497 3152 3551 isdem
3216 3497 3278 3551 B.
3329 3496 3536 3553 Petrus

1884 3587 2198 3657 peccasset,
2228 3583 2277 3639 si
2310 3588 2601 3639 auctorem
2619 3584 2767 3639 tanti
2791 3588 2987 3639 reatus
3008 3583 3231 3639 silendo
3253 3585 3539 3655 proficere

1884 3674 2120 3741 sineret,
2140 3676 2199 3728 et
2218 3672 2663 3728 aestimationem
2683 3676 2856 3727 tantm
2880 3672 3153 3743 nequitiae
3174 3672 3235 3728 in
3264 3673 3395 3746 ipsa
3426 3689 3540 3731 sua

1886 3762 2078 3818 radice
2108 3760 2351 3817 minime
2383 3762 2743 3818 damnasset.

1954 3854 2046 3907 21.
2076 3852 2239 3916 Quod
2260 3849 2715 3923 lacrymabiliter
2732 3850 3042 3925 validoque
3063 3852 3261 3909 dolore
3284 3855 3536 3926 profero.

1887 3941 2028 3997 Ecce
2058 3941 2242 4008 nefas,
2271 3940 2427 4011 quod
2459 3939 2853 4013 apostolorum
2876 3941 3147 4013 princeps
3168 3942 3370 4014 inipsa
3390 3942 3541 3997 aesti-

1888 4030 2142 4086 matione
2171 4033 2393 4085 aeternae
2426 4029 2738 4101 perditioni
2770 4029 3033 4100 tradidit,
3068 4046 3171 4101 per
3190 4029 3533 4086 universum

1888 4119 2337 4192 penemundum
2369 4118 2454 4174 sic
2501 4118 2723 4175 obtinet
2767 4117 3187 4191 principatum,
3248 4122 3537 4191 quatenus
3602 4127 3606 4131 “

1890 4206 2090 4264 nullus
2113 4208 2184 4263 ad
2206 4208 2467 4279 regimen
2491 4208 2821 4279 pontiﬁcale
2844 4207 2933 4263 vel
2952 4208 3435 4277 abbaticum,sive
3464 4208 3540 4265 ad

1890 4296 2148 4353 ofﬁcium
2179 4295 2584 4369 qualecunque
2615 4298 3075 4355 ecclesiasticum
3098 4297 3542 4372 perveniat,nisi

1892 4401 1993 4457 per
2022 4386 2238 4457 ipsum.
2271 4384 2435 4451 Quis,
2468 4401 2594 4457 quae
2626 4388 2893 4444 dicturus
2915 4405 3050 4445 sum
3068 4390 3317 4455 audit,et
3337 4386 3542 4442 dolens

152 4468 370 4543 famulo,
403 4475 591 4533 facere
621 4493 737 4534 non
769 4481 909 4533 sunt
931 4478 1097 4533 veriti
1130 4479 1397 4536 Domino.
1432 4486 1605 4537 Porro
1645 4498 1779 4539 cum
1813 4492 1859 4559 Ι)
1892 4491 2007 4531 non
2036 4474 2402 4546 obstupescit
2426 4474 2454 4528 ?
2484 4476 2566 4529 En
2598 4475 2891 4546 Christus,
2922 4495 3095 4533 verus
3122 4475 3542 4542 Dominus,Pa-

150 4559 213 4615 ad
239 4562 573 4638 designatas
602 4567 844 4623 arbores
862 4566 1189 4639 vineasque
1218 4568 1434 4625 vellent
1485 4572 1779 4640 accedere,

151 4647 288 4706 sicut
310 4652 424 4725 ipsi
456 4659 660 4726 postea
691 4656 943 4728 professi
976 4660 1118 4713 sunt
1148 4657 1484 4726 morientes,
1516 4675 1650 4715 cum
1692 4660 1780 4715 in-

151 4740 291 4806 genti
312 4744 532 4800 terrore
558 4748 723 4801 tanta
753 4762 787 4800 a
807 4746 972 4816 justo
1005 4746 1105 4802 Dei
1113 4746 1343 4817 judicio
1366 4751 1506 4804 sunt
1526 4748 1783 4820 perculsi

152 4827 405 4900 caecitate,
440 4836 506 4888 ut
534 4849 724 4906 neque
754 4834 855 4890 ubi
886 4840 1104 4901 essent,
1129 4852 1319 4909 neque
1358 4854 1481 4894 rem
1511 4837 1783 4910 designa-

152 4914 258 4970 tam
286 4917 544 4977 invenire
568 4927 826 4994 possent.
861 4923 905 4979 Ο
935 4924 1084 4980 mira
1100 4924 1331 4981 Domini
1363 4925 1548 4998 pietas
1569 4926 1581 4980 ι
1606 4930 1784 4982 Suam

150 5000 396 5062 demoliri
427 5025 626 5067 casam
647 5010 936 5082 permisit,
969 5012 1121 5068 servi
1154 5029 1287 5069 vero
1306 5014 1398 5069 sui
1430 5015 1651 5088 optime
1697 5019 1787 5071 tu-

152 5092 252 5146 tari
278 5097 457 5153 novit.
492 5099 602 5155 Sed
636 5116 708 5155 ne
730 5099 930 5157 miseri
961 5100 1120 5157 illam
1146 5107 1375 5160 noctem
1408 5103 1647 5160 inanem
1682 5105 1787 5161 du-

353 5225 888 5307 νισιιῖη-(Ζοιίειοιιῐιι2
914 5233 1095 5287 sancti
1116 5235 1360 5307 patriam
1390 5235 1657 5307 intelligo.

216 5223 324 5418 {:3;
353 5225 542 5283 Visum
569 5229 887 5297 Cotiacum,
914 5233 1095 5287 sancti
1116 5235 1360 5303 patriam
1390 5235 1657 5307 intelligo.

239 5294 299 5347 14
358 5319 385 5345 α
418 5299 508 5352 Ad
541 5299 693 5355 hunc
717 5303 989 5358 eumdem
1012 5320 1233 5359 annum
1257 5304 1396 5361 1056
1418 5307 1788 5363 referendum

216 5380 221 5415 l
296 5369 450 5418 ("10d
475 5369 626 5418 inter
646 5372 810 5418 initin
841 5373 926 5418 sin
955 5374 1131 5418 refert.
1158 5375 1713 5418 Lnndnli‘nanninr
1736 5395 1787 5418 ιιι

189 5369 281 5461 Et:
296 5369 461 5461 quod‘
475 5369 626 5461 inter
646 5372 824 5461 initia‘
841 5373 926 5461 sic
955 5374 1132 5457 refert
1158 5375 1486 5461 hangulfus
1502 5378 1787 5461 Juniort.»

153 5441 401 5559 agnique
441 5441 746 5521 translatio
782 5449 845 5499 Β.
880 5444 1104 5501 Nazarii
1157 5446 1422 5519 (lOMaiz‘)
1468 5466 1514 5531 .a
1563 5450 1789 5531 cunctis

156 5571 183 5592 Δ
194 5587 211 5592 Α
223 5521 387 5592 riciis
400 5514 459 5566 et
468 5512 693 5592 c_iv1b_u_s
704 5516 908 5592 devote
920 5515 1712 5592 celebraretur,cmp1tAriald
1719 5538 1790 5578 us

154 5571 458 5642 detrectare
485 5582 854 5645 familiariter
882 5571 1170 5669 conjugis.—
1187 5571 1787 5671 ’δῖἐιὶῷἲζῐιὸῖίέὃῖ

458 5709 729 5784 Panem.
770 5711 1034 5801 CXLIII,

1890 4568 2012 4620 stor
2030 4564 2355 4632 bonus,suo
2378 4563 2538 4635 gregi
2561 4563 2823 4619 solemne
2844 4571 2902 4621 et
2923 4565 3180 4622 salutare
3201 4567 3544 4635 bonumque

1892 4653 2049 4709 dedit
2078 4656 2431 4725 praeceptum
2456 4672 2471 4720 ;
2492 4654 2646 4724 quod
2680 4652 2956 4709 oblivioni
2986 4659 3161 4710 tanta:
3215 4655 3546 4726 projectum

1891 4746 1978 4798 est
1993 4745 2056 4798 ut
2068 4758 2239 4799 nemo
2257 4745 2533 4814 appareat
2554 4742 2652 4813 qui
2674 4743 2802 4812 ejus
2813 4744 2942 4813 jam
2989 4742 3286 4799 reminisci
3307 4742 3545 4799 audeat.

1891 4830 2081 4886 Vultis
2112 4831 2313 4886 audire
2344 4830 2485 4903 quid
2516 4835 2605 4887 est
2634 4830 2777 4885 illud
2792 4830 2851 4885 ‘?«
2878 4829 3546 4905 Gratis,inquit,accepi-

1893 4918 2021 4989 stis,
2055 4919 2237 4991 gratis
2259 4920 2391 4975 date
2412 4920 2618 4991 (Matth.
2650 4936 2705 4986 ι,
2734 4921 2810 4991 8).
2845 4941 2873 4969 ››
2905 4921 3155 4975 Econtra
3180 4937 3312 4976 vero
3361 4918 3549 4991 impia

1894 5008 2185 5081 cogitatio,
2216 5024 2343 5079 quis
2375 5009 2631 5081 maligne
2654 5007 2833 5065 semel
2865 5013 2955 5064 est
3009 5013 3209 5065 exorta
3254 5010 3313 5064 in
3375 5007 3545 5080 impii

1894 5097 2149 5154 Simonis
2179 5098 2372 5164 corde,
2404 5102 2461 5152 et
2485 5114 2612 5169 quae
2640 5096 2792 5153 illico
2824 5100 2914 5153 est
2956 5097 3238 5155 damnata
3295 5115 3329 5154 a
3374 5099 3542 5153 tanto

1898 5248 2050 5288 rum.
2082 5233 2244 5297 Quod
2278 5232 2518 5287 audiens
2542 5232 2783 5303 quidam
2815 5230 3105 5303 sacerdos,
3158 5232 3396 5288 nomine
3423 5234 3545 5287 An-

1897 5304 2141 5371 selmus,
2174 5304 2347 5359 dixit:
2382 5305 2529 5375 Ergo
2560 5301 2622 5359 tu
2656 5321 2717 5359 es
2739 5303 2835 5358 ille
2892 5301 2991 5373 qui
3046 5318 3158 5375 nos
3207 5304 3543 5361 sacerdotes

1897 5376 2049 5458 inter
2076 5372 2691 5458 pop_ulum_dill‘amas.?
2710 5382 2809 5458 fin
2831 5375 2888 5429 in
2910 5372 2966 5429 te
2979 5372 3110 5458 solo
3132 5378 3419 5433 remansit
3438 5375 3547 5458 vir-

1897 5445 2293 5522 tusZQuibus
2342 5446 2873 5522 dictisArialdum
2930 5445 3171 5522 colapho
3234 5447 3547 5522 percussit.

1898 5516 2167 5574 Arialdus
2199 5522 2397 5576 autem
2428 5517 2603 5576 dixit:
2631 5519 2754 5575 Non
2791 5517 2982 5575 solum
3013 5516 3146 5589 hoc,
3207 5516 3315 5580 sed
3374 5521 3550 5583 etiam

1898 5593 2146 5653 mortem
2175 5605 2282 5671 pro
2312 5589 2553 5653 veritate
2580 5590 2702 5669 pati
2724 5593 2963 5671 paratus
2984 5605 3197 5652 sum.»

3151 5718 3239 5812 4Q
