3960 6216
384 281 533 341 1451

1500 277 1608 337 SS.
1655 274 1970 338 ARIALDI
2016 270 2115 338 ET
2159 272 2666 337 ERLEMBALDI

3636 279 3665 336 ι
3679 269 3821 345 452

378 408 786 484 apostolocum
802 407 1491 480 suoauctore,ubiquesic
1504 408 2025 480 estsparsasolem-
2053 410 2108 474 Α
2145 408 2216 462 ab
2247 408 2407 463 omni
2437 423 2496 463 re
2518 405 2781 463 saeculari
2810 405 3082 477 expediti,
3111 408 3168 460 et
3200 420 3378 461 sacrze
3413 403 3563 479 legis
3620 409 3816 464 medi-

377 499 624 566 niter,ut
653 513 825 552 nemo
855 497 970 553 fere
998 497 1069 552 ad
1103 496 1304 553 altaris
1345 496 1605 553 ofﬁcium
1637 498 1872 553 accedat
1923 496 2033 552 nisi

378 588 545 661 prius
566 590 703 659 agat
723 603 894 657 opere
916 587 1072 657 quod
1089 586 1240 642 idem
1265 587 2033 660 cogitavitnequitercorde:

382 681 441 734 et
456 678 637 732 donec
655 676 844 730 eidem
867 674 1263 731 maledictioni
1280 681 1377 731 tan
1389 681 1445 732 to
1465 676 1813 747 profundius
1826 693 1885 731 se
1902 675 2036 731 sub-

374 766 785 837 jiciat,quanto
803 779 930 818 esse
947 765 1209 820 noscitur
1229 766 1393 836 pejus
1411 764 1635 820 malum
1655 766 1837 820 facere
1856 781 2032 836 quam

387 855 662 927 cogitare.

452 990 541 1041 22.
576 986 808 1041 Utinam
840 986 963 1041 haec
986 986 1316 1042 maledictio
1347 986 1481 1042 illos
1527 990 1850 1058 percuteret
1906 991 2034 1040 tan-

383 1075 686 1130 tummodo
709 1075 804 1146 qui
835 1075 930 1129 Dei
963 1076 1181 1129 donum
1203 1076 1450 1130 vendere
1477 1080 1577 1129 aut
1604 1092 1795 1130 emere
1817 1092 2033 1145 praesu-

387 1168 557 1220 munt
583 1162 789 1219 audaci
812 1163 983 1217 corde
1015 1168 1070 1218 et
1100 1162 1283 1234 impio
1307 1164 1318 1217 !
1346 1163 1762 1218 Verumtamen
1788 1164 1880 1217 hic
1915 1169 2033 1217 tam

386 1253 594 1308 noxius
623 1256 712 1306 est
741 1257 936 1306 reatus
969 1256 1032 1305 ut
1062 1268 1176 1307 non
1205 1251 1398 1306 solum
1432 1252 1532 1323 qui
1558 1252 1785 1307 iaciunt
1826 1257 1882 1305 et
1936 1253 2037 1322 qui

386 1341 780 1405 consentiunt,
803 1357 1003 1396 verum
1034 1340 1211 1395 etiam
1242 1357 1341 1395 eos
1367 1341 1467 1410 qui
1526 1341 1873 1395 facientibus
1922 1357 2035 1394 non

388 1430 676 1486 resistunt
705 1434 761 1483 et
788 1429 1237 1501 oppugnant,sic
1268 1428 1573 1499 pcenaliter
1592 1428 2035 1499 obliget,quate-

388 1536 503 1574 nus
532 1518 939 1573 maledictione
968 1534 1093 1588 quae
1146 1517 1367 1572 Simoni
1428 1535 1462 1571 a
1518 1518 1682 1572 Petro
1740 1522 1828 1571 est
1880 1517 2041 1571 illata

390 1607 609 1663 minine
632 1605 1036 1678 proculdubio
1067 1609 1322 1661 careant.
1359 1606 1440 1661 Ne
1466 1606 1612 1661 forte
1669 1606 1902 1661 mentiri
1945 1621 2039 1661 me

391 1695 779 1756 arbitremini.
813 1695 953 1766 quid
985 1695 1055 1749 de
1076 1694 1183 1749 hac
1215 1710 1277 1751 re
1300 1699 1498 1749 noster
1524 1699 1805 1765 patronus
1828 1695 2040 1749 sentiat

392 1785 456 1839 Β.
489 1782 1102 1848 Ambrosius,audite:
1128 1783 1209 1837 ait
1238 1783 1393 1838 enim
1429 1799 1441 1836 :
1507 1804 1535 1831 «
1565 1783 1707 1837 Nam
1730 1788 1787 1837 et
1819 1782 2039 1853 lepram
2070 1777 2118 1840 B

392 1890 525 1929 cum
547 1872 700 1927 Giezi
722 1876 970 1927 asancto
994 1872 1329 1942 suscepisse
1360 1887 1423 1926 se
1456 1871 1697 1926 credant
1722 1870 2040 1943 Eliseo,qui

390 1961 639 2033 gradum
670 1958 1093 2015 sacerdotalem
1127 1974 1189 2013 se
1218 1958 1555 2014 existimant
1588 1959 1853 2031 pecuniis
1883 1976 2041 2014 com-

392 2064 615 2122 parare.
632 2047 776 2103 Nam
800 2047 952 2102 sicut
970 2046 1351 2102 validioribus
1369 2048 1590 2103 morbis
1613 2048 1802 2119 capite
1821 2048 2041 2117 vitiato,

395 2136 686 2209 reliquum
713 2152 947 2190 necesse
968 2140 1059 2190 est
1078 2152 1289 2207 corpus
1320 2136 1705 2190 inundatione
1728 2137 2046 2207 superioris

396 2226 581 2281 morbi
617 2224 905 2279 Iethalitcr
927 2224 1176 2293 irrigari,
1210 2223 1290 2278 ita
1310 2228 1366 2278 et
1396 2224 1431 2277 ii
1458 2225 1553 2295 qui
1580 2229 1756 2295 caput
1778 2226 2048 2280 videntur

397 2331 527 2370 esse
558 2313 848 2379 Ecclesia},
887 2314 1091 2367 morbo
1137 2313 1410 2383 pestifero
1470 2314 1790 2368 fraternum
1843 2313 2049 2369 vitiant

396 2419 631 2475 corpus,
664 2406 731 2456 ut
760 2401 909 2455 nihil
940 2417 1010 2456 ex
1038 2401 1217 2455 totius
1249 2401 1507 2473 corporis
1550 2418 1827 2475 compage
1850 2402 2045 2458 insau-

396 2492 615 2550 ciatum
645 2489 834 2560 possit
862 2490 1101 2544 evadere
1125 2507 1138 2557 ;
1163 2490 1318 2560 quod
1343 2489 1763 2562 negligentium
1779 2493 2047 2547 sacerdo-

396 2584 524 2636 tum
552 2578 885 2635 vitiositatis
935 2576 1153 2633 morale
1184 2595 1298 2633 non
1350 2578 1616 2634 infecerit
1662 2580 1844 2650 virus,
1874 2581 1954 2636 ita
1986 2584 2050 2645 ut

397 2669 594 2726 videas
622 2666 681 2723 in
712 2666 969 2722 Ecclesia
998 2666 1220 2738 passim
1273 2684 1421 2739 quos
1482 2686 1597 2723 non
1658 2669 1885 2737 merita,
1945 2670 2047 2725 sed

399 2757 658 2831 pecunia
679 2757 749 2812 ad
782 2756 1155 2828 episCOpatus
1185 2756 1450 2812 ordinem
1475 2764 1879 2829 provexerunt.
1940 2759 2048 2813 Ve-

399 2848 754 2907 rumtamen,
787 2850 853 2898 ut
874 2844 934 2898 in
963 2860 1065 2929 pre
1085 2845 1334 2899 duorum
1352 2844 1437 2900 vel
1467 2847 1646 2901 trium
1678 2848 1917 2902 testium
1938 2850 2052 2903 stet

403 2932 828 2991 omneverbum
848 2933 1032 3000 (Deut.
1058 2949 1198 3002 xvn,
1221 2934 1338 3001 6),»
1359 2934 1554 2989 audite
1585 2935 1724 3006 quid
1748 2952 1923 3007 super
1942 2936 2051 2991 hac

403 3038 466 3079 re
488 3022 692 3077 beatus
710 3019 867 3074 dicat
886 3019 1253 3091 Gregorius.«
1271 3021 1384 3075 Cur
1405 3021 1639 3093 (inquit)
1663 3040 1777 3077 non
1799 3024 2047 3091 videtur,

405 3130 511 3169 cur
540 3127 655 3166 non
685 3108 1085 3181 perpenditur,
1108 3109 1209 3180 qui
1240 3110 1311 3163 ad
1342 3109 1473 3177 hoc,
1498 3115 1567 3165 ut
1596 3112 1695 3166 ﬁat
1724 3111 2048 3178 haereticus,

409 3197 811 3256 ordinatur?»
835 3197 904 3252 Et
937 3197 1187 3253 iterum:
1246 3220 1273 3247 «
1316 3197 1594 3269 Quisquis
1644 3203 1845 3255 contra
1902 3200 2053 3256 hanc

408 3286 801 3347 Simoniacam
827 3290 882 3342 et
911 3285 1344 3359 Neophytorum
1369 3286 1639 3343 haeresim
1682 3289 2053 3346 vehementer

406 3377 703 3452 proofﬁcii
752 3375 841 3432 sui
901 3375 1366 3431 consideratione
1408 3393 1523 3432 non
1571 3378 1870 3445 exarserit,
1916 3395 2047 3435 cum

405 3468 643 3525 Simone
674 3466 843 3539 Mago
873 3482 1061 3521 senon
1094 3464 1321 3520 dubitet
1348 3465 1563 3522 habere
1590 3467 1917 3538 portionem
1949 3467 2051 3540 qui

405 3557 569 3630 prius
599 3555 897 3612 commisit
926 3554 1036 3610 hoc
1065 3553 1360 3627 piaculare
1391 3555 1699 3628 ﬂagitium.
1734 3578 1762 3607 »

469 3691 560 3745 23.
582 3689 870 3754 Quoniam
892 3688 1054 3745 locus
1083 3687 1180 3744 ille
1208 3687 1317 3744 hoc
1350 3689 1410 3744 B.
1447 3688 1709 3761 Gregorii
1757 3706 2044 3756 sermone,

398 3777 501 3835 ubi
533 3779 870 3853 praecipitur
901 3777 1220 3849 unicuique
1250 3794 1352 3850 pro
1385 3778 1478 3833 sui
1500 3779 1678 3834 ofﬁcii
1710 3778 2046 3835 considera-

398 3867 557 3925 tione
578 3871 780 3924 contra
802 3867 1195 3924 Simoniacam
1234 3867 1435 3922 ardere
1454 3867 1685 3937 debere,
1700 3884 1815 3923 non
1857 3869 2045 3924 omni-

398 3958 512 4014 bus
540 3956 783 4014 forsitan
805 3956 970 4030 plene
995 3959 1174 4029 patet,
1206 3956 1370 4012 vobis
1395 3955 1589 4011 lucide
1611 3973 1717 4011 nos
1738 3956 2046 4028 explanare

398 4047 691 4103 concedet.
727 4048 870 4102 Tres
900 4046 1118 4119 quippe
1149 4044 1385 4101 ordines
1415 4044 1476 4099 in
1527 4049 1735 4101 sancta
1788 4045 2047 4102 Ecclesia

397 4134 724 4191 habentur:
757 4152 911 4190 unus
932 4133 1400 4206 praedicatorum,
1433 4132 1579 4188 alter
1597 4133 2043 4203 continentium,

396 4221 605 4276 tertius
627 4222 1091 4293 conjugatorum.
1124 4220 1355 4276 Primus
1368 4236 1624 4292 namque
1653 4222 1826 4277 debet
1846 4226 2047 4279 contra

394 4309 550 4367 hanc
609 4310 832 4376 ardere,
876 4309 1172 4365 indefessa
1224 4310 1620 4379 exortatione;
1681 4310 2045 4367 continentes

394 4401 614 4465 autem,
648 4397 888 4454 assidua
918 4397 1215 4466 oratione;
1246 4414 1348 4454 vos
1373 4414 1531 4466 vero,
1574 4398 1676 4469 qui
1744 4399 2044 4471 conjugati

392 4486 554 4555 estis,
579 4491 637 4544 et
657 4486 717 4542 in
737 4488 1065 4543 vestrarum
1110 4486 1307 4542 labore
1364 4503 1651 4542 manuum
1707 4486 1919 4553 vivitis,
1980 4492 2045 4543 ut
2076 4509 2124 4573 Ι)

392 4575 549 4633 Deus
570 4577 944 4649 omnipotens
966 4575 1117 4631 hanc
1139 4578 1212 4631 ab
1230 4574 1490 4632 Ecclesia
1510 4578 1713 4630 sancta
1734 4575 1975 4647 repellat
1993 4582 2050 4632 et

389 4665 709 4739 disperdat,
730 4666 994 4737 quotidie
1019 4665 1411 4736 ardenterque
1436 4664 1709 4734 operibus
1732 4663 2048 4737 eleemosy—

386 4771 599 4810 narum
632 4755 856 4811 instare
892 4755 1136 4811 debetis.
1161 4753 1440 4824 Quisquis
1472 4753 1651 4823 igitur
1682 4769 1837 4807 nunc
1858 4770 1924 4809 ex
1954 4746 2089 4809 hi—s‘

388 4845 579 4901 tribus
613 4845 927 4901 ordinibus
959 4848 1163 4899 contra
1183 4841 1741 4905 Simoniacam,cum
1764 4840 2044 4913 hisjusti-

390 4934 482 4990 tiae
501 4935 1072 5007 operibus,ardcnter
1089 4932 1329 4986 minime
1346 4930 1876 5001 pugnaverit,juxta
1892 4932 2047 4987 dicta

387 5023 641 5095 Spiritus
672 5024 884 5089 sancti,
915 5022 1017 5093 qui
1048 5022 1169 5075 haec
1200 5019 1345 5073 dixit
1374 5034 1477 5088 per
1533 5035 1599 5072 os
1653 5019 1708 5072 Β.
1760 5019 2040 5091 Gregorii,

385 5127 642 5184 poenam,
678 5127 857 5182 quam
906 5111 1105 5165 Simon
1163 5106 1369 5179 Magus
1428 5122 1582 5160 nunc
1632 5105 1826 5174 habet,
1886 5109 2040 5179 quod

386 5199 653 5257 eamdem
682 5199 741 5253 in
784 5200 897 5255 ﬁne
928 5199 1182 5270 effugere
1214 5198 1411 5268 queat,
1445 5192 1605 5249 nullo
1624 5194 1797 5249 modo
1820 5196 2038 5265 credat,

387 5287 447 5344 Si
474 5287 630 5342 enim
653 5287 734 5356 bi,
768 5287 988 5359 quibus
1008 5290 1099 5342 est
1129 5284 1371 5341 scientia
1397 5280 1775 5354 ofﬁciumque
1832 5284 2037 5355 praedi-

388 5375 558 5432 candi
584 5373 1267 5446 commissum,qualibet
1295 5388 1365 5428 ex
1394 5387 1573 5427 causa
1604 5371 2035 5440 tacuerint,non

388 5462 581 5520 solum
605 5463 992 5531 continentes,
1024 5477 1275 5534 quorum
1307 5459 1639 5533 praedicatio
1687 5462 1850 5516 tanto
1905 5478 2034 5520 esse

2142 496 2360 550 tatione
2386 495 2625 550 assidua
2653 494 2863 561 edocti,
2895 511 3097 550 verum
3130 493 3305 549 etiam
3337 510 3461 561 vos,
3496 495 3597 567 qui
3655 497 3814 552 estis

2140 583 2336 639 idiotas
2354 584 2658 657 ignarique
2680 583 3438 657 Scripturae,communibus
3452 583 3649 639 verbis
3671 584 3816 656 qui-

2143 673 2254 729 bus
2267 673 2495 740 valetis,
2528 672 2776 727 invicem
2806 689 2908 729 vos
2930 677 3133 729 cautos
3155 673 3227 729 ab
3250 672 3361 728 hac
3393 673 3825 745 nequitiamd-

2142 763 2277 817 dere
2307 763 2549 817 debetis.
2584 762 2747 818 Unde
2775 762 3060 818 Dominus
3090 762 3277 817 dixit:
3339 784 3368 813 «
3412 763 3473 818 Si
3515 762 3806 819 homines

2140 852 2707 924 tacuerint,parietes
2743 851 3053 923 loquentur
3074 852 3224 923 (Luc.
3259 869 3373 917 xxx,
3405 852 3514 923 40).
3556 874 3577 901 ι
3601 852 3824 908 Nonne

2144 941 2214 995 de
2236 940 2343 999 hac
2366 958 2425 995 re
2449 942 2589 995 dicit
2608 941 2891 1012 propheta
2916 958 2928 995 :
2956 963 2981 990 ‹‹
3011 940 3378 1005 Maledictus,
3398 940 3496 1011 qui
3523 940 3810 1011 prohibet

2142 1029 2401 1101 gladium
2427 1047 2599 1085 suum
2623 1047 2656 1083 a
2687 1030 2976 1102 sanguine
2992 1030 3149 1100 ?(Jer.
3174 1029 3525 1097 XLVIII,lO,)»
3550 1029 3661 1085 hoc
3682 1033 3807 1097 est,

2145 1119 2216 1173 ab
2249 1119 2648 1174 interfectione
2681 1120 2860 1189 hujus
2891 1119 3273 1190 nequissima:
3304 1117 3529 1174 bellum.

2215 1209 2305 1261 24.
2338 1208 2464 1262 Haec
2489 1209 2703 1279 quippe
2727 1212 2781 1262 et
2835 1208 3246 1279 hujuscemodi
3304 1207 3662 1280 quamplura
3726 1208 3819 1263 di-

2145 1300 2307 1351 cente
2336 1297 2394 1350 Β.
2421 1296 2743 1363 Arialdo,in
2766 1295 3145 1351 locumillum
3171 1295 3440 1351 salutifer
3462 1295 3819 1369 illegladius

2147 1389 2236 1439 est
2267 1385 2465 1456 procul
2496 1385 2674 1439 dubio
2700 1385 2941 1453 missus,
2970 1386 3072 1456 qui
3104 1384 3304 1440 ﬁdeles
3327 1384 3536 1439 dividit
3565 1385 3639 1440 ab
3678 1384 3822 1440 inﬁ-

2147 1472 2397 1541 delibus,
2430 1477 2487 1527 et
2507 1474 2577 1527 de
2600 1490 2712 1545 quo
2744 1472 2972 1528 locutus
2993 1478 3082 1528 est
3113 1472 3416 1529 Dominus.
3450 1473 3578 1530 Non
3635 1474 3816 1541 veni,

2148 1562 2567 1634 inquit,pacem
2599 1562 2849 1630 mittere,
2874 1563 2975 1618 sed
3008 1562 3446 1635 gladium.Nam
3479 1562 3815 1635 Guido,qui

2148 1650 2450 1706 dicebatur
2479 1650 2973 1723 archiepiscopus,
3000 1655 3056 1705 et
3077 1669 3212 1723 pars
3261 1651 3520 1708 maxima
3558 1651 3812 1709 clerico-

2148 1756 2277 1795 rum
2306 1743 2362 1794 et
2391 1738 2669 1811 militum,
2696 1756 2803 1795 nec
2834 1756 2946 1795 non
2969 1744 3025 1795 et
3047 1739 3215 1796 multi
3246 1741 3317 1796 de
3337 1740 3553 1813 populo
3576 1740 3816 1797 minore

2156 1844 2408 1899 nequam
2440 1828 2567 1894 viri,
2601 1845 2663 1883 se
2693 1832 3017 1894 cernentes,
3042 1828 3234 1884 dixere
3255 1828 3326 1884 ad
3356 1828 3604 1886 invicem
3633 1845 3647 1883 :
3678 1828 3816 1885 Eme

2153 1933 2409 1988 namque
2439 1917 2723 1983 doctrina,
2757 1916 2805 1972 si
2838 1917 2908 1972 ad
2950 1917 3274 1988 profectum
3327 1917 3573 1984 venerit,
3630 1910 3812 1973 nobis

2154 2005 2489 2076 nostrisque
2512 2005 2649 2062 ﬁliis
2670 2006 2924 2078 profecto
2948 2005 3108 2060 nullo
3138 2007 3307 2061 modo
3329 2006 3517 2062 vivere
3546 2006 3812 2078 expedit.

2153 2094 2285 2156 Quae
2317 2095 2472 2149 enim
2496 2099 2585 2150 est
2610 2100 2808 2150 nostra
2827 2095 3081 2162 vita,nisi
3104 2095 3482 2150 ecclesiarum
3497 2095 3812 2161 beneﬁcia,

2156 2200 2281 2251 qua:
2310 2182 2544 2237 assidue
2575 2200 2609 2237 a
2640 2183 2807 2238 nobis
2837 2184 3169 2238 vendantur
3198 2189 3255 2239 et
3284 2188 3561 2239 emuntur
3583 2184 3612 2237 ‘t
3643 2185 3813 2248 Qua-

2156 2270 2612 2342 propterutilius
2644 2276 2731 2326 est
2764 2272 2932 2326 nobis
2964 2276 3029 2327 ut
3056 2270 3192 2327 huic
3224 2290 3381 2327 novae
3413 2273 3690 2328 doctrinae
3724 2290 3813 2329 re-

2156 2359 2430 2414 sistentes
2446 2360 2975 2431 moriamur,quam
2986 2360 3181 2416 venire
3194 2361 3346 2416 hanc
3360 2361 3430 2416 ad
3450 2360 3811 2433 profectum,

2157 2452 2222 2503 ut
2251 2448 2529 2513 diximus,
2565 2447 2850 2504 sinamus.
2888 2449 3134 2505 Econtra
3162 2465 3293 2505 vero
3353 2450 3425 2505 ad
3484 2449 3641 2507 viros
3702 2449 3809 2506 Dei

2155 2535 2356 2591 ﬁdeles
2376 2535 2743 2592 clamabant:
2779 2538 3149 2604 Audivimus,
3181 2538 3481 2610 inquiunt,
3514 2556 3585 2595 ex
3610 2543 3814 2596 vestra

2157 2624 2475 2680 assertione
2533 2625 2894 2682 Simoniacos
2964 2626 3366 2699 bereticosque
3422 2643 3551 2684 esse
3598 2626 3809 2701 procul

2158 2713 2335 2768 dubio
2366 2713 2465 2785 qui
2488 2718 2811 2769 noscuntur
2830 2715 3045 2771 emisse
3065 2732 3134 2771 ea
3154 2732 3280 2788 qua
3301 2720 3443 2771 sunt
3467 2718 3634 2772 sacra
3653 2734 3667 2785 ;
3686 2733 3811 2788 quo

2159 2801 2375 2858 scelere
2403 2802 2502 2873 qui
2534 2802 2817 2858 immunis
2834 2803 2905 2859 de
2936 2804 3339 2860 sacerdotibus
3369 2804 3523 2861 inter
3561 2821 3670 2861 nos
3730 2805 3812 2861 sit

2160 2891 2284 2947 sine
2310 2891 2489 2946 dubio
2519 2892 2896 2948 manifestum
2924 2897 3031 2959 est,
3064 2892 3202 2963 quia
3222 2910 3391 2950 nemo
3422 2897 3531 2950 est.
3559 2897 3676 2949 Nos
3708 2910 3812 2950 au-

2159 2984 2299 3051 tem,
2331 2980 2469 3051 quia
2497 2980 2813 3036 Christiani
2843 2980 3346 3054 dicimur,absque
3366 2981 3582 3037 Christi
3605 2999 3810 3038 sacra-

2161 3072 2356 3124 mento
2384 3068 2572 3124 vivere
2604 3069 2939 3125 nullatenus
2967 3069 3248 3126 valemus.
3295 3071 3455 3136 Quod
3488 3070 3539 3126 si
3570 3071 3643 3127 ab
3668 3071 3810 3127 istis

2082 3140 2125 3206 C
2164 3158 2615 3229 sumpserimus,
2647 3159 2843 3229 potius
2873 3159 3065 3214 dicitis
3085 3176 3192 3215 nos
3220 3175 3453 3215 sumere
3478 3160 3813 3217 damnatio-

2160 3261 2294 3301 nem
2324 3262 2502 3317 quam
2533 3245 2805 3313 salutem,
2836 3251 2893 3302 et
2920 3246 3049 3302 ideo
3066 3246 3158 3302 his
3187 3246 3321 3303 telis
3366 3246 3629 3320 undique
3659 3264 3811 3304 con-

2171 3333 2539 3407 stringimur,
2573 3339 2630 3389 et
2650 3335 2790 3406 quid
2822 3350 3067 3406 agamus
3088 3335 3343 3407 profecto
3375 3336 3695 3391 nescimus.

2228 3424 2317 3478 25.
2352 3424 2575 3488 Quibus
2606 3424 2666 3478 Β.
2723 3422 2998 3478 Arialdus
3047 3423 3131 3479 sic
3182 3423 3515 3496 respondit:
3569 3423 3810 3492 Videte,

2157 3511 2371 3583 inquit,
2403 3511 2795 3579 dilectissimi,
2818 3511 2959 3567 dum
2988 3510 3111 3567 haec
3141 3512 3354 3579 dicitis,
3387 3526 3458 3566 ne
3480 3526 3664 3583 super
3693 3528 3806 3567 vos

2156 3600 2350 3656 veniat
2379 3601 2531 3672 quod
2562 3601 2816 3672 Spiritus
2847 3603 3082 3656 sanctus
3100 3615 3201 3672 per
3219 3601 3283 3655 B.
3304 3599 3807 3672 Jacobumloqui-

2156 3694 2254 3745 tur
2281 3690 2513 3745 dicens:
2555 3712 2576 3740 ι
2612 3689 2714 3744 Vir
2744 3688 2957 3761 duplex
2978 3690 3195 3756 animo,
3226 3688 3570 3744 inconstans
3589 3693 3683 3745 est
3739 3689 3801 3744 in

2155 3778 2429 3834 omnibus
2474 3778 2586 3834 viis
2635 3778 2761 3834 suis
2798 3780 2932 3847 (Jac.
3007 3795 3126 3845 xxx,
3158 3778 3252 3850 8):
3312 3799 3340 3829 »
3393 3777 3641 3849 ideoque
3697 3776 3800 3849 qui

2154 3867 2456 3923 veritatem
2487 3867 2647 3938 cupit
2666 3866 2946 3923 veraciter
2970 3866 3252 3934 invenire,
3282 3869 3618 3922 constanter
3672 3881 3801 3921 om-

2155 3972 2289 4012 nem
2321 3956 2491 4012 debet
2519 3954 2833 4011 falsitatem
2865 3971 3159 4028 respuere.
3183 3958 3639 4027 Quapropter,ut
3656 3953 3801 4011 veri-

2153 4049 2290 4113 tate,
2323 4062 2450 4117 que:
2482 4044 2634 4101 Deus
2668 4048 2775 4112 est,
2809 4045 3027 4117 perfrui
3076 4045 3329 4117 perfecte
3378 4042 3641 4112 valeatis,
3701 4058 3805 4115 per

2155 4136 2351 4207 ipsum
2377 4150 2476 4189 vos
2499 4135 2761 4202 obsecro,
2792 4137 2913 4189 uta
2935 4133 3218 4190 falsorum
3272 4132 3565 4190 consortio
3612 4146 3805 4189 sacer-

2154 4224 2357 4278 dotum
2391 4222 2626 4295 penitus
2654 4239 2756 4278 vos
2787 4222 3126 4294 segregetis,
3158 4221 3439 4295 quoniam
3495 4220 3619 4276 luci
3673 4235 3811 4276 cum

2153 4310 2720 4378 tenebris,ﬁdelibus
2750 4326 2883 4365 cum
2916 4309 3510 4378 inﬁdelibus,Christo
3539 4324 3677 4365 cum
3702 4312 3811 4363 Be-

2153 4398 2249 4455 lial
2279 4399 2440 4455 nulla
2465 4416 2592 4456 esse
2622 4399 2794 4455 debet
2819 4398 3147 4464 conventio,
3179 4403 3281 4454 aut
3309 4416 3443 4471 pars
3470 4398 3589 4454 sive
3619 4397 3800 4454 socie-

2152 4492 2263 4544 tas.
2296 4489 2390 4545 Sic
2409 4489 2566 4544 enim
2585 4487 2869 4560 scriptum
2885 4490 3007 4543 est:
3033 4509 3061 4537 ‹‹
3087 4486 3247 4544 Exite
3269 4487 3340 4543 de
3363 4486 3555 4544 medio
3578 4501 3807 4554 eorum,

2157 4582 2214 4634 et
2231 4577 2604 4650 separamini,
2636 4582 2694 4632 et
2714 4576 3091 4631 immundum
3124 4592 3196 4631 ne
3242 4576 3576 4649 tetigeritis,
3609 4579 3671 4632 et
3703 4589 3805 4648 ego

2158 4667 2431 4738 recipiam
2454 4683 2577 4731 vos,
2601 4666 2743 4722 dicit
2773 4665 3054 4721 Dominus
3075 4666 3147 4737 (II
3172 4665 3294 4721 Cor.
3356 4682 3433 4731 vr,
3483 4666 3571 4731 17,
3629 4664 3744 4735 18).
3778 4682 3806 4710 ››

2158 4755 2456 4820 Quomodo
2488 4758 2679 4825 potest
2710 4753 2856 4823 ﬁeri,
2884 4757 2950 4808 ut
2978 4753 3143 4809 vobis
3193 4753 3528 4825 petentibus
3577 4752 3806 4807 minora

2157 4860 2272 4899 non
2299 4844 2535 4909 tribuat,
2571 4842 2629 4896 id
2662 4847 2769 4907 est,
2802 4846 3065 4914 pastores
3098 4843 3195 4913 qui
3227 4859 3329 4898 vos
3358 4844 3522 4913 juste
3581 4841 3803 4914 regant,

2155 4932 2256 5002 qui
2290 4931 2452 4985 vobis
2482 4930 2675 4984 adhuc
2704 4947 2827 4984 non
2880 4931 3267 4985 existentibus
3314 4931 3525 4985 tribuit
3558 4930 3802 5001 majora,

2154 5021 2262 5075 hoc
2284 5024 2372 5075 est
2402 5019 2785 5090 semetipsum
2817 5035 2921 5090 pro
2947 5017 3135 5073 salute
3192 5022 3386 5074 vestra
3406 5019 3434 5072 ?
3471 5018 3801 5090 Propterea,

2151 5109 2413 5164 omnium
2444 5115 2640 5180 spreto
2673 5106 3075 5163 haereticorum
3095 5108 3686 5180 consortio,pastores
3706 5106 3803 5160 bo-

2150 5214 2257 5252 nos
2277 5201 2333 5252 et
2352 5195 2553 5253 ﬁdeles
2569 5196 2640 5251 ab
2674 5211 2741 5251 eo
2773 5194 3119 5251 ﬁducialiter
3148 5196 3345 5267 petite,
3380 5200 3456 5263 et,
3491 5194 3632 5267 quia
3656 5190 3800 5252 acci-

2148 5284 2547 5357 dietis,procul
2566 5283 2743 5338 dubio
2762 5282 3096 5339 scitote.His
3111 5301 3367 5357 namque
3385 5284 3583 5340 verbis
3628 5279 3795 5339 multi

2144 5373 2252 5429 viri
2278 5390 2343 5428 ac
2363 5372 2637 5428 mulieres
2659 5371 2743 5428 sic
2766 5375 2907 5426 sunt
2932 5373 3157 5428 accensi
3177 5378 3242 5429 ut
3262 5390 3378 5429 non
3409 5372 3609 5430 solum
3631 5370 3790 5429 dein-

2144 5478 2280 5534 ceps
2311 5460 2781 5517 Simoniacorum
2805 5463 2972 5516 actus
3000 5464 3465 5531 contemnerent,
3490 5462 3597 5519 sed
3625 5461 3791 5519 etiam

387 5548 562 5612 debet
578 5548 812 5616 liberior
833 5555 890 5611 et
919 5549 1194 5620 veracior,
1219 5553 1437 5628 quanto
1471 5550 1699 5609 constat
1727 5547 1866 5625 quia
1894 5555 2034 5617 sunt
2141 5567 2276 5629 cum
2307 5549 2389 5615 eis
2419 5547 2583 5613 nullo
2615 5549 2788 5613 modo
2833 5547 2892 5613 in
2926 5564 3042 5611 uno
3066 5549 3317 5613 oratorio
3349 5566 3517 5615 orare
3565 5548 3792 5615 vellent.
