3960 6216
238 316 400 381 1458

1810 322 2035 390 ACTA.

3502 335 3656 397 “54

237 451 301 505 In
338 452 433 507 his
461 454 659 507 autem
691 451 899 507 diebus
931 452 979 507 si
1012 465 1116 525 per
1144 451 1303 510 illam
1336 457 1539 512 urbem
1573 458 1893 526 incederee,
1924 463 1979 527 Α
2008 460 2214 513 fertur.
2239 458 2439 515 Caeteri
2463 465 2666 530 autem,
2686 461 2878 518 clerici
2901 477 3073 519 mane
3093 478 3298 521 omnes
3329 466 3446 521 dici
3476 467 3656 525 Horas

235 543 450 611 praeter
480 540 658 610 hujus
692 540 773 595 rei
806 541 1240 598 contentionem
1275 544 1533 616 undique
1553 547 1645 602 vix
1670 547 1893 619 aliquid

233 629 497 684 audires.
528 629 638 683 Alii
668 629 960 700 siquidem
983 631 1376 686 Simoniacam
1399 641 1760 702 excusantes,
1794 635 1894 691 alii

232 734 368 773 eam
399 721 737 773 constanter
763 718 1135 774 damnantes.
1181 720 1295 775 Nec
1327 721 1541 777 mirum
1567 741 1579 790 ;
1615 725 1890 795 quoniam

230 823 358 862 una
387 807 599 864 domus
630 810 751 861 tota
780 811 903 862 erat
930 807 1142 875 fidelis,
1173 808 1356 866 altera
1386 828 1520 866 vero
1551 815 1671 868 tota
1693 813 1894 867 infide-

227 895 345 964 lis;
379 895 439 950 in
468 895 642 950 tertia
686 899 885 950 autem
935 901 1123 952 mater
1170 902 1294 953 erat
1341 900 1580 956 credula
1609 917 1744 956 cum
1775 918 1892 957 uno

229 983 377 1052 filio,
413 988 578 1056 pater
606 983 948 1040 incredulus
979 1002 1112 1041 cum
1153 986 1354 1053 altero,
1403 994 1460 1043 et
1500 989 1610 1044 hac
1655 989 1891 1061 quidem

231 1073 580 1130 confusione
611 1076 669 1128 et
699 1076 1070 1130 contentione
1102 1075 1303 1131 civitas
1331 1081 1452 1132 tota
1483 1082 1607 1133 erat
1636 1077 1808 1149 plena
1837 1082 1894 1134 et

228 1162 538 1234 permista.

304 1252 397 1306 26.
441 1252 504 1306 In
553 1250 759 1306 diebus
808 1250 926 1306 illis
978 1252 1404 1325 quamplurimi
1447 1254 1639 1310 clerici
1669 1271 1892 1328 coepere

229 1340 597 1395 consortium
631 1339 977 1398 clericorum
1015 1358 1327 1412 pravorum
1362 1343 1711 1416 relinquere,
1742 1348 1799 1400 et
1827 1349 1888 1399 B.

229 1428 474 1484 Arialdo
505 1428 818 1485 adhaerere.
856 1430 1016 1484 Inter
1045 1447 1192 1501 quos
1217 1431 1456 1502 quidam
1481 1449 1550 1489 ex
1571 1433 1688 1488 illis
1709 1450 1892 1489 sacer-

229 1517 493 1585 dotibus,
518 1517 706 1589 ipsius
727 1517 1126 1574 exhortatione
1153 1525 1565 1592 compunctus,
1584 1521 1888 1578 ecclesiam

228 1607 576 1678 quamdam,
601 1623 777 1677 quam
809 1607 1018 1680 grandi
1046 1607 1229 1679 pretio
1253 1608 1404 1664 male
1425 1614 1665 1679 emerat,
1692 1611 1889 1666 dimit-

227 1698 356 1750 tere
384 1694 698 1766 disposuit.
761 1695 871 1750 Sed
931 1695 1160 1751 Christo
1214 1697 1540 1765 ordinante,
1599 1698 1788 1768 Miles,
1828 1701 1888 1754 in

229 1783 408 1853 cujus
428 1785 564 1853 jure
595 1783 716 1838 haec
747 1788 888 1850 erat,
914 1784 1042 1854 jam
1092 1785 1161 1839 de
1215 1785 1511 1853 fidelibus,
1544 1788 1759 1860 quippe
1788 1805 1891 1861 per

229 1873 296 1927 Β.
328 1871 630 1927 Αιίδιὸυω
661 1872 924 1938 edoctus,
953 1873 1108 1928 sicut
1129 1872 1225 1929 ille
1245 1890 1373 1929 eam
1400 1875 1666 1931 deserere
1694 1877 1885 1948 dispo-

226 1965 454 2031 suerat,
487 1961 587 2032 qui
620 1960 781 2016 illam
811 1966 1070 2028 emerat;
1105 1961 1185 2017 sic
1228 1963 1336 2018 iste
1367 1980 1472 2018 suo
1505 1980 1534 2018 e
1553 1965 1688 2036 jure
1714 1965 1885 2038 elegit

227 2050 384 2105 hanc
414 2049 678 2105 amittere
711 2054 775 2104 ut
805 2050 1129 2118 dominam,
1160 2051 1260 2122 qui
1286 2057 1528 2109 eatenus
1561 2054 1750 2125 ipsam
1783 2071 1882 2110 ne-

225 2140 424 2212 quiter
445 2143 758 2210 usurparat
780 2143 842 2193 ut
863 2139 1163 2195 famulam.
1188 2142 1680 2198 Convenientibus
1702 2143 1884 2215 igitur

226 2245 368 2284 cum
402 2229 462 2286 Β.
495 2227 730 2284 Arialdo
755 2228 812 2282 in
836 2244 1020 2283 unum
1046 2228 1250 2284 multis
1282 2229 1575 2298 fidelibus,
1600 2231 1763 2287 Miles
1794 2250 1881 2288 re-

222 2318 575 2374 futationem
594 2318 665 2373 ab
689 2321 948 2388 emptore
971 2319 1212 2390 accepit,
1238 2336 1483 2391 eamque
1505 2338 1682 2392 super
1703 2321 1884 2378 altare

219 2407 330 2463 viri
365 2407 468 2462 Dei
502 2405 899 2462 admonitione
949 2406 1168 2478 posuit,
1220 2412 1276 2462 et
1323 2408 1512 2463 eidem
1555 2409 1616 2463 Β.
1649 2409 1882 2465 Arialdo

217 2497 403 2567 jussit
434 2499 499 2551 ut
527 2495 802 2567 deinceps
832 2512 960 2551 eam
991 2495 1349 2567 disponeret,
1376 2498 1702 2554 secundum
1727 2500 1882 2570 quod

224 2586 415 2642 Deum
448 2583 591 2640 velle
622 2585 816 2639 sciret.
842 2584 949 2650 Qui
975 2585 1244 2655 protinus
1268 2589 1383 2641 tres
1409 2586 1650 2642 clericos
1683 2587 1883 2643 fideles

222 2680 286 2732 et
314 2679 508 2730 castos
536 2673 782 2739 vocavit,
832 2678 888 2727 et
937 2673 1348 2730 refutationem
1403 2691 1582 2746 quam
1629 2676 1793 2732 Miles
1823 2677 1882 2731 in

222 2765 408 2821 altare
439 2768 715 2836 posuerat
738 2780 836 2817 eos
869 2763 1086 2834 pariter
1106 2763 1290 2834 jussit
1321 2763 1542 2819 tollere.

299 2855 391 2909 27.
426 2856 686 2924 Cumque
742 2851 897 2907 idem
957 2870 990 2905 a
1046 2851 1317 2923 pluribus
1364 2852 1788 2920 exhortaretur,
1821 2859 1885 2910 ut

223 2943 497 3000 eamdem
519 2957 655 2995 eum
677 2939 822 3012 ipsis
847 2956 964 2994 una
983 2943 1558 3012 sumeret,quatenus
1581 2942 1652 2996 ab
1676 2941 1885 2997 multo-

225 3049 364 3088 rum
397 3029 722 3102 profectum
752 3027 966 3083 ibidem
1017 3043 1253 3083 manere
1301 3029 1552 3097 deberet,
1587 3029 1702 3084 ait:
1737 3033 1882 3086 Cum

224 3120 378 3193 ipsis
401 3117 642 3191 quidem
666 3118 737 3172 ad
760 3133 963 3172 eorum
987 3116 1522 3185 instructionem,et
1542 3123 1882 3174 cazterorum

1995 548 2189 619 potius
2224 550 2694 619 murmurahant,
2719 569 2910 623 quam
2941 553 3360 622 decantarent;
3395 556 3489 611 hic
3521 574 3653 613 vero

1994 636 2057 690 in
2089 638 2203 704 die,
2239 640 2392 692 tacto
2425 639 2640 710 septies
2671 641 2862 712 signo,
2895 641 3173 697 fratribus
3197 660 3313 699 una
3333 661 3654 718 congrega-

1994 724 2091 790 tis,
2128 740 2342 795 magna
2373 743 2508 780 cum
2541 728 2909 784 veneratione
2957 729 3216 785 debitam
3259 732 3653 804 omnipotenti

1993 811 2108 867 Deo
2140 812 2376 869 laudem
2419 815 2786 883 decantabat,
2838 823 3011 890 atque
3058 819 3130 873 ad
3181 819 3649 878 satisfactionem

1995 914 2198 957 omnes
2228 902 2287 956 in
2320 903 2524 958 eodem
2567 905 2782 973 officio,
2835 906 2975 961 dum
3028 907 3170 962 forte
3220 907 3649 981 delinquerent,

1995 988 2148 1044 dicto
2177 993 2235 1044 et
2265 989 2414 1046 facto
2461 993 2827 1063 provocabat.
2874 994 3051 1050 Porro
3098 995 3251 1050 sicut
3281 996 3344 1052 B.
3375 997 3650 1056 Arialdus

1993 1077 2162 1132 laetus
2196 1078 2372 1134 nimis
2406 1084 2495 1136 est
2526 1081 2786 1149 effectus,
2819 1099 2885 1138 eo
2919 1083 3073 1154 quod
3107 1085 3179 1140 ad
3210 1088 3409 1141 votum
3431 1087 3534 1143 diu
3565 1089 3650 1143 ni-

2000 1166 2230 1238 misque
2259 1173 2521 1239 optatum
2549 1171 2860 1241 (videlicet,
2889 1175 2955 1226 ut
2983 1189 3118 1228 eum
3145 1174 3423 1231 fratribus
3455 1178 3528 1232 ad
3559 1194 3649 1233 ec-

1999 1254 2238 1310 clesiam
2270 1258 2654 1316 communiter
2683 1259 2871 1315 vivere
2902 1263 3119 1333 posset)
3155 1269 3531 1334 pervenerat;
3563 1266 3647 1322 sic

2001 1342 2201 1398 fideles
2231 1344 2400 1399 multi
2432 1345 2542 1400 laeti
2577 1352 2714 1401 sunt
2743 1349 2950 1416 effecti,
2985 1365 3089 1420 pro
3142 1365 3208 1405 eo
3252 1354 3404 1422 quod
3438 1358 3644 1425 aptum

1999 1429 2193 1486 locum
2225 1433 2528 1501 haberent,
2555 1436 2656 1490 ubi
2679 1437 2910 1491 Domini
2933 1439 3106 1493 verba
3131 1445 3322 1495 mente
3345 1441 3527 1498 libera
3546 1461 3648 1499 au-

2000 1519 2122 1575 dire
2154 1525 2414 1592 possent,
2446 1527 2504 1577 et
2525 1523 2722 1582 divina
2742 1526 3020 1596 mysteria
3039 1542 3105 1582 ac
3131 1534 3494 1584 sacramenta
3517 1547 3646 1602 per-

1999 1609 2210 1679 cipere.
2260 1610 2442 1681 Cccpit
2471 1615 2669 1666 autem
2718 1616 2883 1668 tanta
2914 1612 3053 1668 illuc
3083 1614 3302 1670 ibidem
3333 1617 3647 1674 multitudo

1999 1697 2311 1764 confluere,
2347 1715 2462 1754 non
2494 1699 2686 1754 solum
2717 1701 2789 1756 de
2811 1702 2976 1768 urbe,
3009 1703 3110 1758 sed
3131 1703 3306 1758 etiam
3331 1705 3401 1759 de
3420 1705 3573 1761 villis
3594 1710 3652 1762 et

1998 1785 2274 1854 castellis,
2308 1791 2599 1858 quatenus
2644 1806 2743 1844 eos
2786 1790 2948 1846 nullo
2989 1793 3163 1847 modo
3207 1793 3421 1850 valeret
3446 1810 3650 1868 capere

1994 1873 2124 1945 ipsa
2153 1875 2416 1942 ecclesia,
2450 1876 2585 1931 licet
2605 1877 2748 1932 satis
2770 1883 2926 1934 esset
2947 1880 3162 1951 ampla.
3186 1880 3340 1942 Quos
3362 1886 3481 1938 tam
3513 1900 3650 1940 con-

1993 1963 2170 2017 stanti
2201 1964 2559 2036 assiduaque
2608 1966 2873 2021 doctrina
2902 1966 2990 2021 vir
3021 1968 3122 2022 Dei
3157 1969 3400 2025 docebat
3429 1976 3494 2025 ut
3525 1971 3649 2042 ple-

1993 2067 2244 2122 rumque
2273 2069 2475 2108 vocem
2501 2053 2586 2109 sic
2608 2055 2920 2123 amitteret,
2948 2060 3240 2126 quatenus
3262 2058 3332 2113 ab
3350 2059 3647 2129 aliquibus

1983 2139 2153 2209 juxta
2178 2157 2240 2196 se
2271 2141 2476 2212 positis
2505 2143 2599 2197 vix
2627 2144 2818 2198 audiri
2855 2149 3071 2216 posset.

2062 2229 2258 2284 29-30.
2293 2229 2598 2300 Praeterea,
2631 2232 2770 2302 quia
2800 2247 2972 2288 canes
3004 2235 3153 2288 muti
3186 2237 3370 2291 effecti
3400 2242 3647 2293 erantet

1991 2316 2204 2371 latrare
2228 2319 2764 2388 nequibant,multa
2785 2321 2939 2377 mala
2959 2325 3015 2376 et
3031 2323 3375 2378 detestanda
3390 2325 3645 2396 populus

1991 2408 2131 2459 tunc
2155 2406 2710 2478 committebat,quze
2731 2408 2813 2463 ita
2835 2409 2988 2464 idem
3013 2411 3085 2465 ab
3107 2411 3340 2467 exordio
3363 2429 3480 2467 suae
3507 2431 3647 2484 prae-

1991 2493 2300 2548 dicationis
2332 2495 2606 2550 universa
2629 2497 2926 2552 damnavit
2953 2504 3020 2553 ut
3041 2515 3216 2554 suum
3243 2501 3643 2572 proculdubio

1992 2581 2134 2636 illud
2171 2582 2390 2637 dictum
2426 2584 2662 2651 faceret,
2685 2587 2838 2656 quod
2863 2603 2965 2657 per
2986 2587 3048 2641 B.
3072 2588 3315 2642 Paulum
3347 2589 3641 2659 prolatum

1991 2676 2107 2726 est:
2142 2695 2166 2717 ‹‹
2203 2672 2478 2734 Mundus.
2531 2673 2740 2744 inquit,
2793 2692 2826 2729 a
2875 2675 3159 2746 sanguine
3210 2693 3341 2732 sum
3374 2679 3641 2733 omnium

1989 2763 2275 2815 vestrum:
2297 2779 2409 2816 non
2433 2762 2590 2816 enim
2611 2763 3283 2835 subterfugi,quominus
3307 2767 3641 2822 nuntiarem

1991 2865 2162 2904 omne
2192 2849 2503 2905 consilium
2537 2851 2634 2906 Dei
2690 2853 2853 2907 vobis
2901 2853 3036 2923 (Act.
3085 2871 3178 2921 xx,
3209 2855 3299 2923 26,
3332 2856 3444 2925 27).
3478 2877 3505 2903 ››
3536 2859 3643 2910 Per

1991 2941 2177 2992 totum
2198 2955 2450 3010 namque
2468 2941 2796 2994 Adventum
2812 2941 3035 3012 absque
3048 2943 3505 2998 contradictione
3523 2943 3645 3000 ulla

1992 3043 2090 3082 eos
2113 3026 2326 3098 reperit
2347 3027 2585 3098 nuptias
2607 3027 2945 3085 solemniter
2966 3029 3287 3098 celebrare;
3314 3047 3520 3087 uxores
3540 3031 3644 3085 du-

1993 3115 2324 3181 cere,etiam
2349 3115 2406 3168 in
2431 3115 2561 3186 ipsa
2578 3116 2809 3171 Domini
2831 3117 3054 3173 Natalis
3080 3119 3353 3190 vigilia,si
3377 3118 3643 3174 fortassis

227 3209 484 3266 salutem
521 3207 768 3262 manebo
794 3225 806 3273 ;
839 3210 1266 3271 verumtamen,
1301 3223 1372 3261 ne
1402 3208 1574 3262 verbo
1609 3207 1707 3263 Dei
1739 3208 1885 3263 mihi
1916 3195 1959 3262 C
1996 3204 2250 3260 eveniret
2280 3203 2338 3258 in
2371 3204 2690 3260 Dominica.
2721 3205 2822 3260 Cui
2846 3205 2927 3261 rei
2950 3207 3210 3262 nefandae
3232 3210 3352 3263 tam
3376 3209 3647 3264 ardenter

226 3299 451 3356 credito
473 3296 961 3368 impedimentum
981 3295 1190 3360 sit,sub
1206 3295 1351 3367 jugo
1375 3295 1622 3366 alicujus
1642 3301 1880 3352 terrenae

224 3388 397 3455 rei,et
417 3403 490 3442 ne
511 3385 649 3440 huic
668 3383 934 3453 Azoni,in
957 3385 1127 3454 cujus
1148 3383 1368 3439 ditione
1392 3385 1513 3440 hac
1535 3385 1779 3440 ecclesia
1795 3390 1883 3440 est

222 3479 586 3542 constructa,
621 3473 732 3530 sub
762 3473 871 3528 hac
902 3472 1205 3528 occasione
1234 3471 1471 3544 aliquod
1507 3474 1694 3545 possit
1723 3475 1882 3529 dam-

221 3583 374 3622 num
406 3562 629 3630 inferri,
663 3562 841 3634 hujus
893 3560 975 3616 rei
1023 3565 1240 3615 sortem
1284 3577 1653 3632 nequaquam
1687 3579 1878 3631 sumo,

221 3653 510 3728 quoniam
527 3652 635 3708 tale
651 3656 886 3722 tempus
903 3649 1107 3705 scitote
1125 3649 1526 3722 proculdubio
1543 3655 1877 3719 venturum,

219 3745 284 3799 in
317 3759 438 3816 quo
470 3741 614 3796 nulli
646 3740 833 3796 vivere
863 3737 1054 3806 liceat,
1085 3738 1201 3792 nisi
1225 3754 1316 3794 me
1338 3755 1370 3792 a
1393 3738 1516 3793 suis
1546 3738 1763 3794 finibus
1785 3756 1879 3794 ex-

223 3831 427 3906 pellat.
463 3830 566 3885 Hic
597 3829 813 3902 quippe
836 3844 1028 3883 sermo
1051 3827 1347 3898 quomodo
1370 3827 1742 3899 propheticus
1765 3828 1882 3884 fue-

227 3922 329 3991 rit,
361 3919 423 3974 in
456 3918 725 3990 sequenti
755 3917 986 3972 lectoris
1017 3915 1200 3971 menti
1238 3915 1365 3970 luce
1397 3913 1609 3982 clarius
1639 3916 1879 3987 patebit.

227 4010 308 4065 Eo
341 4024 599 4079 namque
631 4006 689 4061 in
720 4007 922 4062 eadem
955 4003 1200 4061 ecclesia
1227 4008 1518 4069 manente,
1543 4008 1761 4076 Quanta
1790 4006 1884 4060 be-

231 4097 465 4163 neficia,
492 4101 616 4151 tam
645 4095 838 4150 verbis
856 4109 1035 4167 quam
1059 4093 1248 4162 factis,
1269 4093 1387 4148 sive
1409 4092 1556 4164 ipsis
1582 4093 1880 4161 fratribus,

233 4187 354 4243 sive
384 4185 608 4241 caeteris
638 4187 758 4239 tam
793 4184 1062 4239 fidelibus
1093 4200 1269 4254 quam
1304 4179 1640 4238 infidelibus
1660 4181 1885 4254 impen-

233 4277 406 4342 derit,
438 4278 494 4330 et
525 4277 748 4346 quanta
778 4273 848 4329 ab
882 4274 965 4329 eis
1018 4289 1122 4345 pro
1171 4271 1341 4326 bonis
1372 4271 1528 4326 mala
1553 4287 1656 4343 per
1686 4272 1886 4327 decem

232 4365 350 4420 fere
381 4380 570 4419 annos
601 4361 928 4434 pertulerit,
953 4379 1122 4417 nemo
1147 4377 1250 4416 nec
1273 4360 1470 4415 omnia
1490 4360 1886 4428 scribere,imo

229 4469 338 4508 nec
368 4450 523 4508 valet
551 4451 809 4523 profecto
831 4451 1043 4506 dicere.
1067 4451 1213 4505 Nam
1238 4447 1504 4522 protinus
1537 4448 1886 4521 legationem

229 4541 291 4594 in
325 4541 570 4596 domum
604 4544 910 4612 paternam
942 4539 1122 4606 misit,
1156 4542 1212 4593 et
1262 4554 1330 4592 ex
1378 4553 1445 4592 ea
1472 4537 1677 4609 viginti
1707 4536 1888 4591 libras
1917 4559 1965 4624 D

232 4627 463 4702 argenti
495 4627 955 4699 sumpsit,atque
980 4628 1147 4699 juxta
1171 4626 1435 4681 eamdem
1461 4624 1765 4680 ecclesiam
1790 4625 1887 4681 ha-

231 4715 564 4773 bitaculum
599 4715 949 4772 mirabiliter
975 4720 1174 4789 aptum
1206 4713 1510 4769 aedificavit
1540 4713 1673 4785 (15).

301 4806 395 4860 28.
431 4805 642 4878 Agitur
673 4807 923 4876 denique
968 4821 1060 4859 res
1103 4820 1252 4858 nova
1299 4806 1357 4856 et
1408 4817 1554 4873 pene
1586 4802 1656 4856 ab
1687 4803 1890 4857 eodem

230 4895 360 4951 loco
394 4893 680 4950 hactenus
716 4895 926 4949 inscia.
959 4893 1182 4947 Chorus
1214 4907 1467 4962 namque
1498 4889 1596 4945 alti
1643 4891 1890 4946 circum-

235 4985 476 5040 datione
509 4984 663 5040 muri
696 4983 1084 5048 concluditur,
1120 4982 1178 5036 in
1211 4998 1325 5052 quo
1365 4979 1581 5036 ostium
1614 4981 1890 5052 ponitur;

235 5073 386 5129 visio
420 5073 789 5139 clericorurn,
823 5072 1105 5128 laicorum
1138 5087 1203 5126 ac
1249 5069 1587 5141 mulierum,
1619 5087 1745 5141 quae
1776 5088 1895 5126 una

233 5167 362 5217 erat
394 5167 452 5217 et
483 5161 838 5228 communis,
864 5160 1145 5216 dividitur
1170 5178 1182 5227 ;
1208 5175 1412 5215 omnes
1433 5159 1504 5214 de
1528 5176 1645 5214 una
1665 5176 1800 5215 arca
1819 5159 1896 5215 vi-

231 5269 368 5307 vere
421 5255 734 5323 coguntur,
768 5249 976 5306 fabulae
1009 5250 1080 5304 ab
1113 5264 1377 5304 mensam
1421 5255 1894 5319 compescuntur,

229 5357 340 5414 pro
375 5339 600 5413 quibus
631 5344 837 5396 sancta
882 5338 1054 5395 lectio
1104 5354 1280 5410 super
1327 5352 1456 5392 eam
1499 5337 1735 5392 assidue
1765 5355 1896 5410 pro-

304 5537 424 5614 (15)
461 5534 791 5615 Ῑιειιιάᾳζΐᾳβ
832 5533 1042 5615 Ju_nior
1063 5550 1106 5615 ε.
1129 5555 1158 5583 ‹‹
1187 5531 1290 5588 Hic
1320 5531 1384 5588 B.
1414 5531 1686 5615 Arialdus
1716 5533 1898 5590 eccle-

228 5606 414 5682 siam'
441 5623 578 5692 quae
630 5606 847 5672 dicitur
893 5606 1183 5670 Oanonica
1219 5606 1529 5683 reparavit,
1560 5607 1722 5669 extra
1766 5621 1898 5669 mu.

1991 3297 2444 3363 constanterque
2473 3295 2646 3349 verbo
2677 3294 2848 3365 coepit
2879 3295 3097 3365 pariter
3127 3300 3186 3351 et
3224 3296 3451 3353 actibus
3482 3297 3647 3353 obsi-

1991 3386 2163 3450 stere,
2193 3386 2486 3452 quatenus
2535 3383 2593 3436 in
2642 3384 2770 3452 ejus
2815 3384 3130 3438 venerabili
3168 3385 3422 3439 transitu
3470 3401 3646 3442 nemo

1992 3487 2138 3544 pene
2170 3471 2408 3541 reperiri
2443 3474 2638 3542 posset
2666 3470 2765 3541 qui
2799 3475 2920 3525 tam
2953 3473 3270 3526 nefandum
3302 3490 3450 3543 opus
3471 3489 3648 3544 agere

1991 3562 2386 3631 praesumeret.
2421 3558 2567 3613 Nam
2598 3557 2655 3611 in
2690 3558 2816 3628 ipso
2849 3558 3100 3631 nuptiali
3131 3560 3388 3630 die,jam
3420 3562 3644 3631 paratis

1990 3647 2264 3703 omnibus
2298 3663 2424 3716 quas
2477 3646 2537 3701 in
2588 3646 2808 3717 nuptiis
2858 3647 3047 3702 solent
3098 3648 3313 3720 parari,
3344 3649 3506 3715 illuc,
3537 3650 3645 3706 ubi

1990 3736 2206 3792 eaedem
2240 3735 2458 3806 nuptiae
2489 3735 2831 3806 agebantur,
2865 3753 3000 3792 cum
3033 3736 3311 3793 fratribus
3343 3739 3510 3794 anxie
3541 3754 3647 3794 oc-

1989 3822 2296 3890 currebat;
2330 3827 2386 3877 et
2414 3822 2806 3878 celebraturos
2855 3825 3122 3880 omnium
3171 3841 3370 3882 rerum
3407 3827 3646 3882 Domini

1991 3912 2226 3984 nuptias
2252 3911 2487 3977 nitidos,
2521 3911 2645 3966 suis
2679 3911 2921 3968 minime
2960 3915 3216 3970 restibus
3257 3932 3384 3971 esse
3433 3916 3649 3971 debere

1990 4000 2259 4058 sordidos
2276 4003 2702 4072 occupatosque
2718 4001 3184 4068 denuntiabat,et
3197 4003 3301 4058 tali
3319 4005 3490 4058 modo
3509 4003 3647 4060 illos

1993 4090 2235 4163 cogebat
2276 4091 2476 4146 omnia
2510 4091 2636 4161 jam
2683 4095 2934 4148 tractata
2976 4091 3265 4158 omittere,
3313 4097 3370 4148 et
3411 4093 3471 4148 in
3504 4097 3642 4166 apto

1993 4184 2252 4250 tempore
2283 4196 2534 4234 servare.

2067 4270 2154 4324 31.
2189 4268 2314 4323 Duo
2348 4269 2603 4340 denique
2633 4268 2848 4338 clerici,
2883 4269 3024 4326 olim
3069 4269 3308 4344 signum
3339 4272 3648 4329 clericatus

1997 4359 2056 4413 in
2087 4356 2334 4413 ecclesia
2367 4359 2781 4430 quadam,quzn
2809 4359 2867 4415 S.
2893 4359 3075 4416 Maria
3094 4364 3324 4417 Secreta
3353 4379 3653 4433 nuncupa-

1996 4451 2114 4515 tur,
2142 4451 2551 4518 sumpserant;
2577 4463 2828 4519 quorum
2852 4453 3047 4506 tamen
3072 4466 3243 4506 nemo
3267 4451 3451 4522 ipsius
3473 4451 3652 4505 bene-

1997 4536 2126 4592 ficio
2157 4535 2376 4608 perfrui
2408 4540 2623 4607 posset,
2679 4536 2882 4604 donec,
2931 4539 3084 4593 sicut
3129 4538 3253 4594 loco
3283 4539 3486 4594 eodem
3519 4555 3650 4595 mos

1997 4631 2139 4692 erat,
2181 4625 2447 4695 ejusdem
2499 4623 2750 4680 ecclesia:
2803 4627 3075 4682 sacerdos
3123 4627 3364 4682 minime
3408 4626 3651 4694 obisset,

2001 4731 2174 4787 quem
2197 4731 2299 4786 per
2319 4715 2474 4769 idem
2497 4718 2726 4786 tempus
2744 4715 2938 4770 obisse
2956 4716 3220 4788 contigit.
3241 4717 3350 4772 Sed
3373 4732 3505 4770 cum
3520 4716 3650 4786 jam

1999 4804 2218 4858 dictam
2249 4801 2576 4868 ecclesiam,
2616 4802 2840 4874 pridem
2892 4804 2993 4874 qui
3051 4805 3276 4876 primus
3307 4803 3652 4875 designatus

2001 4893 2206 4958 fuerat,
2235 4892 2477 4963 adipisci
2501 4892 2757 4960 deberet,
2782 4894 3189 4949 tantummodo
3214 4894 3260 4949 si
3286 4911 3388 4965 pro
3409 4909 3476 4948 ea
3495 4892 3654 4950 male

2002 4981 2284 5037 usitatum
2308 4980 2615 5050 praemium
2637 4981 2820 5048 daret,
2844 4981 2951 5036 viri
2973 4981 3212 5052 Deijam
3234 4980 3507 5037 credulus
3527 4999 3654 5037 ver-

1999 5070 2116 5135 bis,
2149 5068 2396 5124 distulit.
2427 5071 2610 5134 Quem
2641 5069 2947 5142 improhus
2977 5088 3121 5126 suus
3155 5071 3348 5127 minor
3373 5070 3656 5143 anticipa-

2001 5159 2105 5228 vit,
2135 5164 2192 5214 et
2221 5173 2411 5228 neque
2461 5159 2773 5214 Dominum
2826 5176 3015 5232 neque
3063 5159 3364 5214 hominem
3395 5159 3652 5227 erubuit,

2005 5265 2109 5304 nec
2140 5248 2360 5303 veritus
2392 5251 2480 5302 est
2510 5251 2574 5301 ut
2616 5249 2878 5304 eamdem
2927 5249 3038 5304 sibi
3090 5265 3224 5304 cum
3258 5249 3509 5321 pecunia
3537 5265 3655 5303 non

2006 5337 2349 5409 acquireret.
2408 5336 2570 5399 Quod
2631 5341 2697 5392 ut
2734 5338 2804 5393 ad
2863 5337 3161 5395 hominem
3212 5336 3312 5394 Dei
3352 5337 3657 5395 Arialdum

2007 5552 2106 5668 uti:
2129 5538 2310 5609 porta:
2342 5549 2501 5592 nova
2543 5532 2883 5606 Mediolani,
2913 5557 2941 5589 »
2995 5540 3051 5596 et
3098 5541 3304 5598 caetera
3329 5537 3468 5598 hinc
3499 5551 3663 5614 sum:

2007 5624 2043 5668 ι)
2111 5647 2126 5668 .

2006 5624 2126 5696 pta.
