3960 6216
264 351 428 416 ΝΜ

1862 355 2088 422 ACTA.

3523 353 3680 426 1188

261 489 393 543 erat
438 484 647 542 laneis.
697 485 868 543 Hunc
919 485 979 544 in
1029 485 1245 560 pedum
1277 486 1567 546 ablatione
1599 505 1925 563 pauperum
1956 495 2007 560 Α
2039 489 2331 548 reﬁciebat
2360 505 2578 548 secum.
2609 491 2754 550 Nam
2786 489 2894 550 hoc
2915 501 3064 567 opus
3085 493 3359 552 sanctum
3382 490 3682 555 interdum

257 591 438 648 agere
468 575 610 643 vidi,
640 576 796 647 quod
829 577 885 632 in
919 575 1032 633 alio
1065 577 1297 634 nemine
1338 595 1429 632 me
1461 578 1802 634 reminiscor
1833 580 1911 635 vi-

259 665 444 720 disse.
479 665 625 720 Nam
656 681 790 720 cum
823 665 1036 721 alicubi
1069 684 1170 738 per
1200 667 1402 722 urbem
1433 667 1682 725 vallatus
1706 686 1917 740 magna

257 752 646 809 multitudine
669 753 930 810 ﬁdelium
959 755 1070 809 sibi
1091 757 1273 826 gratis
1295 757 1744 827 obsequentium
1770 758 1918 814 ince-

257 843 431 898 deret
459 845 516 897 et
546 841 870 897 horrendos
901 859 1184 914 pauperes
1217 847 1271 897 et
1313 842 1530 897 debiles
1577 844 1912 915 inspiceret,

259 930 418 986 clam
439 929 616 985 alicui
640 948 707 986 ex
719 930 842 986 suis
862 931 1098 986 famulis
1114 932 1392 986 innuebat
1417 933 1726 1002 persistere
1740 940 1914 1004 atque

257 1037 579 1093 pauperem
614 1024 746 1091 post
779 1020 973 1092 ipsum
1027 1021 1096 1076 ad
1148 1021 1388 1075 domum
1438 1038 1634 1077 secum
1681 1023 1911 1077 ducere.

257 1109 536 1164 Dimissis
573 1109 750 1180 igitur
779 1110 1089 1175 extraneis,
1124 1109 1301 1164 allata
1345 1127 1516 1181 aqua,
1567 1112 1912 1182 cinctusque

256 1198 637 1270 linteo,egeni
656 1198 832 1270 pedes
849 1199 1031 1253 nimia
1047 1216 1177 1253 cum
1198 1201 1562 1254 veneratione
1582 1200 1848 1255 abluebat
1863 1206 1918 1256 et

256 1289 618 1359 extergebat.
631 1289 763 1343 Post
777 1288 896 1343 hinc
915 1293 1378 1359 autem,corpore
1394 1289 1451 1343 in
1467 1289 1588 1344 solo
1610 1295 1915 1360 prostrato,

259 1377 376 1433 sub
397 1375 586 1449 ipsius
603 1377 853 1449 pedibus
866 1380 1042 1448 caput
1064 1377 1334 1447 ponebat,
1360 1381 1415 1430 et
1439 1376 1550 1431 tale
1571 1379 1740 1431 modo
1766 1395 1919 1432 men-

258 1465 463 1522 dicum
485 1469 541 1520 et
562 1482 880 1538 pauperem
903 1465 1147 1521 faciebat
1169 1482 1230 1522 se
1254 1465 1546 1520 modicum
1574 1465 1916 1522 conculcare

260 1553 527 1623 divitem,
554 1555 804 1627 denique
835 1555 1153 1611 honoriﬁce
1197 1560 1253 1611 et
1302 1555 1673 1610 abundanter
1718 1554 1916 1626 ipsum

2024 580 2082 637 in
2105 597 2424 638 numerum
2443 581 2778 638 duodenum
2801 580 3028 654 explere
3049 581 3170 638 vidi
3192 592 3540 654 pauperum.
3569 582 3680 640 Ve-

2025 674 2378 726 rumtamen.
2408 671 2507 727 Dei
2537 671 2658 728 zelo
2689 671 2771 729 sic
2820 675 2946 728 erat
2994 687 3276 728 accensus
3320 674 3384 727 ut
3417 671 3490 729 de
3519 688 3586 729 eo
3616 673 3678 730 in

2025 758 2155 828 ejus
2177 759 2440 814 absentia
2466 759 2811 832 plerumque
2830 761 2920 816 vir
2941 759 3041 816 Dei
3072 759 3348 817 Arialdus
3369 761 3678 832 suspirans

2025 847 2238 902 diceret
2264 865 2275 903 :
2303 849 2448 903 Proh
2473 849 2664 904 dolor!
2701 854 2910 921 praeter
2933 849 3402 906 Herlembaldum
3424 854 3481 906 et
3500 850 3677 909 Naza-

2024 936 2199 1002 rium,
2223 937 2498 993 clericum
2520 940 2611 994 vix
2635 955 2997 1010 quemquam
3025 939 3266 1011 reperio,
3295 938 3396 1010 qui
3417 955 3677 1012 quoquo-

2026 1027 2196 1080 modo
2220 1027 2363 1082 mihi
2387 1028 2496 1081 sub
2520 1029 2667 1083 falsa
2687 1028 3049 1084 discretione
3069 1033 3256 1084 tacere
3279 1044 3394 1084 non
3431 1030 3676 1087 suadeat

2025 1117 2314 1183 quatenus
2345 1115 2657 1170 Simoniaci
2688 1120 2744 1168 et
2772 1115 3022 1170 adulteri
3057 1116 3235 1172 libere
3277 1117 3506 1188 possint
3536 1134 3663 1188 per-

2026 1218 2193 1271 agere
2216 1219 2390 1272 opera
2411 1203 2647 1257 diaboli.
2674 1203 2857 1259 Multa
2880 1221 3132 1276 namque
3155 1207 3308 1262 bona
3329 1205 3399 1260 de
3422 1205 3530 1261 hoc
3551 1207 3674 1263 viro

2032 1289 2398 1344 familiariter
2427 1293 2686 1362 cognovi,
2721 1293 2820 1347 sed
2853 1294 2991 1364 quia
3021 1312 3205 1366 nuper
3233 1294 3291 1349 in
3337 1295 3677 1353 defensione

2022 1379 2272 1449 justitiae
2305 1380 2581 1452 martyrio
2607 1386 2696 1436 est
2719 1387 3046 1450 coronatus,
3071 1401 3137 1439 ea
3162 1382 3327 1439 alteri
3361 1387 3479 1440 tam
3509 1384 3677 1441 volu-

2037 1467 2180 1522 mini
2211 1484 2390 1538 quam
2423 1470 2694 1541 scriptori
2727 1470 3015 1541 relinquo,
3047 1472 3184 1544 quia
3211 1477 3274 1526 Β.
3325 1473 3543 1530 Arialdi
3576 1474 3675 1534 Vi-

2031 1560 2152 1611 tam
2186 1557 2462 1628 perﬁcere
2492 1557 2765 1615 velociter
2793 1559 2984 1631 cupio.

1547 1795 2407 1886 EMBOLISMUS

1088 1973 1177 2035 De
1204 1973 1466 2054 ejusdem
1499 1970 1912 2035 Herlembaldi
1930 1973 2245 2055 principiis
2274 1982 2332 2035 et
2359 1973 2642 2056 Landulﬁ
2670 1973 2858 2036 obitu.

331 2333 426 2388 35.
488 2333 630 2386 Cum
690 2329 1054 2402 propositum
1113 2328 1192 2384 sit
1247 2331 1302 2383 S.
1363 2326 1759 2383 Herlembaldi
1815 2325 3673 2406 Vi-BHerlembaldusessetcapitaneus,contranobilesipscs

269 2425 397 2478 tam
429 2437 547 2475 una
583 2435 711 2474 cum
759 2419 892 2474 Vita
941 2419 1001 2474 S.
1051 2417 1274 2473 Arialdi
1331 2416 1626 2490 prosequi,
1688 2420 1920 2489 praeter-

271 2510 506 2567 mittere
529 2526 642 2565 non
663 2525 905 2581 possum
929 2507 1072 2580 quin
1088 2505 1187 2563 tali
1204 2507 1503 2579 proposito
1525 2506 1920 2578 importunam

268 2599 514 2659 Andreas
545 2597 889 2654 brevitatem
921 2596 1155 2652 aliunde
1187 2595 1516 2667 suppleam,
1549 2599 1786 2650 secutus
1819 2611 1920 2650 au-

271 2693 463 2745 ctores
493 2705 528 2744 a
561 2685 845 2754 Puricello
870 2685 1366 2742 subministratos.
1408 2684 1512 2739 llic
1535 2701 1666 2755 pag.
1695 2684 1820 2750 221,
1855 2700 1924 2738 ex

269 2776 604 2835 Annalibus
636 2775 787 2832 Petri
816 2774 1032 2844 Aruzii,
1065 2775 1219 2829 circa
1265 2789 1486 2828 annum
1537 2773 1675 2827 1402
1717 2772 1921 2838 finitis,

271 2870 494 2934 narrat,
539 2865 832 2937 quomodo
882 2864 1020 2920 sede
1068 2861 1481 2918 Mediolanensi
1529 2866 1771 2917 vacante
1822 2879 1924 2933 per

273 2960 527 3012 mortem
563 2951 817 3009 Ariberti
855 2951 1246 3010 laudatissimi
1271 2949 1538 3022 praesulis
1561 2950 1798 3020 (obiisse
1819 2967 1921 3005 au-

270 3048 391 3102 tem
423 3043 518 3099 hic
538 3043 598 3098 in
620 3058 727 3098 suo
749 3040 1044 3113 epitaphio
1085 3039 1300 3112 legitur
1330 3063 1356 3090 ‹‹
1382 3056 1534 3094 anno
1558 3039 1717 3104 4045,
1743 3040 1804 3093 17
1829 3038 1922 3094 dic

276 3132 501 3191 mensis
519 3131 808 3200 Januarii,
845 3130 1160 3185 indictione
1181 3130 1304 3200 χιιι)
1345 3133 1401 3184 et
1424 3129 1646 3184 Lazone
1668 3129 1738 3183 de
1761 3145 1828 3182 cu
1840 3132 1923 3182 rte

271 3220 597 3287 exsulante,
631 3242 660 3270 »
693 3218 792 3292 qui
823 3218 1006 3275 scissa
1060 3218 1119 3272 in
1152 3217 1429 3273 factiones
1461 3216 1692 3272 civitate
1723 3222 1925 3272 contra

277 3308 647 3368 nobilitatem
670 3313 862 3380 partes
877 3306 1062 3379 plebis
1083 3306 1413 3362 sustinebat
1429 3323 1559 3360 cum
1580 3305 1746 3361 titulo
1771 3328 1797 3354 ‹‹
1825 3306 1924 3360 Ga-

275 3397 516 3472 pitanei,
544 3413 680 3470 pars
701 3395 902 3468 populi
927 3396 997 3451 ad
1021 3394 1271 3450 nihilum
1293 3395 1526 3450 redacta
1549 3397 1654 3450 est.
1681 3395 1864 3461 Tunc,
1895 3415 1922 3442 ››

272 3485 488 3558 inquit,
503 3507 532 3535 ‹‹
551 3483 838 3557 eapitanei
860 3500 958 3540 sex
980 3487 1304 3556 portarum,
1330 3499 1462 3538 cum
1491 3482 1614 3538 suis
1629 3480 1922 3547 vassallis,

273 3573 605 3633 dominium
634 3572 883 3629 civitatis
913 3575 1362 3645 usurpaverunt,
1397 3575 1453 3626 et
1501 3575 1922 3643 congregantes

2034 2415 2288 2472 multum
2320 2417 2640 2490 praevaluit.
2679 2441 2705 2466 ››

2105 2505 2193 2559 36.
2223 2507 2370 2577 Ergo
2396 2511 2636 2562 vacante
2675 2507 2761 2578 (ut
2786 2506 2926 2574 dixi)
2965 2507 3124 2578 sede,
3161 2506 3685 2582 Herebraldusfsic

2035 2593 2191 2648 enim
2225 2595 2428 2651 scribit
2457 2595 2790 2668 przecitatus
2822 2596 3057 2664 Decius,
3098 2597 3269 2672 cujus
3319 2597 3496 2656 verba
3525 2599 3681 2671 apud

2035 2681 2386 2740 Puricellum
2431 2701 2562 2756 pag.
2597 2687 2702 2740 215
2753 2685 2992 2741 recitata
3034 2686 3378 2758 prosequor)
3410 2707 3438 2736 «
3471 2701 3683 2760 procu-

2033 2771 2177 2827 ravit
2200 2789 2332 2828 cum
2356 2773 2526 2841 clero,
2551 2773 2705 2844 quod
2729 2772 3078 2845 eligerentur
3117 2777 3388 2845 quatuor,
3423 2773 3681 2848 etimpe-

2033 2865 2206 2928 rator,
2245 2885 2272 2913 ››
2307 2861 2588 2918 Henricus
2619 2862 2812 2934 Niger,
2863 2879 2966 2918 seu
3016 2863 3212 2936 potius
3259 2878 3361 2918 rex
3411 2862 3570 2935 (nam
3594 2879 3682 2924 se-

2033 2952 2232 3020 quenti
2266 2967 2418 3006 anno
2445 2954 2690 3007 exeunte
2720 2951 2884 3023 regni
2930 2950 3022 3010 sui
3069 2951 3322 3024 septimo
3372 2953 3681 3010 coronatus

2033 3040 2292 3110 primum
2324 3040 2640 3112 imperator
2672 3039 2781 3094 fuit
2811 3063 2837 3090 «
2873 3039 3070 3112 (quem
3097 3038 3272 3097 vellet
3306 3039 3368 3098 in
3398 3038 3683 3112 archiepi-

2034 3145 2276 3200 scopum
2310 3129 2702 3185 conﬁrmaret.
2735 3130 2803 3184 Et
2836 3129 3074 3186 fuerunt
3099 3129 3265 3186 electi
3297 3128 3682 3200 Landulphus

2032 3217 2218 3283 Cotta,
2250 3218 2399 3273 sacri
2433 3216 2634 3290 palatii
2665 3217 2952 3284 notarius,
2985 3218 3164 3280 frater
3213 3216 3464 3276 carnalis
3495 3216 3682 3290 ipsius

2033 3306 2411 3362 Hernebraldi
2439 3323 2451 3360 :
2484 3306 2628 3362 alter
2658 3306 2851 3362 dictus
2875 3311 2963 3362 est
2984 3306 3300 3366 Anselmus
3317 3307 3387 3362 de
3405 3305 3681 3379 Badagio,

2033 3394 2290 3452 ecclesiae
2314 3394 2765 3450 Mediolanensis
2787 3394 3122 3464 cardinalis,
3139 3418 3166 3446 »
3183 3394 3240 3451 id
3259 3395 3681 3456 estcsnonicns

2034 3483 2367 3539 ordinarius
2393 3501 2406 3552 ;
2432 3482 2685 3539 «tertius
2709 3483 2898 3538 dictus
2919 3486 3006 3538 est
3033 3481 3327 3549 Arialdus,
3362 3499 3431 3540 ex
3459 3482 3680 3554 capita-

2035 3573 2158 3628 neis
2191 3573 2261 3627 de
2292 3572 2602 3638 Carimate,
2630 3595 2658 3621 »
2682 3571 2852 3644 plane
2883 3571 3147 3634 diversus
3168 3588 3203 3630 a
3223 3574 3422 3628 nostro
3443 3574 3682 3638 sancto;

272 3663 581 3720 universos
602 3661 822 3718 amicos
844 3662 902 3716 in
925 3661 1140 3733 palatio
1181 3659 1642 3725 communitatis,
1665 3659 1780 3714 duo
1803 3663 1921 3714 sta-
1953 3688 1996 3754 Ο
2041 3685 2068 3710 (ι
2100 3664 2345 3732 quartus
2375 3661 2566 3716 dictus
2596 3665 2686 3717 est
2727 3661 2899 3730 Atho,
2932 3659 3197 3716 Ecclesiae
3228 3657 3686 3754 Mediolanensis

277 3755 406 3809 tuta
418 3750 678 3812 fecerunt
695 3749 753 3804 in
776 3750 975 3806 odium
1000 3748 1495 3822 populi.Primum
1513 3752 1801 3804 statutum
1816 3747 1926 3803 fuit
1960 3745 1996 3754 “
2036 3748 2373 3806 cardinalis.
2409 3750 2485 3804 Ex
2515 3748 2628 3805 alia
2649 3753 2831 3816 parte,
2856 3765 2991 3821 pars
3015 3747 3302 3804 nobilium
3327 3746 3504 3820 elegit
3541 3745 3684 3808 Gui-

275 3841 458 3909 istud,
483 3839 637 3912 quod
671 3839 865 3895 Ranzo
888 3839 958 3894 de
979 3842 1174 3905 Curte,
1195 3837 1364 3901 miles
1384 3837 1764 3909 proscriptus,
1788 3853 1924 3893 cum

276 3933 398 3986 tota
417 3927 720 4002 parentela
737 3927 974 3984 illorum
995 3927 1066 3983 de
1091 3928 1281 3993 Curte,
1313 3943 1640 4000 numquam
1662 3925 1925 3983 habitare

276 4021 476 4090 posset
505 4017 566 4074 in
597 4016 826 4072 civitate
858 4015 1190 4083 Mediolani,
1226 4032 1330 4071 nec
1377 4015 1436 4070 in
1486 4015 1789 4081 comitatu,
1822 4031 1926 4070 nec

277 4105 680 4180 possessiones
714 4105 929 4161 habere
959 4105 1016 4159 in
1050 4109 1352 4159 aeternum.
1388 4104 1722 4159 Secundum
1746 4108 1927 4159 statu-

278 4201 408 4254 tum
440 4194 552 4250 fuit
580 4194 762 4260 istud,
795 4194 949 4266 quod
978 4193 1025 4248 si
1071 4192 1285 4264 aliquis
1335 4191 1547 4247 nobilis
1577 4193 1930 4248 interficeret

279 4283 540 4357 aliquem
564 4282 926 4355 popularem,
952 4281 1198 4338 solveret
1217 4285 1439 4354 septem
1463 4280 1647 4336 libras
1671 4281 1925 4337 tertiolo-

278 4389 412 4428 rum
434 4376 491 4428 et
519 4371 827 4428 duodecim
851 4369 1142 4438 denarios,
1171 4386 1318 4441 quos
1358 4386 1491 4425 cum
1535 4368 1824 4435 solvisset,
1855 4371 1928 4426 ab

278 4461 440 4518 omni
480 4459 655 4532 culpa
701 4463 760 4515 et
809 4460 1032 4516 offensa
1078 4458 1222 4514 liber
1266 4463 1460 4526 esset;
1511 4463 1745 4530 propter
1775 4459 1928 4530 quod

277 4547 742 4606 innumerabiles
768 4548 838 4604 de
861 4547 1075 4620 populo
1097 4547 1250 4602 infra
1271 4564 1487 4619 paucos
1510 4547 1633 4602 dies
1657 4547 1928 4602 trucidati

278 4642 440 4696 sunt.
465 4638 582 4693 Hac
604 4637 675 4693 de
695 4654 874 4693 causa
915 4635 1224 4709 populares
1264 4635 1473 4690 iterum
1509 4635 1690 4690 alium
1714 4635 1927 4708 capita-

277 4743 457 4784 neum
488 4726 793 4799 elegerunt
815 4726 1131 4798 quemdam
1161 4725 1350 4780 virum
1380 4741 1448 4780 ex
1471 4741 1714 4779 numero
1761 4726 1930 4780 nobi—

275 4815 447 4885 lium,
472 4814 572 4887 qui
596 4815 788 4871 dictus
807 4819 894 4872 est
916 4813 1360 4870 Herlembaldus
1393 4814 1574 4869 Cotta.
1592 4813 1696 4868 Hic
1721 4813 1830 4868 fuit
1847 4814 1935 4868 vir

278 4920 491 4980 genere
533 4903 729 4960 clarus
778 4902 978 4969 nimis,
1011 4903 1069 4958 in
1114 4903 1296 4958 armis
1349 4907 1646 4970 strenuus,
1697 4903 1934 4975 gracilis

279 5009 541 5066 corpore,
566 4991 796 5048 leonino
826 4997 1054 5065 pectore
1097 4992 1342 5047 fervens.
1371 4991 1508 5062 Ejus
1531 4992 1740 5047 domus
1763 4992 1932 5064 quasi

2033 3839 2242 3893 donem
2275 3837 2344 3892 de
2387 3837 2605 3905 Velate,
2658 3837 3029 3910 imperatoris
3079 3836 3481 3900 secretarium.
3511 3835 3686 3896 Facta

2034 3925 2313 3982 relatione
2343 3926 2414 3981 ad
2446 3926 2884 3998 imperatorem,
2937 3927 3082 3999 ipse,
3133 3924 3356 3983 caeteris
3406 3924 3680 3994 exclusis,

2035 4001 2359 4072 Guidonem
2391 4015 2461 4069 de
2492 4013 2692 4069 Velate
2729 4015 3024 4072 investivit
3053 4031 3156 4088 per
3187 4012 3463 4074 baculum
3496 4017 3553 4071 et
3580 4031 3686 4076 an-

2036 4102 2240 4158 nulum
2259 4103 2330 4157 de
2350 4101 2854 4176 archiepisCOpatu
2874 4103 3315 4174 Mediolanensi,
3339 4119 3513 4175 quem
3532 4119 3689 4184 papa

2036 4207 2166 4246 cum
2191 4189 2586 4246 cardinalibus
2610 4191 2786 4263 pallio
2814 4191 3296 4271 archiepiscopali
3316 4191 3630 4260 investivit,
3656 4214 3685 4241 »

2037 4284 2279 4336 Romam
2302 4278 2568 4335 fortassis
2604 4280 2910 4338 advectum
2938 4299 3091 4338 anno
3124 4283 3283 4352 1046,
3315 4281 3375 4338 in
3407 4281 3688 4344 comitatu

2037 4367 2267 4424 chrici
2313 4368 2490 4439 regis,
2544 4367 2908 4440 imperialem
2960 4387 3234 4428 coronam
3263 4370 3594 4446 suscepturi
3626 4370 3688 4426 in

2038 4456 2226 4514 Natali
2259 4455 2508 4512 Domini.
2542 4456 2702 4512 Dacii
2734 4457 3099 4526 brevitatem,
3132 4460 3192 4516 in
3223 4460 3519 4518 narranda
3547 4459 3685 4516 Gui-

2039 4547 2208 4602 donis
2227 4545 3185 4618 institutione,supplevitAlciatus
3198 4548 3257 4604 in
3268 4549 3690 4621 supralaudato

2040 4637 2385 4707 fragmento,
2403 4633 2580 4688 simul
2603 4636 3038 4692 etoccasionem
3059 4636 3691 4694 indicavitsubsecuta-

2041 4742 2171 4779 rum
2203 4741 2337 4779 cum
2365 4725 2422 4778 S.
2455 4722 2692 4778 Arialdo
2724 4726 2780 4778 ct
2811 4724 2988 4780 sociis
3039 4726 3503 4784 contentionum.
3545 4729 3691 4784 Cum

2041 4813 2196 4868 enim
2227 4813 2470 4868 dixisset
2499 4811 2653 4884 quod
2699 4811 2985 4867 Henricus
3018 4836 3044 4862 «
3083 4818 3214 4868 actu
3260 4819 3316 4870 et
3363 4815 3694 4881 blanditiis,

2043 4901 2142 4975 qui
2183 4902 2534 4957 advenerant
2580 4904 2837 4956 oratores
2884 4899 3410 4956 Mediolanensium
3453 4901 3695 4975 impulit

2045 4995 2110 5046 ut
2137 5007 2306 5047 suam
2337 4989 2676 5046 electionem
2719 4987 3050 5054 laudarent,
3081 5010 3108 5036 ››
3159 4987 3243 5044 sic
3273 4991 3689 5062 progreditur:

279 5059 493 5140 domus
525 5059 738 5154 regalis
763 5059 919 5154 (cum
948 5084 1110 5136 curte
1143 5059 1484 5136 mirabili'et
1530 5059 1804 5137 viridario
1836 5082 1935 5136 de-
1968 5059 2014 5123 D
2114 5082 2202 5136 37.
2237 5102 2265 5128 «
2299 5078 2458 5134 Tulit
2487 5078 2568 5147 id,
2601 5093 2762 5149 teque
2795 5094 2860 5134 ac
2891 5075 3114 5142 debuit,
3160 5059 3460 5147 aegerrime
3501 5094 3693 5150 popu-

278 5169 561 5239 lectabili,
585 5193 615 5220 »
638 5170 830 5243 inquit
851 5169 1252 5235 Dacius,anno
1277 5169 1414 5224 1080
1449 5169 1731 5242 scribens)
1758 5193 1777 5218 α
1823 5170 1933 5226 fuit

279 5275 348 5318 ex
368 5258 636 5335 opposito
657 5258 910 5314 ecclesia:
935 5260 992 5314 S.
1013 5257 1268 5314 Victoris
1281 5257 1353 5312 ad
1371 5257 1755 5329 quadraginta
1779 5259 1928 5314 Mar-

279 5351 458 5422 tyres.
490 5345 933 5403 Contradicente
963 5345 1144 5419 igitur
1173 5350 1336 5419 parte
1371 5345 1655 5402 nobilium
1705 5363 1776 5408 ne
1806 5347 1931 5419 ipse

278 5489 398 5546 lani
429 5489 638 5560 fuisse,
671 5504 782 5560 non
802 5495 1023 5560 autem,
1051 5494 1115 5544 ut
1135 5504 1506 5560 nequaquam
1528 5489 1926 5560 recipiendum

280 5561 341 5641 in
371 5559 622 5641 gratiam
654 5559 1157 5641 archiepiscopum
1189 5559 1479 5641 suaderet.
1534 5559 1751 5641 Tacent
1779 5560 1928 5641 intef

281 5630 400 5692 nini
427 5633 499 5692 de
529 5645 596 5688 eo
638 5654 668 5680 ‹‹
700 5630 923 5690 Ατὶαῐάί
956 5655 979 5685 ι
1016 5630 1224 5688 itinere
1269 5633 1538 5687 auctores
1591 5630 1722 5699 alii;
1758 5633 1841 5689 uti
1872 5638 1931 5688 et

290 5709 496 5734 ML.

2043 5169 2158 5238 lus,
2181 5169 2390 5240 vixque
2409 5167 2620 5224 adduci
2644 5166 2834 5240 potuit
2854 5170 2918 5222 ut
2953 5164 3356 5222 advenientem
3379 5165 3691 5238 praesulem

2043 5276 2177 5315 cum
2210 5258 2488 5314 dedecore
2518 5273 2632 5312 non
2664 5254 3002 5327 repelleret;
3044 5255 3146 5312 sed
3177 5255 3469 5328 corruptis
3515 5253 3691 5328 largi-

2041 5348 2200 5404 tione
2225 5346 2595 5404 sacerdotum
2641 5343 3298 5418 primoribus,facillime
3342 5343 3551 5402 deinde
3582 5341 3690 5396 im-

2046 5491 2116 5566 de
2129 5490 2405 5566 omnibus
2419 5488 2819 5566 supranotatis
2840 5490 3126 5563 Andreas,
3149 5490 3398 5566 ideoque
3419 5507 3487 5548 ea
3507 5483 3697 5543 fusius

2047 5562 2141 5617 hic
2172 5562 2420 5618 dicenda
2452 5562 2630 5618 fuere.
