3960 6216
261 320 419 388 1459

1378 321 1490 390 SS.
1536 321 1854 389 ARIALDI
1896 319 1998 387 ET
2040 321 2546 390 ERLEMBALDI

3509 317 3679 387 1460

255 462 552 533 patratum
575 463 663 516 est
686 463 751 515 ut
771 455 932 532 plebs
974 457 1102 532 ipsa
1131 461 1544 534 acquiesceret.
1577 461 1902 516 Praztende-
1931 461 1986 526 Α
2015 477 2150 533 pam
2181 465 2269 517 est
2297 461 2536 529 electus,
2567 459 2920 534 vocatusque
2968 457 3291 519 Alexander
3339 459 3670 518 secundus.

256 548 402 608 bant
431 547 515 603 illi
543 549 884 620 religionem
916 549 1217 622 divinique
1267 551 1459 607 cultus
1498 551 1757 622 profanis
1788 567 1904 605 non

259 638 578 696 obnoxium
597 638 972 694 arbitrium...
1011 640 1272 696 Durabat
1295 646 1351 696 et
1381 646 1520 696 tunc
1551 656 1781 696 summa
1811 657 1905 695 ca-

259 728 425 795 ritas,
461 733 518 782 et
543 729 669 798 ejus
701 743 895 782 comes
927 730 1128 798 pestis,
1165 746 1289 799 quas
1321 747 1438 786 non
1487 730 1599 784 nisi
1630 728 1906 784 vicesimo

260 819 431 873 tertio
451 817 687 871 demum
712 834 862 870 anno
885 817 1168 872 exstincta
1192 823 1299 874 est.
1335 818 1436 873 His
1468 818 1906 873 calamitatibus

260 904 854 960 conflictatilnsubres
870 908 1066 964 omnia
1079 907 1478 962 sacerdotibus
1495 908 1908 978 permittebant

259 996 330 1048 Hi
365 994 542 1064 igitur
571 995 874 1049 Widonem
910 1013 1010 1065 pro
1035 998 1202 1066 justo
1226 996 1471 1067 prmsule
1503 1001 1903 1067 agnoscentes,

261 1083 517 1154 insignia
549 1083 852 1153 dignitatis
884 1083 940 1137 in
974 1101 1105 1138 eum
1158 1086 1548 1146 contulerunt,
1587 1085 1907 1140 honoribus

266 1175 501 1244 augent,
553 1173 740 1241 jussis
799 1174 1224 1244 obtemperant.
1291 1176 1399 1228 Sed
1462 1178 1518 1228 et
1561 1174 1742 1228 comis
1800 1190 1909 1227 na-

261 1267 395 1318 tura
423 1260 798 1332 liberalisque
831 1262 1019 1327 Wido,
1049 1263 1161 1318 sibi
1206 1264 1318 1334 ipsi
1367 1280 1479 1317 non
1541 1263 1754 1316 deerat.
1805 1264 1908 1317 Sa-

263 1352 524 1406 cerdotes
550 1354 604 1404 et
627 1350 929 1405 ministros
943 1350 1360 1422 quoslibetque
1386 1351 1644 1406 initiatos
1664 1351 1911 1405 libenter

259 1438 556 1510 amplecti,
588 1437 796 1492 delicta
843 1455 1042 1494 eorum
1093 1439 1488 1505 dissimulare,
1540 1456 1705 1509 aequa
1734 1442 1909 1509 atque

260 1527 465 1598 iniqua
495 1526 653 1597 pati;
689 1527 904 1597 quibus
934 1527 1163 1582 actibus
1195 1545 1399 1583 omnes
1449 1528 1560 1582 sibi
1608 1545 1723 1581 non
1755 1527 1907 1581 diffi-

262 1616 449 1671 culter
478 1614 926 1682 conciliavisset,
967 1616 1079 1671 nisi
1126 1616 1421 1671 licentiam
1471 1616 1622 1672 hanc
1670 1616 1907 1670 tandem

257 1704 531 1760 Arialdus
562 1705 954 1775 repressisset.
993 1727 1019 1753 ι)
1052 1707 1130 1760 Ea
1178 1723 1269 1760 res
1316 1705 1813 1776 quemadmodum
1846 1721 1908 1759 se

2085 550 2174 604 39.
2209 573 2237 600 «
2270 551 2372 606 Hic
2393 551 2534 606 dum
2557 554 2712 607 esset
2732 549 3064 606 ordinarius
3086 547 3539 605 Mediolanensis
3559 550 3670 606 Ec-

2015 638 2224 704 clesiae,
2256 640 2520 695 scientiis
2569 644 2628 694 et
2674 640 2938 694 moribus
2985 638 3304 694 laudabilis
3349 638 3485 704 fuit,
3517 638 3672 694 etin

2015 744 2283 783 sermone
2305 734 2530 799 potens,
2569 729 2741 799 cujus
2773 727 3046 784 facundia
3076 727 3442 799 scientiaque
3471 727 3666 800 pluri-

2017 834 2179 872 mum
2207 818 2432 873 civibus
2451 822 2617 889 grata
2638 822 2779 885 erat,
2810 818 3097 889 ccepitque
3119 823 3257 872 tunc
3296 817 3355 871 in
3381 817 3666 888 praedica-

2015 905 2272 960 tionibus
2295 907 2417 961 suis
2432 907 2777 961 clericorum
2788 907 2968 960 vitam
2984 905 3333 976 vituperare,
3351 922 3454 960 nec
3471 905 3671 962 verbis

2017 995 2435 1066 archiepiscopi
2457 996 2760 1061 Guidonis,
2788 995 2982 1065 ipsum
2999 993 3286 1050 hortantis
3301 995 3372 1050 ad
3387 994 3672 1051 scandala

2016 1083 2357 1138 clericorum
2387 1085 2626 1140 minime
2654 1083 3028 1154 publicanda,
3053 1083 3475 1138 consentiebat.
3502 1084 3672 1140 Unde

2017 1173 2511 1244 archiepisc0pus,
2544 1173 2929 1228 dissimulans
2961 1173 3099 1244 quid
3126 1189 3294 1244 agere
3314 1172 3506 1240 vellet,
3531 1189 3670 1228 cum

2016 1261 2288 1316 Anselmo
2319 1263 2388 1317 ad
2420 1262 2833 1334 imperatorem
2865 1263 3090 1333 pergit:
3143 1262 3246 1333 qui
3297 1260 3540 1317 consilio
3572 1279 3669 1317 ar-

2018 1349 2370 1421 chiepiscopi
2395 1351 2620 1405 curiose
2643 1351 2785 1405 satis
2803 1350 2873 1405 ab
2896 1351 3040 1404 urbe
3054 1349 3276 1421 expulit
3294 1350 3666 1417 Anselmum,

2019 1455 2155 1493 nam
2195 1439 2244 1493 ei
2270 1440 2569 1493 Lucanum
2599 1440 3000 1511 episcopatum
3025 1439 3203 1494 dedit.
3230 1441 3429 1510 Itaque
3451 1439 3666 1507 Guido,

2017 1544 2079 1582 se
2111 1531 2304 1582 tutum
2339 1532 2551 1598 putans
2580 1528 2846 1583 absentia
2883 1527 3165 1593 Anselmi,
3199 1527 3388 1599 magis
3418 1527 3664 1584 fallitur.

2015 1615 2161 1671 Nam
2195 1617 2532 1686 Anselmus,
2564 1620 2765 1672 vocato
2799 1615 3084 1671 Landulfo
3127 1615 3302 1672 levita
3348 1616 3666 1685 ordinario,

2015 1703 2381 1759 familiariter
2429 1703 2697 1759 hortatur
2744 1708 2809 1758 ut
2867 1703 2928 1758 in
2977 1703 3490 1776 praedicationibus
3539 1706 3668 1761 suis

259 1792 556 1857 habuerit;
586 1793 869 1847 hactenus
899 1793 1175 1858 vidimus,
1209 1794 1291 1848 uti
1325 1795 1498 1848 etiam
1547 1792 1754 1848 Alciati
1783 1809 1906 1847 ver-
1936 1825 1984 1890 Β
2013 1792 2152 1848 vitia
2181 1794 2489 1864 exprobret
2533 1792 2879 1848 clericorum
2910 1810 2923 1859 ;
2956 1793 3109 1847 idem
3157 1792 3473 1849 domestice
3520 1795 3669 1850 satis

259 1881 374 1949 bis,
398 1885 693 1952 quatenus
742 1885 967 1935 servata
1019 1883 1092 1936 ab
1124 1882 1354 1952 injuriis
1383 1887 1713 1953 temporum
1747 1887 1905 1937 sunt.

261 1971 343 2026 De
371 1969 779 2025 Herlembaldo
812 1970 905 2024 hic
937 1971 1380 2042 subjungimus,
1421 1973 1574 2042 quod
1628 1974 1909 2042 praesente

253 2060 380 2131 jam
412 2058 866 2130 archiepiscopo,
901 2075 1078 2130 penes
1110 2076 1284 2132 quem
1325 2077 1393 2115 ex
1441 2076 1601 2115 more
1648 2059 1908 2130 regimen

261 2148 513 2203 civitatis
544 2152 687 2214 erat,
719 2151 775 2203 et
811 2148 1180 2204 sacerdotum
1231 2165 1424 2219 opera,
1477 2147 1788 2203 conciliata
1821 2150 1908 2201 ut-

261 2252 492 2308 cunque
525 2253 658 2290 cum
691 2236 987 2291 nobilibus
1018 2237 1205 2307 plebe,
1243 2238 1440 2291 minus
1472 2236 1607 2290 huic
1639 2252 1911 2290 necessa-

261 2325 416 2380 rium
429 2342 554 2380 esse
569 2325 863 2390 sevidens,
880 2325 1340 2396 Hierosolymam
1373 2324 1714 2397 peregrinus
1737 2324 1907 2391 abiit;

263 2414 530 2469 fortassis
543 2430 616 2467 ne
632 2413 1065 2468 immisceretur
1076 2413 1614 2484 novisturbis,quas
1627 2411 1911 2484 prospicio

262 2502 362 2556 bat
379 2500 733 2567 excitandas,
751 2502 1053 2556 occasione
1074 2518 1277 2558 eorum
1297 2521 1422 2574 quae
1441 2507 1642 2558 contra
1659 2501 1910 2556 incestos

261 2589 743 2661 Simoniacosque
757 2589 1103 2644 aS.Arialdo
1119 2608 1181 2645 ac
1196 2591 1371 2646 fratre
1386 2590 1783 2646 suoLandulfo
1816 2607 1910 2645 mo

260 2679 565 2734 vehantur.
587 2679 886 2744 Quomodo
903 2683 1098 2735 autem
1116 2679 1422 2735 Alexandri
1443 2679 1490 2734 II
1506 2685 1764 2750 tempore
1777 2677 1910 2733 inde

262 2784 556 2834 reversus,
579 2768 786 2822 iisdem
808 2785 868 2823 se
898 2769 1248 2838 adjunxerit,
1275 2769 1527 2824 fervente
1546 2768 1633 2823 vel
1659 2767 1910 2822 maxime

268 2855 636 2910 contentione
658 2861 896 2926 propter
919 2857 1195 2927 Stephani
1226 2862 1283 2912 et
1319 2857 1538 2912 Nicolai
1579 2855 1910 2928 papzcjudi-

264 2945 372 3010 cia,
408 2943 630 3016 placeat
660 2948 715 2998 et
744 2943 1025 2998 Landulfo
1062 2945 1297 3014 juniore
1327 2946 1572 3012 discere,
1612 2945 1765 3015 apud
1799 2944 1908 3000 Pu-

263 3031 529 3088 ricellum
549 3047 681 3103 pag.
706 3030 830 3101 MO,
856 3030 940 3086 sic
963 3037 1353 3103 prosequente
1374 3034 1431 3086 S.
1458 3032 1676 3088 Arialdi
1696 3032 1906 3086 Vitam.

333 3120 421 3174 38.
457 3141 484 3168 ‹‹
519 3119 731 3174 Iisdem
760 3119 1124 3190 temporibus
1169 3119 1616 3174 Herlembaldus
1648 3121 1717 3174 de
1747 3120 1909 3174 Cotta

2020 1881 2158 1936 facit
2186 1880 2444 1948 Arialdo,
2496 1882 2810 1937 ostendens
2857 1881 2942 1936 eis
2978 1881 3197 1948 ,modos
3239 1897 3387 1952 quos
3427 1883 3669 1939 tenebat

2019 1975 2338 2042 antequam
2363 1971 2526 2026 fieret
2548 1971 2878 2042 episcopus.
2903 1970 3114 2042 Sicque
3127 1971 3249 2026 hmo
3280 1969 3665 2043 proclamatio

2018 2064 2220 2116 contra
2250 2059 2488 2115 clericos
2518 2059 2765 2114 lascivos
2807 2063 2864 2114 et
2911 2059 3298 2126 Simoniacos,
3345 2076 3448 2132 per
3473 2060 3664 2116 Arial-

2020 2149 2162 2204 dum
2193 2153 2251 2203 et
2288 2148 2640 2203 Landulfum
2690 2149 2889 2203 diutus
2932 2149 3296 2218 continuata,
3344 2166 3378 2203 a
3425 2149 3666 2220 praefato

2018 2236 2290 2292 Anselmo
2322 2237 2394 2292 de
2423 2237 2673 2308 Badagio
2698 2236 2952 2308 sumpsit
2972 2237 3302 2292 exordium.
3333 2237 3451 2292 Hac
3483 2237 3668 2310 igitur

2021 2325 2414 2381 familiaritate
2437 2327 2692 2381 confisus
2714 2325 3010 2393 Arialdus,
3039 2327 3110 2382 ad
3131 2325 3520 2382 Alexandrum
3557 2343 3666 2399 pa-

2021 2431 2155 2487 pam
2188 2431 2320 2468 cum
2353 2413 2765 2470 Herlembaldo
2797 2430 2926 2470 sese
2953 2414 3276 2470 transtulit.

2090 2505 2179 2558 40.
2214 2526 2241 2551 ‹‹
2272 2503 2414 2557 Cum
2437 2519 2568 2558 vero
2589 2503 2916 2558 Alexandro
2939 2521 3098 2575 papae
3123 2519 3323 2559 eorum
3347 2503 3494 2559 foret
3511 2521 3664 2560 nun-

2018 2593 2199 2647 tiatus
2221 2592 2524 2659 adventus,
2545 2610 2641 2648 eos
2663 2593 2733 2648 ad
2760 2609 2822 2648 se
2840 2592 2898 2646 in
2937 2592 3258 2647 cubiculari
3281 2592 3540 2649 thalamo
3565 2610 3664 2649 vo-

2021 2679 2138 2735 cari
2159 2680 2331 2750 jubet
2357 2697 2369 2734 :
2396 2680 2491 2735 ubi
2519 2696 2696 2751 super
2717 2697 2919 2735 eorum
2943 2679 3091 2735 colla
3113 2695 3313 2751 ruens,
3337 2680 3663 2751 plurimum

2019 2768 2257 2840 gavisus
2283 2775 2370 2822 est
2396 2786 2407 2835 ;
2431 2767 2664 2823 Arialdo
2687 2768 2991 2839 antiquam
3022 2769 3334 2824 ostendens
3357 2769 3665 2827 familiari-

2019 2861 2221 2924 tatem,
2254 2874 2427 2928 quam
2463 2857 2651 2912 solent
2676 2858 2848 2912 amici
2875 2858 2947 2912 ad
2985 2857 3104 2912 alta
3151 2859 3530 2915 ascendentes
3561 2875 3666 2915 ne-

2019 2946 2256 3018 gligere.
2289 2948 2359 3000 At
2389 2945 2675 3012 Arialdus,
2708 2950 2912 3002 mutuo
2944 2962 3140 3001 amore
3184 2951 3509 3002 monstrato
3540 2964 3664 3004 ser-

2017 3039 2265 3106 vataque
2293 3035 2488 3089 debita
2532 3035 2870 3102 reverentia,
2921 3034 3002 3090 ita
3049 3035 3221 3106 cazpit
3269 3035 3460 3091 effari:
3495 3035 3668 3092 Pater

2019 3122 2409 3189 sanctissime,
2433 3122 2687 3178 Creatori
2704 3123 2968 3180 omnium
2985 3123 3202 3195 gratias
3216 3123 3398 3178 refero
3413 3123 3664 3180 immen-

263 3209 443 3263 frater
467 3206 733 3262 Landulfi
755 3208 825 3263 ab
849 3188 1266 3280 Hierosolymis
1311 3208 1582 3278 redierat,
1621 3206 1789 3262 miles
1829 3207 1908 3262 fa-
1938 3188 1979 3254 (ἶ
2020 3229 2136 3277 sas,
2162 3211 2316 3282 quod
2335 3188 2472 3266 tein
2504 3215 2664 3266 tanto
2701 3211 2939 3267 honoris
2969 3188 3244 3279 c'ulmine,
3281 3229 3384 3283 per
3421 3213 3520 3268 Dei
3552 3213 3666 3268 mi-

265 3302 412 3353 ctus.
429 3297 529 3350 Vir
548 3297 819 3368 equidem
847 3313 1068 3369 magnae
1094 3297 1414 3353 nobilitatis
1432 3301 1489 3353 et
1511 3295 1754 3352 concilio
1777 3313 1909 3367 pru-

263 3387 408 3441 dens
439 3385 974 3458 magnanimusque
1001 3402 1232 3458 semper
1280 3385 1408 3440 fuit.
1452 3386 1555 3442 Hic
1587 3385 1823 3440 Arialdo
1854 3387 1910 3440 et

261 3475 543 3530 Landulfo
574 3474 734 3530 visus
765 3478 855 3530 est
885 3473 1131 3530 idoneus
1163 3476 1235 3530 ad
1284 3474 1442 3546 ipsos
1476 3475 1905 3530 defendendum

261 3568 462 3620 contra
483 3563 722 3620 clericos
744 3580 910 3620 arma
932 3568 1247 3619 moventes.
1274 3564 1434 3620 Unde
1473 3580 1608 3618 cum
1631 3562 1907 3618 visitandi

259 3652 651 3724 hortandique
680 3653 868 3724 gratia
899 3653 970 3708 ad
1003 3669 1137 3708 eum
1175 3653 1492 3717 venissent,
1539 3651 1759 3708 talibus
1790 3651 1907 3706 orsi

260 3745 399 3796 sunt
420 3742 633 3797 verbis.
658 3742 703 3797 G
725 3740 1150 3808 Herlembalde,
1178 3742 1232 3795 in
1264 3741 1538 3797 omnibus
1559 3741 1906 3808 venerande,

259 3847 364 3902 pro
394 3833 495 3885 tuo
527 3829 716 3885 reditu
748 3847 856 3886 nos
901 3831 1085 3886 Deum
1135 3829 1556 3898 collaudantes,
1607 3831 1826 3902 gratias
1855 3829 1907 3886 ei

259 3918 568 3975 referimus
599 3920 917 3975 immensas
943 3940 956 3988 ς
993 3920 1076 3974 sic
1107 3919 1265 3974 enim
1297 3920 1471 3986 Deus,
1501 3918 1561 3973 in
1593 3921 1739 3975 mari
1773 3919 1906 3974 etin

259 4011 415 4062 terra
435 4007 639 4063 multis
663 4011 1012 4080 quassatum
1026 4006 1314 4079 procellis,
1334 4011 1389 4062 te
1403 4007 1572 4061 nobis
1593 4007 1779 4062 redire
1802 4023 1910 4064 sua

260 4096 619 4169 benignitate
651 4097 962 4168 disposuit.
993 4096 1162 4152 Vitiis
1187 4096 1360 4151 modo
1385 4095 1581 4152 szeculi
1603 4095 1771 4152 miles
1794 4097 1908 4151 fui-

260 4186 358 4251 sti,
391 4186 602 4240 decens
634 4185 778 4240 ratio
808 4189 896 4240 est
941 4189 1006 4239 ut
1047 4185 1148 4240 Dei
1192 4184 1564 4256 ecclesizsque
1613 4185 1907 4242 catholicis

262 4273 430 4328 miles
461 4273 735 4328 efﬁciaris
754 4273 1206 4330 strenuissimus
1227 4291 1239 4340 ;
1262 4277 1320 4328 et
1351 4274 1506 4345 quod
1533 4274 1760 4330 efficere
1791 4291 1908 4331 non

259 4362 582 4436 potuimus,
641 4366 744 4416 tua
791 4362 1027 4417 dextera
1070 4361 1343 4434 perﬁcere
1393 4363 1713 4420 valeamus.
1773 4365 1908 4420 Esto

261 4451 430 4506 nobis
453 4450 993 4521 quasiMathathias
1017 4455 1073 4506 et
1103 4450 1206 4506 filii
1235 4453 1384 4522 ejus,
1418 4452 1519 4524 qui
1549 4470 1651 4524 pro
1690 4453 1909 4525 templo

2018 3299 2414 3367 sericordiam,
2440 3299 2759 3356 sublimare
2779 3305 2834 3355 et
2868 3299 3119 3357 exaltare
3153 3301 3459 3373 disposuit.
3493 3301 3665 3357 Nunc

2017 3390 2215 3460 itaque
2245 3388 2478 3444 animus
2511 3403 2702 3454 meus,
2733 3389 2938 3445 multis
2977 3393 3314 3444 attenuatus
3345 3388 3659 3459 angustiis,

2018 3477 2281 3550 agnoscit
2305 3477 2460 3547 quod
2484 3476 2622 3532 olim
2637 3476 2781 3532 mihi
2803 3475 3141 3533 tuadileetio
3163 3475 3562 3547 promittebat,
3581 3481 3662 3543 et,

2017 3571 2082 3621 ut
2113 3565 2309 3621 omnia
2331 3566 2685 3633 amitterem,
2706 3565 3034 3621 sanctitatis
3056 3572 3163 3621 tuis
3184 3564 3560 3620 clementiam
3581 3582 3669 3621 re-

2017 3658 2278 3711 verenter
2306 3670 2496 3721 exoro,
2551 3657 2616 3709 ut
2662 3654 2819 3710 hunc
2865 3652 3114 3710 militem
3161 3652 3664 3724 Herlembaldum,

2015 3743 2166 3799 bello
2188 3744 2436 3815 probum
2473 3742 2830 3815 consilioque
2864 3741 3364 3812 strenuissimum,
3391 3741 3451 3796 in
3473 3742 3664 3798 omni-

2016 3832 2130 3888 bus
2150 3831 2464 3887 virlutibus
2489 3831 2923 3898 conﬁrmatum,
2947 3831 3049 3887 Dei
3076 3832 3269 3888 favore
3290 3834 3510 3903 tuoque
3533 3847 3666 3888 mu-

2017 3920 2229 3988 nitum,
2264 3920 2409 3975 mihi
2439 3920 2665 3975 tribuas
2693 3920 3080 3989 defensorem,
3113 3925 3170 3976 et
3212 3937 3246 3975 a
3287 3923 3343 3975 te
3385 3919 3665 3977 vexillum

2017 4008 2283 4081 accipiat,
2317 4012 2382 4064 ut
2407 4009 2670 4064 securius
2699 4008 2963 4064 militans
2993 4025 3100 4065 nos
3131 4007 3664 4080 possitdefendere,

2017 4102 2074 4153 et
2126 4102 2262 4154 tuos
2312 4097 2452 4154 olim
2498 4096 2743 4154 rebelles
2792 4097 3125 4154 humiliare.
3179 4097 3404 4166 Quibus
3453 4098 3674 4155 auditis

2017 4185 2344 4242 Alexander
2373 4185 2834 4242 Hildebrandum
2867 4184 3244 4254 cardinalem,
3267 4184 3408 4242 olim
3430 4185 3675 4258 legatio-

2019 4273 2112 4331 nis
2143 4292 2261 4330 suze
2281 4273 2587 4348 collegam,
2609 4276 2803 4331 vocari
2824 4275 3028 4346 jussit,
3052 4273 3677 4347 consentientibusque

2018 4364 2240 4420 c‘azteris
2281 4364 2704 4431 cardinalibus,
2777 4367 3077 4420 annuente
3145 4363 3203 4417 id
3255 4362 3674 4434 Hildebrando,

2016 4452 2341 4510 Alexander
2365 4453 2426 4507 in
2448 4451 2680 4524 publico
2704 4452 3052 4508 consistorio
3073 4450 3354 4507 vexillum
3378 4455 3674 4521 sanctum,

261 4539 361 4596 Dei
385 4544 438 4595 et
461 4540 660 4612 populi
680 4540 948 4597 libertate
970 4541 1186 4596 mortui
1208 4545 1368 4608 sunt,
1404 4546 1462 4596 et
1480 4542 1659 4598 vitam
1689 4542 1909 4598 haben-
1942 4560 1988 4624 Ι)
2019 4542 2175 4614 quod
2199 4540 2524 4597 nominavit
2543 4539 2831 4596 Vexillum
2855 4541 2913 4596 S.
2937 4540 3090 4596 Petri
3129 4539 3542 4596 Herlembaldo
3575 4541 3674 4597 de-

256 4632 346 4685 tes
368 4632 644 4685 aeternam
668 4631 726 4685 in
749 4630 976 4685 Christo
1010 4634 1149 4685 sunt
1171 4630 1416 4686 feliciter
1439 4631 1713 4686 coronati.
1750 4631 1914 4687 Libe-

258 4736 459 4774 remus
479 4718 798 4775 Ecclesiam
826 4718 946 4788 Dei,
975 4718 1178 4775 multis
1197 4720 1563 4792 temporibus
1583 4719 1905 4789 obsessam,

259 4812 315 4865 et
344 4808 603 4865 uxoratis
632 4808 1035 4865 sacerdotibus
1055 4808 1448 4880 inquinatam,
1474 4813 1538 4863 tu
1563 4806 1688 4880 lege
1708 4809 1907 4881 gladii,

258 4902 315 4954 et
344 4915 450 4954 nos
481 4898 604 4954 Dei.
637 4897 904 4954 Visitasti
937 4897 1270 4970 sepulcrum
1320 4899 1470 4969 ejus,
1519 4896 1702 4953 libera
1731 4898 1910 4971 igitur

257 4987 574 5043 Ecclesiam
597 4989 744 5059 ejus.
769 4987 871 5043 His
888 4986 1104 5043 auditis
1117 4984 1563 5042 Herlembaldus
1575 4985 1910 5059 aliquantu-

256 5075 380 5131 lum
404 5077 752 5148 supersedit,
785 5076 1062 5132 dubitans
1090 5074 1434 5130 clericorum
1453 5075 1782 5132 actionibus
1804 5075 1908 5130 im-

259 5166 516 5221 misceri.
568 5166 832 5220 Tandem
888 5164 1124 5221 hortatu
1179 5162 1448 5220 Landulﬁ
1495 5180 1629 5219 cum
1674 5163 1906 5220 Arialdo

259 5255 509 5310 Romam
539 5254 956 5325 proﬁciscitur,
987 5253 1337 5326 promittens
1367 5270 1430 5309 se
1461 5253 1518 5308 id
1536 5257 1826 5324 acturum,
1857 5253 1906 5309 si

257 5361 407 5414 papa
436 5343 778 5405 Alexander,
815 5343 912 5414 qui
956 5343 1026 5396 de
1059 5342 1310 5414 Badagio
1338 5347 1479 5410 erat,
1514 5344 1903 5399 confirmaret.

256 5431 337 5484 Ea
369 5447 626 5501 namque
657 5435 1026 5502 tempestate,
1059 5436 1290 5487 mortuo
1322 5430 1556 5487 Nicolao
1589 5449 1760 5505 papa,
1791 5435 1904 5487 An-

257 5517 501 5583 selmus,
591 5518 1045 5575 Mediolanensis
1120 5519 1262 5576 civis
1337 5521 1408 5574 de
1470 5521 1739 5593 Badagio,
1799 5525 1906 5577 Lu-

258 5619 442 5657 canus
473 5605 802 5673 episcopus,
833 5605 902 5660 ab
951 5607 1223 5662 omnibus
1270 5607 1673 5666 cardiaali‘bus
1713 5610 1772 5665 in
1803 5627 1905 5681 pa-

2022 4630 2125 4697 dit,
2151 4645 2402 4701 eumque
2424 4629 2700 4685 Romanas
2718 4628 3066 4685 universalis
3087 4627 3354 4685 Ecclesiae
3384 4627 3676 4684 vexillife-

2020 4736 2149 4775 rum
2172 4719 2324 4774 fecit.
2351 4719 2574 4783 Quibus
2597 4718 2842 4774 feliciter
2856 4717 3186 4790 completis,
3226 4716 3499 4773 Arialdus
3535 4734 3672 4773 cum

2018 4806 2424 4866 Herlembaldo
2441 4807 2835 4864 Mediolanum
2851 4807 3166 4880 repedavit,
3187 4807 3495 4879 factusque
3506 4823 3671 4862 secu-
3738 4818 3746 4866 '.

2017 4915 2119 4954 rus
2139 4897 2241 4954 tali
2256 4897 2579 4964 defensore,
2592 4897 2733 4952 vitia
2763 4896 3108 4954 clericorum
3123 4895 3433 4969 extirpavit
3451 4897 3669 4952 acrius.

2088 4987 2176 5042 41.
2217 5008 2239 5037 α
2275 4987 2420 5042 Cum
2445 4990 2641 5041 autem
2672 4985 3123 5042 Herlembaldus
3153 4986 3396 5042 vidisset
3443 4983 3666 5040 clerum

2017 5092 2182 5131 arma
2204 5079 2556 5142 moventem,
2580 5079 2891 5147 utramque
2910 5079 3135 5147 partem
3157 5075 3227 5130 ad
3251 5074 3527 5129 diurnam
3549 5073 3668 5130 dis-

2016 5164 2381 5238 putationem
2444 5168 2744 5233 convocat,
2801 5180 2867 5220 eo
2932 5167 3122 5236 pacto,
3183 5167 3248 5219 ut
3304 5178 3669 5235 quiscunque

2017 5270 2156 5326 pars
2206 5253 2430 5309 ratione
2469 5254 2933 5321 convinceretur,
2985 5252 3152 5310 alteri
3201 5252 3553 5323 subjaceret.
3605 5252 3667 5308 In

2017 5341 2276 5398 medium
2310 5341 2552 5413 prolatis
2584 5342 2885 5397 doctorum
2921 5341 3229 5397 sententiis
3254 5329 3508 5395 maxime
3538 5343 3669 5395 Am-

2015 5429 2195 5486 brosii
2224 5430 2567 5502 protectoris
2594 5434 2806 5485 nostra
2851 5429 3189 5486 clarissima:
3238 5429 3424 5494 urbis,
3469 5428 3667 5499 ibique

2015 5535 2118 5592 per
2147 5518 2517 5576 Guilbertum
2541 5517 3038 5585 archidiaconum,
3064 5517 3376 5574 Antonium
3407 5516 3662 5586 Bissum,

2013 5607 2306 5677 Andream
2337 5609 2760 5678 Decumanum,
2795 5607 2983 5666 multa
3010 5605 3236 5680 prolata
3278 5609 3418 5665 sunt
3466 5609 3665 5664 contra
