3960 6216
169 375 320 445 MM

1759 383 1988 451 ACTA.

3423 382 3581 454 1462

167 513 477 572 Arialdum
499 518 556 572 et
588 514 942 575 Landulfum
970 535 982 586 ;
1039 518 1137 591 qui
1185 519 1588 593 prmdietorum
1638 519 1815 577 trium
1847 520 1901 588 Α
1933 536 2074 586 rem,
2107 519 2325 577 obitam
2358 535 2568 594 nempe
2599 536 2693 579 an.
2718 519 2877 578 4065.
2903 520 3020 579 Hoc
3039 519 3229 578 sciens
3258 521 3580 580 Landulfus

166 605 358 671 verba,
393 604 557 662 Pauli
594 607 841 678 apostoli
876 612 932 664 et
963 613 1302 664 sanctorum
1352 608 1699 664 auctoritate
1729 625 1819 665 re-

167 692 396 749 fellunt.
439 716 464 743 »
499 693 792 751 Hactenus
853 695 1170 752 Laudulms
1218 697 1439 768 junior,
1493 697 1818 752 Puricellus

165 789 382 852 autem,
419 782 520 837 lib.
559 801 634 850 IV,
693 801 820 857 cap.
876 788 965 852 92,
1028 786 1247 857 prolixe
1302 787 1575 858 expendit
1624 785 1816 841 locum

165 873 220 929 S.
251 872 575 936 Ambrosii,
610 879 914 946 sumptum
947 892 1014 928 ex
1044 873 1190 930 libro
1224 894 1238 929 ι
1273 877 1348 930 De
1370 876 1597 943 officiis,
1633 876 1817 946 capite

164 961 289 1027 ult.,
321 977 501 1032 quem
527 961 783 1032 praedicti
809 962 1218 1033 eonjugiorum
1243 964 1600 1019 clericalium
1625 964 1814 1018 defen-

165 1066 318 1104 seres
341 1050 794 1120 corruperint,et
817 1057 1157 1122 corruptum
1192 1053 1357 1122 pejus
1391 1052 1815 1118 intellexerint;

167 1139 375 1193 docens
409 1137 538 1191 istis
569 1137 759 1192 solum
796 1139 1058 1193 ventilari
1086 1141 1464 1210 quaestionem
1497 1147 1634 1194 tunc
1669 1141 1818 1194 inter

166 1226 357 1280 Patres
390 1230 847 1293 controversam,
884 1231 1077 1281 utrum
1131 1233 1263 1282 ante
1313 1229 1670 1299 baptismum
1725 1229 1816 1281 bis

168 1316 672 1386 conjugatus,post
706 1315 869 1370 illum
895 1317 1131 1370 deberet
1153 1318 1377 1372 censeri
1405 1318 1818 1387 ligatus,adeo-

168 1419 271 1475 que
300 1421 334 1457 a
364 1405 552 1458 sacris
585 1404 890 1459 ordinibus
915 1405 1187 1470 arceri,et
1220 1424 1333 1460 non
1367 1410 1682 1461 arcendum
1700 1408 1819 1460 exi-

168 1492 436 1548 stimante
469 1493 527 1547 S.
561 1493 929 1566 Hieronymo,
964 1496 1322 1551 contrarium
1363 1498 1622 1552 tenuisse
1675 1501 1813 1551 Am-

167 1580 443 1647 brosium,
479 1583 884 1637 Innocentium
911 1588 1085 1655 atque
1115 1586 1532 1656 Augustinum.

230 1671 313 1724 42.
344 1670 591 1734 Quando
612 1669 790 1742 igitur
841 1673 1188 1728 Ambrosius
1220 1673 1358 1728 dicit
1402 1674 1557 1745 quod
1587 1673 1812 1730 clericis

171 1782 188 1807 α
221 1775 333 1813 una
363 1763 599 1814 tantum
632 1776 737 1814 nec
797 1761 1044 1832 repetita
1101 1763 1462 1833 permittitur
1518 1763 1745 1834 copula,
1785 1786 1810 1812 ››

166 1864 270 1919 quo
300 1864 482 1902 sensu
514 1848 570 1902 id
603 1849 775 1914 dicat,
811 1867 943 1904 mox
973 1849 1222 1922 explicat
1260 1851 1489 1905 verbis:
1525 1875 1550 1899 ‹‹
1600 1851 1809 1906 Pleris-
1843 1888 1888 1952 B

168 1953 269 2008 que
286 1936 504 1991 mirum
521 1936 750 1992 videtur
767 1954 869 1992 cur
882 1938 1057 1994 etiam
1073 1944 1206 1994 ante
1229 1939 1589 2010 baptismum
1605 1939 1808 1995 iterato

168 2023 531 2096 conjugio,ad
555 2023 900 2080 electionem
916 2026 1177 2080 muneris
1194 2026 1646 2082 etordinationis
1665 2044 1807 2098 pran-

169 2112 481 2184 rogativam
513 2113 933 2183 impedimenta
963 2119 1479 2186 generentur,cum
1513 2116 1687 2170 etiam
1712 2116 1808 2170 de-

167 2199 292 2256 licta
318 2201 528 2257 obesse
559 2219 674 2256 non
722 2202 968 2270 soleant,
1001 2204 1048 2258 si
1106 2203 1318 2259 lavacri
1369 2205 1614 2259 remissa
1671 2209 1810 2258 sunt

171 2295 550 2346 sacramento.
584 2291 694 2346 Sed
727 2290 1051 2364 intelligere
1085 2292 1366 2347 debemus
1398 2293 1537 2362 quia
1567 2293 1626 2346 in
1666 2293 1808 2364 bap-

169 2378 326 2434 tismo
356 2378 534 2450 culpa
563 2378 777 2434 dimitti
812 2380 1121 2452 potest,lex
1142 2381 1359 2436 aboleri
1383 2398 1496 2436 non
1526 2385 1750 2452 potest;
1780 2404 1806 2429 ››

170 2483 228 2522 ea
252 2467 490 2535 scilicet,
523 2485 652 2539 quze
685 2485 799 2524 non
833 2469 946 2525 nisi
977 2470 1151 2525 unius
1185 2471 1381 2526 uxoris
1428 2470 1619 2525 virum
1653 2471 1807 2525 ordi-

173 2557 282 2611 nari
313 2557 617 2628 permittit.
647 2557 808 2621 Quod
843 2563 1036 2614 autem
1070 2559 1246 2614 etiam
1278 2559 1456 2614 unius
1498 2559 1694 2613 uxoris
1726 2558 1808 2612 vi-

175 2661 257 2700 ros
283 2645 350 2700 ab
382 2644 586 2700 uxoris
611 2647 959 2702 commercio
992 2653 1186 2702 arceat
1212 2648 1557 2703 castimonia
1587 2649 1643 2702 in
1677 2648 1808 2703 sub-

177 2731 473 2789 diaconatu
522 2733 895 2806 suscipiendo
937 2736 1247 2807 promissa,
1302 2737 1516 2791 nedum
1568 2753 1808 2791 uxorem

175 2821 540 2891 quantumvis
570 2823 854 2893 virginem
911 2825 1122 2879 ducere
1179 2825 1500 2896 prohibeat,
1561 2842 1627 2879 ex
1675 2824 1807 2880 aliis

173 2910 452 2966 Ambrosii
488 2911 631 2967 locis
661 2913 917 2968 ostendit
945 2913 1306 2979 Puricellus;
1360 2919 1669 2986 postquam
1703 2915 1806 2971 do-

178 2998 376 3054 cuisset
404 2999 670 3070 primum
707 3001 887 3056 fuisse
917 3001 1158 3057 Dacium
1191 3003 1290 3073 qui
1322 3003 1537 3073 scripto
1563 3003 1804 3057 manda-

182 3086 311 3142 verit
336 3087 599 3144 tabulam
633 3089 852 3160 passim
911 3091 1118 3145 deinde
1176 3096 1540 3162 assumptam
1574 3091 1645 3146 ab
1674 3091 1804 3146 aliis

181 3173 240 3228 de
262 3177 456 3231 eodem
489 3177 990 3249 Ambrosio,quasi
1025 3179 1074 3234 is
1096 3196 1128 3233 a
1149 3179 1400 3235 Damaso
1415 3197 1565 3251 papa
1584 3180 1802 3235 missus

185 3263 730 3336 Constantinopolim
761 3266 989 3334 dixerit,
1024 3269 1179 3338 quod
1206 3292 1231 3317 «
1286 3267 1377 3322 lex
1410 3268 1674 3324 concedit
1704 3285 1801 3323 sa-
1833 3253 1873 3319 C

179 3352 419 3408 cerdotes
442 3353 618 3409 semel
642 3353 925 3427 virginem
950 3372 1188 3411 uxorem
1212 3357 1444 3419 dueere.
1479 3357 1577 3411 sed
1601 3357 1801 3427 conju-

1927 608 2436 684 historiographus
2459 610 2682 683 junior,
2736 610 2990 668 narratis
3017 625 3144 682 quas
3193 611 3263 668 de
3319 612 3580 668 Heriem-

1927 699 2096 754 baldo
2129 701 2542 772 praemisimus,
2575 724 2602 750 ‹‹
2640 718 2772 756 cum
2809 701 2932 756 haec
2967 705 3097 755 acta
3127 700 3397 768 fuissent,
3432 724 3459 752 »
3494 701 3582 756 in-

1928 789 2073 859 quit,
2100 813 2125 836 ‹‹
2155 789 2471 861 clerusque
2502 794 2949 856 aimamoveret,
2983 789 3231 844 moritur
3256 788 3579 845 Landulfus

1926 876 2310 932 Herlembaldi
2343 879 2867 950 frater.Utriusque
2891 879 3246 932 obtrectator
3267 878 3574 946 Arnulfus,

1926 967 2077 1035 apud
2103 966 2449 1021 Puricellum
2475 983 2605 1038 pag.
2623 970 2748 1033 223,
2781 967 2864 1022 sic
2897 967 2966 1022 de
2995 984 3060 1021 ea
3083 967 3572 1038 morteloquitur:

1927 1077 1951 1100 ‹‹
1988 1055 2128 1108 Cum
2163 1054 2379 1126 placuit
2407 1055 2730 1122 Altissimo,
2781 1054 2884 1126 qui
2946 1071 3112 1110 renes
3171 1059 3464 1110 scrutatur
3521 1058 3578 1111 et

1926 1143 2118 1208 corda,
2145 1142 2240 1196 ille
2263 1144 2361 1214 qui
2387 1143 2633 1198 alienam
2660 1145 2758 1198 diu
2783 1145 2972 1198 fuerat
3005 1143 3315 1199 meditatus
3338 1143 3574 1200 lassitu-

1926 1231 2144 1293 dinem,
2178 1231 2474 1302 inopinam
2509 1233 2702 1286 subito
2727 1231 2915 1286 doluit
2946 1248 3113 1286 suam
3142 1233 3330 1303 ipsius
3350 1234 3576 1305 mgritu-

1926 1319 2120 1373 dinem
2150 1337 2436 1390 ;cumque
2466 1321 2767 1391 langueret
2798 1321 3034 1374 biennio
3065 1319 3358 1390 pulmonis
3404 1321 3568 1388 vitio,

1925 1407 2137 1478 linguae
2169 1409 2429 1479 privatur
2450 1409 2729 1475 officio,nt
2750 1410 2808 1462 in
2834 1426 2947 1479 quo
2975 1409 3190 1464 multos
3222 1411 3488 1465 affecerat
3513 1411 3575 1465 in

1923 1513 1989 1550 eo
2021 1513 2254 1568 quoque
2276 1497 2564 1551 deﬁceret.
2589 1518 2617 1546 »
2642 1498 2727 1551 Ita
2749 1496 2846 1550 ille
2866 1497 3194 1552 divinorum
3213 1498 3575 1568 judiciorum

1924 1585 2222 1656 malignus
2252 1585 2597 1656 explorator,
2633 1602 2736 1656 pro
2771 1584 2987 1655 quibus
3038 1585 3086 1639 si
3138 1585 3448 1641 dicendum
3479 1603 3581 1658 per

1922 1676 2318 1745 conjecturam
2351 1674 2429 1728 sit
2458 1673 2702 1745 aliquid,
2735 1672 3130 1729 verosimilius
3194 1672 3417 1728 dicetur
3453 1690 3580 1730 eam

1923 1769 2170 1817 mortem
2193 1763 2376 1818 fuisse
2401 1779 2632 1834 poenam
2661 1761 2826 1817 dilati
2853 1761 3268 1828 monachatus,
3293 1763 3364 1816 ad
3409 1779 3579 1834 quem

1922 1851 2363 1923 suscipiendum
2391 1852 2506 1906 Deo
2524 1867 2585 1906 se
2610 1851 3003 1906 obstrinxerat
3030 1849 3581 1918 Landulfus,multi-

1920 1940 2106 1996 modis
2129 1941 2462 2011 praedictam
2486 1957 2518 1995 a
2541 1941 2597 1996 S.
2615 1943 2784 1995 Petro
2803 1938 3265 2007 Damiani,lib.v,
3285 1939 3456 2010 epist.
3491 1942 3576 1994 16.

1989 2031 2074 2083 44.
2108 2031 2361 2084 Conatur
2417 2029 2656 2100 quidem
2717 2027 3039 2084 Puricellus
3097 2044 3376 2083 excusare
3438 2045 3576 2083 eum

1918 2119 2180 2189 exemplo
2213 2117 2410 2172 fratris
2433 2116 2850 2183 Herlembaldi,
2884 2134 2918 2171 a
2948 2115 3274 2172 monastica
3295 2115 3413 2172 vita
3438 2117 3572 2172 abs-

1918 2207 2085 2261 tracti
2114 2207 2328 2260 intuitu
2353 2206 2592 2276 majoris
2613 2206 2750 2260 boni
2771 2204 3011 2277 publici;
3028 2205 3130 2260 sed
3147 2205 3377 2260 diversa
3398 2205 3574 2276 plane

1918 2294 2223 2365 utriusque
2241 2299 2327 2349 est
2349 2292 2842 2348 ratio.Consilium
2865 2294 2985 2349 sive
3030 2294 3402 2364 propositum
3427 2293 3572 2348 Her-

1917 2382 2247 2437 lembaldus
2276 2382 2545 2448 habebat,
2580 2399 2695 2436 non
2724 2385 2946 2449 votum,
2977 2385 3032 2435 et
3062 2379 3319 2436 Ecclesia
3360 2381 3570 2454 egebat

1919 2470 2123 2526 militis
2145 2470 2350 2525 armati
2375 2468 2608 2536 auxilio,
2627 2469 2779 2541 quoi
2804 2468 3127 2524 monachus
3151 2473 3426 2540 pmstarc
3453 2486 3568 2525 non

1917 2559 2224 2632 potuisset.
2249 2559 2631 2614 Concionator
2645 2562 2838 2613 autem
2866 2557 3188 2612 Landulfus
3226 2574 3481 2627 manere,
3515 2563 3572 2614 et

1917 2647 2240 2703 monachus
2267 2647 2389 2702 ﬁeri
2425 2651 2669 2718 poterat,
2704 2646 2905 2718 quales
2935 2645 3108 2702 etiam
3142 2647 3199 2700 in
3232 2647 3568 2702 subsidium

1915 2735 2362 2793 Mediolanensis
2383 2734 2634 2790 ecclesiae
2649 2734 3057 2790 Vallumbrosa
3071 2739 3336 2790 evocatos
3357 2735 3568 2792 scribit

1917 2825 2239 2881 Locatellus
2268 2821 2329 2878 in
2359 2823 2611 2879 Historia
2639 2824 2731 2878 sui
2789 2823 3043 2892 Ordinis,
3094 2823 3199 2879 lib.
3235 2842 3272 2891 ι,
3307 2841 3433 2896 cap.
3465 2825 3563 2892 68,

1915 2915 1984 2969 ad
2011 2930 2156 2986 quos
2178 2913 2355 2968 etiam
2381 2912 2760 2967 hortatoriam
2781 2928 2909 2967 eam
2935 2912 3172 2984 scripsit
3197 2913 3561 2983 Petrus,qua3

1914 3001 2015 3056 lib.
2035 3020 2066 3057 ν
2088 3006 2174 3057 est
2197 2999 2447 3072 epistola
2471 3002 2554 3065 14,
2580 3000 2798 3055 directa
2821 3024 2845 3049 ‹‹
2873 3000 3093 3055 sanctis
3138 2999 3418 3056 fratribus
3450 3000 3563 3056 Ro-

1913 3089 2274 3157 dulfo,Vitali
2297 3094 2352 3144 et
2372 3087 2606 3144 Arialdo
2629 3094 2801 3160 atque
2814 3088 3221 3144 Herlembaldo
3243 3091 3300 3144 et
3339 3087 3566 3144 caeteris

1915 3199 2016 3253 pro
2039 3179 2245 3235 castris
2263 3177 2715 3233 Christiinvicta
2755 3178 2866 3233 fide
2906 3177 3329 3245 certantibus,»
3380 3177 3479 3232 ubi
3511 3177 3566 3234 is

1913 3271 2054 3325 ordo
2073 3273 2335 3324 servatus
2367 3266 2614 3334 videtur,
2649 3271 2713 3320 ut
2759 3267 2948 3338 primo
3007 3267 3386 3322 nominentur
3434 3282 3563 3321 mo-

1911 3357 2105 3425 nachi,
2135 3361 2261 3411 tum
2294 3354 2538 3410 clericus
2589 3354 2885 3424 Arialdus,
2945 3355 3155 3410 deinde
3193 3354 3378 3410 laicus
3418 3355 3560 3410 Her-

177 3439 320 3510 gium
353 3459 466 3497 non
498 3442 728 3509 iterare,
763 3466 790 3492 »
851 3461 985 3499 cum
1038 3443 1250 3500 falsum
1312 3445 1389 3500 sit
1435 3445 1689 3516 aliquem
1734 3462 1802 3501 ex
1908 3445 2272 3511 lembaldus;
2309 3447 2534 3498 tacetur
2561 3446 2753 3498 autem
2785 3442 3127 3508 Landulfus,
3162 3441 3302 3512 quia
3323 3441 3406 3495 vel
3432 3443 3562 3512 jam

177 3526 464 3586 Occidente
496 3530 836 3604 episcopum
871 3533 1114 3588 concilio
1144 3533 1245 3588 ulli
1275 3532 1800 3604 Constantinopoli-

176 3620 296 3673 tano
327 3623 584 3690 tempore
611 3620 845 3676 Damasi
867 3622 1202 3678 interfuisse
1229 3648 1242 3691 ;
1268 3639 1453 3693 neque
1480 3623 1632 3693 apud
1654 3627 1801 3676 Grae-

178 3709 656 3778 cos,quantamvis
688 3711 1266 3784 nupturientes,quid
1319 3710 1510 3766 simile
1536 3710 1763 3782 legatur
1787 3729 1800 3778 ;

177 3809 269 3849 nec
295 3795 543 3868 denique
574 3797 708 3854 talis
738 3798 829 3855 lex
889 3818 1139 3872 usquam
1191 3800 1523 3856 inveniatur
1556 3817 1568 3868 ;
1603 3800 1703 3855 sed
1736 3816 1804 3854 ea

177 3882 351 3939 solum
373 3901 499 3956 qum
524 3903 906 3960 monogamos
929 3889 1188 3945 ordinari
1220 3889 1642 3955 concedit,cum
1666 3887 1805 3943 obli-

179 3972 393 4042 gatione
423 3975 782 4031 castimonia:
824 3981 954 4049 post
1000 3978 1427 4033 ordinationem
1487 3977 1801 4033 servandas.

180 4058 308 4115 Huic
333 4066 528 4118 autem
548 4062 661 4135 legi
684 4065 962 4121 insistens
987 4066 1314 4122 Alexander
1334 4068 1402 4132 II,
1437 4082 1504 4120 ex
1547 4066 1805 4121 Romano

181 4148 405 4206 concilio
437 4152 574 4206 anni
609 4153 745 4208 1063
775 4155 846 4208 ad
892 4154 1350 4210 Mediolanenses
1385 4154 1719 4225 scripserat,
1755 4157 1812 4209 et

185 4238 552 4310 praecipiendo
585 4242 893 4298 mandarat
927 4266 953 4292 ‹‹
987 4247 1050 4298 ut
1097 4241 1296 4297 nullus
1333 4242 1578 4298 missam
1611 4243 1814 4298 audiat

182 4323 478 4396 presbyteri
511 4343 686 4398 quem
715 4329 826 4384 scit
861 4329 1250 4385 concubinam
1270 4329 1482 4386 habere
1505 4329 1592 4384 vol
1615 4331 1815 4386 subin-

181 4411 488 4470 troductam
506 4416 809 4473 mulierem
837 4419 1203 4490 ;quicunque
1228 4441 1255 4468 »
1272 4423 1463 4475 autem
1490 4442 1516 4468 ‹‹
1543 4420 1814 4475 sacerdos

180 4498 260 4552 vel
290 4501 590 4570 diaconus,
622 4511 753 4576 post
806 4507 1194 4563 constitutum
1244 4525 1405 4579 papae
1456 4507 1663 4562 Leonis
1713 4512 1814 4562 aut

179 4583 794 4659 Nieolai,concubinam
817 4596 1049 4651 duxerit
1070 4596 1287 4668 palam,
1319 4595 1406 4651 vel
1439 4596 1674 4651 ductam
1701 4613 1814 4651 non

185 4673 486 4750 reliquerit,
520 4699 636 4738 non
666 4688 860 4740 cantet
893 4686 1137 4741 missam
1185 4700 1373 4756 neque
1413 4684 1814 4756 Evangelium,

188 4776 360 4834 neque
376 4768 694 4839 Epistolam
718 4773 789 4827 ad
810 4773 1055 4829 missam
1088 4774 1457 4846 legat,neque
1491 4772 1548 4826 in
1580 4775 1818 4845 presby-

191 4851 322 4908 terio
351 4855 420 4910 ad
452 4857 646 4915 divina
676 4861 866 4917 ofﬁcia
911 4845 1184 4934 imaneat,
1243 4878 1430 4933 neque
1487 4865 1716 4934 partem
1748 4863 1819 4917 ab

190 4939 415 4999 ecclesia
443 4945 746 5018 suscipiat.
784 4972 812 4999 »
1823 5017 1828 5024 .

263 5028 343 5084 43.
377 5035 568 5104 Atque
590 5033 710 5091 haec
731 5038 802 5093 de
823 5038 1234 5096 Herlembaldo
1254 5045 1311 5096 et
1331 5039 1656 5095 Alexandro
1687 5055 1824 5109 sup-

192 5112 389 5182 plenda
413 5118 506 5178 hic
557 5129 741 5194 erant,
790 5127 862 5183 de
896 5129 1066 5199 cujus
1124 5145 1258 5184 cum
1305 5127 1541 5184 Arialdo
1583 5129 1828 5184 Romam

193 5204 528 5270 profectione
560 5211 680 5284 agit
708 5215 992 5285 Andreas,
1024 5218 1166 5272 dum
1199 5216 1374 5273 refert
1428 5221 1676 5272 mortem
1717 5217 1828 5272 fra-

194 5290 288 5346 tris
314 5295 439 5364 ejus
465 5299 1031 5375 Landulfi,quamvis
1061 5323 1128 5362 ea
1158 5305 1514 5379 profectione
1543 5305 1828 5378 posterio-

281 5430 364 5486 46·

257 5431 386 5506 (46⁸)
413 5436 807 5501 Puricellusin
840 5448 1075 5504 dissert.
1097 5449 1305 5518 Nazar,
1341 5465 1472 5520 cap.
1503 5450 1574 5502 86
1596 5449 1830 5504 etdein-

199 5512 354 5627 (ἔθεε,
387 5507 654 5592 pluribus
685 5517 804 5588 agit
833 5520 903 5574 de
963 5520 1072 5575 hac
1104 5521 1162 5576 S.
1199 5521 1348 5576 Celsi
1411 5521 1649 5575 abbatia
1676 5526 1835 5575 extra

200 5583 261 5623 ur
299 5590 410 5627 8m.
443 5587 596 5627 Inter
630 5585 854 5627 pnrinm
884 5596 1198 5627 Dnmgnnvn
1230 5597 1280 5627 of
1308 5592 1677 5627 'Pininnnnovn
1715 5593 1835 5627 run-

202 5585 410 5643 urbem,
443 5585 596 5637 inter
626 5585 857 5645 Portam
879 5596 1201 5648 Romanam
1230 5597 1286 5648 et
1308 5592 1838 5656 'I‘icinensem,fun-

202 5638 664 5712 dataaLandulfo
683 5658 1050 5715 II.incertum
1078 5681 1194 5715 auo
1221 5680 1392 5715 anno:
1419 5664 1588 5715 affert
1634 5667 1829 5715 autem

548 5664 664 5712 ωιό
683 5664 1050 5730 lI,incertum
1078 5681 1194 5736 quo
1221 5680 1393 5733 anno;
1419 5664 1588 5721 affert
1634 5667 1829 5722 autem

413 5436 807 5520 Puri-cellusi‘n
840 5448 1075 5504 dissert.
1097 5449 1305 5518 Nazar,
1341 5465 1472 5520 cap.
1503 5450 1574 5502 86
1596 5449 1830 5504 etdein-

1912 3540 2200 3599 mortuus,
2234 3531 2319 3586 vel
2352 3531 2557 3586 saltem
2615 3530 2845 3584 inutilis
2889 3534 3123 3602 propter
3165 3530 3455 3597 morbum,
3491 3529 3564 3584 de

1911 3640 2024 3695 quo
2057 3620 2238 3676 nolim
2271 3635 2405 3674 cum
2437 3617 2720 3673 Puricello
2753 3616 3041 3686 dubitare,
3065 3617 3204 3689 quia
3228 3615 3372 3671 nihil
3395 3617 3566 3672 obest

1911 3712 1960 3766 si
1992 3727 2148 3765 mors
2179 3708 2280 3763 illa
2308 3708 2620 3762 delferatur
2650 3707 2722 3762 ad
2790 3723 3012 3762 annum
3075 3721 3262 3777 usque
3307 3706 3444 3761 1064
3473 3704 3565 3761 vel

1911 3799 2084 3855 etiam
2125 3799 2274 3853 1065.
2303 3795 2472 3852 Prius
2503 3812 2638 3868 ergo
2669 3812 2846 3867 quam
2880 3795 3055 3850 istam
3087 3793 3396 3867 epistolam
3419 3793 3565 3850 scri-

1912 3889 2072 3943 beret
2098 3885 2444 3952 Alexander,
2478 3885 2861 3957 rescripserat
2912 3883 3192 3940 Landulfo
3242 3888 3299 3939 et
3329 3883 3567 3940 Arialdo

1914 3974 2224 4043 clericis,id
2247 3974 2403 4045 quod
2427 3976 2517 4028 est
2537 3973 2690 4045 apud
2740 3973 2971 4029 Ivonem
3018 3973 3076 4027 in
3125 3972 3355 4027 decreto
3389 3988 3446 4042 p.
3475 3970 3567 4036 {2,

1915 4081 1962 4118 c.
1985 4064 2088 4116 24:
2118 4061 2481 4116 «Possumus
2502 4060 2559 4115 in
2581 4060 2819 4131 perjurii
2867 4060 3064 4132 aliquo
3104 4057 3569 4128 crimine‘,lapsis

1919 4149 2326 4207 misericordiae
2351 4165 2593 4204 manum
2616 4148 2941 4222 porrigere;
2978 4149 3077 4204 sed
3115 4163 3227 4203 non
3261 4147 3570 4216 debemus,

1920 4241 1990 4297 ad
2023 4241 2227 4295 futurae
2259 4237 2603 4310 perditionis
2629 4238 2980 4310 exemplum,
3004 4237 3302 4294 licentiam
3330 4236 3505 4292 dare:
3543 4259 3570 4287 »

1923 4328 2075 4401 quod
2104 4327 2274 4382 credo
2308 4325 2592 4396 respicere
2625 4325 2865 4383 clericos
2895 4330 3028 4399 post
3073 4327 3332 4398 juratam
3365 4341 3566 4381 emen-

1925 4417 2215 4473 dationem
2235 4418 2492 4485 receptos
2516 4416 2587 4468 ad
2609 4415 3056 4483 beneficium,ac
3080 4415 3290 4471 deinde
3316 4413 3576 4484 relapsos

1929 4507 2137 4562 iterum
2169 4505 2240 4560 ad
2275 4501 2421 4558 illud
2452 4520 2567 4558 non
2601 4502 3360 4574 recipiendos,absolutione
3381 4506 3577 4557 tamen

1927 4591 2334 4651 sacramentali
2368 4592 2694 4660 donandos,
2728 4593 2776 4647 si
2799 4593 3208 4664 pmnitcntiam
3235 4590 3575 4646 obtulerint.

1929 4685 2030 4739 llis
2061 4682 2378 4752 interjectis
2401 4698 2503 4751 pro
2535 4679 2930 4735 continuando
2963 4679 3220 4735 historiae
3251 4679 3347 4734 filo
3387 4694 3579 4751 regre-

1930 4773 2058 4828 dior
2086 4771 2159 4827 ad
2191 4775 2521 4826 contextum
2552 4770 2816 4837 Andreae,
2850 4769 3057 4840 quisic
3087 4787 3259 4842 porro
3290 4769 3487 4823 habet.

2006 4863 2094 4916 45.
2129 4884 2156 4910 ‹‹
2191 4860 2297 4916 Per
2323 4859 2472 4914 idem
2505 4863 2755 4930 tempus,
2792 4879 2819 4906 »
2863 4875 2977 4930 quo
3035 4857 3259 4913 scilicet
3306 4855 3584 4911 Arialdus

1935 4953 1992 5006 et
2021 4947 2386 5006 llerlembald
2401 4965 2466 5004 us
2497 4946 2793 5002 communi
2823 4951 3033 5002 conatu
3067 4963 3190 5001 rem
3238 4944 3584 5000 catholicam

1937 5037 2358 5110 promovebant
2375 5035 2844 5107 Mediolani,post
2863 5039 3104 5090 mortem
3127 5033 3418 5102 Landulfi,
3445 5036 3589 5105 puta

1938 5145 2090 5183 anno
2121 5128 2251 5183 1064
2282 5126 2368 5181 vel
2404 5125 2559 5193 1065,
2594 5147 2621 5174 ‹‹
2656 5125 2836 5180 abbas
2895 5123 3142 5178 ccenobii
3177 5123 3234 5178 S.
3270 5120 3422 5178 Celsi
3447 5119 3587 5192 (16*)

1939 5216 2115 5282 obiit;
2148 5216 2316 5285 cujus
2347 5213 2539 5269 locum
2571 5213 2805 5284 quidam
2855 5210 3120 5280 clericus,
3154 5209 3390 5267 nomine
3443 5213 3586 5264 Lan-

1939 5306 2193 5369 francus,
2228 5303 2498 5374 protinus
2530 5302 2745 5373 rapuit,
2806 5301 3051 5358 refutato
3111 5318 3212 5373 pro
3269 5316 3335 5356 eo
3394 5296 3590 5354 tiroci-

1943 5446 2142 5503 altaris
2174 5442 2362 5499 ornati
2396 5449 2847 5517 monumentum
2876 5462 2978 5517 pro
3010 5462 3161 5501 anno
3191 5443 3408 5517 97§,Aet
3461 5455 3590 5517 cap.

1941 5522 2010 5573 90
2042 5520 2248 5573 tractat
2277 5531 2479 5585 casum
2513 5514 2607 5568 hic
2668 5510 3010 5585 narratum;
3071 5517 3171 5573 sed
3228 5512 3376 5570 nihil
3431 5510 3593 5569 addit

1946 5607 2058 5664 quo
2090 5589 2250 5645 locus
2282 5586 2376 5640 hic
2410 5583 2755 5642 illustretur.
