  <div class='ocr_page' id='page_1' title='image "/cluster/home/n/w/nwhite01/storage/ocr_20150623/143/uva.x000829790/757.png"; bbox 0 0 3960 6216; ppageno 0'>
   <div class='ocr_carea' id='block_1_1' title="bbox 395 336 3822 414">
    <p class='ocr_par' dir='ltr' id='par_1_1' title="bbox 395 336 3822 414">
     <span class='ocr_line' id='line_1_1' title="bbox 395 336 3822 414; baseline -0.001 -2"><span class='ocrx_word' id='word_1_1' title='bbox 395 346 551 414; x_wconf 74' lang='lat' dir='ltr'>M63</span> <span class='ocrx_word' id='word_1_2' title='bbox 1511 341 1621 413; x_wconf 90' lang='lat' dir='ltr'>SS.</span> <span class='ocrx_word' id='word_1_3' title='bbox 1667 344 1985 411; x_wconf 75' lang='lat' dir='ltr'>ARIALDI</span> <span class='ocrx_word' id='word_1_4' title='bbox 2027 346 2128 411; x_wconf 87' lang='lat' dir='ltr'><strong>ET</strong></span> <span class='ocrx_word' id='word_1_5' title='bbox 2170 340 2678 412; x_wconf 79' lang='lat' dir='ltr'>ERLEMBALDI</span> <span class='ocrx_word' id='word_1_6' title='bbox 3646 336 3822 410; x_wconf 67' lang='lat' dir='ltr'>H64</span> 
     </span>
    </p>
   </div>
   <div class='ocr_carea' id='block_1_2' title="bbox 397 473 3819 555">
    <p class='ocr_par' dir='ltr' id='par_1_2' title="bbox 397 473 3819 555">
     <span class='ocr_line' id='line_1_2' title="bbox 397 473 3819 555; baseline -0.001 -15"><span class='ocrx_word' id='word_1_7' title='bbox 397 482 495 540; x_wconf 88' lang='lat' dir='ltr'>uio</span> <span class='ocrx_word' id='word_1_8' title='bbox 528 484 641 555; x_wconf 88' lang='grc'>(17)</span> <span class='ocrx_word' id='word_1_9' title='bbox 673 501 786 541; x_wconf 91' lang='lat' dir='ltr'>non</span> <span class='ocrx_word' id='word_1_10' title='bbox 819 481 1066 550; x_wconf 90' lang='lat' dir='ltr'>modico,</span> <span class='ocrx_word' id='word_1_11' title='bbox 1100 480 1254 554; x_wconf 91' lang='lat' dir='ltr'>quod</span> <span class='ocrx_word' id='word_1_12' title='bbox 1288 482 1593 539; x_wconf 82' lang='lat' dir='ltr'>annuatim</span> <span class='ocrx_word' id='word_1_13' title='bbox 1648 482 1922 539; x_wconf 84' lang='lat' dir='ltr'>sumebat</span> <span class='ocrx_word' id='word_1_14' title='bbox 1965 482 2038 538; x_wconf 92' lang='lat' dir='ltr'>de</span> <span class='ocrx_word' id='word_1_15' title='bbox 2066 484 2122 548; x_wconf 78' lang='grc' dir='ltr'><strong>Δ</strong></span> <span class='ocrx_word' id='word_1_16' title='bbox 2151 478 2513 539; x_wconf 80' lang='lat' dir='ltr'>familiariter</span> <span class='ocrx_word' id='word_1_17' title='bbox 2542 496 2769 547; x_wconf 90' lang='lat' dir='ltr'>novere,</span> <span class='ocrx_word' id='word_1_18' title='bbox 2806 477 2985 552; x_wconf 84' lang='lat' dir='ltr'>hujus</span> <span class='ocrx_word' id='word_1_19' title='bbox 3041 473 3287 536; x_wconf 82' lang='lat' dir='ltr'>intentio</span> <span class='ocrx_word' id='word_1_20' title='bbox 3341 478 3400 535; x_wconf 91' lang='lat' dir='ltr'>et</span> <span class='ocrx_word' id='word_1_21' title='bbox 3455 476 3819 536; x_wconf 75' lang='lat' dir='ltr'>exercitium</span> 
     </span>
    </p>
   </div>
   <div class='ocr_carea' id='block_1_3' title="bbox 397 567 3822 648">
    <p class='ocr_par' dir='ltr' id='par_1_3' title="bbox 397 567 3822 648">
     <span class='ocr_line' id='line_1_3' title="bbox 397 567 3822 648; baseline -0.001 -19"><span class='ocrx_word' id='word_1_22' title='bbox 397 572 716 648; x_wconf 77' lang='lat' dir='ltr'>pontificali</span> <span class='ocrx_word' id='word_1_23' title='bbox 748 573 939 628; x_wconf 91' lang='lat' dir='ltr'>domo.</span> <span class='ocrx_word' id='word_1_24' title='bbox 971 570 1151 643; x_wconf 84' lang='lat' dir='ltr'>Cujus</span> <span class='ocrx_word' id='word_1_25' title='bbox 1173 572 1431 627; x_wconf 77' lang='lat' dir='ltr'>nefanda:</span> <span class='ocrx_word' id='word_1_26' title='bbox 1456 572 1897 643; x_wconf 65' lang='lat' dir='ltr'>praesumptioni</span> <span class='ocrx_word' id='word_1_27' title='bbox 1921 575 2041 627; x_wconf 88' lang='lat' dir='ltr'>tam</span> <span class='ocrx_word' id='word_1_28' title='bbox 2151 568 2309 626; x_wconf 86' lang='lat' dir='ltr'>aliud</span> <span class='ocrx_word' id='word_1_29' title='bbox 2334 570 2567 626; x_wconf 89' lang='lat' dir='ltr'>assidue</span> <span class='ocrx_word' id='word_1_30' title='bbox 2588 586 2703 625; x_wconf 90' lang='lat' dir='ltr'>non</span> <span class='ocrx_word' id='word_1_31' title='bbox 2722 573 3044 643; x_wconf 37' lang='lat' dir='ltr'>erat‘quam</span> <span class='ocrx_word' id='word_1_32' title='bbox 3067 571 3132 626; x_wconf 88' lang='lat' dir='ltr'>ut</span> <span class='ocrx_word' id='word_1_33' title='bbox 3150 583 3321 641; x_wconf 90' lang='lat' dir='ltr'>opere</span> <span class='ocrx_word' id='word_1_34' title='bbox 3338 567 3610 641; x_wconf 86' lang='lat' dir='ltr'>impleret</span> <span class='ocrx_word' id='word_1_35' title='bbox 3627 567 3822 641; x_wconf 88' lang='lat' dir='ltr'>quid-</span> 
     </span>
    </p>
   </div>
   <div class='ocr_carea' id='block_1_4' title="bbox 400 655 3828 732">
    <p class='ocr_par' dir='ltr' id='par_1_4' title="bbox 400 655 3828 732">
     <span class='ocr_line' id='line_1_4' title="bbox 400 655 3828 732; baseline -0.003 -11"><span class='ocrx_word' id='word_1_36' title='bbox 400 666 731 721; x_wconf 87' lang='lat' dir='ltr'>constanter</span> <span class='ocrx_word' id='word_1_37' title='bbox 762 677 862 731; x_wconf 88' lang='lat' dir='ltr'>per</span> <span class='ocrx_word' id='word_1_38' title='bbox 892 664 1157 731; x_wconf 89' lang='lat' dir='ltr'>tempora</span> <span class='ocrx_word' id='word_1_39' title='bbox 1187 660 1441 732; x_wconf 91' lang='lat' dir='ltr'>plurima</span> <span class='ocrx_word' id='word_1_40' title='bbox 1474 661 1561 715; x_wconf 89' lang='lat' dir='ltr'>vir</span> <span class='ocrx_word' id='word_1_41' title='bbox 1599 660 1819 715; x_wconf 86' lang='lat' dir='ltr'>domini</span> <span class='ocrx_word' id='word_1_42' title='bbox 1851 659 2043 717; x_wconf 83' lang='lat' dir='ltr'>Arial-</span> <span class='ocrx_word' id='word_1_43' title='bbox 2153 658 2294 730; x_wconf 90' lang='lat' dir='ltr'>quid</span> <span class='ocrx_word' id='word_1_44' title='bbox 2323 657 2382 713; x_wconf 92' lang='lat' dir='ltr'>in</span> <span class='ocrx_word' id='word_1_45' title='bbox 2416 657 2627 713; x_wconf 83' lang='lat' dir='ltr'>divinis</span> <span class='ocrx_word' id='word_1_46' title='bbox 2659 656 2888 729; x_wconf 82' lang='lat' dir='ltr'>legebat</span> <span class='ocrx_word' id='word_1_47' title='bbox 2916 655 3337 713; x_wconf 87' lang='lat' dir='ltr'>voluminibus.</span> <span class='ocrx_word' id='word_1_48' title='bbox 3369 657 3519 714; x_wconf 89' lang='lat' dir='ltr'>Nam</span> <span class='ocrx_word' id='word_1_49' title='bbox 3569 658 3658 714; x_wconf 86' lang='lat' dir='ltr'>sic</span> <span class='ocrx_word' id='word_1_50' title='bbox 3688 662 3828 714; x_wconf 86' lang='lat' dir='ltr'>erat</span> 
     </span>
    </p>
   </div>
   <div class='ocr_carea' id='block_1_5' title="bbox 400 748 2043 819">
    <p class='ocr_par' dir='ltr' id='par_1_5' title="bbox 400 748 2043 819">
     <span class='ocr_line' id='line_1_5' title="bbox 400 748 2043 819; baseline -0.003 -11"><span class='ocrx_word' id='word_1_51' title='bbox 400 753 531 817; x_wconf 88' lang='lat' dir='ltr'>dus,</span> <span class='ocrx_word' id='word_1_52' title='bbox 566 766 697 804; x_wconf 89' lang='lat' dir='ltr'>cum</span> <span class='ocrx_word' id='word_1_53' title='bbox 730 748 1136 805; x_wconf 83' lang='lat' dir='ltr'>Herlembaldo</span> <span class='ocrx_word' id='word_1_54' title='bbox 1169 748 1347 803; x_wconf 82' lang='lat' dir='ltr'>nobili</span> <span class='ocrx_word' id='word_1_55' title='bbox 1382 748 1653 819; x_wconf 86' lang='lat' dir='ltr'>socioque</span> <span class='ocrx_word' id='word_1_56' title='bbox 1674 748 2043 817; x_wconf 81' lang='lat' dir='ltr'>ﬁdeli,obsti-</span> 
     </span>
    </p>
   </div>
   <div class='ocr_carea' id='block_1_6' title="bbox 396 836 2044 905">
    <p class='ocr_par' dir='ltr' id='par_1_6' title="bbox 396 836 2044 905">
     <span class='ocr_line' id='line_1_6' title="bbox 396 836 2044 905; baseline -0.002 -10"><span class='ocrx_word' id='word_1_57' title='bbox 396 839 488 905; x_wconf 89' lang='lat' dir='ltr'>tit,</span> <span class='ocrx_word' id='word_1_58' title='bbox 521 839 700 893; x_wconf 90' lang='lat' dir='ltr'>donec</span> <span class='ocrx_word' id='word_1_59' title='bbox 731 853 866 892; x_wconf 89' lang='lat' dir='ltr'>eum</span> <span class='ocrx_word' id='word_1_60' title='bbox 902 840 1154 893; x_wconf 86' lang='lat' dir='ltr'>facerent</span> <span class='ocrx_word' id='word_1_61' title='bbox 1206 836 1456 904; x_wconf 78' lang='lat' dir='ltr'>exulem,</span> <span class='ocrx_word' id='word_1_62' title='bbox 1490 855 1605 893; x_wconf 90' lang='lat' dir='ltr'>non</span> <span class='ocrx_word' id='word_1_63' title='bbox 1660 838 1854 895; x_wconf 90' lang='lat' dir='ltr'>solum</span> <span class='ocrx_word' id='word_1_64' title='bbox 1896 837 2044 893; x_wconf 89' lang='lat' dir='ltr'>male</span> 
     </span>
    </p>
   </div>
   <div class='ocr_carea' id='block_1_7' title="bbox 398 926 2045 998">
    <p class='ocr_par' dir='ltr' id='par_1_7' title="bbox 398 926 2045 998">
     <span class='ocr_line' id='line_1_7' title="bbox 398 926 2045 998; baseline -0.001 -14"><span class='ocrx_word' id='word_1_65' title='bbox 398 931 604 998; x_wconf 62' lang='lat' dir='ltr'>emptae</span> <span class='ocrx_word' id='word_1_66' title='bbox 636 926 879 981; x_wconf 75' lang='lat' dir='ltr'>abbatize</span> <span class='ocrx_word' id='word_1_67' title='bbox 914 927 1219 998; x_wconf 83' lang='lat' dir='ltr'>regimine,</span> <span class='ocrx_word' id='word_1_68' title='bbox 1256 927 1355 981; x_wconf 90' lang='lat' dir='ltr'>sed</span> <span class='ocrx_word' id='word_1_69' title='bbox 1395 927 1572 983; x_wconf 89' lang='lat' dir='ltr'>etiam</span> <span class='ocrx_word' id='word_1_70' title='bbox 1633 944 1778 997; x_wconf 89' lang='lat' dir='ltr'>pene</span> <span class='ocrx_word' id='word_1_71' title='bbox 1827 927 2045 982; x_wconf 82' lang='lat' dir='ltr'>finibus</span> 
     </span>
    </p>
   </div>
   <div class='ocr_carea' id='block_1_8' title="bbox 397 1017 1149 1087">
    <p class='ocr_par' dir='ltr' id='par_1_8' title="bbox 397 1017 1149 1087">
     <span class='ocr_line' id='line_1_8' title="bbox 397 1017 1149 1087; baseline -0.005 -14"><span class='ocrx_word' id='word_1_72' title='bbox 397 1017 661 1087; x_wconf 80' lang='lat' dir='ltr'>ejusdem</span> <span class='ocrx_word' id='word_1_73' title='bbox 696 1017 980 1087; x_wconf 70' lang='lat' dir='ltr'>parochire</span> <span class='ocrx_word' id='word_1_74' title='bbox 1008 1018 1149 1085; x_wconf 70' lang='lat'>(18).</span> 
     </span>
    </p>
   </div>
   <div class='ocr_carea' id='block_1_9' title="bbox 472 1105 2050 1175">
    <p class='ocr_par' dir='ltr' id='par_1_9' title="bbox 472 1105 2050 1175">
     <span class='ocr_line' id='line_1_9' title="bbox 472 1105 2050 1175; baseline -0.001 -16"><span class='ocrx_word' id='word_1_75' title='bbox 472 1108 557 1159; x_wconf 72' lang='grc'>46.</span> <span class='ocrx_word' id='word_1_76' title='bbox 598 1128 623 1153; x_wconf 85' lang='grc'><strong>‹‹</strong></span> <span class='ocrx_word' id='word_1_77' title='bbox 660 1106 717 1159; x_wconf 90' lang='lat' dir='ltr'>In</span> <span class='ocrx_word' id='word_1_78' title='bbox 742 1106 942 1159; x_wconf 77' lang='lat' dir='ltr'>eodem</span> <span class='ocrx_word' id='word_1_79' title='bbox 978 1106 1227 1175; x_wconf 76' lang='lat' dir='ltr'>denique</span> <span class='ocrx_word' id='word_1_80' title='bbox 1265 1110 1544 1175; x_wconf 84' lang='lat' dir='ltr'>tempore,</span> <span class='ocrx_word' id='word_1_81' title='bbox 1603 1105 1870 1158; x_wconf 86' lang='lat' dir='ltr'>defuncto</span> <span class='ocrx_word' id='word_1_82' title='bbox 1931 1120 2050 1159; x_wconf 88' lang='lat' dir='ltr'>mo-</span> 
     </span>
    </p>
   </div>
   <div class='ocr_carea' id='block_1_10' title="bbox 396 1192 2049 1257">
    <p class='ocr_par' dir='ltr' id='par_1_10' title="bbox 396 1192 2049 1257">
     <span class='ocr_line' id='line_1_10' title="bbox 396 1192 2049 1257; baseline -0.003 -6"><span class='ocrx_word' id='word_1_83' title='bbox 396 1194 637 1251; x_wconf 82' lang='lat' dir='ltr'>nasterii</span> <span class='ocrx_word' id='word_1_84' title='bbox 661 1197 717 1249; x_wconf 58' lang='grc' dir='ltr'>ὃ.</span> <span class='ocrx_word' id='word_1_85' title='bbox 742 1194 1029 1248; x_wconf 75' lang='lat' dir='ltr'>Ambrosii</span> <span class='ocrx_word' id='word_1_86' title='bbox 1055 1195 1283 1257; x_wconf 62' lang='lat' dir='ltr'>abbate,</span> <span class='ocrx_word' id='word_1_87' title='bbox 1310 1195 1459 1247; x_wconf 80' lang='lat' dir='ltr'>allus</span> <span class='ocrx_word' id='word_1_88' title='bbox 1482 1193 1725 1248; x_wconf 86' lang='lat' dir='ltr'>clericus</span> <span class='ocrx_word' id='word_1_89' title='bbox 1758 1192 2049 1247; x_wconf 85' lang='lat' dir='ltr'>cancella-</span> 
     </span>
    </p>
   </div>
   <div class='ocr_carea' id='block_1_11' title="bbox 399 1281 2051 1352">
    <p class='ocr_par' dir='ltr' id='par_1_11' title="bbox 399 1281 2051 1352">
     <span class='ocr_line' id='line_1_11' title="bbox 399 1281 2051 1352; baseline -0.002 -13"><span class='ocrx_word' id='word_1_90' title='bbox 399 1284 543 1349; x_wconf 89' lang='lat' dir='ltr'>rius,</span> <span class='ocrx_word' id='word_1_91' title='bbox 578 1283 811 1337; x_wconf 82' lang='lat' dir='ltr'>nomine</span> <span class='ocrx_word' id='word_1_92' title='bbox 844 1284 1203 1352; x_wconf 78' lang='lat' dir='ltr'>Aripramlus</span> <span class='ocrx_word' id='word_1_93' title='bbox 1235 1283 1371 1351; x_wconf 68' lang='lat'>{19),</span> <span class='ocrx_word' id='word_1_94' title='bbox 1398 1281 1660 1336; x_wconf 81' lang='lat' dir='ltr'>clericale</span> <span class='ocrx_word' id='word_1_95' title='bbox 1694 1283 1938 1352; x_wconf 87' lang='lat' dir='ltr'>birrum,</span> <span class='ocrx_word' id='word_1_96' title='bbox 1963 1299 2051 1336; x_wconf 89' lang='lat' dir='ltr'>ea-</span> 
     </span>
    </p>
   </div>
   <div class='ocr_carea' id='block_1_12' title="bbox 396 1370 2049 1443">
    <p class='ocr_par' dir='ltr' id='par_1_12' title="bbox 396 1370 2049 1443">
     <span class='ocr_line' id='line_1_12' title="bbox 396 1370 2049 1443; baseline -0.002 -14"><span class='ocrx_word' id='word_1_97' title='bbox 396 1380 568 1429; x_wconf 89' lang='lat' dir='ltr'>tenus</span> <span class='ocrx_word' id='word_1_98' title='bbox 594 1372 977 1443; x_wconf 73' lang='lat' dir='ltr'>ignominiosa</span> <span class='ocrx_word' id='word_1_99' title='bbox 1002 1374 1111 1439; x_wconf 65' lang='lat'>:20)</span> <span class='ocrx_word' id='word_1_100' title='bbox 1145 1371 1426 1436; x_wconf 79' lang='lat' dir='ltr'>delatum,</span> <span class='ocrx_word' id='word_1_101' title='bbox 1462 1371 1719 1441; x_wconf 80' lang='lat' dir='ltr'>reliquit,</span> <span class='ocrx_word' id='word_1_102' title='bbox 1774 1380 1825 1425; x_wconf 91' lang='lat' dir='ltr'>et</span> <span class='ocrx_word' id='word_1_103' title='bbox 1874 1370 2049 1440; x_wconf 82' lang='lat' dir='ltr'>hujus</span> 
     </span>
    </p>
   </div>
   <div class='ocr_carea' id='block_1_13' title="bbox 401 1459 2049 1530">
    <p class='ocr_par' dir='ltr' id='par_1_13' title="bbox 401 1459 2049 1530">
     <span class='ocr_line' id='line_1_13' title="bbox 401 1459 2049 1530; baseline -0.004 -13"><span class='ocrx_word' id='word_1_104' title='bbox 401 1460 739 1517; x_wconf 78' lang='lat' dir='ltr'>monasterii</span> <span class='ocrx_word' id='word_1_105' title='bbox 765 1478 976 1514; x_wconf 88' lang='lat' dir='ltr'>nomen</span> <span class='ocrx_word' id='word_1_106' title='bbox 1010 1460 1343 1514; x_wconf 69' lang='lat' dir='ltr'>alibaticum</span> <span class='ocrx_word' id='word_1_107' title='bbox 1376 1460 1487 1513; x_wconf 82' lang='lat' dir='ltr'>sibi</span> <span class='ocrx_word' id='word_1_108' title='bbox 1526 1459 1769 1513; x_wconf 86' lang='lat' dir='ltr'>nefande</span> <span class='ocrx_word' id='word_1_109' title='bbox 1804 1476 2049 1530; x_wconf 85' lang='lat' dir='ltr'>usurpa-</span> 
     </span>
    </p>
   </div>
   <div class='ocr_carea' id='block_1_14' title="bbox 401 1547 2054 1619">
    <p class='ocr_par' dir='ltr' id='par_1_14' title="bbox 401 1547 2054 1619">
     <span class='ocr_line' id='line_1_14' title="bbox 401 1547 2054 1619; baseline -0.002 -13"><span class='ocrx_word' id='word_1_110' title='bbox 401 1551 503 1606; x_wconf 90' lang='lat' dir='ltr'>vit.</span> <span class='ocrx_word' id='word_1_111' title='bbox 540 1550 647 1615; x_wconf 88' lang='lat' dir='ltr'>Qui</span> <span class='ocrx_word' id='word_1_112' title='bbox 680 1565 812 1604; x_wconf 89' lang='lat' dir='ltr'>eum</span> <span class='ocrx_word' id='word_1_113' title='bbox 842 1552 1013 1603; x_wconf 71' lang='lat' dir='ltr'>tanta:</span> <span class='ocrx_word' id='word_1_114' title='bbox 1046 1555 1201 1603; x_wconf 86' lang='lat' dir='ltr'>esset</span> <span class='ocrx_word' id='word_1_115' title='bbox 1258 1547 1641 1614; x_wconf 81' lang='lat' dir='ltr'>celsitudinis,</span> <span class='ocrx_word' id='word_1_116' title='bbox 1683 1564 1786 1619; x_wconf 90' lang='lat' dir='ltr'>pro</span> <span class='ocrx_word' id='word_1_117' title='bbox 1844 1554 2054 1603; x_wconf 90' lang='lat' dir='ltr'>natura</span> 
     </span>
    </p>
   </div>
   <div class='ocr_carea' id='block_1_15' title="bbox 404 1636 2055 1710">
    <p class='ocr_par' dir='ltr' id='par_1_15' title="bbox 404 1636 2055 1710">
     <span class='ocr_line' id='line_1_15' title="bbox 404 1636 2055 1710; baseline -0.003 -14"><span class='ocrx_word' id='word_1_118' title='bbox 404 1638 643 1710; x_wconf 85' lang='lat' dir='ltr'>superbi</span> <span class='ocrx_word' id='word_1_119' title='bbox 678 1638 1002 1708; x_wconf 77' lang='lat' dir='ltr'>sanguinis,</span> <span class='ocrx_word' id='word_1_120' title='bbox 1037 1642 1102 1691; x_wconf 91' lang='lat' dir='ltr'>ut</span> <span class='ocrx_word' id='word_1_121' title='bbox 1132 1636 1409 1691; x_wconf 79' lang='lat' dir='ltr'>violenter</span> <span class='ocrx_word' id='word_1_122' title='bbox 1454 1653 1821 1707; x_wconf 84' lang='lat' dir='ltr'>nequaquam</span> <span class='ocrx_word' id='word_1_123' title='bbox 1856 1640 2055 1708; x_wconf 88' lang='lat' dir='ltr'>posset</span> 
     </span>
    </p>
   </div>
   <div class='ocr_carea' id='block_1_16' title="bbox 398 1723 2052 1799">
    <p class='ocr_par' dir='ltr' id='par_1_16' title="bbox 398 1723 2052 1799">
     <span class='ocr_line' id='line_1_16' title="bbox 398 1723 2052 1799; baseline -0.002 -15"><span class='ocrx_word' id='word_1_124' title='bbox 398 1726 631 1799; x_wconf 86' lang='lat' dir='ltr'>expelli,</span> <span class='ocrx_word' id='word_1_125' title='bbox 666 1726 745 1779; x_wconf 90' lang='lat' dir='ltr'>ait</span> <span class='ocrx_word' id='word_1_126' title='bbox 768 1724 1039 1779; x_wconf 84' lang='lat' dir='ltr'>Arialdus</span> <span class='ocrx_word' id='word_1_127' title='bbox 1070 1724 1154 1777; x_wconf 92' lang='lat' dir='ltr'>vir</span> <span class='ocrx_word' id='word_1_128' title='bbox 1186 1724 1319 1778; x_wconf 88' lang='lat' dir='ltr'>Dei:</span> <span class='ocrx_word' id='word_1_129' title='bbox 1353 1723 1411 1778; x_wconf 90' lang='lat' dir='ltr'>Si</span> <span class='ocrx_word' id='word_1_130' title='bbox 1461 1725 1615 1795; x_wconf 90' lang='lat' dir='ltr'>quod</span> <span class='ocrx_word' id='word_1_131' title='bbox 1666 1725 1948 1780; x_wconf 86' lang='lat' dir='ltr'>debemus</span> <span class='ocrx_word' id='word_1_132' title='bbox 1994 1725 2052 1780; x_wconf 93' lang='lat' dir='ltr'>in</span> 
     </span>
    </p>
   </div>
   <div class='ocr_carea' id='block_1_17' title="bbox 401 1812 2134 1915">
    <p class='ocr_par' dir='ltr' id='par_1_17' title="bbox 401 1812 2134 1915">
     <span class='ocr_line' id='line_1_17' title="bbox 401 1812 2134 1915; baseline -0.003 -42"><span class='ocrx_word' id='word_1_133' title='bbox 401 1818 511 1873; x_wconf 85' lang='lat' dir='ltr'>hoc</span> <span class='ocrx_word' id='word_1_134' title='bbox 546 1816 809 1885; x_wconf 90' lang='lat' dir='ltr'>improbo</span> <span class='ocrx_word' id='word_1_135' title='bbox 842 1813 1069 1884; x_wconf 82' lang='lat' dir='ltr'>explere</span> <span class='ocrx_word' id='word_1_136' title='bbox 1103 1813 1442 1883; x_wconf 82' lang='lat' dir='ltr'>nequimus,</span> <span class='ocrx_word' id='word_1_137' title='bbox 1469 1813 1623 1884; x_wconf 89' lang='lat' dir='ltr'>quod</span> <span class='ocrx_word' id='word_1_138' title='bbox 1655 1812 1919 1868; x_wconf 84' lang='lat' dir='ltr'>valemus</span> <span class='ocrx_word' id='word_1_139' title='bbox 1941 1813 2055 1869; x_wconf 83' lang='lat' dir='ltr'>sal-</span> <span class='ocrx_word' id='word_1_140' title='bbox 2085 1850 2134 1915; x_wconf 79' lang='grc' dir='ltr'>Β</span> 
     </span>
    </p>
   </div>
   <div class='ocr_carea' id='block_1_18' title="bbox 403 1902 2055 1973">
    <p class='ocr_par' dir='ltr' id='par_1_18' title="bbox 403 1902 2055 1973">
     <span class='ocr_line' id='line_1_18' title="bbox 403 1902 2055 1973; baseline -0.002 -12"><span class='ocrx_word' id='word_1_141' title='bbox 403 1910 522 1961; x_wconf 88' lang='lat' dir='ltr'>tem</span> <span class='ocrx_word' id='word_1_142' title='bbox 555 1903 857 1958; x_wconf 82' lang='lat' dir='ltr'>faciamus.</span> <span class='ocrx_word' id='word_1_143' title='bbox 888 1902 1353 1973; x_wconf 87' lang='lat' dir='ltr'>Protinusigitur</span> <span class='ocrx_word' id='word_1_144' title='bbox 1383 1902 1638 1973; x_wconf 88' lang='lat' dir='ltr'>sumptis</span> <span class='ocrx_word' id='word_1_145' title='bbox 1661 1902 1961 1971; x_wconf 85' lang='lat' dir='ltr'>fratribus,</span> <span class='ocrx_word' id='word_1_146' title='bbox 1984 1904 2055 1958; x_wconf 90' lang='lat' dir='ltr'>ad</span> 
     </span>
    </p>
   </div>
   <div class='ocr_carea' id='block_1_19' title="bbox 403 1990 2059 2064">
    <p class='ocr_par' dir='ltr' id='par_1_19' title="bbox 403 1990 2059 2064">
     <span class='ocr_line' id='line_1_19' title="bbox 403 1990 2059 2064; baseline -0.001 -16"><span class='ocrx_word' id='word_1_147' title='bbox 403 2009 537 2049; x_wconf 90' lang='lat' dir='ltr'>eum</span> <span class='ocrx_word' id='word_1_148' title='bbox 570 1990 839 2064; x_wconf 84' lang='lat' dir='ltr'>perrexit.</span> <span class='ocrx_word' id='word_1_149' title='bbox 864 1991 984 2055; x_wconf 88' lang='lat' dir='ltr'>Quo</span> <span class='ocrx_word' id='word_1_150' title='bbox 1034 2008 1227 2045; x_wconf 88' lang='lat' dir='ltr'>coram</span> <span class='ocrx_word' id='word_1_151' title='bbox 1270 1997 1561 2061; x_wconf 89' lang='lat' dir='ltr'>pervento,</span> <span class='ocrx_word' id='word_1_152' title='bbox 1589 1990 1733 2045; x_wconf 86' lang='lat' dir='ltr'>dixit</span> <span class='ocrx_word' id='word_1_153' title='bbox 1756 2009 1768 2046; x_wconf 91' lang='lat'>:</span> <span class='ocrx_word' id='word_1_154' title='bbox 1790 1991 1937 2055; x_wconf 87' lang='lat' dir='ltr'>Quid</span> <span class='ocrx_word' id='word_1_155' title='bbox 1970 1995 2059 2047; x_wconf 87' lang='lat' dir='ltr'>est</span> 
     </span>
    </p>
   </div>
   <div class='ocr_carea' id='block_1_20' title="bbox 405 2079 2057 2150">
    <p class='ocr_par' dir='ltr' id='par_1_20' title="bbox 405 2079 2057 2150">
     <span class='ocr_line' id='line_1_20' title="bbox 405 2079 2057 2150; baseline -0.001 -13"><span class='ocrx_word' id='word_1_156' title='bbox 405 2081 705 2137; x_wconf 83' lang='lat' dir='ltr'>hoc?Heri</span> <span class='ocrx_word' id='word_1_157' title='bbox 724 2079 969 2134; x_wconf 88' lang='lat' dir='ltr'>clericus</span> <span class='ocrx_word' id='word_1_158' title='bbox 996 2098 1007 2134; x_wconf 91' lang='lat'><strong>:</strong></span> <span class='ocrx_word' id='word_1_159' title='bbox 1032 2079 1203 2133; x_wconf 86' lang='lat' dir='ltr'>hodie</span> <span class='ocrx_word' id='word_1_160' title='bbox 1228 2080 1430 2134; x_wconf 88' lang='lat' dir='ltr'>abbas.</span> <span class='ocrx_word' id='word_1_161' title='bbox 1468 2079 1747 2150; x_wconf 86' lang='lat' dir='ltr'>Magnum</span> <span class='ocrx_word' id='word_1_162' title='bbox 1782 2079 1967 2135; x_wconf 82' lang='lat' dir='ltr'>fecisti</span> <span class='ocrx_word' id='word_1_163' title='bbox 2000 2085 2057 2136; x_wconf 90' lang='lat' dir='ltr'>et</span> 
     </span>
    </p>
   </div>
   <div class='ocr_carea' id='block_1_21' title="bbox 403 2166 2057 2238">
    <p class='ocr_par' dir='ltr' id='par_1_21' title="bbox 403 2166 2057 2238">
     <span class='ocr_line' id='line_1_21' title="bbox 403 2166 2057 2238; baseline 0 -13"><span class='ocrx_word' id='word_1_164' title='bbox 403 2170 660 2226; x_wconf 88' lang='lat' dir='ltr'>velocem</span> <span class='ocrx_word' id='word_1_165' title='bbox 693 2168 929 2225; x_wconf 85' lang='lat' dir='ltr'>saltum.</span> <span class='ocrx_word' id='word_1_166' title='bbox 953 2169 1022 2224; x_wconf 86' lang='lat' dir='ltr'>Et</span> <span class='ocrx_word' id='word_1_167' title='bbox 1055 2185 1234 2238; x_wconf 91' lang='lat' dir='ltr'>quare</span> <span class='ocrx_word' id='word_1_168' title='bbox 1260 2185 1372 2222; x_wconf 90' lang='lat' dir='ltr'>non</span> <span class='ocrx_word' id='word_1_169' title='bbox 1398 2166 1649 2222; x_wconf 89' lang='lat' dir='ltr'>timuisti</span> <span class='ocrx_word' id='word_1_170' title='bbox 1682 2174 1883 2223; x_wconf 90' lang='lat' dir='ltr'>contra</span> <span class='ocrx_word' id='word_1_171' title='bbox 1922 2186 2057 2225; x_wconf 89' lang='lat' dir='ltr'>san-</span> 
     </span>
    </p>
   </div>
   <div class='ocr_carea' id='block_1_22' title="bbox 408 2258 2057 2329">
    <p class='ocr_par' dir='ltr' id='par_1_22' title="bbox 408 2258 2057 2329">
     <span class='ocr_line' id='line_1_22' title="bbox 408 2258 2057 2329; baseline -0.002 -15"><span class='ocrx_word' id='word_1_172' title='bbox 408 2265 531 2316; x_wconf 88' lang='lat' dir='ltr'>ctos</span> <span class='ocrx_word' id='word_1_173' title='bbox 562 2263 897 2323; x_wconf 89' lang='lat' dir='ltr'>canones,et</span> <span class='ocrx_word' id='word_1_174' title='bbox 919 2258 1581 2327; x_wconf 86' lang='lat' dir='ltr'>contrajusjurandum,</span> <span class='ocrx_word' id='word_1_175' title='bbox 1602 2258 1755 2327; x_wconf 93' lang='lat' dir='ltr'>quod</span> <span class='ocrx_word' id='word_1_176' title='bbox 1781 2274 1968 2329; x_wconf 90' lang='lat' dir='ltr'>nuper</span> <span class='ocrx_word' id='word_1_177' title='bbox 1998 2258 2057 2312; x_wconf 92' lang='lat' dir='ltr'>in</span> 
     </span>
    </p>
   </div>
   <div class='ocr_carea' id='block_1_23' title="bbox 408 2344 2057 2417">
    <p class='ocr_par' dir='ltr' id='par_1_23' title="bbox 408 2344 2057 2417">
     <span class='ocr_line' id='line_1_23' title="bbox 408 2344 2057 2417; baseline -0.001 -14"><span class='ocrx_word' id='word_1_178' title='bbox 408 2348 665 2403; x_wconf 90' lang='lat' dir='ltr'>Ecclesia</span> <span class='ocrx_word' id='word_1_179' title='bbox 697 2346 1220 2415; x_wconf 81' lang='lat' dir='ltr'>Romanajurasti,</span> <span class='ocrx_word' id='word_1_180' title='bbox 1255 2344 1362 2399; x_wconf 88' lang='lat' dir='ltr'>hoc</span> <span class='ocrx_word' id='word_1_181' title='bbox 1396 2362 1681 2417; x_wconf 86' lang='lat' dir='ltr'>usurpare</span> <span class='ocrx_word' id='word_1_182' title='bbox 1705 2346 1732 2400; x_wconf 87' lang='lat'><strong>?</strong></span> <span class='ocrx_word' id='word_1_183' title='bbox 1779 2346 1887 2410; x_wconf 90' lang='lat' dir='ltr'>Qui</span> <span class='ocrx_word' id='word_1_184' title='bbox 1935 2364 2057 2402; x_wconf 87' lang='lat' dir='ltr'>res-</span> 
     </span>
    </p>
   </div>
   <div class='ocr_carea' id='block_1_24' title="bbox 408 2434 2055 2509">
    <p class='ocr_par' dir='ltr' id='par_1_24' title="bbox 408 2434 2055 2509">
     <span class='ocr_line' id='line_1_24' title="bbox 408 2434 2055 2509; baseline 0 -19"><span class='ocrx_word' id='word_1_185' title='bbox 408 2435 649 2509; x_wconf 89' lang='lat' dir='ltr'>pondit:</span> <span class='ocrx_word' id='word_1_186' title='bbox 687 2436 824 2501; x_wconf 89' lang='lat' dir='ltr'>lloc,</span> <span class='ocrx_word' id='word_1_187' title='bbox 856 2438 919 2488; x_wconf 90' lang='lat' dir='ltr'>ut</span> <span class='ocrx_word' id='word_1_188' title='bbox 948 2434 1127 2501; x_wconf 85' lang='lat' dir='ltr'>vides,</span> <span class='ocrx_word' id='word_1_189' title='bbox 1163 2446 1360 2489; x_wconf 82' lang='lat' dir='ltr'>actum</span> <span class='ocrx_word' id='word_1_190' title='bbox 1388 2438 1495 2499; x_wconf 89' lang='lat' dir='ltr'>est,</span> <span class='ocrx_word' id='word_1_191' title='bbox 1526 2438 1582 2488; x_wconf 90' lang='lat' dir='ltr'>et</span> <span class='ocrx_word' id='word_1_192' title='bbox 1625 2434 1951 2506; x_wconf 89' lang='lat' dir='ltr'>relinquere</span> <span class='ocrx_word' id='word_1_193' title='bbox 1999 2435 2055 2490; x_wconf 92' lang='lat' dir='ltr'>id</span> 
     </span>
    </p>
   </div>
   <div class='ocr_carea' id='block_1_25' title="bbox 405 2521 2060 2596">
    <p class='ocr_par' dir='ltr' id='par_1_25' title="bbox 405 2521 2060 2596">
     <span class='ocr_line' id='line_1_25' title="bbox 405 2521 2060 2596; baseline 0.001 -18"><span class='ocrx_word' id='word_1_194' title='bbox 405 2523 655 2579; x_wconf 87' lang='lat' dir='ltr'>ulterius</span> <span class='ocrx_word' id='word_1_195' title='bbox 686 2522 927 2577; x_wconf 89' lang='lat' dir='ltr'>minime</span> <span class='ocrx_word' id='word_1_196' title='bbox 958 2521 1331 2592; x_wconf 82' lang='lat' dir='ltr'>possum.Cui</span> <span class='ocrx_word' id='word_1_197' title='bbox 1362 2522 1450 2576; x_wconf 83' lang='lat' dir='ltr'>vir</span> <span class='ocrx_word' id='word_1_198' title='bbox 1473 2522 1565 2577; x_wconf 94' lang='lat' dir='ltr'>Dei</span> <span class='ocrx_word' id='word_1_199' title='bbox 1593 2540 1605 2576; x_wconf 74' lang='grc' dir='ltr'>ε</span> <span class='ocrx_word' id='word_1_200' title='bbox 1641 2524 1698 2578; x_wconf 90' lang='lat' dir='ltr'>Si</span> <span class='ocrx_word' id='word_1_201' title='bbox 1731 2525 2060 2596; x_wconf 85' lang='lat' dir='ltr'>vis,inquit,</span> 
     </span>
    </p>
   </div>
   <div class='ocr_carea' id='block_1_26' title="bbox 410 2610 2058 2686">
    <p class='ocr_par' dir='ltr' id='par_1_26' title="bbox 410 2610 2058 2686">
     <span class='ocr_line' id='line_1_26' title="bbox 410 2610 2058 2686; baseline 0.001 -19"><span class='ocrx_word' id='word_1_202' title='bbox 410 2616 598 2686; x_wconf 89' lang='lat' dir='ltr'>potes,</span> <span class='ocrx_word' id='word_1_203' title='bbox 628 2616 685 2667; x_wconf 88' lang='lat' dir='ltr'>et</span> <span class='ocrx_word' id='word_1_204' title='bbox 714 2610 952 2666; x_wconf 85' lang='lat' dir='ltr'>omnino</span> <span class='ocrx_word' id='word_1_205' title='bbox 982 2627 1049 2666; x_wconf 79' lang='lat' dir='ltr'>ex</span> <span class='ocrx_word' id='word_1_206' title='bbox 1081 2611 1181 2665; x_wconf 92' lang='lat' dir='ltr'>Dei</span> <span class='ocrx_word' id='word_1_207' title='bbox 1213 2616 1375 2683; x_wconf 87' lang='lat' dir='ltr'>parte</span> <span class='ocrx_word' id='word_1_208' title='bbox 1422 2615 1753 2683; x_wconf 71' lang='lat' dir='ltr'>sanctasque</span> <span class='ocrx_word' id='word_1_209' title='bbox 1787 2613 2058 2669; x_wconf 67' lang='lat' dir='ltr'>Romanae</span> 
     </span>
    </p>
   </div>
   <div class='ocr_carea' id='block_1_27' title="bbox 410 2700 2060 2771">
    <p class='ocr_par' dir='ltr' id='par_1_27' title="bbox 410 2700 2060 2771">
     <span class='ocr_line' id='line_1_27' title="bbox 410 2700 2060 2771; baseline 0.003 -15"><span class='ocrx_word' id='word_1_210' title='bbox 410 2700 677 2756; x_wconf 71' lang='lat' dir='ltr'>Ecclesia:</span> <span class='ocrx_word' id='word_1_211' title='bbox 700 2700 977 2771; x_wconf 88' lang='lat' dir='ltr'>deprecor</span> <span class='ocrx_word' id='word_1_212' title='bbox 1002 2704 1157 2767; x_wconf 88' lang='lat' dir='ltr'>te,ut</span> <span class='ocrx_word' id='word_1_213' title='bbox 1188 2715 1308 2754; x_wconf 89' lang='lat' dir='ltr'>rem</span> <span class='ocrx_word' id='word_1_214' title='bbox 1341 2704 1543 2755; x_wconf 91' lang='lat' dir='ltr'>contra</span> <span class='ocrx_word' id='word_1_215' title='bbox 1570 2700 1670 2756; x_wconf 90' lang='lat' dir='ltr'>Dei</span> <span class='ocrx_word' id='word_1_216' title='bbox 1702 2702 2060 2761; x_wconf 85' lang='lat' dir='ltr'>voluntatem</span> 
     </span>
    </p>
   </div>
   <div class='ocr_carea' id='block_1_28' title="bbox 412 2788 2058 2864">
    <p class='ocr_par' dir='ltr' id='par_1_28' title="bbox 412 2788 2058 2864">
     <span class='ocr_line' id='line_1_28' title="bbox 412 2788 2058 2864; baseline 0.001 -19"><span class='ocrx_word' id='word_1_217' title='bbox 412 2792 733 2858; x_wconf 89' lang='lat' dir='ltr'>sumptam,</span> <span class='ocrx_word' id='word_1_218' title='bbox 765 2793 821 2843; x_wconf 89' lang='lat' dir='ltr'>et</span> <span class='ocrx_word' id='word_1_219' title='bbox 851 2792 1053 2842; x_wconf 87' lang='lat' dir='ltr'>contra</span> <span class='ocrx_word' id='word_1_220' title='bbox 1108 2791 1219 2842; x_wconf 81' lang='lat' dir='ltr'>tuae</span> <span class='ocrx_word' id='word_1_221' title='bbox 1278 2788 1484 2843; x_wconf 69' lang='lat' dir='ltr'>animae</span> <span class='ocrx_word' id='word_1_222' title='bbox 1529 2788 1778 2845; x_wconf 90' lang='lat' dir='ltr'>salutem</span> <span class='ocrx_word' id='word_1_223' title='bbox 1811 2797 2058 2864; x_wconf 88' lang='lat' dir='ltr'>raptam,</span> 
     </span>
    </p>
   </div>
   <div class='ocr_carea' id='block_1_29' title="bbox 412 2874 2064 2950">
    <p class='ocr_par' dir='ltr' id='par_1_29' title="bbox 412 2874 2064 2950">
     <span class='ocr_line' id='line_1_29' title="bbox 412 2874 2064 2950; baseline 0.002 -17"><span class='ocrx_word' id='word_1_224' title='bbox 412 2874 731 2946; x_wconf 87' lang='lat' dir='ltr'>relinquas.</span> <span class='ocrx_word' id='word_1_225' title='bbox 764 2879 840 2929; x_wconf 80' lang='lat' dir='ltr'>At</span> <span class='ocrx_word' id='word_1_226' title='bbox 872 2874 1005 2929; x_wconf 91' lang='lat' dir='ltr'>ille:</span> <span class='ocrx_word' id='word_1_227' title='bbox 1040 2875 1109 2929; x_wconf 86' lang='lat' dir='ltr'>Et</span> <span class='ocrx_word' id='word_1_228' title='bbox 1138 2892 1263 2946; x_wconf 86' lang='lat' dir='ltr'>ego,</span> <span class='ocrx_word' id='word_1_229' title='bbox 1298 2876 1509 2947; x_wconf 89' lang='lat' dir='ltr'>inquit,</span> <span class='ocrx_word' id='word_1_230' title='bbox 1542 2876 1653 2933; x_wconf 88' lang='lat' dir='ltr'>sub</span> <span class='ocrx_word' id='word_1_231' title='bbox 1684 2879 2064 2950; x_wconf 88' lang='lat' dir='ltr'>eodemjura-</span> 
     </span>
    </p>
   </div>
   <div class='ocr_carea' id='block_1_30' title="bbox 417 2963 2062 3035">
    <p class='ocr_par' dir='ltr' id='par_1_30' title="bbox 417 2963 2062 3035">
     <span class='ocr_line' id='line_1_30' title="bbox 417 2963 2062 3035; baseline 0.002 -14"><span class='ocrx_word' id='word_1_232' title='bbox 417 2968 637 3032; x_wconf 89' lang='lat' dir='ltr'>mento,</span> <span class='ocrx_word' id='word_1_233' title='bbox 670 2980 797 3035; x_wconf 79' lang='lat' dir='ltr'>quo.</span> <span class='ocrx_word' id='word_1_234' title='bbox 820 2963 1110 3031; x_wconf 89' lang='lat' dir='ltr'>adjurasti</span> <span class='ocrx_word' id='word_1_235' title='bbox 1142 2980 1255 3031; x_wconf 91' lang='lat' dir='ltr'>me,</span> <span class='ocrx_word' id='word_1_236' title='bbox 1291 2965 1497 3034; x_wconf 85' lang='lat' dir='ltr'>adjuro</span> <span class='ocrx_word' id='word_1_237' title='bbox 1524 2969 1579 3019; x_wconf 93' lang='lat' dir='ltr'>te</span> <span class='ocrx_word' id='word_1_238' title='bbox 1611 2971 1675 3020; x_wconf 90' lang='lat' dir='ltr'>ut</span> <span class='ocrx_word' id='word_1_239' title='bbox 1705 2967 1824 3022; x_wconf 89' lang='lat' dir='ltr'>tuis</span> <span class='ocrx_word' id='word_1_240' title='bbox 1856 2972 1910 3022; x_wconf 91' lang='lat' dir='ltr'>te</span> <span class='ocrx_word' id='word_1_241' title='bbox 1936 2985 2062 3025; x_wconf 89' lang='lat' dir='ltr'>ves-</span> 
     </span>
    </p>
   </div>
   <div class='ocr_carea' id='block_1_31' title="bbox 416 3051 2063 3128">
    <p class='ocr_par' dir='ltr' id='par_1_31' title="bbox 416 3051 2063 3128">
     <span class='ocr_line' id='line_1_31' title="bbox 416 3051 2063 3128; baseline 0.002 -20"><span class='ocrx_word' id='word_1_242' title='bbox 416 3053 578 3108; x_wconf 84' lang='lat' dir='ltr'>tibus</span> <span class='ocrx_word' id='word_1_243' title='bbox 609 3068 764 3107; x_wconf 91' lang='lat' dir='ltr'>nunc</span> <span class='ocrx_word' id='word_1_244' title='bbox 794 3069 992 3119; x_wconf 83' lang='lat' dir='ltr'>exuas,</span> <span class='ocrx_word' id='word_1_245' title='bbox 1025 3057 1081 3106; x_wconf 92' lang='lat' dir='ltr'>et</span> <span class='ocrx_word' id='word_1_246' title='bbox 1111 3051 1204 3107; x_wconf 88' lang='lat' dir='ltr'>hic</span> <span class='ocrx_word' id='word_1_247' title='bbox 1234 3069 1430 3109; x_wconf 87' lang='lat' dir='ltr'>coram</span> <span class='ocrx_word' id='word_1_248' title='bbox 1481 3070 1571 3109; x_wconf 90' lang='lat' dir='ltr'><strong>me</strong></span> <span class='ocrx_word' id='word_1_249' title='bbox 1610 3058 1666 3108; x_wconf 90' lang='lat' dir='ltr'>te</span> <span class='ocrx_word' id='word_1_250' title='bbox 1722 3055 2063 3128; x_wconf 60' lang='lat' dir='ltr'>scoparl.fa-</span> 
     </span>
    </p>
   </div>
   <div class='ocr_carea' id='block_1_32' title="bbox 422 3139 2061 3215">
    <p class='ocr_par' dir='ltr' id='par_1_32' title="bbox 422 3139 2061 3215">
     <span class='ocr_line' id='line_1_32' title="bbox 422 3139 2061 3215; baseline 0.004 -20"><span class='ocrx_word' id='word_1_251' title='bbox 422 3140 543 3196; x_wconf 91' lang='lat' dir='ltr'>cias</span> <span class='ocrx_word' id='word_1_252' title='bbox 574 3141 706 3211; x_wconf 83' lang='lat'>(21).</span> <span class='ocrx_word' id='word_1_253' title='bbox 739 3140 845 3203; x_wconf 88' lang='lat' dir='ltr'>Qui</span> <span class='ocrx_word' id='word_1_254' title='bbox 874 3139 1144 3212; x_wconf 89' lang='lat' dir='ltr'>protinus</span> <span class='ocrx_word' id='word_1_255' title='bbox 1203 3141 1481 3210; x_wconf 89' lang='lat' dir='ltr'>cucurrit,</span> <span class='ocrx_word' id='word_1_256' title='bbox 1514 3141 1703 3215; x_wconf 80' lang='lat' dir='ltr'>virgas</span> <span class='ocrx_word' id='word_1_257' title='bbox 1734 3144 2061 3215; x_wconf 86' lang='lat' dir='ltr'>acquisivit,</span> 
     </span>
    </p>
   </div>
   <div class='ocr_carea' id='block_1_33' title="bbox 2150 745 3826 825">
    <p class='ocr_par' dir='ltr' id='par_1_33' title="bbox 2150 745 3826 825">
     <span class='ocr_line' id='line_1_33' title="bbox 2150 745 3826 825; baseline 0.002 -26"><span class='ocrx_word' id='word_1_258' title='bbox 2150 745 2349 818; x_wconf 88' lang='lat' dir='ltr'>largus</span> <span class='ocrx_word' id='word_1_259' title='bbox 2373 750 2435 801; x_wconf 91' lang='lat' dir='ltr'>ut</span> <span class='ocrx_word' id='word_1_260' title='bbox 2465 746 2797 817; x_wconf 86' lang='lat' dir='ltr'>frequenter</span> <span class='ocrx_word' id='word_1_261' title='bbox 2825 746 2896 801; x_wconf 91' lang='lat' dir='ltr'>de</span> <span class='ocrx_word' id='word_1_262' title='bbox 2935 745 3064 817; x_wconf 86' lang='lat' dir='ltr'>ipso</span> <span class='ocrx_word' id='word_1_263' title='bbox 3090 746 3352 825; x_wconf 87' lang='lat' dir='ltr'>dicerent</span> <span class='ocrx_word' id='word_1_264' title='bbox 3383 745 3445 801; x_wconf 92' lang='lat' dir='ltr'>hi</span> <span class='ocrx_word' id='word_1_265' title='bbox 3470 745 3573 818; x_wconf 90' lang='lat' dir='ltr'>qui</span> <span class='ocrx_word' id='word_1_266' title='bbox 3605 747 3826 805; x_wconf 85' lang='lat' dir='ltr'>sedule</span> 
     </span>
    </p>
   </div>
   <div class='ocr_carea' id='block_1_34' title="bbox 2154 826 3825 909">
    <p class='ocr_par' dir='ltr' id='par_1_34' title="bbox 2154 826 3825 909">
     <span class='ocr_line' id='line_1_34' title="bbox 2154 826 3825 909; baseline 0.003 -20"><span class='ocrx_word' id='word_1_267' title='bbox 2154 851 2288 889; x_wconf 90' lang='lat' dir='ltr'>cum</span> <span class='ocrx_word' id='word_1_268' title='bbox 2320 851 2386 889; x_wconf 92' lang='lat' dir='ltr'>eo</span> <span class='ocrx_word' id='word_1_269' title='bbox 2418 836 2837 903; x_wconf 82' lang='lat' dir='ltr'>morabantur:</span> <span class='ocrx_word' id='word_1_270' title='bbox 2870 834 2926 889; x_wconf 91' lang='lat' dir='ltr'>Si</span> <span class='ocrx_word' id='word_1_271' title='bbox 2951 834 3046 890; x_wconf 90' lang='lat' dir='ltr'>hic</span> <span class='ocrx_word' id='word_1_272' title='bbox 3096 851 3291 890; x_wconf 88' lang='lat' dir='ltr'>arcam</span> <span class='ocrx_word' id='word_1_273' title='bbox 3337 835 3533 892; x_wconf 90' lang='lat' dir='ltr'>aureis</span> <span class='ocrx_word' id='word_1_274' title='bbox 3574 826 3825 909; x_wconf 77' lang='lat' dir='ltr'>plenam</span> 
     </span>
    </p>
   </div>
   <div class='ocr_carea' id='block_1_35' title="bbox 2154 923 3823 999">
    <p class='ocr_par' dir='ltr' id='par_1_35' title="bbox 2154 923 3823 999">
     <span class='ocr_line' id='line_1_35' title="bbox 2154 923 3823 999; baseline 0.002 -20"><span class='ocrx_word' id='word_1_275' title='bbox 2154 923 2413 992; x_wconf 86' lang='lat' dir='ltr'>haberet,</span> <span class='ocrx_word' id='word_1_276' title='bbox 2447 928 2504 979; x_wconf 88' lang='lat' dir='ltr'>et</span> <span class='ocrx_word' id='word_1_277' title='bbox 2561 941 2677 979; x_wconf 91' lang='lat' dir='ltr'>non</span> <span class='ocrx_word' id='word_1_278' title='bbox 2738 924 3067 980; x_wconf 87' lang='lat' dir='ltr'>defuissent</span> <span class='ocrx_word' id='word_1_279' title='bbox 3119 927 3385 995; x_wconf 86' lang='lat' dir='ltr'>petentes</span> <span class='ocrx_word' id='word_1_280' title='bbox 3431 931 3823 999; x_wconf 78' lang='lat' dir='ltr'>agentesque,</span> 
     </span>
    </p>
   </div>
   <div class='ocr_carea' id='block_1_36' title="bbox 2156 1012 3827 1085">
    <p class='ocr_par' dir='ltr' id='par_1_36' title="bbox 2156 1012 3827 1085">
     <span class='ocr_line' id='line_1_36' title="bbox 2156 1012 3827 1085; baseline 0.002 -18"><span class='ocrx_word' id='word_1_281' title='bbox 2156 1029 2271 1067; x_wconf 90' lang='lat' dir='ltr'>uno</span> <span class='ocrx_word' id='word_1_282' title='bbox 2303 1012 2359 1066; x_wconf 88' lang='lat' dir='ltr'>in</span> <span class='ocrx_word' id='word_1_283' title='bbox 2391 1012 2481 1067; x_wconf 92' lang='lat' dir='ltr'>die</span> <span class='ocrx_word' id='word_1_284' title='bbox 2512 1013 2711 1068; x_wconf 91' lang='lat' dir='ltr'>omnia</span> <span class='ocrx_word' id='word_1_285' title='bbox 2741 1012 2943 1084; x_wconf 90' lang='lat' dir='ltr'>procul</span> <span class='ocrx_word' id='word_1_286' title='bbox 3002 1013 3180 1068; x_wconf 92' lang='lat' dir='ltr'>dubio</span> <span class='ocrx_word' id='word_1_287' title='bbox 3239 1014 3612 1085; x_wconf 85' lang='lat' dir='ltr'>expenderet.</span> <span class='ocrx_word' id='word_1_288' title='bbox 3664 1015 3827 1071; x_wconf 87' lang='lat' dir='ltr'>Cum</span> 
     </span>
    </p>
   </div>
   <div class='ocr_carea' id='block_1_37' title="bbox 2156 1100 3825 1174">
    <p class='ocr_par' dir='ltr' id='par_1_37' title="bbox 2156 1100 3825 1174">
     <span class='ocr_line' id='line_1_37' title="bbox 2156 1100 3825 1174; baseline 0.003 -19"><span class='ocrx_word' id='word_1_289' title='bbox 2156 1100 2309 1155; x_wconf 89' lang='lat' dir='ltr'>enim</span> <span class='ocrx_word' id='word_1_290' title='bbox 2343 1100 2552 1155; x_wconf 89' lang='lat' dir='ltr'>alicubi</span> <span class='ocrx_word' id='word_1_291' title='bbox 2580 1102 2891 1170; x_wconf 85' lang='lat' dir='ltr'>incederet,</span> <span class='ocrx_word' id='word_1_292' title='bbox 2911 1104 2967 1155; x_wconf 89' lang='lat' dir='ltr'>et</span> <span class='ocrx_word' id='word_1_293' title='bbox 2996 1102 3298 1157; x_wconf 88' lang='lat' dir='ltr'>obviantes</span> <span class='ocrx_word' id='word_1_294' title='bbox 3332 1118 3619 1174; x_wconf 89' lang='lat' dir='ltr'>pauperes</span> <span class='ocrx_word' id='word_1_295' title='bbox 3652 1120 3825 1171; x_wconf 89' lang='lat' dir='ltr'>eum,</span> 
     </span>
    </p>
   </div>
   <div class='ocr_carea' id='block_1_38' title="bbox 2158 1188 3828 1264">
    <p class='ocr_par' dir='ltr' id='par_1_38' title="bbox 2158 1188 3828 1264">
     <span class='ocr_line' id='line_1_38' title="bbox 2158 1188 3828 1264; baseline 0.004 -21"><span class='ocrx_word' id='word_1_296' title='bbox 2158 1194 2219 1243; x_wconf 93' lang='lat' dir='ltr'>ut</span> <span class='ocrx_word' id='word_1_297' title='bbox 2251 1188 2334 1244; x_wconf 84' lang='lat' dir='ltr'>eis</span> <span class='ocrx_word' id='word_1_298' title='bbox 2368 1188 2588 1260; x_wconf 87' lang='lat' dir='ltr'>aliquid</span> <span class='ocrx_word' id='word_1_299' title='bbox 2616 1189 2947 1261; x_wconf 84' lang='lat' dir='ltr'>largiretur,</span> <span class='ocrx_word' id='word_1_300' title='bbox 2980 1194 3828 1264; x_wconf 83' lang='lat' dir='ltr'>exorarent,argentum,quod</span> 
     </span>
    </p>
   </div>
   <div class='ocr_carea' id='block_1_39' title="bbox 2158 1277 3827 1351">
    <p class='ocr_par' dir='ltr' id='par_1_39' title="bbox 2158 1277 3827 1351">
     <span class='ocr_line' id='line_1_39' title="bbox 2158 1277 3827 1351; baseline 0.004 -20"><span class='ocrx_word' id='word_1_301' title='bbox 2158 1295 2461 1349; x_wconf 88' lang='lat' dir='ltr'>nunquam</span> <span class='ocrx_word' id='word_1_302' title='bbox 2494 1277 2866 1349; x_wconf 87' lang='lat' dir='ltr'>peculiariter</span> <span class='ocrx_word' id='word_1_303' title='bbox 2898 1278 3219 1345; x_wconf 88' lang='lat' dir='ltr'>detinebat,</span> <span class='ocrx_word' id='word_1_304' title='bbox 3252 1296 3285 1334; x_wconf 88' lang='lat' dir='ltr'>a</span> <span class='ocrx_word' id='word_1_305' title='bbox 3333 1295 3396 1334; x_wconf 89' lang='lat' dir='ltr'>se</span> <span class='ocrx_word' id='word_1_306' title='bbox 3427 1280 3827 1351; x_wconf 84' lang='lat' dir='ltr'>sequentibus</span> 
     </span>
    </p>
   </div>
   <div class='ocr_carea' id='block_1_40' title="bbox 2160 1367 3831 1437">
    <p class='ocr_par' dir='ltr' id='par_1_40' title="bbox 2160 1367 3831 1437">
     <span class='ocr_line' id='line_1_40' title="bbox 2160 1367 3831 1437; baseline 0.004 -17"><span class='ocrx_word' id='word_1_307' title='bbox 2160 1367 2425 1437; x_wconf 89' lang='lat' dir='ltr'>protinus</span> <span class='ocrx_word' id='word_1_308' title='bbox 2457 1367 2883 1433; x_wconf 85' lang='lat' dir='ltr'>commodabat,</span> <span class='ocrx_word' id='word_1_309' title='bbox 2904 1371 2961 1422; x_wconf 90' lang='lat' dir='ltr'>et</span> <span class='ocrx_word' id='word_1_310' title='bbox 2991 1367 3073 1422; x_wconf 91' lang='lat' dir='ltr'>sic</span> <span class='ocrx_word' id='word_1_311' title='bbox 3105 1383 3308 1423; x_wconf 90' lang='lat' dir='ltr'>earum</span> <span class='ocrx_word' id='word_1_312' title='bbox 3341 1369 3681 1425; x_wconf 88' lang='lat' dir='ltr'>necessitati</span> <span class='ocrx_word' id='word_1_313' title='bbox 3714 1370 3831 1426; x_wconf 86' lang='lat' dir='ltr'>mi-</span> 
     </span>
    </p>
   </div>
   <div class='ocr_carea' id='block_1_41' title="bbox 2161 1455 3828 1529">
    <p class='ocr_par' dir='ltr' id='par_1_41' title="bbox 2161 1455 3828 1529">
     <span class='ocr_line' id='line_1_41' title="bbox 2161 1455 3828 1529; baseline 0.002 -18"><span class='ocrx_word' id='word_1_314' title='bbox 2161 1455 2530 1511; x_wconf 82' lang='lat' dir='ltr'>sericorditer</span> <span class='ocrx_word' id='word_1_315' title='bbox 2550 1455 3309 1513; x_wconf 89' lang='lat' dir='ltr'>subveniebat.Munditiam</span> <span class='ocrx_word' id='word_1_316' title='bbox 3338 1474 3590 1529; x_wconf 90' lang='lat' dir='ltr'>namque</span> <span class='ocrx_word' id='word_1_317' title='bbox 3621 1460 3828 1516; x_wconf 90' lang='lat' dir='ltr'>cordis</span> 
     </span>
    </p>
   </div>
   <div class='ocr_carea' id='block_1_42' title="bbox 2162 1543 3829 1616">
    <p class='ocr_par' dir='ltr' id='par_1_42' title="bbox 2162 1543 3829 1616">
     <span class='ocr_line' id='line_1_42' title="bbox 2162 1543 3829 1616; baseline 0.003 -17"><span class='ocrx_word' id='word_1_318' title='bbox 2162 1544 2537 1615; x_wconf 88' lang='lat' dir='ltr'>corporisque</span> <span class='ocrx_word' id='word_1_319' title='bbox 2560 1544 2643 1599; x_wconf 91' lang='lat' dir='ltr'>sic</span> <span class='ocrx_word' id='word_1_320' title='bbox 2668 1543 2951 1616; x_wconf 78' lang='lat' dir='ltr'>diligebat</span> <span class='ocrx_word' id='word_1_321' title='bbox 2982 1547 3046 1599; x_wconf 87' lang='lat' dir='ltr'>ut</span> <span class='ocrx_word' id='word_1_322' title='bbox 3071 1549 3273 1600; x_wconf 89' lang='lat' dir='ltr'>contra</span> <span class='ocrx_word' id='word_1_323' title='bbox 3316 1545 3637 1604; x_wconf 81' lang='lat' dir='ltr'>diabolicae</span> <span class='ocrx_word' id='word_1_324' title='bbox 3683 1547 3829 1604; x_wconf 90' lang='lat' dir='ltr'>illu-</span> 
     </span>
    </p>
   </div>
   <div class='ocr_carea' id='block_1_43' title="bbox 2164 1631 3831 1703">
    <p class='ocr_par' dir='ltr' id='par_1_43' title="bbox 2164 1631 3831 1703">
     <span class='ocr_line' id='line_1_43' title="bbox 2164 1631 3831 1703; baseline 0.004 -16"><span class='ocrx_word' id='word_1_325' title='bbox 2164 1632 2377 1700; x_wconf 87' lang='lat' dir='ltr'>siones,</span> <span class='ocrx_word' id='word_1_326' title='bbox 2411 1632 2627 1703; x_wconf 90' lang='lat' dir='ltr'>quibus</span> <span class='ocrx_word' id='word_1_327' title='bbox 2654 1632 2923 1688; x_wconf 89' lang='lat' dir='ltr'>homines</span> <span class='ocrx_word' id='word_1_328' title='bbox 2954 1631 3123 1688; x_wconf 86' lang='lat' dir='ltr'>illudi</span> <span class='ocrx_word' id='word_1_329' title='bbox 3155 1632 3344 1690; x_wconf 86' lang='lat' dir='ltr'>solent</span> <span class='ocrx_word' id='word_1_330' title='bbox 3372 1636 3678 1693; x_wconf 88' lang='lat' dir='ltr'>nocturnis</span> <span class='ocrx_word' id='word_1_331' title='bbox 3722 1637 3831 1694; x_wconf 86' lang='lat' dir='ltr'>ho-</span> 
     </span>
    </p>
   </div>
   <div class='ocr_carea' id='block_1_44' title="bbox 2165 1714 3829 1798">
    <p class='ocr_par' dir='ltr' id='par_1_44' title="bbox 2165 1714 3829 1798">
     <span class='ocr_line' id='line_1_44' title="bbox 2165 1714 3829 1798; baseline 0.004 -23"><span class='ocrx_word' id='word_1_332' title='bbox 2165 1720 2780 1792; x_wconf 59' lang='lat' dir='ltr'>ris,universas,ferme</span> <span class='ocrx_word' id='word_1_333' title='bbox 2806 1724 3006 1776; x_wconf 90' lang='lat' dir='ltr'>noctes</span> <span class='ocrx_word' id='word_1_334' title='bbox 3028 1721 3252 1777; x_wconf 89' lang='lat' dir='ltr'>medias</span> <span class='ocrx_word' id='word_1_335' title='bbox 3274 1722 3567 1780; x_wconf 87' lang='lat' dir='ltr'>insomnis</span> <span class='ocrx_word' id='word_1_336' title='bbox 3600 1728 3658 1780; x_wconf 90' lang='lat' dir='ltr'>et</span> <span class='ocrx_word' id='word_1_337' title='bbox 3686 1714 3829 1798; x_wconf 85' lang='lat' dir='ltr'>per-</span> 
     </span>
    </p>
   </div>
   <div class='ocr_carea' id='block_1_45' title="bbox 2164 1808 3829 1887">
    <p class='ocr_par' dir='ltr' id='par_1_45' title="bbox 2164 1808 3829 1887">
     <span class='ocr_line' id='line_1_45' title="bbox 2164 1808 3829 1887; baseline 0.004 -24"><span class='ocrx_word' id='word_1_338' title='bbox 2164 1809 2301 1881; x_wconf 84' lang='lat' dir='ltr'>vigil</span> <span class='ocrx_word' id='word_1_339' title='bbox 2333 1814 2724 1882; x_wconf 88' lang='lat' dir='ltr'>permaneret,</span> <span class='ocrx_word' id='word_1_340' title='bbox 2755 1813 2812 1865; x_wconf 94' lang='lat' dir='ltr'>et</span> <span class='ocrx_word' id='word_1_341' title='bbox 2842 1808 3312 1882; x_wconf 87' lang='lat' dir='ltr'>quamplurimas</span> <span class='ocrx_word' id='word_1_342' title='bbox 3338 1829 3527 1884; x_wconf 90' lang='lat' dir='ltr'>usque</span> <span class='ocrx_word' id='word_1_343' title='bbox 3576 1814 3649 1869; x_wconf 91' lang='lat' dir='ltr'>ad</span> <span class='ocrx_word' id='word_1_344' title='bbox 3680 1814 3829 1887; x_wconf 83' lang='lat' dir='ltr'>galli</span> 
     </span>
    </p>
   </div>
   <div class='ocr_carea' id='block_1_46' title="bbox 2169 1897 3828 1975">
    <p class='ocr_par' dir='ltr' id='par_1_46' title="bbox 2169 1897 3828 1975">
     <span class='ocr_line' id='line_1_46' title="bbox 2169 1897 3828 1975; baseline 0.004 -22"><span class='ocrx_word' id='word_1_345' title='bbox 2169 1904 2406 1954; x_wconf 89' lang='lat' dir='ltr'>cantum</span> <span class='ocrx_word' id='word_1_346' title='bbox 2439 1897 2771 1970; x_wconf 86' lang='lat' dir='ltr'>protelaret,</span> <span class='ocrx_word' id='word_1_347' title='bbox 2797 1898 3009 1970; x_wconf 88' lang='lat' dir='ltr'>partim</span> <span class='ocrx_word' id='word_1_348' title='bbox 3041 1899 3285 1968; x_wconf 87' lang='lat' dir='ltr'>orando,</span> <span class='ocrx_word' id='word_1_349' title='bbox 3306 1901 3521 1972; x_wconf 87' lang='lat' dir='ltr'>partim</span> <span class='ocrx_word' id='word_1_350' title='bbox 3549 1900 3828 1975; x_wconf 88' lang='lat' dir='ltr'>legendo,</span> 
     </span>
    </p>
   </div>
   <div class='ocr_carea' id='block_1_47' title="bbox 2167 1985 3828 2060">
    <p class='ocr_par' dir='ltr' id='par_1_47' title="bbox 2167 1985 3828 2060">
     <span class='ocr_line' id='line_1_47' title="bbox 2167 1985 3828 2060; baseline 0.005 -19"><span class='ocrx_word' id='word_1_351' title='bbox 2167 1986 2382 2060; x_wconf 85' lang='lat' dir='ltr'>partim</span> <span class='ocrx_word' id='word_1_352' title='bbox 2413 1987 2486 2042; x_wconf 92' lang='lat' dir='ltr'>ad</span> <span class='ocrx_word' id='word_1_353' title='bbox 2518 1985 2972 2043; x_wconf 86' lang='lat' dir='ltr'>destructionem</span> <span class='ocrx_word' id='word_1_354' title='bbox 3034 1987 3378 2044; x_wconf 64' lang='lat' dir='ltr'>Simoniacm</span> <span class='ocrx_word' id='word_1_355' title='bbox 3410 1989 3652 2048; x_wconf 65' lang='lat' dir='ltr'>haeresis</span> <span class='ocrx_word' id='word_1_356' title='bbox 3684 2008 3828 2049; x_wconf 88' lang='lat' dir='ltr'>cum</span> 
     </span>
    </p>
   </div>
   <div class='ocr_carea' id='block_1_48' title="bbox 2168 2074 3486 2136">
    <p class='ocr_par' dir='ltr' id='par_1_48' title="bbox 2168 2074 3486 2136">
     <span class='ocr_line' id='line_1_48' title="bbox 2168 2074 3486 2136; baseline 0.005 -6"><span class='ocrx_word' id='word_1_357' title='bbox 2168 2075 2389 2131; x_wconf 67' lang='lat' dir='ltr'>caeteris</span> <span class='ocrx_word' id='word_1_358' title='bbox 2424 2074 2697 2131; x_wconf 82' lang='lat' dir='ltr'>fidelibus</span> <span class='ocrx_word' id='word_1_359' title='bbox 2729 2075 2789 2130; x_wconf 91' lang='lat' dir='ltr'>in</span> <span class='ocrx_word' id='word_1_360' title='bbox 2820 2074 3061 2132; x_wconf 91' lang='lat' dir='ltr'>consilio</span> <span class='ocrx_word' id='word_1_361' title='bbox 3093 2077 3486 2136; x_wconf 89' lang='lat' dir='ltr'>consistendo.</span> 
     </span>
    </p>
   </div>
   <div class='ocr_carea' id='block_1_49' title="bbox 2240 2208 3832 2285">
    <p class='ocr_par' dir='ltr' id='par_1_49' title="bbox 2240 2208 3832 2285">
     <span class='ocr_line' id='line_1_49' title="bbox 2240 2208 3832 2285; baseline 0.006 -22"><span class='ocrx_word' id='word_1_362' title='bbox 2240 2209 2327 2263; x_wconf 77' lang='grc'>48.</span> <span class='ocrx_word' id='word_1_363' title='bbox 2363 2208 2534 2264; x_wconf 90' lang='lat' dir='ltr'>Illum</span> <span class='ocrx_word' id='word_1_364' title='bbox 2562 2212 2839 2281; x_wconf 77' lang='lat' dir='ltr'>praeterea</span> <span class='ocrx_word' id='word_1_365' title='bbox 2895 2226 3071 2265; x_wconf 89' lang='lat' dir='ltr'>usum</span> <span class='ocrx_word' id='word_1_366' title='bbox 3128 2210 3424 2284; x_wconf 90' lang='lat' dir='ltr'>gulosum,</span> <span class='ocrx_word' id='word_1_367' title='bbox 3455 2212 3559 2285; x_wconf 89' lang='lat' dir='ltr'>qui</span> <span class='ocrx_word' id='word_1_368' title='bbox 3618 2229 3832 2272; x_wconf 85' lang='lat' dir='ltr'>carna-</span> 
     </span>
    </p>
   </div>
   <div class='ocr_carea' id='block_1_50' title="bbox 2165 2297 3833 2370">
    <p class='ocr_par' dir='ltr' id='par_1_50' title="bbox 2165 2297 3833 2370">
     <span class='ocr_line' id='line_1_50' title="bbox 2165 2297 3833 2370; baseline 0.005 -18"><span class='ocrx_word' id='word_1_369' title='bbox 2165 2297 2402 2361; x_wconf 86' lang='lat' dir='ltr'>les,tam</span> <span class='ocrx_word' id='word_1_370' title='bbox 2434 2297 2674 2354; x_wconf 89' lang='lat' dir='ltr'>clericos</span> <span class='ocrx_word' id='word_1_371' title='bbox 2706 2314 2884 2370; x_wconf 90' lang='lat' dir='ltr'>quam</span> <span class='ocrx_word' id='word_1_372' title='bbox 2917 2297 3117 2368; x_wconf 87' lang='lat' dir='ltr'>iaicos,</span> <span class='ocrx_word' id='word_1_373' title='bbox 3148 2298 3209 2355; x_wconf 90' lang='lat' dir='ltr'>in</span> <span class='ocrx_word' id='word_1_374' title='bbox 3240 2300 3484 2357; x_wconf 85' lang='lat' dir='ltr'>sabbato</span> <span class='ocrx_word' id='word_1_375' title='bbox 3514 2306 3722 2359; x_wconf 88' lang='lat' dir='ltr'>sancto</span> <span class='ocrx_word' id='word_1_376' title='bbox 3755 2306 3833 2361; x_wconf 89' lang='lat' dir='ltr'>ad</span> 
     </span>
    </p>
   </div>
   <div class='ocr_carea' id='block_1_51' title="bbox 2167 2386 3833 2463">
    <p class='ocr_par' dir='ltr' id='par_1_51' title="bbox 2167 2386 3833 2463">
     <span class='ocr_line' id='line_1_51' title="bbox 2167 2386 3833 2463; baseline 0.005 -22"><span class='ocrx_word' id='word_1_377' title='bbox 2167 2402 2383 2441; x_wconf 88' lang='lat' dir='ltr'>nonam</span> <span class='ocrx_word' id='word_1_378' title='bbox 2416 2386 2573 2459; x_wconf 82' lang='lat' dir='ltr'>cogit</span> <span class='ocrx_word' id='word_1_379' title='bbox 2602 2386 2919 2442; x_wconf 89' lang='lat' dir='ltr'>missarum</span> <span class='ocrx_word' id='word_1_380' title='bbox 2954 2387 3241 2444; x_wconf 83' lang='lat' dir='ltr'>solemnia</span> <span class='ocrx_word' id='word_1_381' title='bbox 3281 2393 3340 2444; x_wconf 87' lang='lat' dir='ltr'>et</span> <span class='ocrx_word' id='word_1_382' title='bbox 3368 2389 3833 2463; x_wconf 85' lang='lat' dir='ltr'>baptismatum,</span> 
     </span>
    </p>
   </div>
   <div class='ocr_carea' id='block_1_52' title="bbox 2168 2475 3839 2555">
    <p class='ocr_par' dir='ltr' id='par_1_52' title="bbox 2168 2475 3839 2555">
     <span class='ocr_line' id='line_1_52' title="bbox 2168 2475 3839 2555; baseline 0.006 -26"><span class='ocrx_word' id='word_1_383' title='bbox 2168 2491 2295 2547; x_wconf 80' lang='lat' dir='ltr'>quae</span> <span class='ocrx_word' id='word_1_384' title='bbox 2320 2475 2379 2531; x_wconf 93' lang='lat' dir='ltr'>in</span> <span class='ocrx_word' id='word_1_385' title='bbox 2404 2477 2605 2531; x_wconf 88' lang='lat' dir='ltr'>eadem</span> <span class='ocrx_word' id='word_1_386' title='bbox 2630 2480 2838 2532; x_wconf 89' lang='lat' dir='ltr'>sancta</span> <span class='ocrx_word' id='word_1_387' title='bbox 2874 2481 3046 2532; x_wconf 90' lang='lat' dir='ltr'>nocte</span> <span class='ocrx_word' id='word_1_388' title='bbox 3077 2476 3305 2550; x_wconf 90' lang='lat' dir='ltr'>agenda</span> <span class='ocrx_word' id='word_1_389' title='bbox 3324 2484 3485 2548; x_wconf 91' lang='lat' dir='ltr'>sunt,</span> <span class='ocrx_word' id='word_1_390' title='bbox 3509 2480 3839 2555; x_wconf 85' lang='lat' dir='ltr'>anticipare</span> 
     </span>
    </p>
   </div>
   <div class='ocr_carea' id='block_1_53' title="bbox 2166 2563 3831 2639">
    <p class='ocr_par' dir='ltr' id='par_1_53' title="bbox 2166 2563 3831 2639">
     <span class='ocr_line' id='line_1_53' title="bbox 2166 2563 3831 2639; baseline 0.006 -21"><span class='ocrx_word' id='word_1_391' title='bbox 2166 2563 2334 2619; x_wconf 82' lang='lat' dir='ltr'>valde</span> <span class='ocrx_word' id='word_1_392' title='bbox 2366 2564 2817 2620; x_wconf 82' lang='lat' dir='ltr'>damnabat.Sed</span> <span class='ocrx_word' id='word_1_393' title='bbox 2854 2565 2995 2637; x_wconf 91' lang='lat' dir='ltr'>quia</span> <span class='ocrx_word' id='word_1_394' title='bbox 3023 2564 3155 2622; x_wconf 89' lang='lat' dir='ltr'>aliis</span> <span class='ocrx_word' id='word_1_395' title='bbox 3181 2565 3241 2621; x_wconf 90' lang='lat' dir='ltr'>in</span> <span class='ocrx_word' id='word_1_396' title='bbox 3273 2565 3383 2623; x_wconf 89' lang='lat' dir='ltr'>hoc</span> <span class='ocrx_word' id='word_1_397' title='bbox 3415 2585 3533 2625; x_wconf 89' lang='lat' dir='ltr'>non</span> <span class='ocrx_word' id='word_1_398' title='bbox 3562 2569 3831 2639; x_wconf 85' lang='lat' dir='ltr'>valebat,</span> 
     </span>
    </p>
   </div>
   <div class='ocr_carea' id='block_1_54' title="bbox 2170 2652 3829 2733">
    <p class='ocr_par' dir='ltr' id='par_1_54' title="bbox 2170 2652 3829 2733">
     <span class='ocr_line' id='line_1_54' title="bbox 2170 2652 3829 2733; baseline 0.007 -26"><span class='ocrx_word' id='word_1_399' title='bbox 2170 2653 2282 2708; x_wconf 89' lang='lat' dir='ltr'>sibi</span> <span class='ocrx_word' id='word_1_400' title='bbox 2313 2652 2672 2709; x_wconf 87' lang='lat' dir='ltr'>consulebat.</span> <span class='ocrx_word' id='word_1_401' title='bbox 2708 2654 3032 2710; x_wconf 89' lang='lat' dir='ltr'>Prandente</span> <span class='ocrx_word' id='word_1_402' title='bbox 3061 2671 3319 2728; x_wconf 88' lang='lat' dir='ltr'>namque</span> <span class='ocrx_word' id='word_1_403' title='bbox 3351 2657 3625 2716; x_wconf 88' lang='lat' dir='ltr'>universa</span> <span class='ocrx_word' id='word_1_404' title='bbox 3653 2661 3829 2733; x_wconf 86' lang='lat' dir='ltr'>urbe,</span> 
     </span>
    </p>
   </div>
   <div class='ocr_carea' id='block_1_55' title="bbox 2168 2741 3827 2823">
    <p class='ocr_par' dir='ltr' id='par_1_55' title="bbox 2168 2741 3827 2823">
     <span class='ocr_line' id='line_1_55' title="bbox 2168 2741 3827 2823; baseline 0.005 -26"><span class='ocrx_word' id='word_1_405' title='bbox 2168 2741 2294 2815; x_wconf 88' lang='lat' dir='ltr'>ipse</span> <span class='ocrx_word' id='word_1_406' title='bbox 2324 2747 2585 2798; x_wconf 87' lang='lat' dir='ltr'>sanctam</span> <span class='ocrx_word' id='word_1_407' title='bbox 2614 2747 2841 2799; x_wconf 90' lang='lat' dir='ltr'>noctem</span> <span class='ocrx_word' id='word_1_408' title='bbox 2856 2744 3100 2816; x_wconf 87' lang='lat' dir='ltr'>jejunus</span> <span class='ocrx_word' id='word_1_409' title='bbox 3140 2760 3276 2800; x_wconf 90' lang='lat' dir='ltr'>cum</span> <span class='ocrx_word' id='word_1_410' title='bbox 3293 2745 3574 2804; x_wconf 84' lang='lat' dir='ltr'>fratribus</span> <span class='ocrx_word' id='word_1_411' title='bbox 3605 2748 3827 2823; x_wconf 86' lang='lat' dir='ltr'>aliqui-</span> 
     </span>
    </p>
   </div>
   <div class='ocr_carea' id='block_1_56' title="bbox 2171 2831 3825 2909">
    <p class='ocr_par' dir='ltr' id='par_1_56' title="bbox 2171 2831 3825 2909">
     <span class='ocr_line' id='line_1_56' title="bbox 2171 2831 3825 2909; baseline 0.007 -24"><span class='ocrx_word' id='word_1_412' title='bbox 2171 2832 2280 2887; x_wconf 88' lang='lat' dir='ltr'>bus</span> <span class='ocrx_word' id='word_1_413' title='bbox 2310 2831 2878 2903; x_wconf 75' lang='lat' dir='ltr'>priestolabatur(22)</span> <span class='ocrx_word' id='word_1_414' title='bbox 2904 2850 2917 2901; x_wconf 88' lang='lat'><strong>;</strong></span> <span class='ocrx_word' id='word_1_415' title='bbox 2941 2836 3118 2905; x_wconf 88' lang='lat' dir='ltr'>atque</span> <span class='ocrx_word' id='word_1_416' title='bbox 3137 2849 3272 2891; x_wconf 89' lang='lat' dir='ltr'>cum</span> <span class='ocrx_word' id='word_1_417' title='bbox 3310 2834 3396 2892; x_wconf 88' lang='lat' dir='ltr'>eis</span> <span class='ocrx_word' id='word_1_418' title='bbox 3412 2836 3483 2891; x_wconf 89' lang='lat' dir='ltr'>ad</span> <span class='ocrx_word' id='word_1_419' title='bbox 3502 2839 3825 2909; x_wconf 87' lang='lat' dir='ltr'>quemdam</span> 
     </span>
    </p>
   </div>
   <div class='ocr_carea' id='block_1_57' title="bbox 2170 2919 3827 2994">
    <p class='ocr_par' dir='ltr' id='par_1_57' title="bbox 2170 2919 3827 2994">
     <span class='ocr_line' id='line_1_57' title="bbox 2170 2919 3827 2994; baseline 0.007 -20"><span class='ocrx_word' id='word_1_420' title='bbox 2170 2920 2365 2976; x_wconf 78' lang='lat' dir='ltr'>exibat</span> <span class='ocrx_word' id='word_1_421' title='bbox 2393 2919 2607 2987; x_wconf 87' lang='lat' dir='ltr'>locum,</span> <span class='ocrx_word' id='word_1_422' title='bbox 2640 2921 2742 2994; x_wconf 88' lang='lat' dir='ltr'>qui</span> <span class='ocrx_word' id='word_1_423' title='bbox 2785 2920 3002 2977; x_wconf 88' lang='lat' dir='ltr'>dicitur</span> <span class='ocrx_word' id='word_1_424' title='bbox 3052 2922 3291 2991; x_wconf 90' lang='lat' dir='ltr'>Nemus,</span> <span class='ocrx_word' id='word_1_425' title='bbox 3352 2924 3627 2983; x_wconf 81' lang='lat' dir='ltr'>milliaria</span> <span class='ocrx_word' id='word_1_426' title='bbox 3677 2943 3711 2983; x_wconf 84' lang='lat' dir='ltr'>a</span> <span class='ocrx_word' id='word_1_427' title='bbox 3741 2929 3827 2986; x_wconf 87' lang='lat' dir='ltr'>ci-</span> 
     </span>
    </p>
   </div>
   <div class='ocr_carea' id='block_1_58' title="bbox 2170 3007 3821 3084">
    <p class='ocr_par' dir='ltr' id='par_1_58' title="bbox 2170 3007 3821 3084">
     <span class='ocr_line' id='line_1_58' title="bbox 2170 3007 3821 3084; baseline 0.005 -20"><span class='ocrx_word' id='word_1_428' title='bbox 2170 3007 2345 3064; x_wconf 86' lang='lat' dir='ltr'>vitate</span> <span class='ocrx_word' id='word_1_429' title='bbox 2364 3014 2675 3065; x_wconf 88' lang='lat' dir='ltr'>secretum.</span> <span class='ocrx_word' id='word_1_430' title='bbox 2709 3010 2791 3065; x_wconf 93' lang='lat' dir='ltr'>Ibi</span> <span class='ocrx_word' id='word_1_431' title='bbox 2821 3010 2979 3066; x_wconf 88' lang='lat' dir='ltr'>enim</span> <span class='ocrx_word' id='word_1_432' title='bbox 3035 3011 3228 3067; x_wconf 89' lang='lat' dir='ltr'>adhuc</span> <span class='ocrx_word' id='word_1_433' title='bbox 3278 3016 3366 3069; x_wconf 90' lang='lat' dir='ltr'>est</span> <span class='ocrx_word' id='word_1_434' title='bbox 3393 3013 3657 3084; x_wconf 88' lang='lat' dir='ltr'>ecclesia,</span> <span class='ocrx_word' id='word_1_435' title='bbox 3693 3032 3727 3071; x_wconf 89' lang='lat' dir='ltr'>a</span> <span class='ocrx_word' id='word_1_436' title='bbox 3752 3020 3821 3074; x_wconf 87' lang='grc' dir='ltr'>Β.</span> 
     </span>
    </p>
   </div>
   <div class='ocr_carea' id='block_1_59' title="bbox 2170 3098 3827 3173">
    <p class='ocr_par' dir='ltr' id='par_1_59' title="bbox 2170 3098 3827 3173">
     <span class='ocr_line' id='line_1_59' title="bbox 2170 3098 3827 3173; baseline 0.007 -19"><span class='ocrx_word' id='word_1_437' title='bbox 2170 3098 2477 3155; x_wconf 87' lang='lat' dir='ltr'>Ambrosio</span> <span class='ocrx_word' id='word_1_438' title='bbox 2507 3099 2617 3169; x_wconf 85' lang='lat'>(23)</span> <span class='ocrx_word' id='word_1_439' title='bbox 2665 3103 3004 3156; x_wconf 87' lang='lat' dir='ltr'>constructa</span> <span class='ocrx_word' id='word_1_440' title='bbox 3055 3104 3112 3156; x_wconf 88' lang='lat' dir='ltr'>et</span> <span class='ocrx_word' id='word_1_441' title='bbox 3159 3101 3462 3171; x_wconf 85' lang='lat' dir='ltr'>dedicata;</span> <span class='ocrx_word' id='word_1_442' title='bbox 3505 3103 3629 3173; x_wconf 87' lang='lat' dir='ltr'>ubi,</span> <span class='ocrx_word' id='word_1_443' title='bbox 3663 3106 3827 3164; x_wconf 88' lang='lat' dir='ltr'>sicut</span> 
     </span>
    </p>
   </div>
   <div class='ocr_carea' id='block_1_60' title="bbox 419 3187 3827 3296">
    <p class='ocr_par' dir='ltr' id='par_1_60' title="bbox 419 3187 3827 3296">
     <span class='ocr_line' id='line_1_60' title="bbox 423 3187 3827 3261; baseline 0.004 -22"><span class='ocrx_word' id='word_1_444' title='bbox 423 3187 706 3239; x_wconf 49' lang='lat'>&quot;&quot;3&quot;&quot;</span> <span class='ocrx_word' id='word_1_445' title='bbox 746 3187 845 3203; x_wconf 57' lang='grc' dir='ltr'>ν’·</span> <span class='ocrx_word' id='word_1_446' title='bbox 874 3187 1143 3239; x_wconf 70' lang='grc' dir='ltr'>τῖ’“““</span> <span class='ocrx_word' id='word_1_447' title='bbox 1206 3187 1481 3240; x_wconf 76' lang='lat'>&#39;.&#39;&quot;&quot;&quot;&quot;’</span> <span class='ocrx_word' id='word_1_448' title='bbox 1524 3187 1702 3215; x_wconf 59' lang='lat'>&quot;&quot;5&quot;&quot;</span> <span class='ocrx_word' id='word_1_449' title='bbox 1734 3187 2061 3245; x_wconf 50' lang='lat'><strong>&quot;&quot;1&quot;.&quot;</strong></span> <span class='ocrx_word' id='word_1_450' title='bbox 2176 3187 2378 3255; x_wconf 88' lang='lat' dir='ltr'>fertur,</span> <span class='ocrx_word' id='word_1_451' title='bbox 2410 3188 2565 3243; x_wconf 91' lang='lat' dir='ltr'>idem</span> <span class='ocrx_word' id='word_1_452' title='bbox 2597 3188 2825 3260; x_wconf 86' lang='lat' dir='ltr'>fugiens</span> <span class='ocrx_word' id='word_1_453' title='bbox 2855 3187 3057 3261; x_wconf 85' lang='lat' dir='ltr'>pOpuli</span> <span class='ocrx_word' id='word_1_454' title='bbox 3087 3189 3429 3259; x_wconf 88' lang='lat' dir='ltr'>tumultum,</span> <span class='ocrx_word' id='word_1_455' title='bbox 3452 3191 3663 3251; x_wconf 88' lang='lat' dir='ltr'>solitus</span> <span class='ocrx_word' id='word_1_456' title='bbox 3692 3202 3827 3253; x_wconf 88' lang='lat' dir='ltr'>erat</span> 
     </span>
     <span class='ocr_line' id='line_1_61' title="bbox 419 3219 3659 3296; baseline 0.005 -14"><span class='ocrx_word' id='word_1_457' title='bbox 419 3230 684 3287; x_wconf 81' lang='lat' dir='ltr'>vestibus</span> <span class='ocrx_word' id='word_1_458' title='bbox 714 3247 775 3285; x_wconf 90' lang='lat' dir='ltr'>se</span> <span class='ocrx_word' id='word_1_459' title='bbox 801 3234 980 3296; x_wconf 78' lang='lat' dir='ltr'>exuit,</span> <span class='ocrx_word' id='word_1_460' title='bbox 1006 3234 1063 3284; x_wconf 89' lang='lat' dir='ltr'>et</span> <span class='ocrx_word' id='word_1_461' title='bbox 1117 3235 1326 3285; x_wconf 80' lang='lat' dir='ltr'>acriter</span> <span class='ocrx_word' id='word_1_462' title='bbox 1369 3247 1431 3285; x_wconf 90' lang='lat' dir='ltr'>so</span> <span class='ocrx_word' id='word_1_463' title='bbox 1478 3230 1550 3285; x_wconf 87' lang='lat' dir='ltr'>ab</span> <span class='ocrx_word' id='word_1_464' title='bbox 1583 3248 1698 3287; x_wconf 92' lang='lat' dir='ltr'>uno</span> <span class='ocrx_word' id='word_1_465' title='bbox 1728 3250 1950 3292; x_wconf 80' lang='lat' dir='ltr'>exsms</span> <span class='ocrx_word' id='word_1_466' title='bbox 1980 3236 2061 3291; x_wconf 83' lang='lat' dir='ltr'>lbl</span> <span class='ocrx_word' id='word_1_467' title='bbox 2095 3219 2137 3287; x_wconf 84' lang='lat' dir='ltr'>C</span> <span class='ocrx_word' id='word_1_468' title='bbox 2182 3277 2377 3296; x_wconf 43' lang='lat' dir='ltr'>LM“</span> <span class='ocrx_word' id='word_1_469' title='bbox 2410 3275 2702 3296; x_wconf 29' lang='lat' dir='ltr'>manu</span> <span class='ocrx_word' id='word_1_470' title='bbox 2748 3276 2947 3296; x_wconf 43' lang='grc' dir='ltr'>,μμμ</span> <span class='ocrx_word' id='word_1_471' title='bbox 3001 3277 3054 3296; x_wconf 74' lang='lat'>._</span> <span class='ocrx_word' id='word_1_472' title='bbox 3090 3277 3119 3296; x_wconf 63' lang='grc' dir='ltr'>ι</span> <span class='ocrx_word' id='word_1_473' title='bbox 3144 3294 3193 3296; x_wconf 43' lang='grc' dir='ltr'>η</span> <span class='ocrx_word' id='word_1_474' title='bbox 3232 3295 3237 3296; x_wconf 62' lang='lat'><strong><em>,</em></strong></span> <span class='ocrx_word' id='word_1_475' title='bbox 3374 3294 3401 3296; x_wconf 46' lang='grc' dir='ltr'>η</span> <span class='ocrx_word' id='word_1_476' title='bbox 3491 3280 3501 3291; x_wconf 90' lang='grc'><strong>.</strong></span> <span class='ocrx_word' id='word_1_477' title='bbox 3557 3281 3599 3296; x_wconf 62' lang='grc' dir='ltr'><strong>η</strong></span> <span class='ocrx_word' id='word_1_478' title='bbox 3648 3281 3659 3294; x_wconf 91' lang='grc'><em>.</em></span> 
     </span>
    </p>
   </div>
   <div class='ocr_carea' id='block_1_61' title="bbox 422 3318 2064 3392">
    <p class='ocr_par' dir='ltr' id='par_1_61' title="bbox 422 3318 2064 3392">
     <span class='ocr_line' id='line_1_62' title="bbox 422 3318 2064 3392; baseline 0.002 -18"><span class='ocrx_word' id='word_1_479' title='bbox 422 3335 617 3374; x_wconf 91' lang='lat' dir='ltr'>coram</span> <span class='ocrx_word' id='word_1_480' title='bbox 638 3318 912 3374; x_wconf 91' lang='lat' dir='ltr'>omnibus</span> <span class='ocrx_word' id='word_1_481' title='bbox 933 3320 1158 3390; x_wconf 88' lang='lat' dir='ltr'>scopari</span> <span class='ocrx_word' id='word_1_482' title='bbox 1182 3319 1335 3374; x_wconf 76' lang='lat' dir='ltr'>iecit.</span> <span class='ocrx_word' id='word_1_483' title='bbox 1359 3318 1488 3374; x_wconf 70' lang='lat' dir='ltr'>Haec</span> <span class='ocrx_word' id='word_1_484' title='bbox 1506 3319 1701 3392; x_wconf 87' lang='lat' dir='ltr'>itaque</span> <span class='ocrx_word' id='word_1_485' title='bbox 1731 3320 1913 3377; x_wconf 88' lang='lat' dir='ltr'>falsus</span> <span class='ocrx_word' id='word_1_486' title='bbox 1962 3323 2064 3378; x_wconf 91' lang='lat' dir='ltr'>ab-</span> 
     </span>
    </p>
   </div>
   <div class='ocr_carea' id='block_1_62' title="bbox 418 3407 2063 3483">
    <p class='ocr_par' dir='ltr' id='par_1_62' title="bbox 418 3407 2063 3483">
     <span class='ocr_line' id='line_1_63' title="bbox 418 3407 2063 3483; baseline 0.002 -19"><span class='ocrx_word' id='word_1_487' title='bbox 418 3409 524 3464; x_wconf 91' lang='lat' dir='ltr'>bas</span> <span class='ocrx_word' id='word_1_488' title='bbox 554 3409 937 3480; x_wconf 88' lang='lat' dir='ltr'>perpendens,</span> <span class='ocrx_word' id='word_1_489' title='bbox 971 3408 1112 3480; x_wconf 91' lang='lat' dir='ltr'>quid</span> <span class='ocrx_word' id='word_1_490' title='bbox 1144 3407 1297 3464; x_wconf 88' lang='lat' dir='ltr'>ultra</span> <span class='ocrx_word' id='word_1_491' title='bbox 1326 3409 1543 3465; x_wconf 88' lang='lat' dir='ltr'>diceret</span> <span class='ocrx_word' id='word_1_492' title='bbox 1589 3410 1845 3478; x_wconf 89' lang='lat' dir='ltr'>nescius,</span> <span class='ocrx_word' id='word_1_493' title='bbox 1877 3413 2063 3483; x_wconf 90' lang='lat' dir='ltr'>capite</span> 
     </span>
    </p>
   </div>
   <div class='ocr_carea' id='block_1_63' title="bbox 414 3496 2056 3571">
    <p class='ocr_par' dir='ltr' id='par_1_63' title="bbox 414 3496 2056 3571">
     <span class='ocr_line' id='line_1_64' title="bbox 414 3496 2056 3571; baseline 0.003 -19"><span class='ocrx_word' id='word_1_494' title='bbox 414 3498 671 3553; x_wconf 89' lang='lat' dir='ltr'>demisso</span> <span class='ocrx_word' id='word_1_495' title='bbox 700 3497 837 3553; x_wconf 93' lang='lat' dir='ltr'>inde</span> <span class='ocrx_word' id='word_1_496' title='bbox 893 3496 1162 3568; x_wconf 72' lang='lat' dir='ltr'>surrexit,</span> <span class='ocrx_word' id='word_1_497' title='bbox 1222 3500 1278 3553; x_wconf 90' lang='lat' dir='ltr'>et</span> <span class='ocrx_word' id='word_1_498' title='bbox 1332 3498 1641 3554; x_wconf 87' lang='lat' dir='ltr'>induratus</span> <span class='ocrx_word' id='word_1_499' title='bbox 1700 3503 1765 3555; x_wconf 90' lang='lat' dir='ltr'>ut</span> <span class='ocrx_word' id='word_1_500' title='bbox 1812 3499 2056 3571; x_wconf 92' lang='lat' dir='ltr'>Pharao,</span> 
     </span>
    </p>
   </div>
   <div class='ocr_carea' id='block_1_64' title="bbox 409 3584 1125 3642">
    <p class='ocr_par' dir='ltr' id='par_1_64' title="bbox 409 3584 1125 3642">
     <span class='ocr_line' id='line_1_65' title="bbox 409 3584 1125 3642; baseline 0.001 -1"><span class='ocrx_word' id='word_1_501' title='bbox 409 3584 689 3642; x_wconf 87' lang='lat' dir='ltr'>aliorsum</span> <span class='ocrx_word' id='word_1_502' title='bbox 721 3586 1051 3642; x_wconf 88' lang='lat' dir='ltr'>declinavit.</span> <span class='ocrx_word' id='word_1_503' title='bbox 1096 3610 1125 3636; x_wconf 83' lang='grc'>››</span> 
     </span>
    </p>
   </div>
   <div class='ocr_carea' id='block_1_65' title="bbox 1070 3674 1394 3731">
    <p class='ocr_par' dir='ltr' id='par_1_65' title="bbox 1070 3674 1394 3731">
     <span class='ocr_line' id='line_1_66' title="bbox 1070 3674 1394 3731; baseline -0.009 0"><span class='ocrx_word' id='word_1_504' title='bbox 1070 3675 1298 3731; x_wconf 85' lang='lat' dir='ltr'><strong>CAPUT</strong></span> <span class='ocrx_word' id='word_1_505' title='bbox 1345 3674 1394 3728; x_wconf 89' lang='lat' dir='ltr'><strong>V</strong></span> 
     </span>
    </p>
   </div>
   <div class='ocr_carea' id='block_1_66' title="bbox 404 3763 2051 3836">
    <p class='ocr_par' dir='ltr' id='par_1_66' title="bbox 404 3763 2051 3836">
     <span class='ocr_line' id='line_1_67' title="bbox 404 3763 2051 3836; baseline 0.003 -18"><span class='ocrx_word' id='word_1_506' title='bbox 404 3764 621 3819; x_wconf 81' lang='lat' dir='ltr'>Arz‘aldz’</span> <span class='ocrx_word' id='word_1_507' title='bbox 636 3766 860 3820; x_wconf 75' lang='lat' dir='ltr'>virtutes</span> <span class='ocrx_word' id='word_1_508' title='bbox 878 3781 899 3826; x_wconf 87' lang='lat'><strong><em>;</em></strong></span> <span class='ocrx_word' id='word_1_509' title='bbox 912 3763 1211 3836; x_wconf 78' lang='lat' dir='ltr'>jejunandz’</span> <span class='ocrx_word' id='word_1_510' title='bbox 1227 3769 1277 3819; x_wconf 85' lang='lat' dir='ltr'>et</span> <span class='ocrx_word' id='word_1_511' title='bbox 1291 3763 1571 3835; x_wconf 76' lang='lat' dir='ltr'>psallendi</span> <span class='ocrx_word' id='word_1_512' title='bbox 1598 3773 1856 3821; x_wconf 80' lang='lat' dir='ltr'>accurata</span> <span class='ocrx_word' id='word_1_513' title='bbox 1881 3768 2051 3824; x_wconf 75' lang='lat' dir='ltr'>ratio.</span> 
     </span>
    </p>
   </div>
   <div class='ocr_carea' id='block_1_67' title="bbox 475 3851 2051 3926">
    <p class='ocr_par' dir='ltr' id='par_1_67' title="bbox 475 3851 2051 3926">
     <span class='ocr_line' id='line_1_68' title="bbox 475 3851 2051 3926; baseline 0.003 -18"><span class='ocrx_word' id='word_1_514' title='bbox 475 3854 564 3909; x_wconf 71' lang='lat'>47.</span> <span class='ocrx_word' id='word_1_515' title='bbox 595 3853 758 3910; x_wconf 91' lang='lat' dir='ltr'>Sicut</span> <span class='ocrx_word' id='word_1_516' title='bbox 805 3852 963 3909; x_wconf 90' lang='lat' dir='ltr'>enim</span> <span class='ocrx_word' id='word_1_517' title='bbox 1022 3856 1108 3907; x_wconf 90' lang='lat' dir='ltr'>tot</span> <span class='ocrx_word' id='word_1_518' title='bbox 1162 3851 1364 3908; x_wconf 89' lang='lat' dir='ltr'>testari</span> <span class='ocrx_word' id='word_1_519' title='bbox 1421 3856 1668 3924; x_wconf 84' lang='lat' dir='ltr'>pessunt</span> <span class='ocrx_word' id='word_1_520' title='bbox 1719 3858 1864 3926; x_wconf 89' lang='lat' dir='ltr'>quot</span> <span class='ocrx_word' id='word_1_521' title='bbox 1916 3870 2051 3912; x_wconf 89' lang='lat' dir='ltr'>eum</span> 
     </span>
    </p>
   </div>
   <div class='ocr_carea' id='block_1_68' title="bbox 476 3993 2049 4075">
    <p class='ocr_par' dir='ltr' id='par_1_68' title="bbox 476 3993 2049 4075">
     <span class='ocr_line' id='line_1_69' title="bbox 476 3993 2049 4075; baseline 0.003 -27"><span class='ocrx_word' id='word_1_522' title='bbox 476 3993 1005 4075; x_wconf 55' lang='lat' dir='ltr'>(172Tirones_dici</span> <span class='ocrx_word' id='word_1_523' title='bbox 1060 3993 1329 4075; x_wconf 54' lang='lat' dir='ltr'>Ephqbos</span> <span class='ocrx_word' id='word_1_524' title='bbox 1377 3993 1739 4075; x_wconf 78' lang='lat' dir='ltr'>honorarios,</span> <span class='ocrx_word' id='word_1_525' title='bbox 1787 3996 2049 4075; x_wconf 64' lang='lat' dir='ltr'>virorpm</span> 
     </span>
    </p>
   </div>
   <div class='ocr_carea' id='block_1_69' title="bbox 444 4064 2046 4137">
    <p class='ocr_par' dir='ltr' id='par_1_69' title="bbox 444 4064 2046 4137">
     <span class='ocr_line' id='line_1_70' title="bbox 444 4064 2046 4137; baseline 0.002 -17"><span class='ocrx_word' id='word_1_526' title='bbox 444 4064 735 4137; x_wconf 89' lang='lat' dir='ltr'>rincipum</span> <span class='ocrx_word' id='word_1_527' title='bbox 756 4066 1009 4137; x_wconf 82' lang='lat' dir='ltr'>vidimus</span> <span class='ocrx_word' id='word_1_528' title='bbox 1028 4064 1175 4137; x_wconf 79' lang='lat' dir='ltr'>exS.</span> <span class='ocrx_word' id='word_1_529' title='bbox 1200 4064 1439 4137; x_wconf 90' lang='lat' dir='ltr'>Eulogio</span> <span class='ocrx_word' id='word_1_530' title='bbox 1470 4070 1525 4120; x_wconf 88' lang='lat' dir='ltr'>et</span> <span class='ocrx_word' id='word_1_531' title='bbox 1557 4064 1827 4137; x_wconf 85' lang='lat' dir='ltr'>passione</span> <span class='ocrx_word' id='word_1_532' title='bbox 1848 4068 1906 4123; x_wconf 90' lang='lat' dir='ltr'>S.</span> <span class='ocrx_word' id='word_1_533' title='bbox 1938 4069 2046 4124; x_wconf 90' lang='lat' dir='ltr'>Pe-</span> 
     </span>
    </p>
   </div>
   <div class='ocr_carea' id='block_1_70' title="bbox 401 4082 2045 4207">
    <p class='ocr_par' dir='ltr' id='par_1_70' title="bbox 401 4082 2045 4207">
     <span class='ocr_line' id='line_1_71' title="bbox 444 4082 2045 4137; baseline 0.002 -17"><span class='ocrx_word' id='word_1_534' title='bbox 444 4083 735 4136; x_wconf 77' lang='lat' dir='ltr'>rinmpum</span> <span class='ocrx_word' id='word_1_535' title='bbox 756 4082 1009 4120; x_wconf 77' lang='lat' dir='ltr'>Vidimus</span> <span class='ocrx_word' id='word_1_536' title='bbox 1031 4082 1099 4119; x_wconf 85' lang='lat' dir='ltr'>ex</span> <span class='ocrx_word' id='word_1_537' title='bbox 1119 4082 1175 4121; x_wconf 70' lang='grc' dir='ltr'>δ.</span> <span class='ocrx_word' id='word_1_538' title='bbox 1200 4082 1439 4135; x_wconf 72' lang='lat' dir='ltr'>nuiogio</span> <span class='ocrx_word' id='word_1_539' title='bbox 1470 4082 1525 4120; x_wconf 74' lang='lat' dir='ltr'>et</span> <span class='ocrx_word' id='word_1_540' title='bbox 1557 4082 1827 4137; x_wconf 83' lang='lat' dir='ltr'>passmne</span> <span class='ocrx_word' id='word_1_541' title='bbox 1848 4082 1906 4123; x_wconf 71' lang='grc' dir='ltr'>δ.</span> <span class='ocrx_word' id='word_1_542' title='bbox 1938 4082 2045 4124; x_wconf 73' lang='grc' dir='ltr'>νε-</span> 
     </span>
     <span class='ocr_line' id='line_1_72' title="bbox 401 4082 2045 4207; baseline 0.004 -17"><span class='ocrx_word' id='word_1_543' title='bbox 401 4082 542 4207; x_wconf 54' lang='lat' dir='ltr'>fagii</span> <span class='ocrx_word' id='word_1_544' title='bbox 569 4137 861 4207; x_wconf 82' lang='lat' dir='ltr'>martyris.</span> <span class='ocrx_word' id='word_1_545' title='bbox 914 4136 1143 4191; x_wconf 86' lang='lat' dir='ltr'>Talium</span> <span class='ocrx_word' id='word_1_546' title='bbox 1183 4152 1319 4207; x_wconf 89' lang='lat' dir='ltr'>ergo</span> <span class='ocrx_word' id='word_1_547' title='bbox 1366 4136 1747 4207; x_wconf 89' lang='lat' dir='ltr'>stipiendium</span> <span class='ocrx_word' id='word_1_548' title='bbox 1790 4160 1818 4190; x_wconf 82' lang='grc'>‹‹</span> <span class='ocrx_word' id='word_1_549' title='bbox 1848 4139 2045 4196; x_wconf 87' lang='lat' dir='ltr'>tiroci-</span> 
     </span>
    </p>
   </div>
   <div class='ocr_carea' id='block_1_71' title="bbox 400 4206 2043 4289">
    <p class='ocr_par' dir='ltr' id='par_1_71' title="bbox 400 4206 2043 4289">
     <span class='ocr_line' id='line_1_73' title="bbox 400 4206 2043 4289; baseline 0.003 -28"><span class='ocrx_word' id='word_1_550' title='bbox 400 4206 569 4289; x_wconf 75' lang='lat' dir='ltr'>nium</span> <span class='ocrx_word' id='word_1_551' title='bbox 594 4228 621 4289; x_wconf 54' lang='grc' dir='ltr'><strong>ζ)</strong></span> <span class='ocrx_word' id='word_1_552' title='bbox 654 4206 986 4289; x_wconf 70' lang='lat' dir='ltr'>dicebatur;</span> <span class='ocrx_word' id='word_1_553' title='bbox 1010 4207 1168 4289; x_wconf 80' lang='lat' dir='ltr'>quod</span> <span class='ocrx_word' id='word_1_554' title='bbox 1202 4206 1654 4289; x_wconf 66' lang='lat' dir='ltr'>hieapplieatur</span> <span class='ocrx_word' id='word_1_555' title='bbox 1703 4210 2043 4289; x_wconf 34' lang='lat' dir='ltr'>‘etiamucle-</span> 
     </span>
    </p>
   </div>
   <div class='ocr_carea' id='block_1_72' title="bbox 399 4277 2042 4352">
    <p class='ocr_par' dir='ltr' id='par_1_72' title="bbox 399 4277 2042 4352">
     <span class='ocr_line' id='line_1_74' title="bbox 399 4277 2042 4352; baseline 0.003 -18"><span class='ocrx_word' id='word_1_556' title='bbox 399 4278 537 4352; x_wconf 81' lang='lat' dir='ltr'>ricis</span> <span class='ocrx_word' id='word_1_557' title='bbox 567 4277 759 4352; x_wconf 83' lang='lat' dir='ltr'>simile</span> <span class='ocrx_word' id='word_1_558' title='bbox 782 4277 1143 4352; x_wconf 79' lang='lat' dir='ltr'>obsequium</span> <span class='ocrx_word' id='word_1_559' title='bbox 1154 4277 1590 4352; x_wconf 78' lang='lat' dir='ltr'>archiepiscopo</span> <span class='ocrx_word' id='word_1_560' title='bbox 1623 4281 2042 4352; x_wconf 89' lang='lat' dir='ltr'>deferentibus,</span> 
     </span>
    </p>
   </div>
   <div class='ocr_carea' id='block_1_73' title="bbox 396 4348 1303 4419">
    <p class='ocr_par' dir='ltr' id='par_1_73' title="bbox 396 4348 1303 4419">
     <span class='ocr_line' id='line_1_75' title="bbox 396 4348 1303 4419; baseline -0.002 -14"><span class='ocrx_word' id='word_1_561' title='bbox 396 4349 458 4405; x_wconf 92' lang='lat' dir='ltr'>in</span> <span class='ocrx_word' id='word_1_562' title='bbox 490 4350 618 4419; x_wconf 90' lang='lat' dir='ltr'>ejus</span> <span class='ocrx_word' id='word_1_563' title='bbox 650 4348 975 4404; x_wconf 90' lang='lat' dir='ltr'>ministerio</span> <span class='ocrx_word' id='word_1_564' title='bbox 1009 4348 1303 4403; x_wconf 88' lang='lat' dir='ltr'>familiari.</span> 
     </span>
    </p>
   </div>
   <div class='ocr_carea' id='block_1_74' title="bbox 467 4420 2041 4500">
    <p class='ocr_par' dir='ltr' id='par_1_74' title="bbox 467 4420 2041 4500">
     <span class='ocr_line' id='line_1_76' title="bbox 467 4420 2041 4500; baseline 0.003 -25"><span class='ocrx_word' id='word_1_565' title='bbox 467 4423 582 4500; x_wconf 68' lang='lat'>(18)</span> <span class='ocrx_word' id='word_1_566' title='bbox 603 4420 937 4500; x_wconf 63' lang='lat' dir='ltr'>_Lapdulfus</span> <span class='ocrx_word' id='word_1_567' title='bbox 966 4421 1236 4500; x_wconf 70' lang='lat' dir='ltr'>adjungit</span> <span class='ocrx_word' id='word_1_568' title='bbox 1263 4421 1416 4492; x_wconf 92' lang='lat' dir='ltr'>quod</span> <span class='ocrx_word' id='word_1_569' title='bbox 1446 4421 1976 4500; x_wconf 41' lang='lat' dir='ltr'>Arialdusuhalium</span> <span class='ocrx_word' id='word_1_570' title='bbox 2007 4441 2041 4479; x_wconf 90' lang='lat' dir='ltr'>a</span> 
     </span>
    </p>
   </div>
   <div class='ocr_carea' id='block_1_75' title="bbox 392 4491 2033 4574">
    <p class='ocr_par' dir='ltr' id='par_1_75' title="bbox 392 4491 2033 4574">
     <span class='ocr_line' id='line_1_77' title="bbox 392 4491 2033 4574; baseline 0.001 -25"><span class='ocrx_word' id='word_1_571' title='bbox 392 4491 655 4574; x_wconf 56' lang='grc' dir='ltr'>ραις]ορἱο</span> <span class='ocrx_word' id='word_1_572' title='bbox 678 4492 735 4574; x_wconf 48' lang='grc' dir='ltr'>ελ</span> <span class='ocrx_word' id='word_1_573' title='bbox 788 4491 1079 4574; x_wconf 64' lang='lat' dir='ltr'>Vincentii</span> <span class='ocrx_word' id='word_1_574' title='bbox 1119 4491 1327 4574; x_wconf 78' lang='lat' dir='ltr'>eodem</span> <span class='ocrx_word' id='word_1_575' title='bbox 1387 4493 1557 4548; x_wconf 90' lang='lat' dir='ltr'>modo</span> <span class='ocrx_word' id='word_1_576' title='bbox 1614 4492 2033 4574; x_wconf 55' lang='lat' dir='ltr'>repulit._33Jo.</span> 
     </span>
    </p>
   </div>
   <div class='ocr_carea' id='block_1_76' title="bbox 387 4562 2034 4646">
    <p class='ocr_par' dir='ltr' id='par_1_76' title="bbox 387 4562 2034 4646">
     <span class='ocr_line' id='line_1_78' title="bbox 387 4562 2034 4646; baseline 0.002 -28"><span class='ocrx_word' id='word_1_577' title='bbox 387 4563 676 4646; x_wconf 52' lang='lat' dir='ltr'>{intonius</span> <span class='ocrx_word' id='word_1_578' title='bbox 696 4562 1084 4646; x_wconf 68' lang='lat' dir='ltr'>Castilioneus</span> <span class='ocrx_word' id='word_1_579' title='bbox 1116 4563 1543 4646; x_wconf 26' lang='lat' dir='ltr'>integroppiere</span> <span class='ocrx_word' id='word_1_580' title='bbox 1590 4562 1824 4646; x_wconf 77' lang='lat' dir='ltr'>scripsit</span> <span class='ocrx_word' id='word_1_581' title='bbox 1855 4565 2034 4646; x_wconf 69' lang='lat' dir='ltr'>Flori-</span> 
     </span>
    </p>
   </div>
   <div class='ocr_carea' id='block_1_77' title="bbox 386 4633 2037 4707">
    <p class='ocr_par' dir='ltr' id='par_1_77' title="bbox 386 4633 2037 4707">
     <span class='ocr_line' id='line_1_79' title="bbox 386 4633 2037 4707; baseline 0.003 -19"><span class='ocrx_word' id='word_1_582' title='bbox 386 4633 606 4707; x_wconf 86' lang='lat' dir='ltr'>legium</span> <span class='ocrx_word' id='word_1_583' title='bbox 640 4634 1109 4690; x_wconf 90' lang='lat' dir='ltr'>memorabilium</span> <span class='ocrx_word' id='word_1_584' title='bbox 1140 4633 1563 4707; x_wconf 80' lang='lat' dir='ltr'>antiquitatum</span> <span class='ocrx_word' id='word_1_585' title='bbox 1607 4633 1873 4707; x_wconf 23' lang='lat' dir='ltr'>Abas-ilices</span> <span class='ocrx_word' id='word_1_586' title='bbox 1902 4637 2037 4694; x_wconf 86' lang='lat' dir='ltr'>Vin-</span> 
     </span>
    </p>
   </div>
   <div class='ocr_carea' id='block_1_78' title="bbox 386 4704 2031 4778">
    <p class='ocr_par' dir='ltr' id='par_1_78' title="bbox 386 4704 2031 4778">
     <span class='ocr_line' id='line_1_80' title="bbox 386 4704 2031 4778; baseline 0.001 -16"><span class='ocrx_word' id='word_1_587' title='bbox 386 4704 687 4773; x_wconf 76' lang='lat' dir='ltr'>centianae,</span> <span class='ocrx_word' id='word_1_588' title='bbox 719 4707 780 4778; x_wconf 91' lang='lat' dir='ltr'>in</span> <span class='ocrx_word' id='word_1_589' title='bbox 835 4706 1035 4761; x_wconf 89' lang='lat' dir='ltr'>decem</span> <span class='ocrx_word' id='word_1_590' title='bbox 1088 4704 1877 4778; x_wconf 23' lang='lat' dir='ltr'>fasciculosqdistributum;</span> <span class='ocrx_word' id='word_1_591' title='bbox 1938 4710 2031 4764; x_wconf 91' lang='lat' dir='ltr'>cui</span> 
     </span>
    </p>
   </div>
   <div class='ocr_carea' id='block_1_79' title="bbox 383 4776 2030 4851">
    <p class='ocr_par' dir='ltr' id='par_1_79' title="bbox 383 4776 2030 4851">
     <span class='ocr_line' id='line_1_81' title="bbox 383 4776 2030 4851; baseline 0.001 -18"><span class='ocrx_word' id='word_1_592' title='bbox 383 4777 594 4851; x_wconf 90' lang='lat' dir='ltr'>deinde</span> <span class='ocrx_word' id='word_1_593' title='bbox 624 4777 964 4851; x_wconf 89' lang='lat' dir='ltr'>ampliorem</span> <span class='ocrx_word' id='word_1_594' title='bbox 1008 4777 1246 4851; x_wconf 82' lang='lat' dir='ltr'>titulum</span> <span class='ocrx_word' id='word_1_595' title='bbox 1302 4776 1823 4851; x_wconf 80' lang='lat' dir='ltr'>Mediolanensium</span> <span class='ocrx_word' id='word_1_596' title='bbox 1866 4776 2030 4835; x_wconf 83' lang='lat' dir='ltr'>anti-</span> 
     </span>
    </p>
   </div>
   <div class='ocr_carea' id='block_1_80' title="bbox 382 4848 2029 4923">
    <p class='ocr_par' dir='ltr' id='par_1_80' title="bbox 382 4848 2029 4923">
     <span class='ocr_line' id='line_1_82' title="bbox 382 4848 2029 4923; baseline 0.002 -19"><span class='ocrx_word' id='word_1_597' title='bbox 382 4850 678 4923; x_wconf 86' lang='lat' dir='ltr'>quitatum</span> <span class='ocrx_word' id='word_1_598' title='bbox 711 4848 778 4907; x_wconf 78' lang='lat' dir='ltr'>ex</span> <span class='ocrx_word' id='word_1_599' title='bbox 807 4850 1076 4923; x_wconf 65' lang='lat' dir='ltr'>pareaciis</span> <span class='ocrx_word' id='word_1_600' title='bbox 1108 4849 1271 4923; x_wconf 81' lang='lat' dir='ltr'>urbis</span> <span class='ocrx_word' id='word_1_601' title='bbox 1319 4848 1714 4923; x_wconf 84' lang='lat' dir='ltr'>collectarum,</span> <span class='ocrx_word' id='word_1_602' title='bbox 1750 4852 2029 4921; x_wconf 71' lang='lat' dir='ltr'>przefixit;</span> 
     </span>
    </p>
   </div>
   <div class='ocr_carea' id='block_1_81' title="bbox 379 4919 2031 4993">
    <p class='ocr_par' dir='ltr' id='par_1_81' title="bbox 379 4919 2031 4993">
     <span class='ocr_line' id='line_1_83' title="bbox 379 4919 2031 4993; baseline 0.001 -16"><span class='ocrx_word' id='word_1_603' title='bbox 379 4919 484 4978; x_wconf 73' lang='lat' dir='ltr'>sed</span> <span class='ocrx_word' id='word_1_604' title='bbox 516 4919 826 4993; x_wconf 44' lang='lat' dir='ltr'>nusquam‘</span> <span class='ocrx_word' id='word_1_605' title='bbox 841 4921 1051 4977; x_wconf 90' lang='lat' dir='ltr'>seriem</span> <span class='ocrx_word' id='word_1_606' title='bbox 1085 4920 1365 4993; x_wconf 83' lang='lat' dir='ltr'>abbatum</span> <span class='ocrx_word' id='word_1_607' title='bbox 1426 4919 1649 4976; x_wconf 89' lang='lat' dir='ltr'>curavit</span> <span class='ocrx_word' id='word_1_608' title='bbox 1703 4919 1913 4978; x_wconf 78' lang='lat' dir='ltr'>texere.</span> <span class='ocrx_word' id='word_1_609' title='bbox 1951 4923 2031 4979; x_wconf 92' lang='lat' dir='ltr'>De</span> 
     </span>
    </p>
   </div>
   <div class='ocr_carea' id='block_1_82' title="bbox 380 4990 2031 5064">
    <p class='ocr_par' dir='ltr' id='par_1_82' title="bbox 380 4990 2031 5064">
     <span class='ocr_line' id='line_1_84' title="bbox 380 4990 2031 5064; baseline 0 -15"><span class='ocrx_word' id='word_1_610' title='bbox 380 4993 585 5049; x_wconf 90' lang='lat' dir='ltr'>eodem</span> <span class='ocrx_word' id='word_1_611' title='bbox 617 4990 738 5064; x_wconf 78' lang='lat' dir='ltr'>agit</span> <span class='ocrx_word' id='word_1_612' title='bbox 767 4994 940 5049; x_wconf 90' lang='lat' dir='ltr'>etiam</span> <span class='ocrx_word' id='word_1_613' title='bbox 974 4990 1296 5047; x_wconf 91' lang='lat' dir='ltr'>Puricellus</span> <span class='ocrx_word' id='word_1_614' title='bbox 1352 4991 1412 5045; x_wconf 92' lang='lat' dir='ltr'>in</span> <span class='ocrx_word' id='word_1_615' title='bbox 1462 4995 1854 5048; x_wconf 85' lang='lat' dir='ltr'>Monumentis</span> <span class='ocrx_word' id='word_1_616' title='bbox 1898 4995 2031 5049; x_wconf 86' lang='lat' dir='ltr'>Am-</span> 
     </span>
    </p>
   </div>
   <div class='ocr_carea' id='block_1_83' title="bbox 378 5064 2028 5137">
    <p class='ocr_par' dir='ltr' id='par_1_83' title="bbox 378 5064 2028 5137">
     <span class='ocr_line' id='line_1_85' title="bbox 378 5064 2028 5137; baseline 0.001 -18"><span class='ocrx_word' id='word_1_617' title='bbox 378 5064 691 5130; x_wconf 88' lang='lat' dir='ltr'>brosianis,</span> <span class='ocrx_word' id='word_1_618' title='bbox 724 5081 856 5137; x_wconf 85' lang='lat' dir='ltr'>pag.</span> <span class='ocrx_word' id='word_1_619' title='bbox 890 5065 1015 5134; x_wconf 84' lang='lat'>389,</span> <span class='ocrx_word' id='word_1_620' title='bbox 1048 5064 1329 5134; x_wconf 89' lang='lat' dir='ltr'>docetque</span> <span class='ocrx_word' id='word_1_621' title='bbox 1373 5067 1577 5133; x_wconf 88' lang='lat' dir='ltr'>postea</span> <span class='ocrx_word' id='word_1_622' title='bbox 1625 5064 1698 5118; x_wconf 88' lang='lat' dir='ltr'>ad</span> <span class='ocrx_word' id='word_1_623' title='bbox 1743 5064 2028 5121; x_wconf 86' lang='lat' dir='ltr'>moniales</span> 
     </span>
    </p>
   </div>
   <div class='ocr_carea' id='block_1_84' title="bbox 377 5136 705 5191">
    <p class='ocr_par' dir='ltr' id='par_1_84' title="bbox 377 5136 705 5191">
     <span class='ocr_line' id='line_1_86' title="bbox 377 5136 705 5191; baseline -0.006 0"><span class='ocrx_word' id='word_1_624' title='bbox 377 5136 705 5191; x_wconf 87' lang='lat' dir='ltr'>transiisse.</span> 
     </span>
    </p>
   </div>
   <div class='ocr_carea' id='block_1_85' title="bbox 449 5203 2025 5279">
    <p class='ocr_par' dir='ltr' id='par_1_85' title="bbox 449 5203 2025 5279">
     <span class='ocr_line' id='line_1_87' title="bbox 449 5203 2025 5279; baseline -0.001 -17"><span class='ocrx_word' id='word_1_625' title='bbox 449 5207 560 5279; x_wconf 75' lang='lat'>(19)</span> <span class='ocrx_word' id='word_1_626' title='bbox 592 5208 749 5279; x_wconf 71' lang='lat' dir='ltr'>idem</span> <span class='ocrx_word' id='word_1_627' title='bbox 782 5221 914 5279; x_wconf 85' lang='lat' dir='ltr'>eum</span> <span class='ocrx_word' id='word_1_628' title='bbox 946 5221 1077 5278; x_wconf 85' lang='lat' dir='ltr'>pag.</span> <span class='ocrx_word' id='word_1_629' title='bbox 1111 5204 1209 5279; x_wconf 51' lang='lat'>431</span> <span class='ocrx_word' id='word_1_630' title='bbox 1247 5203 1600 5279; x_wconf 77' lang='lat' dir='ltr'>ostendisset</span> <span class='ocrx_word' id='word_1_631' title='bbox 1628 5221 1702 5260; x_wconf 90' lang='lat' dir='ltr'>an</span> <span class='ocrx_word' id='word_1_632' title='bbox 1735 5206 1873 5262; x_wconf 89' lang='grc'>1053</span> <span class='ocrx_word' id='word_1_633' title='bbox 1912 5206 2025 5261; x_wconf 89' lang='lat' dir='ltr'>ibi-</span> 
     </span>
    </p>
   </div>
   <div class='ocr_carea' id='block_1_86' title="bbox 377 5274 2025 5350">
    <p class='ocr_par' dir='ltr' id='par_1_86' title="bbox 377 5274 2025 5350">
     <span class='ocr_line' id='line_1_88' title="bbox 377 5274 2025 5350; baseline 0.001 -18"><span class='ocrx_word' id='word_1_634' title='bbox 377 5274 508 5332; x_wconf 85' lang='lat' dir='ltr'>dem</span> <span class='ocrx_word' id='word_1_635' title='bbox 541 5274 733 5350; x_wconf 77' lang='lat' dir='ltr'>adbuc</span> <span class='ocrx_word' id='word_1_636' title='bbox 789 5274 1059 5350; x_wconf 73' lang='lat' dir='ltr'>abbatem</span> <span class='ocrx_word' id='word_1_637' title='bbox 1116 5274 1720 5350; x_wconf 26' lang='lat' dir='ltr'>fuisseALa‘ndulfum,</span> <span class='ocrx_word' id='word_1_638' title='bbox 1755 5293 1887 5350; x_wconf 89' lang='lat' dir='ltr'>pag.</span> <span class='ocrx_word' id='word_1_639' title='bbox 1918 5279 2025 5333; x_wconf 88' lang='lat'>535</span> 
     </span>
    </p>
   </div>
   <div class='ocr_carea' id='block_1_87' title="bbox 374 5346 2021 5421">
    <p class='ocr_par' dir='ltr' id='par_1_87' title="bbox 374 5346 2021 5421">
     <span class='ocr_line' id='line_1_89' title="bbox 374 5346 2021 5421; baseline 0.001 -17"><span class='ocrx_word' id='word_1_640' title='bbox 374 5349 495 5421; x_wconf 89' lang='lat' dir='ltr'>agit</span> <span class='ocrx_word' id='word_1_641' title='bbox 525 5349 596 5403; x_wconf 92' lang='lat' dir='ltr'>de</span> <span class='ocrx_word' id='word_1_642' title='bbox 628 5347 736 5421; x_wconf 75' lang='lat' dir='ltr'>hoc</span> <span class='ocrx_word' id='word_1_643' title='bbox 763 5348 1087 5421; x_wconf 85' lang='lat' dir='ltr'>Ariprando</span> <span class='ocrx_word' id='word_1_644' title='bbox 1112 5363 1263 5421; x_wconf 28' lang='lat' dir='ltr'>;Aac_</span> <span class='ocrx_word' id='word_1_645' title='bbox 1300 5346 1552 5421; x_wconf 87' lang='lat' dir='ltr'>denique</span> <span class='ocrx_word' id='word_1_646' title='bbox 1599 5346 1795 5404; x_wconf 82' lang='lat' dir='ltr'>censet</span> <span class='ocrx_word' id='word_1_647' title='bbox 1828 5346 2021 5421; x_wconf 64' lang='lat' dir='ltr'>ipsum</span> 
     </span>
    </p>
   </div>
   <div class='ocr_carea' id='block_1_88' title="bbox 372 5416 2020 5502">
    <p class='ocr_par' dir='ltr' id='par_1_88' title="bbox 372 5416 2020 5502">
     <span class='ocr_line' id='line_1_90' title="bbox 372 5416 2020 5502; baseline 0.002 -28"><span class='ocrx_word' id='word_1_648' title='bbox 372 5416 522 5502; x_wconf 71' lang='lat' dir='ltr'>esse,</span> <span class='ocrx_word' id='word_1_649' title='bbox 559 5418 656 5502; x_wconf 77' lang='lat' dir='ltr'>qui</span> <span class='ocrx_word' id='word_1_650' title='bbox 693 5416 1423 5502; x_wconf 38' lang='lat' dir='ltr'>«&#39;Ariprandus.indignus</span> <span class='ocrx_word' id='word_1_651' title='bbox 1455 5416 1736 5502; x_wconf 66' lang='lat' dir='ltr'>diaconus</span> <span class='ocrx_word' id='word_1_652' title='bbox 1761 5443 1787 5468; x_wconf 89' lang='grc'><strong>››</strong></span> <span class='ocrx_word' id='word_1_653' title='bbox 1811 5416 2020 5502; x_wconf 64' lang='grc' dir='ltr'>ςὶιειπῐο</span> 
     </span>
    </p>
   </div>
   <div class='ocr_carea' id='block_1_89' title="bbox 368 5488 2020 5558">
    <p class='ocr_par' dir='ltr' id='par_1_89' title="bbox 368 5488 2020 5558">
     <span class='ocr_line' id='line_1_91' title="bbox 368 5488 2020 5558; baseline 0.002 -14"><span class='ocrx_word' id='word_1_654' title='bbox 368 5488 494 5546; x_wconf 91' lang='lat' dir='ltr'>loco</span> <span class='ocrx_word' id='word_1_655' title='bbox 518 5488 871 5557; x_wconf 84' lang='lat' dir='ltr'>subscripsit</span> <span class='ocrx_word' id='word_1_656' title='bbox 895 5489 1123 5542; x_wconf 86' lang='lat' dir='ltr'>Widoni</span> <span class='ocrx_word' id='word_1_657' title='bbox 1150 5488 1601 5558; x_wconf 78' lang='lat' dir='ltr'>archiepiscopo,</span> <span class='ocrx_word' id='word_1_658' title='bbox 1625 5488 2020 5548; x_wconf 83' lang='lat' dir='ltr'>Simoniacam</span> 
     </span>
    </p>
   </div>
   <div class='ocr_carea' id='block_1_90' title="bbox 369 5557 2018 5631">
    <p class='ocr_par' dir='ltr' id='par_1_90' title="bbox 369 5557 2018 5631">
     <span class='ocr_line' id='line_1_92' title="bbox 369 5557 2018 5631; baseline 0.002 -18"><span class='ocrx_word' id='word_1_659' title='bbox 369 5565 448 5631; x_wconf 10' lang='lat' dir='ltr'>et!</span> <span class='ocrx_word' id='word_1_660' title='bbox 484 5557 961 5631; x_wconf 73' lang='lat' dir='ltr'>concubinariam</span> <span class='ocrx_word' id='word_1_661' title='bbox 1015 5558 1283 5631; x_wconf 57' lang='lat' dir='ltr'>haeresim</span> <span class='ocrx_word' id='word_1_662' title='bbox 1344 5557 1676 5631; x_wconf 78' lang='lat' dir='ltr'>detestanti,</span> <span class='ocrx_word' id='word_1_663' title='bbox 1727 5579 1820 5617; x_wconf 90' lang='lat' dir='ltr'>an.</span> <span class='ocrx_word' id='word_1_664' title='bbox 1858 5565 2018 5631; x_wconf 86' lang='lat'>1059,</span> 
     </span>
    </p>
   </div>
   <div class='ocr_carea' id='block_1_91' title="bbox 369 5626 1679 5683">
    <p class='ocr_par' dir='ltr' id='par_1_91' title="bbox 369 5626 1679 5683">
     <span class='ocr_line' id='line_1_93' title="bbox 369 5626 1679 5683; baseline 0.002 -3"><span class='ocrx_word' id='word_1_665' title='bbox 369 5626 552 5682; x_wconf 85' lang='lat' dir='ltr'>fuisse</span> <span class='ocrx_word' id='word_1_666' title='bbox 584 5628 778 5678; x_wconf 87' lang='lat' dir='ltr'>autem</span> <span class='ocrx_word' id='word_1_667' title='bbox 811 5629 1000 5681; x_wconf 90' lang='lat' dir='ltr'>adhuc</span> <span class='ocrx_word' id='word_1_668' title='bbox 1034 5628 1304 5681; x_wconf 86' lang='lat' dir='ltr'>abbatem</span> <span class='ocrx_word' id='word_1_669' title='bbox 1336 5645 1487 5682; x_wconf 91' lang='lat' dir='ltr'>anno</span> <span class='ocrx_word' id='word_1_670' title='bbox 1522 5630 1679 5683; x_wconf 75' lang='grc'><strong>1064.</strong></span> 
     </span>
    </p>
   </div>
   <div class='ocr_carea' id='block_1_92' title="bbox 440 5694 2015 5773">
    <p class='ocr_par' dir='ltr' id='par_1_92' title="bbox 440 5694 2015 5773">
     <span class='ocr_line' id='line_1_94' title="bbox 440 5694 2015 5773; baseline 0.011 -31"><span class='ocrx_word' id='word_1_671' title='bbox 440 5694 742 5773; x_wconf 51' lang='grc' dir='ltr'>(ιὶολῐᾱρῳ</span> <span class='ocrx_word' id='word_1_672' title='bbox 773 5702 986 5773; x_wconf 81' lang='lat' dir='ltr'>censet,</span> <span class='ocrx_word' id='word_1_673' title='bbox 1024 5720 1050 5746; x_wconf 85' lang='grc'>‹‹</span> <span class='ocrx_word' id='word_1_674' title='bbox 1083 5696 1306 5773; x_wconf 78' lang='lat' dir='ltr'>birrum</span> <span class='ocrx_word' id='word_1_675' title='bbox 1337 5697 1598 5773; x_wconf 78' lang='lat' dir='ltr'>clericale</span> <span class='ocrx_word' id='word_1_676' title='bbox 1629 5698 1807 5757; x_wconf 87' lang='lat' dir='ltr'>fuisse</span> <span class='ocrx_word' id='word_1_677' title='bbox 1830 5705 2015 5773; x_wconf 90' lang='lat' dir='ltr'>quod-</span> 
     </span>
    </p>
   </div>
   <div class='ocr_carea' id='block_1_93' title="bbox 369 5761 2012 5845">
    <p class='ocr_par' dir='ltr' id='par_1_93' title="bbox 369 5761 2012 5845">
     <span class='ocr_line' id='line_1_95' title="bbox 369 5761 2012 5845; baseline 0.009 -31"><span class='ocrx_word' id='word_1_678' title='bbox 369 5761 505 5819; x_wconf 82' lang='lat' dir='ltr'>dam</span> <span class='ocrx_word' id='word_1_679' title='bbox 536 5761 797 5817; x_wconf 62' lang='lat' dir='ltr'>&quot;brevius</span> <span class='ocrx_word' id='word_1_680' title='bbox 846 5770 1018 5835; x_wconf 83' lang='lat' dir='ltr'>atque</span> <span class='ocrx_word' id='word_1_681' title='bbox 1091 5764 1345 5825; x_wconf 74' lang='lat' dir='ltr'>exterius</span> <span class='ocrx_word' id='word_1_682' title='bbox 1402 5761 1864 5842; x_wconf 36' lang='lat' dir='ltr'>indumentum;</span> <span class='ocrx_word' id='word_1_683' title='bbox 1897 5790 2012 5845; x_wconf 87' lang='lat' dir='ltr'>quo</span> 
     </span>
    </p>
   </div>
   <div class='ocr_carea' id='block_1_94' title="bbox 2174 3275 3824 3348">
    <p class='ocr_par' dir='ltr' id='par_1_94' title="bbox 2174 3275 3824 3348">
     <span class='ocr_line' id='line_1_96' title="bbox 2174 3275 3824 3348; baseline 0.005 -17"><span class='ocrx_word' id='word_1_684' title='bbox 2174 3277 2383 3347; x_wconf 87' lang='lat' dir='ltr'>degere</span> <span class='ocrx_word' id='word_1_685' title='bbox 2410 3275 2710 3348; x_wconf 84' lang='lat' dir='ltr'>librosque</span> <span class='ocrx_word' id='word_1_686' title='bbox 2739 3276 2975 3333; x_wconf 88' lang='lat' dir='ltr'>dictare.</span> <span class='ocrx_word' id='word_1_687' title='bbox 3000 3277 3064 3333; x_wconf 92' lang='lat' dir='ltr'>In</span> <span class='ocrx_word' id='word_1_688' title='bbox 3090 3277 3201 3335; x_wconf 89' lang='lat' dir='ltr'>hac</span> <span class='ocrx_word' id='word_1_689' title='bbox 3221 3282 3412 3335; x_wconf 89' lang='lat' dir='ltr'>autem</span> <span class='ocrx_word' id='word_1_690' title='bbox 3450 3280 3539 3335; x_wconf 84' lang='lat' dir='ltr'>vir</span> <span class='ocrx_word' id='word_1_691' title='bbox 3553 3281 3659 3337; x_wconf 90' lang='lat' dir='ltr'>Dei</span> <span class='ocrx_word' id='word_1_692' title='bbox 3681 3299 3824 3340; x_wconf 86' lang='lat' dir='ltr'>san-</span> 
     </span>
    </p>
   </div>
   <div class='ocr_carea' id='block_1_95' title="bbox 2173 3366 3822 3437">
    <p class='ocr_par' dir='ltr' id='par_1_95' title="bbox 2173 3366 3822 3437">
     <span class='ocr_line' id='line_1_97' title="bbox 2173 3366 3822 3437; baseline 0.006 -18"><span class='ocrx_word' id='word_1_693' title='bbox 2173 3370 2329 3421; x_wconf 89' lang='lat' dir='ltr'>ctam</span> <span class='ocrx_word' id='word_1_694' title='bbox 2349 3366 2615 3422; x_wconf 87' lang='lat' dir='ltr'>eamdem</span> <span class='ocrx_word' id='word_1_695' title='bbox 2639 3370 2867 3422; x_wconf 91' lang='lat' dir='ltr'>noctem</span> <span class='ocrx_word' id='word_1_696' title='bbox 2888 3368 3281 3437; x_wconf 90' lang='lat' dir='ltr'>pernoctabat,</span> <span class='ocrx_word' id='word_1_697' title='bbox 3303 3371 3359 3423; x_wconf 90' lang='lat' dir='ltr'>et</span> <span class='ocrx_word' id='word_1_698' title='bbox 3374 3366 3602 3423; x_wconf 88' lang='lat' dir='ltr'>debitas</span> <span class='ocrx_word' id='word_1_699' title='bbox 3618 3373 3822 3429; x_wconf 90' lang='lat' dir='ltr'>omni-</span> 
     </span>
    </p>
   </div>
   <div class='ocr_carea' id='block_1_96' title="bbox 2170 3452 3820 3528">
    <p class='ocr_par' dir='ltr' id='par_1_96' title="bbox 2170 3452 3820 3528">
     <span class='ocr_line' id='line_1_98' title="bbox 2170 3452 3820 3528; baseline 0.005 -19"><span class='ocrx_word' id='word_1_700' title='bbox 2170 3453 2392 3525; x_wconf 88' lang='lat' dir='ltr'>potenti</span> <span class='ocrx_word' id='word_1_701' title='bbox 2420 3454 2535 3510; x_wconf 91' lang='lat' dir='ltr'>Deo</span> <span class='ocrx_word' id='word_1_702' title='bbox 2565 3452 2769 3510; x_wconf 90' lang='lat' dir='ltr'>laudes</span> <span class='ocrx_word' id='word_1_703' title='bbox 2795 3471 2930 3510; x_wconf 92' lang='lat' dir='ltr'>cum</span> <span class='ocrx_word' id='word_1_704' title='bbox 2959 3454 3234 3512; x_wconf 84' lang='lat' dir='ltr'>fratribus</span> <span class='ocrx_word' id='word_1_705' title='bbox 3259 3458 3663 3528; x_wconf 89' lang='lat' dir='ltr'>competenter</span> <span class='ocrx_word' id='word_1_706' title='bbox 3685 3460 3820 3517; x_wconf 88' lang='lat' dir='ltr'>red-</span> 
     </span>
    </p>
   </div>
   <div class='ocr_carea' id='block_1_97' title="bbox 2170 3541 3817 3615">
    <p class='ocr_par' dir='ltr' id='par_1_97' title="bbox 2170 3541 3817 3615">
     <span class='ocr_line' id='line_1_99' title="bbox 2170 3541 3817 3615; baseline 0.004 -17"><span class='ocrx_word' id='word_1_707' title='bbox 2170 3543 2363 3598; x_wconf 92' lang='lat' dir='ltr'>debat.</span> <span class='ocrx_word' id='word_1_708' title='bbox 2388 3544 2703 3615; x_wconf 81' lang='lat' dir='ltr'>Nunquam</span> <span class='ocrx_word' id='word_1_709' title='bbox 2731 3542 2887 3598; x_wconf 91' lang='lat' dir='ltr'>enim</span> <span class='ocrx_word' id='word_1_710' title='bbox 2916 3541 3145 3599; x_wconf 86' lang='lat' dir='ltr'>volebat</span> <span class='ocrx_word' id='word_1_711' title='bbox 3185 3542 3346 3600; x_wconf 88' lang='lat' dir='ltr'>solus</span> <span class='ocrx_word' id='word_1_712' title='bbox 3398 3544 3622 3614; x_wconf 88' lang='lat' dir='ltr'>bibere,</span> <span class='ocrx_word' id='word_1_713' title='bbox 3660 3565 3817 3605; x_wconf 82' lang='lat' dir='ltr'>nun-</span> 
     </span>
    </p>
   </div>
   <div class='ocr_carea' id='block_1_98' title="bbox 2167 3631 3815 3709">
    <p class='ocr_par' dir='ltr' id='par_1_98' title="bbox 2167 3631 3815 3709">
     <span class='ocr_line' id='line_1_100' title="bbox 2167 3631 3815 3709; baseline 0.005 -23"><span class='ocrx_word' id='word_1_714' title='bbox 2167 3648 2348 3704; x_wconf 90' lang='lat' dir='ltr'>quam</span> <span class='ocrx_word' id='word_1_715' title='bbox 2378 3631 2504 3688; x_wconf 88' lang='lat' dir='ltr'>sine</span> <span class='ocrx_word' id='word_1_716' title='bbox 2534 3631 2891 3705; x_wconf 88' lang='lat' dir='ltr'>pauperibus</span> <span class='ocrx_word' id='word_1_717' title='bbox 2916 3632 3143 3688; x_wconf 88' lang='lat' dir='ltr'>clericis</span> <span class='ocrx_word' id='word_1_718' title='bbox 3164 3633 3484 3702; x_wconf 88' lang='lat' dir='ltr'>comedere,</span> <span class='ocrx_word' id='word_1_719' title='bbox 3503 3650 3815 3709; x_wconf 87' lang='lat' dir='ltr'>nunquam</span> 
     </span>
    </p>
   </div>
   <div class='ocr_carea' id='block_1_99' title="bbox 2165 3719 3590 3779">
    <p class='ocr_par' dir='ltr' id='par_1_99' title="bbox 2165 3719 3590 3779">
     <span class='ocr_line' id='line_1_101' title="bbox 2165 3719 3590 3779; baseline 0.002 -3"><span class='ocrx_word' id='word_1_720' title='bbox 2165 3721 2292 3778; x_wconf 87' lang='lat' dir='ltr'>sine</span> <span class='ocrx_word' id='word_1_721' title='bbox 2321 3719 2621 3778; x_wconf 88' lang='lat' dir='ltr'>sodalibus</span> <span class='ocrx_word' id='word_1_722' title='bbox 2649 3720 2896 3777; x_wconf 84' lang='lat' dir='ltr'>limitem</span> <span class='ocrx_word' id='word_1_723' title='bbox 2929 3720 3286 3778; x_wconf 87' lang='lat' dir='ltr'>forinsecum</span> <span class='ocrx_word' id='word_1_724' title='bbox 3313 3722 3590 3779; x_wconf 83' lang='lat' dir='ltr'>transire.</span> 
     </span>
    </p>
   </div>
   <div class='ocr_carea' id='block_1_100' title="bbox 2232 3853 3810 3943">
    <p class='ocr_par' dir='ltr' id='par_1_100' title="bbox 2232 3853 3810 3943">
     <span class='ocr_line' id='line_1_102' title="bbox 2232 3853 3810 3943; baseline 0.004 -34"><span class='ocrx_word' id='word_1_725' title='bbox 2232 3853 2319 3909; x_wconf 87' lang='grc'>49.</span> <span class='ocrx_word' id='word_1_726' title='bbox 2354 3856 2417 3911; x_wconf 91' lang='lat' dir='ltr'>In</span> <span class='ocrx_word' id='word_1_727' title='bbox 2450 3854 2656 3911; x_wconf 90' lang='lat' dir='ltr'>diebus</span> <span class='ocrx_word' id='word_1_728' title='bbox 2686 3870 2819 3911; x_wconf 89' lang='lat' dir='ltr'>vero</span> <span class='ocrx_word' id='word_1_729' title='bbox 2840 3854 3228 3927; x_wconf 85' lang='lat' dir='ltr'>jejuniorum,</span> <span class='ocrx_word' id='word_1_730' title='bbox 3261 3854 3549 3915; x_wconf 86' lang='lat' dir='ltr'>solemnia</span> <span class='ocrx_word' id='word_1_731' title='bbox 3597 3874 3810 3943; x_wconf 82' lang='lat' dir='ltr'>nequa-</span> 
     </span>
    </p>
   </div>
   <div class='ocr_carea' id='block_1_101' title="bbox 2158 3994 3457 4054">
    <p class='ocr_par' dir='ltr' id='par_1_101' title="bbox 2158 3994 3457 4054">
     <span class='ocr_line' id='line_1_103' title="bbox 2158 3994 3457 4054; baseline 0.003 -4"><span class='ocrx_word' id='word_1_732' title='bbox 2158 3994 2398 4051; x_wconf 89' lang='lat' dir='ltr'>brachia</span> <span class='ocrx_word' id='word_1_733' title='bbox 2426 3998 2659 4050; x_wconf 88' lang='lat' dir='ltr'>tantum</span> <span class='ocrx_word' id='word_1_734' title='bbox 2690 3998 2747 4051; x_wconf 89' lang='lat' dir='ltr'>et</span> <span class='ocrx_word' id='word_1_735' title='bbox 2776 3994 3007 4051; x_wconf 88' lang='lat' dir='ltr'>humeri</span> <span class='ocrx_word' id='word_1_736' title='bbox 3038 3999 3391 4054; x_wconf 76' lang='lat' dir='ltr'>tegerentur.</span> <span class='ocrx_word' id='word_1_737' title='bbox 3428 4020 3457 4047; x_wconf 85' lang='grc'><strong>››</strong></span> 
     </span>
    </p>
   </div>
   <div class='ocr_carea' id='block_1_102' title="bbox 2226 4066 3806 4143">
    <p class='ocr_par' dir='ltr' id='par_1_102' title="bbox 2226 4066 3806 4143">
     <span class='ocr_line' id='line_1_104' title="bbox 2226 4066 3806 4143; baseline 0.003 -23"><span class='ocrx_word' id='word_1_738' title='bbox 2226 4066 2513 4143; x_wconf 84' lang='lat' dir='ltr'>(21)__Vide</span> <span class='ocrx_word' id='word_1_739' title='bbox 2543 4068 2811 4122; x_wconf 90' lang='lat' dir='ltr'>eumdem</span> <span class='ocrx_word' id='word_1_740' title='bbox 2844 4067 3071 4143; x_wconf 72' lang='lat' dir='ltr'>curiose</span> <span class='ocrx_word' id='word_1_741' title='bbox 3099 4066 3170 4124; x_wconf 80' lang='lat' dir='ltr'>de</span> <span class='ocrx_word' id='word_1_742' title='bbox 3198 4067 3308 4123; x_wconf 88' lang='lat' dir='ltr'>hoc</span> <span class='ocrx_word' id='word_1_743' title='bbox 3337 4068 3806 4143; x_wconf 59' lang='lat' dir='ltr'>poenitentiaege-</span> 
     </span>
    </p>
   </div>
   <div class='ocr_carea' id='block_1_103' title="bbox 2155 4137 3804 4211">
    <p class='ocr_par' dir='ltr' id='par_1_103' title="bbox 2155 4137 3804 4211">
     <span class='ocr_line' id='line_1_105' title="bbox 2155 4137 3804 4211; baseline 0.004 -19"><span class='ocrx_word' id='word_1_744' title='bbox 2155 4152 2292 4211; x_wconf 85' lang='lat' dir='ltr'>nere</span> <span class='ocrx_word' id='word_1_745' title='bbox 2321 4137 2704 4194; x_wconf 89' lang='lat' dir='ltr'>disserentem</span> <span class='ocrx_word' id='word_1_746' title='bbox 2735 4154 2867 4211; x_wconf 88' lang='lat' dir='ltr'>pag.</span> <span class='ocrx_word' id='word_1_747' title='bbox 2888 4140 3016 4211; x_wconf 71' lang='grc'>455,</span> <span class='ocrx_word' id='word_1_748' title='bbox 3049 4143 3225 4211; x_wconf 86' lang='lat' dir='ltr'>atque</span> <span class='ocrx_word' id='word_1_749' title='bbox 3245 4155 3315 4195; x_wconf 84' lang='lat' dir='ltr'>ex</span> <span class='ocrx_word' id='word_1_750' title='bbox 3337 4137 3505 4196; x_wconf 88' lang='lat' dir='ltr'>Petro</span> <span class='ocrx_word' id='word_1_751' title='bbox 3535 4137 3804 4198; x_wconf 73' lang='lat' dir='ltr'>Damiini</span> 
     </span>
    </p>
   </div>
   <div class='ocr_carea' id='block_1_104' title="bbox 2155 4208 3803 4282">
    <p class='ocr_par' dir='ltr' id='par_1_104' title="bbox 2155 4208 3803 4282">
     <span class='ocr_line' id='line_1_106' title="bbox 2155 4208 3803 4282; baseline 0.004 -20"><span class='ocrx_word' id='word_1_752' title='bbox 2155 4208 2478 4282; x_wconf 75' lang='lat' dir='ltr'>docentem,</span> <span class='ocrx_word' id='word_1_753' title='bbox 2503 4232 2531 4259; x_wconf 85' lang='lat'><strong>«</strong></span> <span class='ocrx_word' id='word_1_754' title='bbox 2555 4208 2763 4282; x_wconf 79' lang='lat' dir='ltr'>scopas</span> <span class='ocrx_word' id='word_1_755' title='bbox 2786 4208 2976 4277; x_wconf 48' lang='lat' dir='ltr'>»‘dici,</span> <span class='ocrx_word' id='word_1_756' title='bbox 3000 4208 3340 4267; x_wconf 43' lang='lat' dir='ltr'>non—solum</span> <span class='ocrx_word' id='word_1_757' title='bbox 3368 4211 3679 4269; x_wconf 86' lang='lat' dir='ltr'>verberum</span> <span class='ocrx_word' id='word_1_758' title='bbox 3711 4214 3803 4269; x_wconf 89' lang='lat' dir='ltr'>in-</span> 
     </span>
    </p>
   </div>
   <div class='ocr_carea' id='block_1_105' title="bbox 2153 4278 3802 4352">
    <p class='ocr_par' dir='ltr' id='par_1_105' title="bbox 2153 4278 3802 4352">
     <span class='ocr_line' id='line_1_107' title="bbox 2153 4278 3802 4352; baseline 0.004 -19"><span class='ocrx_word' id='word_1_759' title='bbox 2153 4278 3046 4352; x_wconf 12' lang='lat' dir='ltr'>fligendorumiins—trumentum,</span> <span class='ocrx_word' id='word_1_760' title='bbox 3080 4282 3177 4336; x_wconf 90' lang='lat' dir='ltr'>sed</span> <span class='ocrx_word' id='word_1_761' title='bbox 3200 4282 3376 4337; x_wconf 90' lang='lat' dir='ltr'>etiam</span> <span class='ocrx_word' id='word_1_762' title='bbox 3393 4282 3649 4352; x_wconf 84' lang='lat' dir='ltr'>ipsamet</span> <span class='ocrx_word' id='word_1_763' title='bbox 3676 4300 3802 4340; x_wconf 90' lang='lat' dir='ltr'>ver-</span> 
     </span>
    </p>
   </div>
   <div class='ocr_carea' id='block_1_106' title="bbox 2150 4349 3798 4427">
    <p class='ocr_par' dir='ltr' id='par_1_106' title="bbox 2150 4349 3798 4427">
     <span class='ocr_line' id='line_1_108' title="bbox 2150 4349 3798 4427; baseline 0.003 -22"><span class='ocrx_word' id='word_1_764' title='bbox 2150 4349 2290 4405; x_wconf 77' lang='lat' dir='ltr'>bera</span> <span class='ocrx_word' id='word_1_765' title='bbox 2311 4351 2506 4422; x_wconf 90' lang='lat' dir='ltr'>scopis</span> <span class='ocrx_word' id='word_1_766' title='bbox 2530 4351 2778 4427; x_wconf 69' lang='lat' dir='ltr'>inﬂicta,</span> <span class='ocrx_word' id='word_1_767' title='bbox 2805 4352 2903 4427; x_wconf 76' lang='lat' dir='ltr'>ubi</span> <span class='ocrx_word' id='word_1_768' title='bbox 2926 4352 3142 4408; x_wconf 88' lang='lat' dir='ltr'>dicitur</span> <span class='ocrx_word' id='word_1_769' title='bbox 3161 4353 3317 4427; x_wconf 86' lang='lat' dir='ltr'>quod</span> <span class='ocrx_word' id='word_1_770' title='bbox 3337 4374 3381 4427; x_wconf 65' lang='grc' dir='ltr'>Δι(</span> <span class='ocrx_word' id='word_1_771' title='bbox 3410 4349 3609 4427; x_wconf 79' lang='lat' dir='ltr'>decem</span> <span class='ocrx_word' id='word_1_772' title='bbox 3642 4356 3798 4427; x_wconf 89' lang='lat' dir='ltr'>psal-</span> 
     </span>
    </p>
   </div>
   <div class='ocr_carea' id='block_1_107' title="bbox 2151 4421 3549 4495">
    <p class='ocr_par' dir='ltr' id='par_1_107' title="bbox 2151 4421 3549 4495">
     <span class='ocr_line' id='line_1_109' title="bbox 2151 4421 3549 4495; baseline 0.001 -18"><span class='ocrx_word' id='word_1_773' title='bbox 2151 4438 2384 4495; x_wconf 91' lang='lat' dir='ltr'>morum</span> <span class='ocrx_word' id='word_1_774' title='bbox 2415 4421 2737 4495; x_wconf 85' lang='lat' dir='ltr'>modulatio</span> <span class='ocrx_word' id='word_1_775' title='bbox 2768 4421 3477 4495; x_wconf 43' lang='lat' dir='ltr'>millescopas‘admittit.</span> <span class='ocrx_word' id='word_1_776' title='bbox 3520 4446 3549 4479; x_wconf 83' lang='grc'><em>»</em></span> 
     </span>
    </p>
   </div>
   <div class='ocr_carea' id='block_1_108' title="bbox 2220 4493 3798 4567">
    <p class='ocr_par' dir='ltr' id='par_1_108' title="bbox 2220 4493 3798 4567">
     <span class='ocr_line' id='line_1_110' title="bbox 2220 4493 3798 4567; baseline 0.003 -19"><span class='ocrx_word' id='word_1_777' title='bbox 2220 4494 2333 4565; x_wconf 87' lang='grc'>(22)</span> <span class='ocrx_word' id='word_1_778' title='bbox 2355 4493 2686 4567; x_wconf 82' lang='lat' dir='ltr'>_Landulfus</span> <span class='ocrx_word' id='word_1_779' title='bbox 2701 4495 2911 4567; x_wconf 77' lang='lat' dir='ltr'>Junior</span> <span class='ocrx_word' id='word_1_780' title='bbox 2936 4494 3031 4551; x_wconf 88' lang='lat' dir='ltr'>hic</span> <span class='ocrx_word' id='word_1_781' title='bbox 3051 4493 3268 4567; x_wconf 78' lang='lat' dir='ltr'>allegat</span> <span class='ocrx_word' id='word_1_782' title='bbox 3282 4495 3597 4567; x_wconf 81' lang='lat' dir='ltr'>Isidorum,</span> <span class='ocrx_word' id='word_1_783' title='bbox 3615 4494 3719 4551; x_wconf 90' lang='lat' dir='ltr'>lib.</span> <span class='ocrx_word' id='word_1_784' title='bbox 3742 4512 3798 4553; x_wconf 77' lang='lat' dir='ltr'>vr</span> 
     </span>
    </p>
   </div>
   <div class='ocr_carea' id='block_1_109' title="bbox 2144 4563 3797 4646">
    <p class='ocr_par' dir='ltr' id='par_1_109' title="bbox 2144 4563 3797 4646">
     <span class='ocr_line' id='line_1_111' title="bbox 2144 4563 3797 4646; baseline 0.002 -27"><span class='ocrx_word' id='word_1_785' title='bbox 2144 4563 2467 4646; x_wconf 48' lang='lat' dir='ltr'>Etvr‘nolog.</span> <span class='ocrx_word' id='word_1_786' title='bbox 2495 4565 2599 4634; x_wconf 90' lang='lat' dir='ltr'>,sic</span> <span class='ocrx_word' id='word_1_787' title='bbox 2621 4565 3005 4646; x_wconf 79' lang='lat' dir='ltr'>scribentem:</span> <span class='ocrx_word' id='word_1_788' title='bbox 3032 4588 3066 4646; x_wconf 84' lang='lat'>«_</span> <span class='ocrx_word' id='word_1_789' title='bbox 3079 4563 3203 4622; x_wconf 77' lang='lat' dir='ltr'>Noi</span> <span class='ocrx_word' id='word_1_790' title='bbox 3221 4565 3456 4646; x_wconf 65' lang='lat' dir='ltr'>Pascha:</span> <span class='ocrx_word' id='word_1_791' title='bbox 3502 4566 3638 4646; x_wconf 74' lang='lat' dir='ltr'>ideo</span> <span class='ocrx_word' id='word_1_792' title='bbox 3668 4582 3797 4646; x_wconf 48' lang='lat' dir='ltr'>per:</span> 
     </span>
    </p>
   </div>
   <div class='ocr_carea' id='block_1_110' title="bbox 2142 4634 3795 4711">
    <p class='ocr_par' dir='ltr' id='par_1_110' title="bbox 2142 4634 3795 4711">
     <span class='ocr_line' id='line_1_112' title="bbox 2142 4634 3795 4711; baseline 0.003 -23"><span class='ocrx_word' id='word_1_793' title='bbox 2142 4634 2279 4707; x_wconf 86' lang='lat' dir='ltr'>vigil</span> <span class='ocrx_word' id='word_1_794' title='bbox 2314 4634 2567 4711; x_wconf 72' lang='lat' dir='ltr'>ducitur,</span> <span class='ocrx_word' id='word_1_795' title='bbox 2602 4641 2836 4709; x_wconf 92' lang='lat' dir='ltr'>propter</span> <span class='ocrx_word' id='word_1_796' title='bbox 2864 4637 3179 4711; x_wconf 84' lang='lat' dir='ltr'>adventum</span> <span class='ocrx_word' id='word_1_797' title='bbox 3235 4636 3411 4711; x_wconf 72' lang='lat' dir='ltr'>Regis</span> <span class='ocrx_word' id='word_1_798' title='bbox 3460 4642 3518 4693; x_wconf 90' lang='lat' dir='ltr'>et</span> <span class='ocrx_word' id='word_1_799' title='bbox 3565 4634 3795 4711; x_wconf 74' lang='lat' dir='ltr'>Domini</span> 
     </span>
    </p>
   </div>
   <div class='ocr_carea' id='block_1_111' title="bbox 2143 4707 3795 4779">
    <p class='ocr_par' dir='ltr' id='par_1_111' title="bbox 2143 4707 3795 4779">
     <span class='ocr_line' id='line_1_113' title="bbox 2143 4707 3795 4779; baseline 0.002 -18"><span class='ocrx_word' id='word_1_800' title='bbox 2143 4707 2351 4773; x_wconf 87' lang='lat' dir='ltr'>nostri,</span> <span class='ocrx_word' id='word_1_801' title='bbox 2380 4713 2445 4762; x_wconf 91' lang='lat' dir='ltr'>ut</span> <span class='ocrx_word' id='word_1_802' title='bbox 2474 4707 3181 4779; x_wconf 33' lang='lat' dir='ltr'>tempus’resurrectionis</span> <span class='ocrx_word' id='word_1_803' title='bbox 3213 4707 3347 4779; x_wconf 73' lang='lat' dir='ltr'>ejus</span> <span class='ocrx_word' id='word_1_804' title='bbox 3371 4723 3489 4764; x_wconf 89' lang='lat' dir='ltr'>non</span> <span class='ocrx_word' id='word_1_805' title='bbox 3520 4723 3629 4764; x_wconf 86' lang='lat' dir='ltr'>nos</span> <span class='ocrx_word' id='word_1_806' title='bbox 3661 4709 3795 4765; x_wconf 86' lang='lat' dir='ltr'>dor-</span> 
     </span>
    </p>
   </div>
   <div class='ocr_carea' id='block_1_112' title="bbox 2143 4779 3276 4852">
    <p class='ocr_par' dir='ltr' id='par_1_112' title="bbox 2143 4779 3276 4852">
     <span class='ocr_line' id='line_1_114' title="bbox 2143 4779 3276 4852; baseline 0.002 -21"><span class='ocrx_word' id='word_1_807' title='bbox 2143 4779 2434 4852; x_wconf 81' lang='lat' dir='ltr'>mlenties,</span> <span class='ocrx_word' id='word_1_808' title='bbox 2453 4779 2562 4852; x_wconf 89' lang='lat' dir='ltr'>sed</span> <span class='ocrx_word' id='word_1_809' title='bbox 2593 4779 2901 4852; x_wconf 80' lang='lat' dir='ltr'>vigilantes</span> <span class='ocrx_word' id='word_1_810' title='bbox 2931 4779 3225 4852; x_wconf 47' lang='lat' dir='ltr'>inveniat.</span> <span class='ocrx_word' id='word_1_811' title='bbox 3249 4800 3276 4828; x_wconf 78' lang='grc' dir='ltr'>ι)</span> 
     </span>
    </p>
   </div>
   <div class='ocr_carea' id='block_1_113' title="bbox 2211 4850 3793 4920">
    <p class='ocr_par' dir='ltr' id='par_1_113' title="bbox 2211 4850 3793 4920">
     <span class='ocr_line' id='line_1_115' title="bbox 2211 4850 3793 4920; baseline 0.003 -18"><span class='ocrx_word' id='word_1_812' title='bbox 2211 4850 2326 4919; x_wconf 82' lang='lat'>(23)</span> <span class='ocrx_word' id='word_1_813' title='bbox 2343 4850 2408 4920; x_wconf 80' lang='lat' dir='ltr'>_S.</span> <span class='ocrx_word' id='word_1_814' title='bbox 2433 4850 2704 4920; x_wconf 50' lang='lat' dir='ltr'>Augusti,</span> <span class='ocrx_word' id='word_1_815' title='bbox 2735 4851 2836 4905; x_wconf 92' lang='lat' dir='ltr'>lib.</span> <span class='ocrx_word' id='word_1_816' title='bbox 2868 4851 3087 4906; x_wconf 87' lang='lat' dir='ltr'>vm.De</span> <span class='ocrx_word' id='word_1_817' title='bbox 3121 4850 3277 4907; x_wconf 90' lang='lat' dir='ltr'>civit.</span> <span class='ocrx_word' id='word_1_818' title='bbox 3307 4871 3335 4900; x_wconf 89' lang='grc'><em>‹‹</em></span> <span class='ocrx_word' id='word_1_819' title='bbox 3369 4850 3546 4920; x_wconf 82' lang='lat' dir='ltr'>Extra</span> <span class='ocrx_word' id='word_1_820' title='bbox 3601 4853 3793 4920; x_wconf 82' lang='lat' dir='ltr'>castra</span> 
     </span>
    </p>
   </div>
   <div class='ocr_carea' id='block_1_114' title="bbox 2141 4918 3791 4991">
    <p class='ocr_par' dir='ltr' id='par_1_114' title="bbox 2141 4918 3791 4991">
     <span class='ocr_line' id='line_1_116' title="bbox 2141 4918 3791 4991; baseline 0.001 -17"><span class='ocrx_word' id='word_1_821' title='bbox 2141 4918 2459 4991; x_wconf 81' lang='lat' dir='ltr'>MediOlani</span> <span class='ocrx_word' id='word_1_822' title='bbox 2481 4918 2639 4991; x_wconf 73' lang='lat' dir='ltr'>jacet</span> <span class='ocrx_word' id='word_1_823' title='bbox 2668 4922 3111 4991; x_wconf 91' lang='lat' dir='ltr'>monasterium,</span> <span class='ocrx_word' id='word_1_824' title='bbox 3143 4920 3384 4991; x_wconf 88' lang='lat' dir='ltr'>plenum</span> <span class='ocrx_word' id='word_1_825' title='bbox 3398 4919 3569 4977; x_wconf 88' lang='lat' dir='ltr'>bonis</span> <span class='ocrx_word' id='word_1_826' title='bbox 3594 4919 3791 4991; x_wconf 85' lang='lat' dir='ltr'>fratri-</span> 
     </span>
    </p>
   </div>
   <div class='ocr_carea' id='block_1_115' title="bbox 2139 4989 3791 5060">
    <p class='ocr_par' dir='ltr' id='par_1_115' title="bbox 2139 4989 3791 5060">
     <span class='ocr_line' id='line_1_117' title="bbox 2139 4989 3791 5060; baseline 0.002 -15"><span class='ocrx_word' id='word_1_827' title='bbox 2139 4990 2387 5060; x_wconf 88' lang='lat' dir='ltr'>bus,sub</span> <span class='ocrx_word' id='word_1_828' title='bbox 2408 4989 2715 5049; x_wconf 83' lang='lat' dir='ltr'>Ambrosio</span> <span class='ocrx_word' id='word_1_829' title='bbox 2736 4993 3039 5049; x_wconf 88' lang='lat' dir='ltr'>nutritore.</span> <span class='ocrx_word' id='word_1_830' title='bbox 3068 4989 3105 5042; x_wconf 72' lang='grc'>››“</span> <span class='ocrx_word' id='word_1_831' title='bbox 3129 4989 3241 5049; x_wconf 89' lang='lat' dir='ltr'>Sed</span> <span class='ocrx_word' id='word_1_832' title='bbox 3288 4992 3441 5047; x_wconf 90' lang='lat' dir='ltr'>inter</span> <span class='ocrx_word' id='word_1_833' title='bbox 3474 4990 3586 5047; x_wconf 89' lang='lat' dir='ltr'>hos</span> <span class='ocrx_word' id='word_1_834' title='bbox 3609 4989 3791 5048; x_wconf 88' lang='lat' dir='ltr'>fuisse</span> 
     </span>
    </p>
   </div>
   <div class='ocr_carea' id='block_1_116' title="bbox 2136 5061 3791 5135">
    <p class='ocr_par' dir='ltr' id='par_1_116' title="bbox 2136 5061 3791 5135">
     <span class='ocr_line' id='line_1_118' title="bbox 2136 5061 3791 5135; baseline -0.001 -19"><span class='ocrx_word' id='word_1_835' title='bbox 2136 5066 2256 5135; x_wconf 83' lang='lat' dir='ltr'>tres</span> <span class='ocrx_word' id='word_1_836' title='bbox 2276 5061 2429 5128; x_wconf 91' lang='lat' dir='ltr'>illos,</span> <span class='ocrx_word' id='word_1_837' title='bbox 2453 5081 2487 5119; x_wconf 91' lang='lat' dir='ltr'>a</span> <span class='ocrx_word' id='word_1_838' title='bbox 2516 5064 2735 5135; x_wconf 91' lang='lat' dir='ltr'>quibus</span> <span class='ocrx_word' id='word_1_839' title='bbox 2765 5064 3253 5121; x_wconf 85' lang='lat' dir='ltr'>Ambrosinorum</span> <span class='ocrx_word' id='word_1_840' title='bbox 3275 5063 3356 5118; x_wconf 89' lang='lat' dir='ltr'>ibi</span> <span class='ocrx_word' id='word_1_841' title='bbox 3378 5062 3546 5132; x_wconf 89' lang='lat' dir='ltr'>ordo,</span> <span class='ocrx_word' id='word_1_842' title='bbox 3566 5066 3625 5119; x_wconf 88' lang='lat' dir='ltr'>et</span> <span class='ocrx_word' id='word_1_843' title='bbox 3657 5062 3791 5135; x_wconf 75' lang='lat' dir='ltr'>inde</span> 
     </span>
    </p>
   </div>
   <div class='ocr_carea' id='block_1_117' title="bbox 2137 5133 3791 5207">
    <p class='ocr_par' dir='ltr' id='par_1_117' title="bbox 2137 5133 3791 5207">
     <span class='ocr_line' id='line_1_119' title="bbox 2137 5133 3791 5207; baseline 0 -18"><span class='ocrx_word' id='word_1_844' title='bbox 2137 5134 2445 5206; x_wconf 89' lang='lat' dir='ltr'>decreptus</span> <span class='ocrx_word' id='word_1_845' title='bbox 2476 5133 2616 5191; x_wconf 45' lang='lat' dir='ltr'>or‘do</span> <span class='ocrx_word' id='word_1_846' title='bbox 2647 5135 3131 5207; x_wconf 84' lang='lat' dir='ltr'>apostolinorum,</span> <span class='ocrx_word' id='word_1_847' title='bbox 3189 5134 3587 5207; x_wconf 65' lang='lat' dir='ltr'>sumpserunt</span> <span class='ocrx_word' id='word_1_848' title='bbox 3614 5133 3791 5207; x_wconf 78' lang='lat' dir='ltr'>origi-</span> 
     </span>
    </p>
   </div>
   <div class='ocr_carea' id='block_1_118' title="bbox 2136 5203 3788 5332">
    <p class='ocr_par' dir='ltr' id='par_1_118' title="bbox 2136 5203 3788 5332">
     <span class='ocr_line' id='line_1_120' title="bbox 2136 5203 3788 5332; baseline 0.001 -72"><span class='ocrx_word' id='word_1_849' title='bbox 2136 5221 2270 5287; x_wconf 85' lang='lat' dir='ltr'>nem</span> <span class='ocrx_word' id='word_1_850' title='bbox 2293 5203 2402 5288; x_wconf 69' lang='grc' dir='ltr'>εἶμι)</span> <span class='ocrx_word' id='word_1_851' title='bbox 2418 5209 2475 5287; x_wconf 84' lang='lat' dir='ltr'>S._</span> <span class='ocrx_word' id='word_1_852' title='bbox 2498 5203 2812 5289; x_wconf 70' lang='lat' dir='ltr'>Augustini</span> <span class='ocrx_word' id='word_1_853' title='bbox 2835 5205 3056 5280; x_wconf 90' lang='lat' dir='ltr'>regula,</span> <span class='ocrx_word' id='word_1_854' title='bbox 3076 5203 3450 5332; x_wconf 53' lang='lat' dir='ltr'>nequaquam</span> <span class='ocrx_word' id='word_1_855' title='bbox 3491 5203 3788 5286; x_wconf 35' lang='lat' dir='ltr'>nobisofe-</span> 
     </span>
     <span class='ocr_line' id='line_1_121' title="bbox 2136 5275 3788 5332; baseline 0 0"><span class='ocrx_word' id='word_1_856' title='bbox 2136 5277 2394 5332; x_wconf 78' lang='lat' dir='ltr'>roalmile</span> <span class='ocrx_word' id='word_1_857' title='bbox 2422 5277 2608 5332; x_wconf 80' lang='lat' dir='ltr'>Videri</span> <span class='ocrx_word' id='word_1_858' title='bbox 2639 5278 2895 5332; x_wconf 79' lang='lat' dir='ltr'>dmmus</span> <span class='ocrx_word' id='word_1_859' title='bbox 2926 5279 2999 5332; x_wconf 91' lang='lat' dir='ltr'>ad</span> <span class='ocrx_word' id='word_1_860' title='bbox 3027 5278 3220 5332; x_wconf 82' lang='lat' dir='ltr'>Vitam</span> <span class='ocrx_word' id='word_1_861' title='bbox 3319 5324 3327 5332; x_wconf 91' lang='lat'>.</span> <span class='ocrx_word' id='word_1_862' title='bbox 3364 5275 3585 5331; x_wconf 77' lang='lat' dir='ltr'>Placidi</span> <span class='ocrx_word' id='word_1_863' title='bbox 3630 5276 3727 5332; x_wconf 74' lang='lat' dir='ltr'>die</span> <span class='ocrx_word' id='word_1_864' title='bbox 3753 5278 3788 5332; x_wconf 89' lang='lat'><strong>5</strong></span> 
     </span>
    </p>
   </div>
   <div class='ocr_carea' id='block_1_119' title="bbox 2133 5275 3789 5334">
    <p class='ocr_par' dir='ltr' id='par_1_119' title="bbox 2133 5275 3789 5334">
     <span class='ocr_line' id='line_1_122' title="bbox 2133 5275 3789 5334; baseline 0.001 -3"><span class='ocrx_word' id='word_1_865' title='bbox 2133 5277 2394 5332; x_wconf 89' lang='lat' dir='ltr'>rosimile</span> <span class='ocrx_word' id='word_1_866' title='bbox 2422 5275 2621 5332; x_wconf 75' lang='lat' dir='ltr'>videri</span> <span class='ocrx_word' id='word_1_867' title='bbox 2639 5275 2999 5334; x_wconf 59' lang='lat' dir='ltr'>diximus&#39;ad</span> <span class='ocrx_word' id='word_1_868' title='bbox 3027 5275 3220 5334; x_wconf 80' lang='lat' dir='ltr'>Vitam</span> <span class='ocrx_word' id='word_1_869' title='bbox 3269 5275 3327 5332; x_wconf 90' lang='lat' dir='ltr'>S.</span> <span class='ocrx_word' id='word_1_870' title='bbox 3364 5275 3585 5331; x_wconf 89' lang='lat' dir='ltr'>Placidi</span> <span class='ocrx_word' id='word_1_871' title='bbox 3630 5275 3727 5332; x_wconf 86' lang='lat' dir='ltr'>die</span> <span class='ocrx_word' id='word_1_872' title='bbox 3753 5278 3789 5333; x_wconf 90' lang='lat'><strong>5</strong></span> 
     </span>
    </p>
   </div>
   <div class='ocr_carea' id='block_1_120' title="bbox 2132 5344 3786 5429">
    <p class='ocr_par' dir='ltr' id='par_1_120' title="bbox 2132 5344 3786 5429">
     <span class='ocr_line' id='line_1_123' title="bbox 2132 5344 3786 5429; baseline 0 -26"><span class='ocrx_word' id='word_1_873' title='bbox 2132 5347 2291 5429; x_wconf 59' lang='lat' dir='ltr'>Junii</span> <span class='ocrx_word' id='word_1_874' title='bbox 2317 5367 2329 5415; x_wconf 92' lang='lat'><strong>;</strong></span> <span class='ocrx_word' id='word_1_875' title='bbox 2354 5353 2490 5429; x_wconf 68' lang='lat' dir='ltr'>esto</span> <span class='ocrx_word' id='word_1_876' title='bbox 2513 5349 2570 5404; x_wconf 92' lang='lat' dir='ltr'>id</span> <span class='ocrx_word' id='word_1_877' title='bbox 2603 5350 3139 5429; x_wconf 46' lang='lat' dir='ltr'>scribantlgorigia</span> <span class='ocrx_word' id='word_1_878' title='bbox 3180 5352 3356 5429; x_wconf 77' lang='lat' dir='ltr'>atque</span> <span class='ocrx_word' id='word_1_879' title='bbox 3391 5344 3786 5429; x_wconf 70' lang='lat' dir='ltr'>Maurolycus,</span> 
     </span>
    </p>
   </div>
   <div class='ocr_carea' id='block_1_121' title="bbox 2132 5417 3788 5490">
    <p class='ocr_par' dir='ltr' id='par_1_121' title="bbox 2132 5417 3788 5490">
     <span class='ocr_line' id='line_1_124' title="bbox 2132 5417 3788 5490; baseline 0.002 -17"><span class='ocrx_word' id='word_1_880' title='bbox 2132 5418 2226 5475; x_wconf 90' lang='lat' dir='ltr'>hic</span> <span class='ocrx_word' id='word_1_881' title='bbox 2256 5419 2314 5475; x_wconf 91' lang='lat' dir='ltr'>in</span> <span class='ocrx_word' id='word_1_882' title='bbox 2347 5422 2592 5490; x_wconf 89' lang='lat' dir='ltr'>Oceano,</span> <span class='ocrx_word' id='word_1_883' title='bbox 2629 5420 2739 5476; x_wconf 88' lang='lat' dir='ltr'>iste</span> <span class='ocrx_word' id='word_1_884' title='bbox 2782 5421 2840 5476; x_wconf 91' lang='lat' dir='ltr'>in</span> <span class='ocrx_word' id='word_1_885' title='bbox 2874 5417 3128 5476; x_wconf 72' lang='lat' dir='ltr'>Historia</span> <span class='ocrx_word' id='word_1_886' title='bbox 3155 5417 3452 5490; x_wconf 84' lang='lat' dir='ltr'>originum</span> <span class='ocrx_word' id='word_1_887' title='bbox 3482 5417 3788 5490; x_wconf 83' lang='lat' dir='ltr'>religiosa-</span> 
     </span>
    </p>
   </div>
   <div class='ocr_carea' id='block_1_122' title="bbox 2130 5489 3788 5563">
    <p class='ocr_par' dir='ltr' id='par_1_122' title="bbox 2130 5489 3788 5563">
     <span class='ocr_line' id='line_1_125' title="bbox 2130 5489 3788 5563; baseline 0.001 -18"><span class='ocrx_word' id='word_1_888' title='bbox 2130 5506 2283 5545; x_wconf 89' lang='lat' dir='ltr'>rum.</span> <span class='ocrx_word' id='word_1_889' title='bbox 2305 5489 2507 5563; x_wconf 85' lang='lat' dir='ltr'>Situm</span> <span class='ocrx_word' id='word_1_890' title='bbox 2539 5491 2809 5562; x_wconf 89' lang='lat' dir='ltr'>designat</span> <span class='ocrx_word' id='word_1_891' title='bbox 2839 5491 3085 5563; x_wconf 87' lang='lat' dir='ltr'>Morigia</span> <span class='ocrx_word' id='word_1_892' title='bbox 3107 5513 3137 5543; x_wconf 88' lang='grc'>‹‹</span> <span class='ocrx_word' id='word_1_893' title='bbox 3166 5491 3228 5548; x_wconf 93' lang='lat' dir='ltr'>in</span> <span class='ocrx_word' id='word_1_894' title='bbox 3250 5489 3443 5563; x_wconf 77' lang='lat' dir='ltr'>hurgo</span> <span class='ocrx_word' id='word_1_895' title='bbox 3472 5489 3788 5563; x_wconf 24' lang='lat' dir='ltr'>PorthCo-</span> 
     </span>
    </p>
   </div>
   <div class='ocr_carea' id='block_1_123' title="bbox 2130 5560 3786 5629">
    <p class='ocr_par' dir='ltr' id='par_1_123' title="bbox 2130 5560 3786 5629">
     <span class='ocr_line' id='line_1_126' title="bbox 2130 5560 3786 5629; baseline -0.002 -14"><span class='ocrx_word' id='word_1_896' title='bbox 2130 5562 2369 5618; x_wconf 88' lang='lat' dir='ltr'>mensis.</span> <span class='ocrx_word' id='word_1_897' title='bbox 2407 5582 2435 5609; x_wconf 86' lang='grc'><strong>››</strong></span> <span class='ocrx_word' id='word_1_898' title='bbox 2467 5560 2778 5618; x_wconf 76' lang='lat' dir='ltr'>Petrarcha</span> <span class='ocrx_word' id='word_1_899' title='bbox 2833 5563 2894 5617; x_wconf 90' lang='lat' dir='ltr'>in</span> <span class='ocrx_word' id='word_1_900' title='bbox 2948 5560 3096 5619; x_wconf 78' lang='lat' dir='ltr'>libro</span> <span class='ocrx_word' id='word_1_901' title='bbox 3153 5563 3233 5619; x_wconf 91' lang='lat' dir='ltr'>De</span> <span class='ocrx_word' id='word_1_902' title='bbox 3287 5560 3406 5618; x_wconf 67' lang='lat' dir='ltr'>vita</span> <span class='ocrx_word' id='word_1_903' title='bbox 3444 5560 3786 5629; x_wconf 79' lang='lat' dir='ltr'>solitaria,»</span> 
     </span>
    </p>
   </div>
   <div class='ocr_carea' id='block_1_124' title="bbox 2128 5630 3782 5707">
    <p class='ocr_par' dir='ltr' id='par_1_124' title="bbox 2128 5630 3782 5707">
     <span class='ocr_line' id='line_1_127' title="bbox 2128 5630 3782 5707; baseline 0.004 -22"><span class='ocrx_word' id='word_1_904' title='bbox 2128 5630 2293 5707; x_wconf 69' lang='lat' dir='ltr'>Nunc</span> <span class='ocrx_word' id='word_1_905' title='bbox 2323 5630 2560 5707; x_wconf 85' lang='lat' dir='ltr'>quidem</span> <span class='ocrx_word' id='word_1_906' title='bbox 2591 5632 2735 5688; x_wconf 90' lang='lat' dir='ltr'>silva</span> <span class='ocrx_word' id='word_1_907' title='bbox 2761 5635 2973 5702; x_wconf 86' lang='lat' dir='ltr'>excisa,</span> <span class='ocrx_word' id='word_1_908' title='bbox 2999 5658 3027 5685; x_wconf 89' lang='grc'>‹‹</span> <span class='ocrx_word' id='word_1_909' title='bbox 3084 5632 3299 5707; x_wconf 89' lang='lat' dir='ltr'>Inquit,</span> <span class='ocrx_word' id='word_1_910' title='bbox 3325 5636 3524 5691; x_wconf 85' lang='lat' dir='ltr'>manet</span> <span class='ocrx_word' id='word_1_911' title='bbox 3570 5636 3782 5691; x_wconf 84' lang='lat' dir='ltr'>tamen</span> 
     </span>
    </p>
   </div>
   <div class='ocr_carea' id='block_1_125' title="bbox 2125 5702 2748 5759">
    <p class='ocr_par' dir='ltr' id='par_1_125' title="bbox 2125 5702 2748 5759">
     <span class='ocr_line' id='line_1_128' title="bbox 2125 5702 2748 5759; baseline -0.003 -4"><span class='ocrx_word' id='word_1_912' title='bbox 2125 5702 2424 5759; x_wconf 89' lang='lat' dir='ltr'>Ambrosii</span> <span class='ocrx_word' id='word_1_913' title='bbox 2455 5717 2683 5759; x_wconf 88' lang='lat' dir='ltr'>nemus.</span> <span class='ocrx_word' id='word_1_914' title='bbox 2720 5726 2748 5754; x_wconf 86' lang='grc'><strong>››</strong></span> 
     </span>
    </p>
   </div>
  </div>
