3960 6216
329 327 482 393 146⁸7

1444 322 1557 392 SS.
1603 324 1928 391 ARIALDI
1971 324 2073 390 ET
2114 324 2618 391 ERLEMBALDI

3576 312 3775 388 μεθ

325 482 500 538 domo
523 479 754 536 Domini
785 481 1117 553 rapuerant,
1150 482 1207 535 et
1236 478 1320 536 sic
1358 477 1614 537 ecclesia
1673 478 1774 534 Dei
1822 495 1968 550 pene
1996 461 2051 528 Α
2080 480 2281 537 eodem
2303 479 2573 551 protinus
2632 478 2786 534 idem
2831 474 3187 550 incipiebat;
3241 474 3473 533 etiamsi
3524 479 3774 546 prater

326 575 535 627 cuneta
559 574 699 625 sunt
723 570 969 635 reddita,
992 573 1268 640 operante
1326 568 1554 625 Christo
1622 584 1724 640 per
1778 566 1968 623 zelum

324 661 576 734 piorum,
610 677 735 731 qua
767 660 837 715 ab
868 675 936 713 ea
966 658 1193 713 fuerant
1215 661 1398 728 rapta,
1432 662 1706 729 operante
1756 657 1971 711 Satana

324 767 428 823 per
456 750 710 804 furorem
734 748 1070 820 impiorum.

391 842 478 895 53.
514 839 673 893 Sicut
692 837 960 891 Arialdus
988 835 1246 906 quotidie
1268 834 1482 889 Christi
1515 852 1722 889 causas
1738 835 1960 905 erigere

324 934 381 983 et
411 928 660 983 exaltare
684 925 1088 987 contendebat,
1109 925 1182 978 ita
1207 923 1471 978 Christus
1504 925 1573 977 de
1632 924 1845 978 virtute
1900 922 1958 978 in

322 1017 594 1071 virtutem
632 1014 925 1069 Arialdum
960 1014 1192 1068 assidue
1217 1012 1587 1083 provehebat.
1648 1013 1793 1065 Nam
1846 1017 1965 1066 tam

326 1110 615 1177 potentem
642 1104 698 1156 in
724 1104 983 1157 oratione
1016 1118 1339 1171 numquam
1374 1101 1715 1155 reminiscor
1760 1117 1852 1154 me
1882 1100 1968 1153 vi-

323 1195 479 1248 disse
512 1191 692 1246 alium
729 1208 1119 1262 quemquam;
1146 1190 1315 1259 cujus
1342 1188 1684 1259 qualitatem
1707 1188 1753 1241 si
1775 1189 1970 1243 dixero

323 1287 554 1353 gratum
572 1281 687 1335 fore
702 1280 1078 1349 diligentibus
1094 1280 1276 1333 Deum
1290 1281 1477 1348 ,profu
1488 1284 1801 1347 turumque
1841 1293 1970 1347 spe-

324 1372 517 1425 ro.'l‘ot
548 1370 703 1423 enim
727 1374 1059 1422 sanctorum
1089 1367 1411 1421 nominade
1427 1367 1612 1437 ipsius
1633 1383 1727 1419 ore
1748 1382 1858 1419 non
1879 1382 1969 1419 so-

322 1458 443 1513 lum
470 1457 646 1512 semel
671 1459 725 1511 in
750 1458 968 1523 die,sed
986 1456 1158 1511 etiam
1183 1456 1271 1509 bis
1292 1463 1494 1526 terque
1515 1455 1825 1509 audiebam
1848 1470 1973 1525 pro-

322 1548 545 1615 cedere,
580 1551 720 1617 quot
743 1562 1046 1617 nunquam
1099 1546 1394 1615 scriptain
1451 1544 1647 1599 codice
1695 1543 1834 1607 vidi,
1869 1557 1973 1597 nec

323 1634 503 1691 alium
526 1636 913 1706 proferentem
938 1634 1148 1688 audivi.
1177 1633 1320 1687 Nam
1345 1632 1479 1687 licet
1504 1631 1719 1686 divinis
1742 1648 1807 1685 ac
1828 1630 1971 1685 libe-

324 1723 545 1779 ralibus
574 1723 785 1778 litteris
809 1722 891 1777 sic
923 1722 1187 1776 imbutus
1219 1726 1373 1776 esset
1396 1725 1461 1775 ut
1491 1720 1582 1774 vix
1612 1719 1825 1775 alicubi
1844 1720 1972 1790 ejus

2081 568 2342 641 psalmos
2364 573 2481 624 tres
2505 568 2613 641 (27)
2658 566 2901 624 minime
2922 566 2972 623 ei
3005 564 3241 623 exordio
3264 566 3361 637 (an
3381 582 3453 621 ea:
3470 563 3679 621 ordine
3706 565 3772 633 .9)

2080 664 2217 714 tunc
2246 658 2436 713 dicere
2467 657 2684 714 liceret.
2718 656 3004 713 Clericum
3026 655 3183 712 enim
3243 654 3543 712 fatebatur
3585 669 3779 712 sem-

2081 764 2181 818 per
2202 747 2410 801 debere
2440 745 2591 801 inter
2621 745 3011 817 psalmodiam
3045 760 3195 800 esse.

2707 852 2943 907 CAPUT
2980 851 3077 907 VI.

2081 944 2525 1013 Archicpiscopus
2556 958 2680 996 cum
2717 943 2831 995 suis
2860 940 3149 996 Arialdum
3173 944 3227 994 et
3255 939 3441 1011 ﬁdeles
3486 944 3773 995 armatus

2550 1014 2870 1083 aggreditur
2900 1014 3263 1083 vinciturque.

2148 1104 2238 1157 55.
2267 1103 2517 1157 Peractis
2543 1103 2721 1173 igitur
2742 1116 2947 1155 novem
2971 1100 3143 1155 annis
3183 1100 3243 1154 in
3294 1098 3570 1155 exercitio
3610 1102 3763 1155 tam

2080 1192 2286 1264 grandi
2318 1196 2491 1262 atque
2524 1188 2876 1256 admirabili,
2911 1193 3149 1243 ventum
3183 1193 3273 1243 est
3302 1189 3373 1244 ad
3406 1188 3759 1255 decimum,

2082 1282 2140 1335 in
2173 1297 2287 1351 quo
2318 1279 2575 1352 pervenit
2597 1281 2667 1333 ad
2699 1284 2898 1334 votum
2930 1278 3031 1332 diu
3063 1277 3241 1332 nimis
3272 1280 3559 1348 optatum.
3584 1277 3764 1332 Nam

2081 1368 2164 1423 sic
2187 1386 2288 1440 pro
2322 1368 2549 1423 Christo
2592 1367 2737 1422 mori
2789 1366 3058 1421 ardenter
3116 1365 3407 1438 cupiebat,
3458 1369 3544 1431 ut,
3596 1382 3764 1421 cum

2081 1456 2401 1529 quemlibet
2421 1474 2483 1511 se
2514 1457 2817 1527 Deumque
2846 1459 3103 1510 cerneret
3162 1471 3305 1526 pure
3359 1453 3761 1526 diligentem,

2082 1562 2295 1617 magna
2327 1562 2458 1601 cum
2490 1560 2659 1616 prece
2689 1544 3046 1614 deposceret,
3080 1542 3283 1597 dicens
3310 1560 3323 1598 :
3355 1542 3611 1599 Obsecro
3683 1547 3761 1599 te

2082 1651 2184 1705 per
2199 1634 2594 1699 Christum,ut
2614 1650 2716 1705 pro
2741 1648 2833 1687 me
2863 1648 3095 1704 precem
3117 1631 3334 1687 fundas
3354 1632 3512 1703 apud
3534 1632 3759 1704 ipsum

2083 1727 2375 1795 quatenus
2397 1723 2684 1794 sanguine
2715 1721 2946 1793 proprio
2969 1720 3170 1776 testari
3202 1735 3431 1776 merear
3476 1721 3743 1776 verbum

323 1830 429 1885 par
461 1811 702 1867 inveniri
736 1814 950 1883 posset,
984 1810 1322 1864 nullatenus
1347 1808 1478 1880 plus
1512 1808 1569 1862 in
1595 1826 1702 1895 sua
1726 1808 1973 1863 scientia
2003 1830 2051 1895 B
2084 1813 2232 1883 ejus,
2266 1812 2421 1884 quod
2456 1812 2726 1883 praedico,
2758 1810 2827 1865 ad
2862 1811 3015 1881 quod
3036 1808 3481 1880 adipiscendum
3506 1808 3559 1864 ei
3609 1808 3753 1864 haec

322 1900 649 1955 confidebat
676 1915 850 1969 quam
900 1896 1055 1952 velut
1086 1915 1189 1951 nec
1241 1913 1421 1951 unam
1467 1896 1642 1950 sciret
1690 1894 1969 1951 litteram.

323 1988 433 2043 Sed
466 2004 599 2042 cum
631 1991 784 2041 esset
813 2002 946 2040 cum
975 1985 1169 2056 aliquo
1201 1985 1272 2039 de
1303 1985 1416 2039 fide
1468 1983 1859 2039 altercaturus
1914 1983 1973 2037 in

320 2075 574 2149 publico,
606 2075 950 2146 priusquam
977 2074 1107 2145 ipsa
1138 2073 1450 2129 haberetur
1480 2073 1813 2144 congressio
1849 2073 1971 2127 stu-

322 2165 495 2219 debat
526 2179 626 2235 per
656 2181 737 2231 se,
765 2165 883 2218 sive
910 2179 1011 2235 per
1043 2163 1251 2218 fratres
1271 2162 1543 2227 directos,
1603 2162 1972 2232 circumqua-

322 2269 435 2324 que
465 2269 708 2324 corpora
738 2257 1074 2307 sanctorum
1107 2251 1603 2322 requirere,alque
1635 2265 1837 2304 eorum
1869 2266 1973 2321 pa-

321 2341 587 2406 trocinia,
612 2341 710 2395 ubi
742 2356 976 2395 omnem
1008 2357 1176 2395 suam
1208 2356 1371 2410 spem
1396 2337 1726 2405 collocarat,
1762 2338 1973 2393 obnixe

322 2430 603 2500 ﬂagitare.
639 2429 783 2483 Nam
811 2428 1092 2498 quotidie,
1112 2426 1360 2482 vallatus
1385 2428 1639 2482 fraterna
1669 2425 1808 2493 acie,
1837 2443 1970 2482 san-

320 2522 548 2572 ctorum
567 2534 810 2586 corpora
831 2515 1176 2570 circumibat
1196 2520 1367 2587 atque
1396 2531 1591 2570 coram
1613 2515 1833 2570 eisdem
1855 2515 1971 2571 Deo

320 2606 752 2678 gemebundam
776 2604 1055 2659 fundebat
1084 2620 1339 2675 precem.

389 2696 478 2750 54.
514 2695 799 2749 Exeuntes
839 2695 994 2749 enim
1029 2711 1062 2748 a
1092 2694 1288 2758 domo,
1311 2691 1653 2764 singulatim
1673 2692 1971 2763 privatim-

320 2800 433 2854 que
458 2783 674 2837 orando
705 2783 1141 2850 incedebamus,
1164 2783 1346 2836 donec
1393 2781 1593 2853 pOpuli
1647 2780 1970 2836 tumultum

319 2873 759 2926 transissemus.
812 2873 931 2934 Quo
965 2869 1230 2937 transito,
1281 2870 1540 2942 psalmos
1588 2870 1972 2925 cantabamus

320 2960 632 3031 reciproce,
666 2974 813 3028 quos
843 2958 1158 3029 incipiebat
1188 2959 1331 3029 ipse,
1360 2963 1414 3013 et
1470 2958 1578 3013 hoc
1628 2959 1967 3030 agebamus,

320 3062 627 3120 quousque
647 3045 1111 3117 ecclesiajanuis
1133 3046 1764 3117 proximiesscmus,ad
1791 3062 1969 3117 quam

320 3136 729 3210 pergebamus,
764 3135 863 3189 ubi
902 3134 1102 3189 relicta
1133 3133 1462 3206 psalmodia
1504 3135 1750 3206 ejusque
1811 3138 1971 3206 parte

2082 1901 2312 1957 occasio
2337 1902 2465 1956 fuit.
2496 1903 2802 1956 Juraverat
2827 1897 2911 1953 illi
2946 1898 3138 1954 omnis
3160 1897 3373 1966 clerus,
3396 1902 3519 1954 tam
3550 1898 3758 1970 majo-

2084 1990 2165 2045 ris
2197 2007 2375 2062 quam
2409 1989 2655 2045 minoris
2686 1988 2931 2053 ordinis,
2964 2003 3191 2043 necnon
3223 1987 3349 2059 ipse
3379 1986 3592 2056 Guido,
3626 1987 3752 2059 qui

2082 2078 2346 2134 Pontifex
2403 2077 2725 2146 dicebatur,
2767 2081 3059 2148 quatenus
3099 2093 3236 2132 cum
3308 2093 3375 2131 eo
3454 2076 3753 2132 deberent

2082 2166 2351 2222 haresim
2384 2167 2776 2222 Simoniaeam
2809 2182 2876 2222 ac
2899 2165 3339 2238 Neophytanam
3363 2165 3755 2230 damnare,et.

2081 2256 2141 2311 in
2174 2255 2457 2311 catholica
2472 2257 2585 2311 fide
2617 2253 2865 2311 ulterius
2881 2254 3215 2327 persistere.
3245 2254 3357 2310 Sed
3388 2269 3525 2309 cum
3546 2254 3749 2311 eccle—

2081 2344 2303 2400 siarum
2337 2344 2625 2417 regimina
2680 2342 2869 2399 eidem
2918 2341 3170 2398 Guidoni
3228 2341 3357 2399 sine
3409 2340 3751 2399 rectoribus

2080 2432 2622 2505 apparebant,illico
2636 2432 2789 2504 quod
2797 2433 3100 2503 juraverat
3118 2428 3394 2485 oblivioni
3425 2430 3704 2486 tradebat
3725 2448 3745 2500 ;

2080 2526 2156 2587 et,
2188 2539 2294 2577 ceu
2324 2522 2487 2577 canis
2506 2522 2578 2576 ad
2602 2520 2997 2586 vomitum,sic
3019 2519 3417 2575 revertebatur
3443 2517 3517 2575 ad
3548 2535 3741 2574 suum

2081 2611 2391 2683 antiquum
2424 2615 2672 2666 reatum.
2702 2610 2865 2674 Quod
2896 2608 2984 2663 vir
3012 2608 3114 2663 Dei
3146 2606 3419 2663 Arialdus
3457 2623 3737 2676 cernens,

2081 2699 2304 2757 litteras
2335 2718 2437 2773 per
2459 2717 2671 2755 manus
2702 2696 3094 2754 Herlembaldi
3117 2697 3189 2753 ad
3220 2695 3608 2768 apostolicum
3638 2696 3734 2751 di-

2082 2792 2248 2861 rexit,
2271 2795 2561 2861 quatenus
2593 2789 2717 2861 ipse
2748 2787 3082 2843 decerneret
3138 2785 3280 2856 quid
3336 2785 3408 2840 de
3464 2784 3742 2841 Guidone

2081 2880 2343 2936 adultero
2364 2883 2422 2935 et
2445 2877 2775 2935 Simoniaco
2802 2879 2977 2947 atque
3008 2875 3242 2947 perjuro
3263 2873 3389 2929 fieri
3418 2875 3739 2945 oporteret.

2149 2970 2238 3024 56.
2265 2970 2429 3024 Tune
2460 2968 2635 3023 etiam
2676 2966 2792 3021 duo
2851 2963 3047 3019 clerici
3094 2962 3453 3018 Modicenses
3483 2961 3597 3033 (28)
3656 2963 3739 3017 ad

2079 3058 2295 3114 Christi
2320 3055 2607 3112 famulum
2637 3069 2868 3122 venere,
2900 3052 3257 3123 spondentes
3286 3050 3433 3107 velle
3462 3067 3525 3107 se
3554 3048 3744 3107 relin-

2083 3163 2259 3218 quere
2289 3162 2465 3217 opera
2488 3148 2545 3200 et
2573 3142 2936 3199 consortium
2968 3139 3210 3206 diaboli,
3244 3142 3304 3195 et
3334 3139 3608 3212 deinceps
3638 3140 3741 3195 ﬂr-

322 3197 833 3279 bltiinamemdria
858 3197 1251 3295 tradita,q.uos
1272 3224 1344 3278 ad
1375 3197 1613 3278 laudem
1646 3197 1964 3279 illius-san-
1999 3197 2043 3264 θ
2284 3197 2478 3289 (ὦ)έῶ
2496 3197 2903 3305 ἔι-ριιέάίοαιιθ
2932 3246 3107 3301 opem
3166 3197 3224 3285 ait
3276 3229 3454 3285 ﬁdem
3510 3197 3738 3284 dhriati

320 3315 396 3370 eti
432 3313 719 3386 pertinere
751 3316 957 3369 cantus
986 3312 1073 3367 vel
1104 3312 1352 3385 hymnos
1370 3311 1608 3380 sciebat,
1662 3310 1964 3379 sumebat;

319 3402 403 3459 sic
425 3402 660 3474 quidem
691 3400 936 3457 dicendo
960 3402 1258 3456 moderate
1280 3400 1514 3472 lenique
1542 3416 1680 3456 voce
1703 3404 1767 3455 ut
1809 3400 1965 3472 quod

318 3492 546 3547 dicebat
569 3507 878 3563 possemus
899 3490 1119 3558 audire,
1172 3494 1346 3562 atque
1387 3506 1520 3545 cum
1571 3506 1637 3545 eo
1669 3488 1879 3555 dicere,
1911 3492 1970 3545 et

318 3597 453 3636 cum
493 3579 602 3635 hoc
634 3584 834 3636 sancto
866 3596 1074 3635 canore
1103 3584 1237 3634 ante
1261 3582 1530 3635 sanctum
1586 3577 1968 3634 veniebamus

319 3668 519 3724 altare.
553 3669 674 3733 Quo
706 3668 1109 3724 venerabiliter
1139 3668 1401 3736 adorato,
1434 3667 1483 3723 si
1514 3666 1636 3723 dies
1686 3665 1969 3723 solemnis

316 3758 406 3813 vel
438 3756 736 3812 Paschalis
762 3774 877 3813 non
908 3762 1080 3825 esset,
1106 3761 1355 3828 utraque
1386 3772 1579 3829 genua
1635 3757 1694 3811 in
1752 3759 1968 3812 terram

317 3847 592 3920 ponebat,
626 3863 836 3902 manus
866 3847 1250 3918 expandebat,
1285 3844 1484 3901 oculos
1505 3844 1566 3900 in
1597 3844 1807 3900 calum
1827 3845 1969 3916 ﬁge-

319 3935 502 4005 bat,et
520 3933 604 3990 sic
626 3935 686 3990 in
698 3934 888 3990 crucis
912 3936 1082 3990 modo
1106 3939 1238 3990 ante
1265 3933 1447 3990 altare
1462 3937 1758 4004 stans,pro
1781 3931 1971 3989 salute

318 4021 669 4079 universalis
717 4023 1004 4090 Ecclesia,
1039 4040 1106 4079 ac
1165 4039 1268 4095 pro
1320 4023 1448 4093 ejus
1502 4022 1969 4077 adversariorum

319 4112 778 4178 conversione,et
810 4129 913 4183 pro
947 4110 1167 4167 caeteris
1213 4110 1560 4182 hujusmodi
1618 4108 1970 4165 utilitatibus

321 4198 545 4266 multis,
566 4199 750 4254 Deum
782 4201 1054 4256 exorabat
1085 4216 1220 4255 cum
1248 4199 1566 4270 gemitibus
1589 4203 1648 4254 et
1676 4197 1967 4270 lacrymis.

321 4288 438 4343 Nos
457 4302 592 4342 vero
614 4291 749 4358 post
784 4288 981 4359 ipsum
1026 4287 1499 4360 procumbentes,
1532 4287 1687 4358 quod
1719 4284 1967 4355 dicebat,

323 4376 707 4433 audiebamus
740 4380 796 4431 et
826 4377 1347 4448 respondebamus.
1384 4377 1548 4431 Tunc
1599 4376 1837 4431 demum
1896 4374 1972 4430 si-

322 4465 511 4524 lenter
536 4464 845 4538 paululum
877 4465 1100 4532 orabat,
1133 4465 1307 4536 idque
1341 4480 1824 4536 unumquemque
1867 4481 1971 4520 no-

2072 3340 2208 3380 nam
2241 3339 2395 3379 unus
2425 3339 2493 3377 ex
2521 3321 2614 3377 his
2645 3324 2818 3377 tanta
2840 3320 3029 3375 fuerat
3055 3316 3314 3374 audacia
3345 3320 3401 3372 et
3430 3316 3732 3387 perversi-

2074 3411 2234 3480 tatis,
2267 3415 2332 3467 ut
2351 3410 2519 3483 quasi
2552 3410 2758 3465 ductor
2782 3407 3051 3464 existeret
3079 3405 3346 3461 adversa
3377 3402 3736 3475 partis.Qui-

2074 3502 2192 3557 bus
2212 3500 2302 3555 vir
2330 3500 2432 3554 Dei
2461 3498 2709 3555 aitzTot
2739 3497 2955 3569 quippe
3001 3497 3139 3550 sunt
3195 3492 3297 3565 qui
3363 3491 3474 3547 hoc
3520 3489 3741 3547 dicunt

2078 3589 2434 3646 mendaciter
2464 3590 2529 3643 ut
2541 3587 2668 3658 jam
2693 3602 2839 3658 pene
2869 3599 3041 3640 nemo
3066 3582 3143 3638 sit
3179 3581 3273 3637 cui
3329 3578 3521 3653 possit
3567 3578 3735 3636 eradi

2075 3678 2375 3735 veraciter.
2402 3681 2519 3733 Vos
2547 3692 2702 3743 vero,
2738 3675 2788 3731 si
2812 3672 2991 3729 vultis
3021 3676 3087 3728 ut
3113 3669 3323 3726 vestris
3353 3669 3588 3724 credam
3611 3684 3735 3724 ser-

2078 3767 2375 3833 monibus,
2405 3765 2505 3832 ite,
2527 3769 2583 3821 et
2611 3762 2886 3836 operibus
2915 3778 3009 3817 me
3039 3761 3279 3816 ﬁrmum
3318 3756 3564 3814 reddite.
3614 3760 3734 3814 Re-

2078 3854 2473 3929 gressigigitur
2491 3853 2719 3919 domos,
2743 3849 3035 3907 connubio
3065 3848 3220 3906 illico
3270 3864 3305 3903 a
3359 3863 3423 3903 se
3470 3844 3728 3919 repulso,

2077 3961 2299 4017 coepere
2315 3942 2512 4017 palam
2526 3945 2582 3998 et
2593 3943 2931 3996 constanter
2942 3938 3149 4011 proﬁte
3159 3936 3208 3992 ri
3221 3936 3286 3992 Β.
3316 3934 3538 3991 Arialdi
3554 3934 3732 3992 verba

2076 4049 2204 4090 esse
2226 4031 2398 4106 plena
2416 4031 2813 4102 veritate,qua
2843 4028 3128 4084 hactenus
3150 4028 3317 4083 erant
3329 4023 3582 4096 professi
3606 4021 3732 4078 fore

2079 4121 2249 4194 plena
2280 4120 2551 4177 falsitate.
2584 4123 2715 4175 Hac
2747 4122 2814 4174 ut
2841 4115 3025 4173 Guido
3051 4114 3338 4183 audierat,
3372 4128 3555 4169 savos
3586 4110 3734 4168 illuc

2077 4210 2345 4283 protinus
2358 4207 2718 4281 apparitores
2731 4206 3099 4274 mittens,eos
3120 4218 3323 4276 capere
3339 4199 3732 4273 jussit,atquc

2078 4298 2324 4371 inAlpes
2355 4298 2427 4353 ad
2458 4296 2751 4364 Castrum,
2804 4294 2960 4367 quod
3005 4292 3225 4348 dicitur
3282 4290 3541 4346 Leucum
3588 4287 3727 4360 (29),

2079 4385 2393 4459 deportari.
2428 4385 2512 4440 Ibi
2544 4400 2800 4456 namque
2831 4383 2890 4438 in
2913 4386 3035 4438 tam
3056 4380 3255 4436 dirum
3278 4393 3569 4434 carcerem
3593 4380 3739 4431 sunt

2078 4477 2246 4533 missi
2280 4475 2455 4547 (sicut
2484 4472 2596 4546 ipsi
2624 4472 2793 4529 nobis
2823 4474 2962 4526 sunt
2989 4472 3193 4542 postea
3211 4464 3555 4539 professi)ut
3585 4481 3740 4520 nun-

322 4558 511 4611 εῑτυω
544 4571 712 4626 agerc
736 4554 983 4611 είηοδαῐυ
1045 4554 1309 4625 Denique
1350 4570 1411 4610 se
1460 4552 1739 4626 erigebat,
1793 4551 1974 4609 altare
2002 4565 2050 4632 D
2080 4581 2259 4637 quam
2289 4579 2388 4619 eos
2416 4561 2725 4634 contigerit
2740 4559 2976 4616 audisse
3005 4560 3242 4614 sanctos
3273 4572 3307 4611 a
3337 4551 3585 4627 paganis
3617 4552 3738 4608 du-

322 4641 639 4698 honoriﬁce
660 4643 961 4709 adorabat,
995 4647 1051 4698 et
1071 4641 1378 4709 nobiseum
1408 4642 1536 4713 jam
1592 4640 1971 4713 regrediendo

321 4731 584 4787 dicebat:
616 4729 905 4803 Angelum
937 4731 1097 4804 pacis
1127 4736 1185 4788 et
1213 4730 1416 4804 gratia
1450 4730 1604 4786 dona
1636 4730 1826 4798 nobis,
1858 4730 1969 4786 Do-

322 4822 481 4878 mine
508 4821 661 4877 Deus
690 4822 1047 4890 noster(?.6),
1079 4826 1135 4876 et
1188 4826 1325 4876 tunc
1368 4819 1448 4875 ibi
1497 4818 1725 4892 psalmo
1782 4818 1971 4876 dicere

322 4910 383 4964 in
404 4908 657 4965 ecclesia
678 4909 831 4964 exitu
858 4908 1305 4982 incipiebat,ubi
1338 4909 1574 4964 eosdem
1606 4907 1667 4962 in
1703 4907 1973 4980 ingressu

321 4998 668 5069 reliquerat:
703 5015 956 5070 cumque
980 4998 1051 5053 ad
1080 4997 1256 5054 aliam
1286 4996 1622 5052 veniremus
1647 4995 1974 5077 ecelgsiam,

322 5086 432 5141 hoc
465 5087 524 5141 in
556 5102 624 5142 ea
644 5088 986 5159 agebamus,
1023 5087 1178 5158 quod
1240 5086 1300 5141 in
1341 5084 1457 5141 alia
1505 5085 1852 5142 feceramus.
1909 5085 1975 5140 Et

394 5235 509 5308 (26)
541 5236 699 5308 Hanc
730 5237 1050 5293 orationem
1072 5235 1500 5308 necdumpotui
1530 5235 1590 5308 in
1617 5236 1796 5308 veteri
1829 5236 1975 5292 mis-

324 5305 437 5363 sati
470 5305 559 5361 vel
588 5307 872 5363 breviario
915 5305 1355 5364 Mediolanensi'
1391 5307 1687 5375 invenire;
1729 5306 1976 5364 libenter

325 5377 609 5448 accipiam
637 5380 945 5448 integram,
979 5384 1036 5435 et
1055 5380 1278 5435 discam
1310 5378 1465 5432 unde
1496 5382 1733 5448 accepta
1768 5378 1863 5434 sit.

397 5447 596 5570 (27)tId
619 5453 726 5516 est,
759 5447 893 5504 licet
922 5450 1113 5505 solum
1146 5455 1262 5505 tres
1293 5448 1484 5502 ultimi
1515 5447 1728 5520 pssimi
1760 5465 1968 5521 super-

397 5534 498 5570 sen
533 5558 545 5570 .

328 5534 545 5573 essent.

328 5602 652 5658 notandum
687 5606 842 5673 quod
867 5607 924 5660 in
953 5606 1077 5661 loco
1107 5622 1221 5676 quo
1253 5604 1595 5676 psalterium
1624 5607 1886 5676 ﬁniebat,
1910 5609 1971 5666 in

2081 4654 2237 4710 riora
2266 4649 2769 4724 perpessos.Quod
2801 4645 3016 4704 Christi
3039 4642 3300 4701 famulus
3321 4640 3747 4698 dumaudisset

2081 4743 2393 4800 convocata
2413 4740 2472 4795 in
2496 4754 2682 4794 unum
2711 4735 2962 4793 civitatis
2993 4730 3392 4800 multitudine,
3424 4729 3545 4787 ait:
3593 4728 3745 4786 Volo

2083 4847 2208 4897 vos,
2235 4826 2623 4894 dilectissimi,
2646 4824 2793 4882 scire
2814 4824 2971 4896 quod
3000 4820 3375 4879 Christianus
3420 4835 3526 4891 pro
3575 4816 3747 4875 nulla

2086 4934 2266 4975 causa
2285 4914 2546 4989 gladium
2567 4914 2776 4970 debeat
2787 4914 2936 4968 ferre
2953 4909 3069 4967 nisi
3089 4926 3193 4982 pro
3217 4906 3354 4964 fidei
3375 4904 3742 4964 defensione.

2083 5009 2142 5064 Si
2172 5006 2254 5062 ita
2275 5008 2381 5073 est,
2413 5019 2536 5074 vos,
2568 5002 2670 5075 qui
2689 4999 3002 5058 Christiani
3033 4998 3200 5069 estis,
3232 5000 3290 5052 et
3342 5010 3510 5051 arma
3567 4993 3739 5050 fertis

2084 5096 2332 5169 cogitate
2361 5092 2503 5166 quid
2535 5108 2692 5149 nunc
2721 5107 2824 5148 vos
2854 5090 3119 5162 oporteat
3168 5087 3375 5143 facere.
3410 5083 3554 5141 Ecce
3584 5083 3747 5140 enim

2155 5324 2266 5395 (28)
2295 5345 2323 5373 ‹‹
2348 5320 2626 5378 Modiotia
2648 5318 3142 5395 »_antiquis,_tunc
3178 5338 3200 5366 ι
3235 5314 3510 5395 Modica.
3567 5312 3749 5370 etiam

2084 5387 2408 5460 dicebatur,
2440 5408 2595 5447 nunc
2617 5414 2644 5441 ‹‹
2681 5387 2908 5461 Monza,
2936 5412 2963 5441 η
2994 5389 3056 5444 in
3075 5388 3321 5444 Boream
3383 5387 3472 5453 10,
3530 5401 3590 5456 p.
3651 5402 3736 5441 In.

2088 5468 2314 5524 distans
2345 5466 2416 5521 ab
2448 5463 2610 5518 urbe.

2154 5538 2267 5610 (29)
2298 5558 2326 5610 (ξ
2357 5537 2626 5610 Leucum
2646 5555 2673 5583 »
2707 5533 3100 5610 videtur‘esse
3134 5552 3162 5582 «
3195 5531 3422 5610 Laeca.-
3450 5525 3525 5610 ad
3558 5542 3746 5585 cornu

2084 5596 2362 5667 orientale
2390 5606 2555 5664 lacus
2588 5604 2913 5674 Comensis,
2932 5605 3023 5673 39,
3055 5622 3113 5678 p.
3147 5618 3229 5658 m.
3258 5596 3613 5657 Mediolano.
