3960 6216
74 354 228 423 ιιθο

1687 352 1916 421 ACTA.

3345 363 3369 426 Ι
3383 364 3501 430 470

74 494 184 553 duo
212 488 434 550 clerici
465 486 726 564 quandiu
758 487 819 547 in
840 486 1087 564 perfidia
1116 487 1524 562 persistentes,
1568 506 1742 561 opera
1767 488 1826 557 Α
1852 489 2104 564 populus
2133 490 2497 551 exclamare:
2522 494 2875 552 Occidantur
2901 494 3194 564 velociter,
3226 498 3499 556 occidan-

75 581 375 642 diabolica
411 584 558 639 sunt
586 580 794 647 secuti,
826 579 1143 636 honorifice
1162 580 1235 635 ab
1254 596 1322 635 eo
1353 580 1453 652 qui
1484 580 1739 652 pontifex

71 669 545 730 Mediolanensis
573 669 787 725 dicitur
816 673 956 725 sunt
984 669 1170 725 habiti
1195 688 1208 737 ;
1239 686 1373 725 cum
1394 686 1526 725 vero
1578 686 1738 726 eam-

75 763 202 819 dem
233 758 563 832 perfidiam
596 756 1070 829 diabolicamque
1093 758 1419 829 nequitiam
1438 759 1739 815 decrevere

75 852 463 907 contemnere
483 849 541 903 et
560 846 861 904 Christum
878 847 1067 918 sequi,
1091 852 1229 902 tunc
1251 850 1391 903 sunt
1415 846 1736 920 capti,tunc

77 942 131 996 in
161 940 367 994 dirum
401 952 699 992 carcerem
729 935 899 991 trusi.

141 1030 230 1083 57.
253 1027 396 1082 Haec
426 1041 564 1083 cum
595 1025 751 1080 cives
776 1024 1089 1080 Christiani
1117 1026 1441 1094 audissent,
1466 1028 1737 1098 obstupe—

82 1116 230 1184 facti,
264 1117 505 1170 tantam
538 1114 840 1186 perﬁdiam
875 1131 1010 1168 cum
1037 1130 1245 1185 magno
1278 1114 1531 1170 clamore
1549 1133 1735 1187 cmpe-

81 1209 210 1261 runt
239 1205 557 1268 damnare,
591 1203 663 1258 ad
687 1220 849 1259 arma
870 1219 1124 1274 currere,
1148 1207 1205 1259 et
1225 1205 1296 1259 ad
1321 1203 1736 1263 vindicandum

82 1297 303 1350 tantum
338 1291 543 1349 scelus
573 1295 776 1348 contra
803 1290 1129 1347 Guidonem
1160 1292 1335 1347 exire.
1361 1292 1575 1348 Christi
1604 1310 1737 1348 vero

82 1382 358 1448 famulus,
390 1381 616 1437 timens
642 1397 714 1435 ne
728 1380 800 1436 ad
818 1379 951 1435 fidei
967 1381 1386 1437 detrimentum
1400 1399 1503 1453 pro
1526 1382 1735 1438 absen-

83 1471 159 1529 tia
169 1469 575 1528 Herlembaldi
598 1469 854 1542 populus
868 1470 1106 1541 pramio
1131 1475 1230 1526 aut
1250 1472 1460 1526 timore
1477 1486 1738 1527 corrum-

85 1564 331 1633 peretur,
365 1575 474 1615 eos
502 1558 821 1630 praecessit,
852 1559 913 1613 in
945 1575 1124 1615 manu
1157 1565 1398 1631 portans
1456 1560 1735 1616 vexillum

86 1652 286 1706 sancta
317 1647 543 1704 crucis.
576 1645 761 1702 Guido
788 1648 1006 1715 autem,
1056 1664 1161 1718 spe
1218 1648 1412 1703 nimiae
1472 1648 1735 1705 multitu-

89 1738 234 1794 dinis
259 1735 561 1809 equitum,
585 1738 954 1808 pugnaturus
977 1735 1228 1791 occurrit
1260 1736 1314 1791 in
1347 1737 1582 1793 rurihus
1613 1739 1733 1793 Mo-

90 1822 719 1922 dicensibus,millibus
744 1824 863 1880 fere
874 1825 1075 1922 decem
1100 1824 1172 1922 ab
1191 1825 1333 1922 urbe
1351 1826 1730 1922 distantibus.
1766 1856 1815 1922 B

91 1912 559 1971 Vociferantibus
580 1911 777 1983 itaque
816 1912 1080 1985 partibus
1112 1914 1397 1985 utrisque,
1441 1914 1737 1972 infidelem

95 2004 261 2061 aciem
289 2002 570 2076 protinus
619 2004 819 2057 tantus
876 2000 1090 2057 invasit
1119 2002 1296 2058 timor
1351 2008 1641 2076 quatenus
1685 2005 1737 2061 ei

97 2091 242 2149 nulla
259 2091 507 2165 quidem
539 2093 865 2145 remaneret
896 2106 1032 2162 spes
1054 2090 1314 2160 fugiendi
1336 2091 1423 2147 vel
1455 2091 1735 2162 bellandi,

95 2182 184 2239 sed
208 2181 417 2237 dantes
450 2178 653 2234 statim
689 2176 947 2245 obsides,
1005 2177 1247 2235 clericos
1294 2182 1739 2253 spoponderunt

98 2273 280 2343 captos
309 2266 666 2341 quantocius
697 2266 1142 2325 sereddituros.
1176 2267 1246 2322 Et
1284 2268 1368 2323 sic
1426 2269 1485 2323 in
1533 2272 1736 2327 eodem

100 2357 181 2412 die
206 2356 421 2413 reversi
474 2358 616 2411 sunt
657 2354 997 2427 gaudentes,
1052 2355 1352 2427 Deumque
1404 2356 1736 2415 laudantes.

100 2445 270 2502 Tertia
298 2445 482 2501 etiam
515 2443 608 2500 die
639 2447 772 2515 post
799 2443 921 2498 haec
950 2443 1023 2499 ad
1056 2442 1364 2500 ecclesiam
1384 2446 1490 2500 viri
1509 2447 1609 2502 Dei
1630 2465 1738 2504 vox

102 2534 363 2601 insonuit,
396 2534 640 2590 dicens:
672 2533 757 2587 En
782 2532 908 2603 jam
923 2532 1169 2588 veniunt
1227 2534 1403 2590 rudes
1452 2540 1737 2609 martyres

104 2624 317 2696 Christi,
348 2623 551 2681 clerici
582 2621 823 2689 scilicet,
871 2621 972 2694 qui
1026 2622 1255 2679 fuerant
1284 2625 1460 2696 capti.
1513 2625 1736 2691 Quibus

104 2712 295 2770 Christi
324 2712 591 2770 famulus
620 2728 757 2768 cum
788 2710 991 2766 multis
1014 2711 1287 2768 fidelibus
1307 2712 1459 2768 illico
1483 2716 1738 2770 occurrit

105 2802 307 2871 obvius,
339 2817 563 2875 eosque
620 2798 990 2869 deosculans,
1052 2817 1187 2856 cum
1248 2817 1462 2874 magno
1516 2804 1734 2877 gaudio

106 2892 377 2964 suscepit:
412 2895 472 2947 et
502 2889 728 2946 excelsa
755 2905 890 2945 voce
927 2908 953 2942 α
985 2891 1063 2945 Te
1124 2894 1305 2946 Deum
1363 2891 1677 2949 laudamus
1706 2915 1733 2942 ››

109 2996 223 3036 cum
250 2980 535 3037 fratribus
567 2983 800 3035 cantare
829 2978 1024 3051 coepit,
1058 2978 1310 3051 illosque
1341 2979 1424 3035 sic
1458 2980 1516 3035 in
1547 2982 1735 3037 eccle-

109 3067 238 3124 siam
267 3067 618 3125 introduxit.
650 3070 808 3133 Quos
841 3070 981 3122 tunc
1013 3072 1445 3123 consterna.....
1479 3068 1593 3140 (30)

165 3158 244 3213 58.
272 3161 598 3230 Postquam
656 3159 852 3212 autem
904 3155 1346 3212 Herlembaldus
1405 3158 1591 3215 Roma
1643 3177 1730 3217 re-

108 3243 219 3314 diit,
266 3224 612 3317 litterasque
666 3244 1292 3305 excommunicationis
1353 3246 1565 3302 detulit
1646 3265 1732 3304 ar-
1762 3224 1806 3293 (ἶ

107 3331 477 3408 chiepiscopo,
510 3333 704 3391 subito
728 3334 1043 3406 praedictus
1101 3333 1582 3409 archiepiscopus
1631 3354 1736 3410 per

105 3424 264 3478 totam
321 3424 530 3481 urbem
582 3423 820 3480 nuntios
878 3422 1040 3479 misit
1080 3423 1141 3477 in
1226 3424 1479 3481 Sabbato
1555 3426 1734 3498 (ante)

106 3512 462 3569 Pentecosten
520 3511 801 3568 nuntians
871 3511 1162 3567 universis
1235 3511 1482 3582 civibus,
1544 3517 1608 3569 ut
1681 3515 1732 3570 si

106 3598 354 3658 inaudita
383 3600 532 3657 scire
562 3604 861 3674 cuperent,
892 3599 951 3655 in
982 3600 1321 3657 Pentecoste
1353 3601 1467 3673 (31)
1498 3619 1731 3660 summo

107 3687 344 3746 diluculo
356 3689 621 3746 venirent
649 3690 721 3747 ad
742 3690 1026 3761 majorem
1048 3688 1501 3746 ecclesiam.Hoc
1532 3695 1731 3748 autem

108 3774 219 3832 ideo
244 3777 398 3848 fecit,
431 3782 499 3836 ut
529 3781 735 3835 contra
763 3781 998 3835 sanctos
1027 3777 1130 3834 Dei
1158 3778 1465 3835 Arialdum
1494 3785 1553 3836 et
1599 3780 1733 3837 Her-

107 3860 447 3923 lembaldum
480 3866 733 3940 populus
765 3866 1069 3924 insaniret.
1098 3867 1266 3924 Mane
1297 3867 1363 3923 ﬁt
1408 3884 1731 3926 concursus

110 3954 324 4025 populi;
384 3955 830 4019 Herlembaldus
887 3973 1067 4029 supra
1115 3954 1402 4013 cancellos
1432 3957 1545 4030 (32)
1604 3975 1731 4016 sese

113 4042 356 4114 contulit,
379 4044 464 4103 ita
481 4048 550 4102 ut
576 4044 649 4102 ab
675 4043 951 4101 omnibus
979 4044 1294 4101 videretur.
1320 4044 1503 4119 Cmpit
1556 4046 1733 4119 igitur

105 4125 291 4202 Guido,
318 4136 527 4192 tenens
558 4150 736 4190 manu
765 4133 1390 4191 exoommunicationis
1413 4135 1637 4192 bullam
1658 4137 1731 4193 ad

104 4220 358 4290 populum
379 4222 661 4296 conqueri
690 4224 762 4280 de
793 4222 1032 4280 Arialdo
1054 4227 1112 4280 et
1150 4221 1580 4292 Herlembaldo,
1641 4226 1730 4281 di-

107 4318 255 4365 cens:
286 4311 569 4369 Turbatio
599 4312 876 4386 pestifera
890 4312 1121 4384 perhos
1178 4311 1563 4369 disseminata
1618 4318 1728 4384 est,

105 4389 174 4449 ita
197 4401 257 4452 ut
281 4399 510 4458 videam
540 4401 602 4457 in
632 4401 725 4458 his
756 4400 991 4474 scriptis
1021 4400 1289 4457 omnium
1310 4405 1579 4458 nostrum
1600 4418 1731 4475 per-

103 4479 288 4542 niciem
324 4489 636 4546 contineri.
668 4493 801 4545 Haec
846 4489 1005 4546 enim
1030 4489 1232 4546 civitas
1246 4490 1319 4546 ob
1342 4491 1729 4547 reverentiam

1845 583 1961 636 tur.
1996 581 2097 637 His
2127 582 2323 649 dictis,
2356 583 2543 640 Guido
2575 600 2711 640 eum
2768 600 2982 657 magna
3024 585 3371 645 clericorum
3402 606 3498 645 ca-

1846 673 2005 725 terva
2033 671 2205 743 coepit
2237 673 2608 742 descendere,
2641 678 2707 728 ut
2731 679 2965 731 sanctos
2997 675 3091 730 Dei
3115 676 3489 748 opprimeret.

1849 759 1958 814 Sed
1990 776 2125 815 cum
2156 760 2335 816 nimia
2366 761 2551 833 plebis
2582 762 2869 818 densitate
2899 764 2970 819 ad
3002 781 3102 819 eos
3133 781 3248 820 non
3270 770 3496 838 pateret

1848 851 2317 921 accessus,co:pit
2338 852 2522 907 Guido
2545 851 2896 907 exclamare:
2921 856 3137 909 Omnes
3159 855 3330 926 quis.
3351 860 3491 911 Am-

1846 937 2023 995 brosii
2058 938 2337 993 honorem
2362 940 2614 1012 diligunt
2635 941 2705 995 ab
2727 941 2971 997 ecclesia
2990 947 3285 1013 exeant,ut
3306 945 3491 1000 nostri

1847 1026 2167 1083 adversarii
2199 1027 2521 1085 evidentius
2553 1036 2997 1100 cognoscantur,
3032 1032 3320 1103 citiusque
3354 1051 3490 1089 con-

1846 1119 2109 1171 terantur
2137 1121 2195 1171 et
2232 1118 2660 1189 opprimantur.
2696 1120 3019 1191 Subitoque
3065 1120 3312 1176 ecclesia
3360 1140 3489 1179 eva-

1847 1208 2015 1258 cuata
2044 1209 2132 1259 est
2163 1205 2246 1259 ita
2268 1211 2329 1259 ut
2349 1223 2415 1260 ex
2432 1211 2657 1278 septem
2690 1207 2953 1263 millibus
2974 1208 3228 1285 virorum
3255 1215 3487 1267 tantum

1846 1292 2153 1347 duodecim
2184 1295 2570 1349 remanserint
2602 1296 2658 1349 in
2677 1296 3009 1351 subsidium
3032 1314 3327 1357 servorum
3364 1301 3486 1355 Dei.

1844 1379 2120 1436 Arialdus
2151 1386 2344 1438 autem
2377 1387 2433 1437 et
2480 1383 2923 1440 Herlembaldus
2981 1402 3154 1458 super
3205 1388 3493 1445 cancellos

1848 1474 2093 1537 stantes,
2129 1471 2375 1526 ﬂexibus
2402 1472 2648 1543 genibus
2680 1472 2987 1527 Dominum
3049 1475 3398 1529 exorabant:
3432 1476 3491 1531 in

1847 1574 1993 1629 quos
2027 1576 2162 1629 pars
2183 1560 2430 1614 adversa
2459 1559 2712 1615 clamore
2761 1577 2972 1631 magno
3032 1561 3222 1629 irruit,
3267 1562 3401 1618 laici
3435 1564 3492 1619 in

1845 1645 2344 1712 Herlembaldum,
2405 1647 2600 1703 clerici
2653 1665 2787 1703 vero
2819 1649 2876 1703 in
2926 1648 3271 1717 Arialdum;
3320 1668 3496 1723 quem

1844 1734 2233 1806 percutientes
2246 1737 2521 1791 deorsum
2543 1736 2711 1808 prazci
2720 1736 2775 1809 pi
2788 1741 2995 1804 tant,et
3014 1755 3363 1810 percussum
3376 1757 3498 1796 cre-

1845 1823 1993 1879 dunt
2021 1824 2301 1880 occisum.
2334 1826 2670 1881 Teuebatur
2699 1830 2893 1882 autem
2917 1832 3215 1898 sceptrum
3247 1828 3501 1886 militare

1848 1917 1981 1969 ante
1996 1913 2674 1986 llerlembaldum,super
2686 1932 2799 1986 quo
2818 1932 2879 1970 se
2900 1916 3216 1987 appodiare
3236 1916 3495 1987 solebat;

1848 2020 1963 2075 quo
1994 2002 2105 2057 sibi
2135 2003 2592 2075 propinquantes
2620 2003 2968 2059 mirabiliter
2997 2006 3499 2076 prosternebatita

1848 2095 1913 2147 ut
1945 2090 2143 2147 nullus
2166 2092 2405 2148 auderet
2432 2092 2545 2148 sibi
2578 2092 2967 2165 propinquius
2995 2095 3287 2149 accedere.

1914 2181 2005 2235 59.
2039 2180 2223 2252 Cmpit
2251 2181 2433 2252 igitur
2455 2181 2647 2236 volare
2678 2181 2834 2236 fama
2861 2198 2964 2253 per
2994 2183 3221 2249 urbem,
3241 2188 3492 2240 mortem

1848 2268 2127 2324 nuntians
2155 2268 2393 2339 Arialdi,
2419 2269 2572 2325 unde
2601 2286 2883 2342 sequaces
2922 2270 3014 2325 sui
3072 2271 3159 2326 ira
3217 2272 3493 2328 commoti

1848 2373 2011 2411 arma
2039 2357 2278 2429 capiunt
2302 2375 2315 2424 ;
2340 2358 2756 2430 venientesque
2784 2374 2899 2413 non
2932 2360 3004 2414 ad
3037 2358 3361 2428 ecclesiam,
3390 2361 3494 2417 ubi

1845 2446 2137 2500 tumultus
2157 2447 2409 2514 erat,sed
2424 2445 2821 2517 pontificalem
2844 2446 3038 2503 aulam
3062 2447 3495 2520 ingrediuntur,

1846 2551 2093 2606 quaeque
2108 2535 2425 2607 reperiunt,
2459 2536 2750 2608 dissipant
2771 2540 2828 2591 et
2858 2552 2962 2608 per
2981 2536 3126 2591 aulae
3160 2537 3493 2608 ingressum

1846 2623 2067 2679 intrant
2103 2624 2522 2680 ecclesiam.....
2578 2631 2669 2680 tos
2710 2629 3118 2697 cruentosque.
3182 2626 3496 2698 Coeperunt

1846 2712 2041 2785 itaque
2070 2712 2546 2768 Herlembaldum
2577 2713 2891 2780 cohortari,
2927 2717 2990 2768 ut
3029 2714 3409 2770 descenderet
3436 2720 3494 2770 et

1845 2800 2058 2857 Christi
2091 2801 2451 2857 adversarios
2479 2818 2611 2857 cum
2672 2802 2757 2858 eis
2804 2805 3214 2873 prosterneret.
3265 2802 3491 2867 Quibus

1846 2890 2005 2946 nullo
2038 2892 2209 2946 modo
2235 2892 2631 2962 acquiescens,
2656 2907 2763 2947 nec
2784 2892 3108 2957 descendit,
3132 2908 3237 2946 nec
3280 2909 3495 2949 manus

1844 2981 2129 3052 deposuit.
2164 2981 2279 3053 Ipsi
2300 2996 2433 3035 vero
2458 2981 2678 3036 irruere
2699 2980 2968 3052 protinus
2993 2982 3055 3034 in
3106 2980 3492 3049 adversarios,

1844 3074 1924 3137 et,
1954 3070 2109 3125 sicut
2134 3074 2266 3124 ante
2294 3068 2725 3125 validissimum
2755 3073 2992 3125 ventum
3017 3070 3337 3136 fumus,sic
3360 3074 3496 3127 ante

1844 3174 1945 3213 eos
1966 3158 2159 3214 omnis
2178 3157 2334 3214 illico
2349 3157 2605 3215 infidelis
2630 3158 2865 3220 evanuit
2879 3157 3153 3232 populus.
3171 3157 3497 3215 Guidonem

1842 3263 1976 3303 vero
2006 3251 2140 3303 ante
2162 3248 2383 3319 januas
2412 3248 2474 3303 in
2497 3264 2646 3319 equo
2671 3247 2966 3320 reperiunt
2990 3265 3003 3315 ;
3023 3263 3199 3318 quem
3221 3247 3496 3318 juste‘fu-

1842 3336 2129 3407 stigantes
2150 3335 2423 3407 spoliant,
2442 3340 2617 3407 atque
2636 3351 2838 3391 eorum
2864 3350 3074 3390 manus
3104 3334 3198 3389 vix
3254 3336 3498 3391 evadere

1842 3426 2053 3498 potuit,
2074 3425 2133 3480 in
2157 3425 2523 3481 ccenaculum
2541 3425 2837 3495 quoddam
2852 3429 3073 3479 tractus
3094 3424 3289 3494 potius
3311 3440 3493 3495 quam

1842 3513 2087 3571 delatus.
2113 3515 2222 3569 Tot
2246 3530 2500 3585 namque
2515 3512 2678 3568 ocius
2698 3516 2837 3567 tunc
2869 3526 3189 3582 apparuere
3214 3528 3319 3582 pro
3336 3513 3494 3567 veri-

1838 3606 1958 3658 tate
1988 3605 2276 3659 certantes
2303 3601 2472 3673 quasi
2503 3601 2723 3657 eisdem
2756 3598 2904 3655 nulli
2935 3603 3130 3654 essent
3180 3599 3239 3654 in
3284 3600 3490 3656 eadem

1839 3691 1983 3746 urbe
2013 3690 2372 3747 resistentes.
2398 3691 2608 3762 Magno
2637 3689 2821 3762 igitur
2845 3704 2978 3743 cum
3006 3688 3268 3760 trophaeo
3307 3688 3490 3745 eccle-

1838 3780 1989 3837 siam
2020 3780 2328 3846 intrantes,
2362 3777 2840 3835 Herlembaldum
2871 3777 3224 3834 descendere
3245 3777 3491 3845 faciunt,

1837 3868 1956 3925 imo
1986 3866 2102 3923 laeti
2129 3867 2296 3923 valde
2328 3871 2468 3923 sunt
2513 3868 2723 3933 effecti,
2774 3882 2840 3922 eo
2886 3866 3042 3938 quod
3074 3866 3138 3922 B.
3184 3866 3491 3923 Arialdum

1840 3974 2013 4031 quem
2043 3957 2360 4013 credebant
2398 3960 2718 4025 mortuum,
2744 3954 3046 4028 reperiunt
3059 3955 3276 4010 vivum.
3304 3956 3490 4019 Quem

1836 4045 2178 4102 tollentesin
2200 4046 2417 4101 atrium
2431 4044 2841 4117 ecclesiae,quaa
2864 4043 3083 4100 dicitur
3101 4042 3487 4115 Rozzoni(33),

1838 4134 2171 4204 deveniunt,
2195 4133 2393 4205 ibique
2414 4132 2681 4206 protinus
2701 4138 2869 4190 tanta
2895 4135 3255 4188 armatorum
3295 4130 3492 4187 multi-

1835 4223 1977 4279 tudo
1989 4226 2079 4278 est
2094 4226 2442 4295 congregata
2458 4226 2749 4295 quatenus
2765 4222 3276 4289 inimicorumhon
3298 4219 3491 4277 solum

1837 4328 2081 4385 corpora
2103 4314 2489 4384 prosternere,
2512 4327 2715 4367 verum
2746 4311 2922 4368 etiam
2952 4311 3219 4383 ipsorum
3251 4314 3495 4384 possent

1836 4401 2016 4457 libere
2033 4400 2231 4457 omnia
2250 4399 2496 4457 mdiﬁcia
2516 4400 2822 4459 subruere.
2848 4401 2933 4457 Ad
2956 4401 3112 4474 quod
3132 4399 3490 4473 patrandum

1838 4490 1980 4546 dum
2001 4489 2168 4545 anxie
2195 4487 2558 4557 anhelarent,
2574 4489 3047 4556 Herlembaldus,
3062 4490 3190 4560 jam
3212 4485 3490 4543 vexillum

105 4565 158 4662 ξ.
184 4572 467 4637 Ambrosii
499 4595 805 4652 nunquam
864 4580 1139 4636 Romanas
1195 4578 1391 4652 paruit
1434 4580 1722 4638 Ecclesiae.
1756 4594 1806 4662 Ι)
1840 4578 1898 4635 in
1926 4595 2100 4635 manu
2126 4582 2331 4634 tenens
2353 4581 2633 4646 erectum,
2667 4579 2785 4634 ait:
2821 4579 3061 4650 Oportet
3091 4580 3156 4630 ut
3186 4575 3490 4631 dominum

103 4652 228 4730 Ergo
246 4663 524 4724 tollantur
553 4668 624 4724 de
670 4671 830 4724 terra
869 4667 1191 4725 viventium
1239 4668 1301 4723 hi
1346 4668 1731 4727 seminatores

104 4747 393 4812 verborum
423 4773 540 4829 quo
570 4756 833 4829 quotidie
859 4756 1130 4813 laborant
1149 4760 1215 4812 ut
1230 4756 1354 4813 haec
1373 4757 1513 4813 urbs
1536 4758 1729 4830 pristi-

109 4847 227 4894 nam
252 4843 307 4897 et
334 4845 634 4917 propriam
664 4846 871 4919 perdat
896 4844 1247 4902 libertatem.
1279 4846 1365 4902 Ad
1395 4845 1517 4903 hac
1556 4847 1730 4920 coapit

163 4994 263 5081 (30)
282 4999 827 5081 Notat_Puricellus,
849 5004 911 5062 in
934 5022 1043 5062 suo
1058 5022 1171 5063 ms.
1201 5005 1460 5081 defuisse
1481 5007 1728 5081 paginas

108 5060 416 5163 2935:11an
432 5076 581 5163 dum
605 5060 842 5163 sagas
858 5060 1455 5163 {iamneiamne
1466 5060 1728 5163 εἵἔρῖῶ

106 5127 410 5272 32mg
432 5127 1451 5221 crassissima}{assa
1466 5127 1727 5225 ὶῖεἳῖῥῐέζ

288 5229 432 5272 8010.

166 5276 267 5362 (31)
312 5284 532 5362 Pascha
559 5289 698 5347 anni
714 5290 886 5362 71066,
909 5289 1023 5347 litt.
1072 5290 1417 5348 Dominicali
1464 5294 1532 5362 A,
1579 5292 1726 5351 cele-

104 5339 449 5434 ὶξςᾲςιίωξτᾷἶῐ
456 5339 540 5434 Ῑό
560 5339 826 5434 Ῑρῖίιῖἑξ
836 5339 1023 5434 ἷιῖᾁῖἆέ
1042 5339 1452 5420 αἷίὲὀῗῖὲῖιῖὼ
1464 5339 1722 5422 "belli;

115 5423 281 5488 θοβῐθβ
309 5427 340 5481 4
358 5430 539 5488 Junii.

129 5487 268 5578 J32)
285 5487 668 5578 _Eti_amhod_ie
689 5503 773 5561 sic
790 5504 1126 5578 composita
1139 5504 1400 5578 cernitur
1422 5507 1724 5563 cathedra-

110 5549 446 5650 ljf‘gcc'lesia,
478 5579 545 5650 _ut
571 5574 784 5650 chorus
810 5549 960 5650 seur
974 5575 1426 5650 presbyterium,
1488 5578 1725 5650 reliqum

113 5594 171 5611 ιω
197 5594 446 5643 ῦυυιυδιδ,
478 5594 545 5631 ιιι
571 5594 784 5632 οηοινιω
815 5594 918 5633 seu
1016 5594 1426 5649 resnyterium,
1488 5594 1591 5636 rem
1639 5595 1722 5636 lliB

113 5630 337 5697 ecclesia
366 5645 695 5718 pavimento
724 5647 899 5707 altius
930 5594 1011 5705 aii
1027 5651 1155 5705 octo
1183 5647 1272 5706 vel
1293 5649 1493 5707 decem
1523 5595 1722 5724 pedes,

1838 4667 2142 4724 Arialdum
2181 4666 2577 4738 iuquiramus,
2608 4669 2667 4721 et
2723 4666 2896 4735 cujus
2938 4666 3183 4721 domum
3231 4665 3488 4720 evertere

1840 4756 2114 4830 primitus
2162 4755 2504 4812 "debeamus.
2556 4754 2688 4812 Haec
2715 4770 2851 4810 vero
2907 4759 2972 4809 ut
3001 4753 3219 4810 Christi
3268 4755 3493 4824 martyr

1837 4846 2044 4915 audiit,
2079 4845 2139 4901 in
2172 4844 2388 4912 locum,
2424 4844 2578 4900 unde
2608 4860 2642 4899 a
2671 4842 2898 4899 cunctis
2928 4846 3128 4915 posset
3158 4840 3371 4908 audiri,
3427 4857 3490 4896 se

1838 5006 2109 5081 pluribus
2147 5005 2573 5063 conscendatur
2600 5003 2902 5077 gradibus,
2934 5019 3037 5076 per
3081 5019 3232 5075 quos
3259 5001 3491 5059 venitur

1838 5079 1911 5134 ad
1932 5076 2222 5134 cancellos
2249 5077 2361 5134 insi
2386 5076 2560 5133 choro
2584 5081 2921 5134 nrastensos.

1932 5093 2222 5134 cancellos
2249 5094 2361 5134 lDSl
2386 5093 2560 5133 CDOI‘O
2584 5093 2921 5134 οτωιθῑιεοε.

1838 5094 1911 5136 ad
1932 5094 2222 5134 cancellos
2249 5094 2361 5150 1pm
2386 5094 2560 5133 cnoro
2584 5094 2921 5149 prmtensos.

1910 5150 2024 5221 (33)
2047 5172 2085 5221 _«
2112 5150 2247 5214 Qua:
2304 5165 2477 5221 nunc
2521 5147 2734 5204 dicitur
2762 5151 2819 5203 S.
2871 5144 3207 5221 Sepulchri,
3234 5166 3261 5195 »
3298 5143 3492 5221 inquit

1838 5215 2161 5298 Landulfus
2182 5220 2670 5298 junior,adeoque
2692 5215 3055 5298 postannum
3084 5215 3489 5298 1109,.quap'do

1838 5296 2164 5348 restaurata
2184 5286 2488 5349 structura
2518 5286 2866 5348 et'dedicata
2895 5289 3107 5345 iterum
3165 5286 3301 5351 fuit}
3341 5286 3488 5342 Vide

1837 5364 2215 5435 Monumenta
2244 5362 2636 5420 Ambrosiana
2666 5378 2799 5435 pag.
2831 5362 2935 5435 477
2965 5364 3023 5417 et
3051 5375 3213 5435 seqq.
3260 5364 3318 5414 et
3346 5374 3491 5435 quo-

1841 5435 2011 5491 modo
2044 5434 2302 5506 primum
2335 5451 2552 5506 nomen
2585 5431 2872 5506 accep'erit
2903 5449 3056 5506 anno
3076 5432 3233 5506 1036,
3267 5447 3302 5487 a
3324 5452 3353 5480 «
3384 5431 3488 5506 Be-

1840 5500 2223 5578 nedicto,tii
2246 5505 2507 5578 _etRo_zo,
2546 5529 2573 5555 ››
2608 5500 2797 5578 primo
2828 5506 2957 5577 ejus
3014 5503 3324 5578 fundatore
3377 5500 3489 5559 sub

1836 5577 2007 5708 iditulto
2029 5602 2057 5628 (ι
2074 5574 2489 5647 εῘΤιθὶηίὶᾶιὶε,
2510 5600 2538 5627 ››
2555 5574 2729 5648 juxta
2757 5574 3220 5641 instrumentum
3245 5574 3327 5633 ibi
3350 5590 3490 5651 .pro-

1882 5668 1955 5708 uc
1986 5665 2103 5707 um.

1882 5665 2103 5709 uotum.
