3960 6216
427 353 576 416 1471

1545 352 1655 416 SS.
1700 352 2017 416 ARIALDI
2061 349 2162 417 ET
2203 351 2708 419 ERLEMBALDI

3673 349 3840 414 H72

419 486 599 559 jussit
628 483 836 542 deferri
864 503 875 554 ;
899 495 1081 557 eoque
1111 483 1389 540 innuente
1420 501 1621 551 manu,
1651 484 1948 541 silentium
1991 487 2068 541 fa-
2096 487 2150 553 Α
2181 487 2314 544 licet
2345 487 2606 544 ﬁdelium
2633 487 2704 543 ad
2735 486 3038 544 ecclesiam
3070 483 3344 554 Romani,
3392 482 3648 544 alterum
3697 501 3841 544 vero

426 581 586 632 ctum
615 581 705 631 est
735 591 1038 647 magnum.

496 668 584 720 60.
619 663 978 728 Charissimi,
1012 661 1221 734 inquit,
1257 663 1305 717 si
1342 664 1398 718 in
1430 662 1662 736 linguas
1707 668 2070 719 verterentur

427 761 627 811 nostra
657 755 852 809 omnia
883 752 1167 818 membra,
1222 753 1382 808 nullo
1443 756 1614 808 modo
1665 754 1919 808 valerent
1971 754 2066 808 Dei

425 845 664 900 laudare
709 840 1021 912 magnalia,
1079 842 1242 895 vobis
1291 841 1459 896 hodie
1515 843 1743 897 ccelitus
1799 848 2062 897 ostensa:

426 933 604 989 Hodie
634 931 810 996 enim,
846 935 909 984 ut
930 931 1110 996 scitis,
1137 929 1270 984 talis
1292 930 1434 984 hora
1467 931 1594 997 fuit,
1631 931 1686 985 in
1722 948 1837 1002 qua
1869 929 2066 985 nullus

423 1027 681 1076 vestrum
706 1036 886 1074 unum
921 1018 1126 1073 saltem
1164 1036 1264 1089 pro
1297 1019 1534 1072 veritate
1565 1019 1793 1073 valebat
1824 1021 2065 1074 verbum

426 1111 697 1183 proferre,
734 1125 888 1162 nunc
920 1113 1112 1161 autem
1149 1107 1347 1161 nullus
1378 1113 1464 1162 est
1493 1108 1590 1179 qui
1623 1108 1709 1162 vel
1733 1108 1907 1162 etiam
1935 1125 2068 1162 con-

424 1207 514 1254 tra
544 1216 665 1262 vos,
702 1196 1092 1268 utinspicitis,
1124 1197 1332 1250 audeat
1392 1199 1620 1251 mutire.
1683 1197 1891 1267 Ecquis
1934 1214 2066 1251 vero

423 1293 510 1344 est
542 1289 658 1342 huic
680 1291 972 1358 Operatus,
1005 1285 1115 1340 nisi
1149 1286 1416 1340 Christus
1440 1289 1466 1338 ‘3
1496 1286 1550 1338 Si
1588 1286 1763 1357 igitur
1784 1286 2068 1340 Dominus

425 1377 596 1433 hodie
628 1376 896 1447 cognovit
929 1373 1178 1429 famulos
1199 1376 1267 1429 ad
1293 1376 1598 1441 tuendum,
1625 1375 1868 1445 dignum
1891 1380 2069 1429 estut

426 1465 628 1522 famuli
663 1471 908 1519 noscant
941 1464 1251 1518 Dominum
1285 1465 1354 1518 ad
1387 1465 1806 1519 venerandum.
1842 1465 1985 1518 Nam
2019 1463 2066 1518 si

421 1555 642 1611 inimici
667 1554 765 1609 Dei
797 1557 852 1608 et
883 1552 1425 1607 nostrihodiernam
1458 1558 1766 1607 noscerent
1789 1552 2067 1607 solemni-

421 1649 624 1709 tatem,
657 1643 810 1714 quod
843 1645 1105 1712 egerunt,
1137 1640 1470 1696 nullatenus
1491 1645 1687 1696 essent
1708 1640 1919 1696 conati.
1950 1641 2067 1697 Nos

421 1749 554 1788 vero
585 1737 641 1788 et
672 1731 771 1787 Dei
803 1729 948 1785 scire
981 1728 1408 1784 solemnitatem
1440 1730 1790 1792 venerando,
1826 1735 1882 1784 et
1937 1729 2065 1799 ejus

423 1821 622 1877 audire
653 1823 939 1892 praecepta
961 1818 1334 1888 obsequendo
1355 1822 1597 1888 oportet.
1624 1818 1718 1872 Ait
1739 1817 1895 1873 enim
1925 1841 1951 1865 ‹‹
1980 1817 2068 1871 Di-

422 1910 582 1981 ligite
631 1907 900 1962 inimicos
957 1909 1215 1971 vestros;
1279 1907 1597 1961 benefacite
1636 1906 1730 1961 his
1785 1907 1884 1977 qui
1934 1907 2067 1961 ode-

422 2002 560 2053 runt
586 1997 857 2066 vos(Luc.
890 2013 970 2062 v1,
1013 1997 1127 2062 27).
1164 2017 1191 2042 ››
1241 1995 1348 2049 Per
1378 1995 1573 2066 ipsum
1631 2012 1766 2067 ergo
1816 2013 1917 2051 vos
1969 2012 2068 2050 oro

421 2092 485 2143 ut
516 2104 668 2142 nunc
691 2102 855 2142 arma
876 2084 1201 2155 deponatis,
1229 2099 1577 2155 mecumque
1598 2085 1666 2139 ad
1693 2085 1753 2140 B.
1779 2083 2070 2140 Ambrosii

421 2191 652 2232 sacrum
684 2191 894 2246 corpus
924 2173 1193 2239 veniatis,
1226 2176 1279 2227 et
1325 2172 1403 2226 ibi
1437 2173 1552 2228 Deo
1600 2178 1796 2244 grates
1844 2173 2070 2229 debitas

421 2266 640 2338 pariter
668 2264 1002 2328 reddamus,
1023 2265 1370 2332 nostrosque
1392 2259 1634 2316 aemulos
1659 2262 1814 2316 diem
1841 2261 2070 2317 hodier-

422 2371 564 2408 num
605 2354 814 2407 ducere
839 2351 1146 2405 lzetiferum
1178 2351 1462 2417 sinamus,
1493 2367 1596 2404 nec
1622 2368 1737 2405 non
1775 2369 1876 2422 pro
1925 2353 2072 2423 ipsis

422 2442 607 2496 Deum
639 2438 982 2511 suppliciter
1037 2455 1362 2492 exoremus.
1418 2438 1563 2492 Nam
1606 2455 1639 2493 a
1693 2438 1906 2509 quibus
1952 2439 2073 2494 haec

423 2533 698 2601 aguntur,
732 2528 848 2583 alta
869 2526 1151 2581 celsitudo
1175 2526 1498 2597 acquiritur
1525 2545 1536 2581 :
1563 2527 1700 2598 quia
1722 2529 1793 2583 de
1810 2527 1946 2583 ﬁliis
1969 2528 2073 2583 ho-

425 2618 652 2673 minum
678 2617 776 2672 Dei
811 2616 937 2682 lilii,
969 2620 1216 2670 testante
1249 2615 1498 2683 Christo,
1521 2616 1855 2670 efﬁciuntur
1894 2618 2070 2687 (Joan.

424 2708 534 2777 l2).
567 2711 698 2760 Hzec
728 2705 828 2760 illa
859 2703 1175 2760 multitudo
1205 2705 1346 2759 dum
1378 2704 1655 2773 audisset,
1685 2705 1782 2760 alii
1806 2705 2077 2761 videlicet

424 2794 825 2865 sapientiores,
859 2793 920 2846 B.
952 2791 1252 2846 Arialdum
1282 2795 1472 2846 totum
1493 2797 1801 2846 cruentum
1823 2796 1878 2847 et
1899 2794 2075 2848 semi-

426 2898 627 2936 necem
659 2885 1010 2952 spectantes,
1042 2897 1244 2951 pacem
1276 2879 2075 2953 vitamqueinimicorumpo-

429 2985 588 3026 scere
604 2969 932 3033 audientes,
958 2968 1238 3022 mirantes
1264 2969 1756 3039 obstupescebant
1780 2987 1792 3036 ;
1823 2969 1922 3024 alii
1943 2987 2074 3025 vero

424 3059 808 3114 ferventiores
840 3055 1186 3128 spiritu,his
1217 3057 1407 3112 verbis
1439 3057 1599 3111 nullo
1631 3059 1804 3112 modo
1843 3059 2076 3130 acquie-

425 3163 585 3204 scere
607 3145 896 3202 volebant.
935 3145 1345 3200 Verumtamen
1393 3144 1527 3200 licet
1584 3146 1796 3200 diversi
1856 3147 2072 3203 vellent

427 3237 673 3301 diversa,
699 3239 910 3291 cuncta
933 3239 1128 3290 tamen
1146 3233 1300 3289 illico
1327 3239 1463 3289 sunt
1483 3235 1770 3306 completa
1792 3237 2067 3308 martyris
2100 3223 2143 3289 C

425 3325 617 3380 verba.

1049 3412 1277 3469 CAPUT
1317 3413 1437 3469 VII.

422 3503 479 3560 S.
512 3502 728 3558 Arialdz'
755 3503 822 3557 ab
845 3503 1054 3574 hospite
1099 3503 1412 3628 prelsblgtero
1463 3504 1670 3576 proditi
1714 3504 1888 3562 caedes
1943 3521 2068 3559 cru-

1174 3593 1192 3628 ί
1211 3591 1239 3629 e
1267 3592 1330 3629 ιδ.

494 3683 584 3736 61.
615 3681 892 3751 Sequenti
921 3679 1173 3752 denique
1203 3685 1368 3736 nocte
1391 3681 1606 3736 iterum
1641 3698 1776 3736 cum
1806 3682 2072 3738 Guidone

426 3773 774 3841 congregata
801 3773 890 3824 est
917 3786 1051 3841 pars
1085 3786 1374 3841 perversa,
1399 3769 1630 3826 dicens:
1657 3771 1780 3826 Non
1815 3787 1920 3826 nos
1950 3771 2071 3826 hac

427 3859 668 3913 adversa
695 3857 1032 3914 omnimodo
1055 3858 1328 3927 dejiciant
1358 3876 1370 3925 ;
1401 3858 1699 3930 popularis
1721 3860 1877 3915 enim
1898 3861 2071 3915 turba

427 3946 539 4001 cito
579 3950 858 4012 mutatur,
891 3947 1020 4002 etin
1049 3947 1308 4002 diversas
1352 3951 1544 4017 partes
1603 3947 1773 4002 facile
1803 3947 2066 4004 inclinat.

429 4034 577 4091 Certi
607 4035 843 4106 quidem
872 4051 1102 4101 sumus,
1134 4036 1288 4105 quod
1306 4035 1364 4088 in
1379 4035 1522 4090 urbe
1538 4035 1839 4091 Arialdum
1857 4037 2070 4093 exstin-

428 4140 603 4196 guere
633 4123 797 4179 nullo
829 4125 1001 4178 modo
1033 4123 1314 4178 valemus.
1340 4123 1479 4178 Tale
1503 4124 1683 4196 igitur
1703 4125 1860 4180 aliud
1886 4126 2072 4182 consi-

426 4212 573 4267 lium
596 4216 794 4267 nostra
813 4212 1098 4283 sagacitas
1114 4212 1382 4283 reperiat,
1401 4213 1556 4283 quod
1587 4214 1712 4285 ipse
1734 4214 2070 4271 nullatenus

428 4301 668 4357 evadere
699 4305 890 4372 queat.
926 4299 1372 4356 Constituantur
1401 4301 1669 4372 equidem
1703 4318 1805 4374 per
1843 4303 2072 4359 diversa

428 4389 592 4445 urbis
622 4387 748 4443 loca
777 4403 845 4443 ex
863 4388 1031 4444 nobis
1051 4388 1158 4442 viri
1182 4389 1526 4460 prudentes,
1548 4391 1826 4462 pecunias
1847 4408 1881 4447 a
1899 4391 2070 4447 nobis

427 4479 542 4536 sibi
573 4477 810 4534 collatas
842 4478 1122 4533 habentes
1180 4479 1434 4550 copiose,
1474 4497 1620 4551 quas
1656 4497 1758 4552 per
1787 4480 2070 4552 populum

2179 579 2233 630 in
2261 578 2422 632 curia
2453 576 2792 649 pontificali.
2839 576 3147 632 Crescebat
3200 578 3396 630 autem
3448 574 3630 630 nimis
3694 592 3839 648 pars

2175 683 2408 734 vesana,
2442 684 2545 739 pro
2576 663 2820 738 pecunia
2877 665 2988 721 sibi
3031 665 3091 719 in
3151 665 3424 720 noctibus
3477 664 3656 731 data;
3713 680 3841 737 qua

2177 757 2444 828 nequiter
2459 753 2980 823 crescente,ﬁdeles
3002 753 3285 825 paulatim
3300 754 3580 808 tae-dentes
3603 767 3841 826 crepare

2177 847 2439 901 deﬁcere.
2469 846 2629 909 Quod
2665 859 2934 916 perversa
2957 842 3126 914 plebs
3155 858 3424 906 cernens,
3448 842 3623 912 coepit
3681 842 3846 897 elata

2175 935 2233 988 in
2259 940 2319 988 Β.
2353 935 2653 989 Arialdum
2695 950 2827 987 cum
2886 931 3086 986 nimiis
3144 930 3504 986 clamoribus
3561 929 3839 986 irruendi

2174 1023 2360 1076 facere
2391 1022 2697 1092 impetum,
2732 1024 3020 1090 quatenus
3061 1035 3195 1073 eum
3221 1017 3298 1072 ibi
3323 1021 3557 1073 necaret
3574 1019 3835 1090 ejusque

2176 1111 2366 1167 locum
2389 1110 2653 1165 funditus
2671 1109 2974 1164 desolaret.
2996 1113 3133 1162 Erat
3151 1107 3307 1162 enim
3330 1106 3544 1162 Christi
3567 1106 3840 1163 famulus

2175 1201 2326 1255 inter
2356 1201 2597 1255 adversa
2629 1205 2744 1253 tam
2771 1197 2932 1252 fortis
2956 1202 3010 1252 et
3041 1201 3318 1252 constans
3351 1200 3414 1252 ut
3436 1195 3690 1252 nulluse
3725 1198 3845 1252 fra-

2175 1288 2364 1342 tribus
2395 1288 2453 1340 in
2486 1287 2578 1341 die
2601 1285 2993 1341 tribulationis
3035 1284 3171 1340 inde
3223 1286 3468 1340 auderet
3522 1285 3839 1357 autugere,

2175 1393 2278 1431 nec
2310 1377 2633 1447 quidquam
2666 1378 2982 1446 asportare,
3019 1375 3119 1430 sed
3136 1391 3270 1430 cum
3287 1374 3588 1430 fremitum
3611 1373 3839 1447 impio-

2175 1482 2306 1520 rum
2338 1466 2839 1537 supervenientem
2865 1464 3155 1530 audirent,
3189 1481 3251 1519 se
3275 1468 3410 1519 ante
3456 1463 3638 1520 altare
3702 1481 3840 1536 pro-

2175 1554 2530 1622 sternebant,
2563 1554 2758 1627 ibique
2790 1557 3037 1609 mortem
3071 1554 3476 1625 expectabant.

2244 1688 2332 1741 62.
2367 1689 2429 1742 In
2463 1703 2576 1741 uno
2607 1685 2818 1741 horum
2851 1685 3099 1753 dierum,
3123 1702 3258 1741 cum
3270 1686 3398 1756 jam
3419 1683 3641 1742 clausis
3660 1685 3836 1742 ostiis

2176 1777 2382 1832 fratres
2414 1779 2549 1831 ante
2576 1775 2756 1831 altare
2780 1775 3056 1846 jacebant
3112 1778 3359 1833 mortem
3395 1773 3838 1846 prastolantes,

2096 1857 2144 1922 B
2173 1883 2328 1921 unus
2357 1881 2558 1921 eorum
2583 1881 2704 1920 rem
2739 1881 2917 1935 quam
2940 1864 3194 1920 maxime
3225 1862 3530 1936 diligebat,
3581 1863 3844 1920 latenter

2177 1958 2374 2027 aperto
2397 1954 2544 2009 ostio
2566 1953 2700 2009 inde
2724 1955 3062 2026 asportavit,
3089 1967 3336 2024 eamque
3358 1951 3418 2008 in
3441 1953 3613 2010 domo
3635 1953 3844 2025 cujus-

2179 2045 2314 2099 dam
2346 2042 2530 2099 civilis
2560 2042 2732 2098 amici
2755 2042 3205 2108 commendavit,
3226 2041 3611 2115 protinusque
3633 2041 3838 2099 rediit.

2178 2132 2340 2196 Quod
2370 2133 2456 2186 vir
2485 2131 2586 2187 Dei
2619 2134 2683 2186 ut
2713 2131 2953 2201 audivit,
2986 2131 3226 2187 fratrem
3258 2131 3331 2187 ad
3364 2147 3426 2188 se
3453 2130 3714 2186 accitum
3745 2130 3837 2187 sic

2180 2220 2467 2278 allocutus
2497 2225 2623 2276 est:
2656 2219 2921 2288 Arnulfe,
2955 2220 3168 2292 inquit,
3190 2235 3384 2276 nonne
3415 2219 3665 2276 ecclesia
3711 2219 3840 2278 haec

2179 2311 2238 2365 in
2271 2312 2398 2382 ejus
2430 2310 2708 2365 honorem
2740 2313 2796 2364 et
2812 2325 3025 2365 nomen
3048 2309 3316 2365 dedicata
3341 2313 3449 2376 est,
3475 2309 3569 2364 cui
3591 2309 3843 2366 assidue

2183 2399 2435 2455 dicimus
2460 2417 2471 2454 :
2499 2421 2526 2447 «
2552 2399 2670 2454 Sub
2702 2402 2870 2453 tuum
2902 2398 3241 2469 praesidium
3277 2398 3674 2473 confugimus,
3725 2398 3843 2454 Dei

2183 2487 2440 2543 Genitrix
2471 2487 2498 2541 ?
2535 2511 2554 2535 ι
2590 2491 2660 2541 Et
2677 2502 2869 2542 nonne
2895 2486 3119 2558 legisti;
3153 2486 3496 2543 Maledictus
3526 2486 3705 2543 homo
3733 2488 3842 2561 qui

2183 2591 2348 2648 spem
2375 2592 2544 2630 suam
2577 2575 2738 2646 ponit
2770 2575 2829 2629 in
2857 2574 3094 2631 homine
3122 2575 3258 2647 (Jer.
3285 2592 3425 2642 xvu,
3457 2575 3566 2646 5)?
3605 2576 3674 2632 Et
3735 2592 3848 2631 cur

2183 2667 2385 2719 contra
2404 2663 2525 2718 haec
2558 2680 2713 2718 nunc
2743 2678 2912 2735 agere
2943 2663 3372 2735 praesumpsisti
3393 2663 3421 2718 ?
3459 2663 3566 2728 Qui
3615 2680 3846 2736 pavens

2185 2752 2498 2809 obmutuit.
2533 2751 2606 2807 Ut
2636 2757 2831 2807 autem
2861 2755 2983 2807 tam
3019 2751 3172 2808 idem
3204 2768 3382 2824 quam
3406 2751 3597 2807 caeteri
3621 2753 3842 2810 amodo

2186 2859 2300 2898 non
2331 2844 2752 2913 praesumerent
2780 2839 2940 2906 talia,
2971 2839 3094 2896 haec
3125 2839 3298 2913 culpa
3316 2840 3551 2896 acribus
3580 2841 3846 2896 verberi-

2185 2932 2295 2986 bus
2325 2933 2416 2985 est
2445 2928 2711 3001 protinus
2742 2927 3069 2984 emendata.
3104 2929 3165 2984 In
3187 2929 3282 2984 his
3317 2945 3572 3001 namque
3623 2930 3843 2986 diebus

2185 3019 2404 3074 ibidem
2433 3022 2554 3073 tam
2586 3017 2780 3089 gravis
2803 3016 3066 3072 confusio
3122 3017 3553 3090 vehemensque
3601 3021 3846 3090 pertur-

2185 3108 2341 3164 batio
2372 3111 2514 3175 erat,
2546 3109 2610 3161 ut
2639 3107 2699 3161 in
2742 3106 2886 3162 hora
2944 3105 3262 3162 constituta
3306 3106 3573 3180 plerique
3630 3106 3845 3165 ﬁdeles

2185 3197 2382 3253 cibum
2402 3212 2605 3268 capere
2619 3196 3269 3267 desperarent,mortem
3292 3195 3364 3250 ad
3389 3196 3658 3251 futuram
3674 3194 3841 3252 illico

2179 3289 2602 3356 exspectantes.
2637 3284 2748 3340 Sed
2783 3283 2918 3340 licet
2948 3284 3115 3356 impii
3152 3283 3844 3352 frementesinsanirent,

2179 3374 2339 3430 nullo
2369 3374 2543 3429 modo
2563 3373 2749 3428 facere
2773 3373 3069 3428 audebant
3089 3375 3245 3445 quod
3268 3373 3664 3436 minabantur,
3691 3389 3844 3445 quo-

2180 3463 2339 3518 niam
2361 3461 2532 3517 toties
2556 3461 2720 3517 dolor
2741 3460 2800 3516 in
2819 3478 3017 3517 eorum
3037 3462 3227 3533 capita
3246 3461 3574 3517 vertebatur
3594 3461 3843 3533 quoties

2177 3556 2380 3608 contra
2409 3549 2624 3606 Christi
2656 3550 2948 3606 famulum
2979 3565 3215 3622 surgere
3248 3549 3612 3606 nitebantur.

2249 3685 2339 3739 63.
2365 3684 2727 3755 Quapropter
2747 3682 3019 3754 iniquum
3042 3685 3098 3738 et
3117 3680 3420 3754 publicum
3439 3680 3587 3738 dant
3613 3697 3842 3754 praece-

2178 3777 2344 3845 ptum
2367 3773 2641 3839 ut,donec
2659 3771 2933 3827 Arialdus
2954 3772 3016 3829 in
3039 3772 3190 3828 urbe
3211 3771 3845 3844 maneretquicunque

2179 3863 2524 3919 clericorum
2543 3861 2774 3934 publice
2791 3861 3145 3934 mysterium
3159 3859 3589 3928 celebraret,vel
3627 3860 3842 3917 tintin-

2179 3950 2768 4018 nabulasonaret,aut
2790 3949 2979 4005 laicus
3001 3949 3320 4021 quisquam
3343 3947 3443 4020 qui
3488 3948 3608 4004 hec
3637 3949 3699 4003 in
3725 3965 3846 4019 sua

2179 4055 2350 4112 agere
2370 4037 2616 4095 ecclesia
2630 4055 2732 4110 per
2744 4038 3143 4106 mitteret,non
3155 4037 3844 4109 solumprivaratnrsuhn

2181 4128 2420 4197 stantia,
2451 4129 2553 4184 sed
2585 4129 2763 4183 etiam
2789 4129 2925 4183 vita.
2957 4131 3090 4182 Haec
3118 4144 3253 4183 vero
3282 4143 3398 4182 non
3425 4125 3618 4183 scium
3669 4127 3840 4193 alibi,

2178 4232 2381 4272 verum
2407 4216 2584 4271 etiam
2613 4216 2674 4270 in
2705 4215 2952 4272 ecclesia
2982 4216 3084 4272 ubi
3141 4216 3298 4272 idem
3355 4215 3654 4281 manebat,
3711 4231 3841 4286 pta

2179 4304 2362 4360 nimio
2394 4304 2858 4376 timorejubente
2879 4304 3085 4373 milite,
3112 4305 3284 4375 cujus
3307 4303 3598 4377 ipsajuris
3619 4303 3840 4375 fuerat,

2180 4394 2394 4451 servari
2426 4409 2668 4465 cmpere.
2701 4394 2865 4459 Quod
2915 4394 3042 4466 ipse
3098 4409 3276 4466 super
3321 4393 3542 4462 omnia,
3597 4407 3728 4465 qua
3789 4394 3845 4450 ei

2180 4483 2465 4539 hactenus
2498 4482 2848 4549 acciderant,
2885 4483 3120 4556 gravius
3141 4482 3506 4550 existimans,
3531 4481 3646 4537 ait:
3671 4482 3849 4538 Absit

426 4568 578 4625 clam
607 4569 667 4622 in
698 4568 969 4624 noctibus
989 4567 1251 4624 tribuant
1276 4568 1368 4636 ;in
1389 4568 1596 4624 diebus
1616 4585 1771 4636 vero,
1795 4570 2071 4626 omnibus
2101 4591 2146 4656 D
2178 4575 2242 4626 ut
2271 4571 2385 4628 mei
2416 4570 2571 4626 ultra
2591 4571 2710 4626 sint
2729 4571 3044 4644 participes
3065 4575 3123 4626 et
3163 4571 3396 4640 fratres,
3422 4569 3526 4643 qui
3545 4569 3841 4626 nefandas

426 4657 662 4715 omissis
693 4658 963 4731 negotiis,
996 4657 1231 4713 assidue
1263 4659 1701 4728 conveniamus,
1734 4663 1791 4714 et
1813 4659 1922 4715 hoc
1942 4663 2070 4716 tan-

425 4747 524 4804 diu
541 4762 1119 4820 agamus,quousque
1137 4746 1313 4802 nimis
1338 4745 1711 4819 multiplicati
1736 4747 1931 4820 ipsum
1959 4749 2074 4804 vio'

423 4837 608 4893 lenter
628 4836 699 4891 ab
730 4835 874 4890 urbe
911 4835 1124 4907 pellere
1152 4836 1474 4892 valeamus.
1509 4836 1672 4902 Quod
1723 4853 1857 4892 cum
1898 4838 2075 4893 fuerit

425 4925 878 4997 factum,positis
900 4926 1162 4997 undique
1185 4925 1419 4980 insidiis
1442 4913 1728 4996 capiatur,
1753 4932 2077 4999 captusque

426 5015 582 5070 illico
614 5019 868 5070 necetur.
895 5015 1025 5078 Quae
1082 5019 1292 5070 cuncta
1346 5014 1393 5069 si
1441 5031 1556 5069 non
1615 5013 2073 5086 impleverimus,

427 5120 628 5176 pacem
663 5119 965 5175 nunquam
996 5103 1366 5158 habebimus.
1399 5101 1546 5167 Quid
1578 5102 1764 5157 multa
1784 5102 1928 5158 ‘IPer
1948 5105 2073 5160 dies

425 5193 759 5265 quindecim
790 5191 1098 5248 duodecim
1131 5192 1244 5247 duo
1276 5191 1629 5264 populorum
1673 5193 2076 5249 conventicula

426 5283 638 5340 suntin
669 5283 812 5338 urbe
840 5281 1206 5336 vehementia
1236 5281 1472 5337 assidue
1491 5281 1692 5336 habita
1715 5299 1728 5350 ;
1748 5299 1932 5338 unum
1953 5283 2071 5339 sci-

499 5423 608 5492 (34)
636 5423 709 5476 Eo
769 5420 892 5492 loco
942 5420 1291 5476 decollatum
1351 5422 1532 5478 fuisse
1566 5445 1594 5471 «
1627 5424 1686 5479 S.
1720 5410 2009 5479 Victorem
2042 5447 2070 5475 »

427 5490 574 5567 digit
593 5490 996 5567 Henschenius
1015 5492 1048 5542 8
1072 5493 1204 5546 Maii
1237 5495 1308 5548 ad
1330 5492 1490 5567 illius
1508 5496 1651 5567 Acta
1675 5513 1688 5562 ;
1714 5500 1918 5567 estque
1937 5497 2073 5551 sub-

429 5564 689 5682 urpanus
721 5562 906 5627 locus,
942 5561 1000 5613 in
1024 5576 1207 5629 eoque
1228 5563 1471 5620 ecclesia
1500 5561 1840 5622 etiamnum'
1875 5583 2074 5638 super-

431 5645 491 5682 es
525 5670 538 5682 .

431 5645 538 5683 est.

2180 4659 2585 4716 hwreticorum
2603 4660 2912 4716 observant
2929 4677 3032 4732 pro
3049 4660 3258 4716 mortis
3278 4659 3489 4715 timore
3501 4659 3842 4716 institutio-

2182 4750 2323 4807 nes!
2356 4751 2482 4815 Qua
2510 4750 2581 4805 de
2612 4764 2694 4819 re,
2727 4749 2904 4804 etiam
2926 4749 3071 4820 ipsis
3092 4748 3372 4804 fratribus
3394 4747 3838 4821 ignorantibus,

2187 4843 2490 4911 assumpto
2521 4842 2750 4894 tantum
2781 4837 2994 4894 comite
3021 4853 3140 4893 uno
3161 4836 3398 4894 nomine
3443 4837 3611 4910 Syro,
3670 4840 3846 4894 nocte

2184 4928 2337 4984 clam
2379 4928 2520 4982 urbe
2550 4926 2707 4994 exiit,
2737 4930 2794 4982 et
2823 4927 2895 4982 ad
2928 4927 2986 4983 S.
3017 4927 3314 4983 Victorem
3351 4927 3424 4982 ad
3453 4925 3688 5004 ulmum
3723 4928 3844 4999 (34)

2184 5018 2364 5072 biduo
2393 5032 2525 5072 cum
2553 5016 2679 5088 ipso
2703 5014 2996 5088 perlatuit.
3031 5015 3293 5088 Denique
3314 5015 3449 5070 hinc
3469 5013 3848 5074 Her-lembul-

2184 5107 2295 5162 dus
2327 5121 2459 5161 cum
2493 5103 2696 5160 multis
2716 5103 2987 5160 ﬁdelibus
3009 5103 3298 5161 militibus
3325 5108 3606 5174 utrosque
3637 5117 3846 5160 susce»

2184 5195 2293 5266 pit,
2318 5198 2375 5250 et
2395 5193 2636 5264 Papiam
2659 5193 2771 5264 (35)
2803 5209 2937 5249 cum
2961 5194 3042 5248 eis
3063 5192 3334 5265 perrexit.
3367 5192 3437 5247 Et
3481 5195 3651 5262 parte
3709 5191 3846 5265 gui-

2183 5284 2316 5340 dem
2344 5281 2598 5338 militum
2630 5281 2899 5349 remissa,
2944 5286 3109 5353 parte
3139 5297 3274 5338 vero
3329 5295 3535 5336 secum
3580 5283 3844 5352 retenta,

2255 5425 2367 5497 (35)
2399 5423 2578 5497 Abest
2607 5393 2936 5497 Mediolano
2970 5446 2998 5473 ‹‹
3036 5423 3314 5497 Papiai5
3343 5438 3518 5495 p.1m.
3552 5443 3584 5497 »ξ
3607 5423 3730 5480 sita
3767 5422 3842 5480 ad

2183 5493 2426 5554 fluvium
2459 5493 2752 5560 Ticinum,
2777 5495 2932 5551 unde
2953 5493 3276 5552 vetus'urbi
3297 5493 3512 5550 nomen
3535 5511 3550 5563 ;
3569 5494 3624 5550 is
3636 5500 3844 5551 autem

2183 5573 2527 5697 pgztopauca
2555 5582 2841 5637 passuum
2873 5565 3060 5623 millia
3101 5567 3255 5623 infra
3307 5567 3519 5624 urbem
3574 5565 3846 5623 illabitur
