3960 6216
155 284 333 346 {4'13

1771 283 1994 346 ACTA.

3432 298 3585 360 {4'14

155 433 276 490 per
299 419 530 475 Padum
559 419 787 491 navigio
818 420 1117 489 coeperunt
1144 416 1490 472 descendere
1519 416 1652 487 (36),
1683 431 1826 488 qua-
1858 419 1911 484 Α
1942 417 2303 474 cultandum.
2338 420 2598 484 Quicum
2622 424 2986 495 promitteret
3007 441 3068 480 se
3091 427 3262 497 juxta
3282 430 3590 487 ecclesiam

153 513 354 564 tenus
379 507 633 564 Romam
665 510 994 580 pergerent,
1027 509 1082 561 et
1102 521 1288 576 usque
1313 506 1382 560 ad
1407 505 1563 560 aliud
1595 510 1830 578 tempus
1938 507 2131 563 locum
2155 508 2234 563 sic
2258 509 2472 566 habere
2495 517 2803 579 secretum,
2837 518 2902 568 ut
2931 513 2989 570 in
3013 531 3080 570 eo
3113 519 3451 590 quempiam
3489 537 3593 592 per

151 600 353 653 tanta;
386 597 483 653 ire
513 597 804 652 cederent.
833 597 894 650 In
919 611 1034 666 quo
1056 593 1282 650 scilicet
1305 593 1534 665 navigio
1557 595 1666 648 sub
1688 610 1830 665 quo-

158 686 316 742 dam
351 685 505 758 capti
529 689 669 742 sunt
698 685 910 757 oppido
952 684 1085 756 (37),
1119 687 1176 738 et
1205 699 1274 738 ex
1303 682 1494 738 medio
1541 682 1831 738 sodalium

155 774 555 831 ineffabiliter
583 774 960 830 monentium
984 773 1047 828 Β.
1070 771 1340 827 Arialdus
1369 771 1650 828 violenter
1674 771 1834 828 solus

158 868 267 920 est
299 868 528 937 raptus,
559 867 617 920 et
643 864 700 918 in
733 879 925 918 arcem
956 862 1261 917 deductus.
1293 860 1398 916 Ubi
1427 861 1568 916 dum
1600 860 1832 915 solitam

159 953 234 1008 in
261 954 528 1009 oratione
553 956 611 1009 et
630 968 900 1008 sermone
920 954 1140 1006 teneret
1162 950 1572 1017 constantiam,
1588 949 1835 1005 miratus

163 1042 376 1108 miles,
401 1042 502 1115 qui
526 1042 723 1115 ipsum
763 1043 1014 1114 ceperat,
1039 1040 1153 1094 ait:
1183 1039 1440 1094 Pontifex
1472 1038 1688 1110 quippe
1718 1040 1833 1094 Me-

165 1131 547 1194 diolanensis
580 1146 860 1203 magnum
894 1129 1130 1201 quidem
1154 1127 1301 1183 mihi
1330 1145 1392 1183 se
1412 1128 1687 1182 daturum
1711 1145 1838 1200 pro-

164 1220 349 1276 misit
369 1221 700 1292 preminm,
723 1220 771 1274 si
791 1224 847 1274 te
867 1234 1156 1290 caperem,
1176 1217 1345 1288 eique
1365 1221 1420 1271 te
1441 1216 1839 1272 darem.Nam-

169 1325 294 1382 que
326 1310 472 1364 mihi
505 1310 576 1363 ab
621 1325 692 1363 eo
736 1313 825 1363 est
856 1307 1196 1362 intimatum
1229 1311 1284 1360 te
1317 1322 1444 1361 esse
1476 1305 1837 1373 hmreticum,

170 1399 368 1470 quod,
403 1405 469 1453 ut
499 1415 694 1467 cerno,
727 1397 966 1452 omnino
998 1400 1086 1451 est
1118 1395 1352 1450 falsum.
1414 1395 1674 1467 Denique
1703 1413 1835 1451 eum

171 1502 320 1543 cum
357 1486 518 1544 omni
549 1488 722 1542 domo
755 1503 862 1542 sua
891 1484 1295 1541 venerabiliter
1325 1483 1538 1540 habere
1568 1486 1758 1557 cmpit,
1785 1487 1841 1540 et

175 1575 507 1633 comitibus
556 1574 781 1632 mmstis
833 1574 1070 1646 Papiam
1111 1575 1238 1645 jam
1300 1574 1547 1629 reversis
1600 1574 1839 1630 reddere

171 1663 510 1720 festinavit.

251 1754 351 1809 64.
381 1754 518 1810 Post
547 1753 690 1819 hinc,
723 1752 1130 1823 scientcsloca
1169 1753 1427 1823 undique
1471 1753 1730 1819 obsessa,
1766 1753 1838 1808 ad

178 1843 490 1916 quoddam
544 1846 804 1898 castrum
849 1842 960 1912 (38)
1021 1841 1208 1896 ﬁdelis
1255 1839 1644 1896 llerlembaldi
1704 1845 1842 1896 sunt

179 1931 429 1988 reversi.
463 1932 630 1986 Tunc
652 1931 893 2003 quidam
918 1931 1123 1985 fratres
1155 1931 1562 1985 Canturienses
1594 1931 1645 1984 ei
1680 1947 1844 1986 man-

182 2023 434 2087 darunt,
472 2020 759 2076 dicentes:
805 2019 981 2074 Nobis
1023 2020 1260 2090 quidem
1284 2019 1375 2074 hic
1394 2036 1496 2090 pro
1519 2019 1700 2074 nimia
1721 2036 1848 2091 per-

183 2111 495 2166 secutione
542 2109 733 2164 vivere
771 2125 889 2163 non
939 2107 1093 2174 licet,
1146 2125 1251 2162 nos
1298 2124 1430 2162 vero
1465 2109 1535 2162 ad
1566 2113 1621 2162 te
1650 2108 1846 2163 venire

182 2199 355 2270 jube,
387 2197 437 2253 si
459 2197 666 2270 placet.
693 2197 917 2260 Quibus
947 2200 1005 2250 et
1038 2197 1197 2267 ipse:
1233 2196 1596 2267 Quicunque,
1631 2196 1842 2268 inquit,

191 2304 429 2344 mecum
461 2304 564 2359 pro
594 2287 821 2342 Christo
853 2285 1000 2340 mori
1032 2289 1119 2340 est
1142 2289 1401 2356 paratus,
1423 2285 1618 2340 venire
1650 2287 1718 2340 ad
1753 2302 1846 2341 me

194 2377 462 2447 festinet,
484 2376 584 2448 qui
614 2379 812 2430 autem
845 2375 1106 2429 nondum
1141 2379 1250 2439 est,
1287 2373 1566 2429 aliorsum
1617 2375 1847 2445 fugiens

194 2465 473 2522 declinet.
507 2465 654 2528 Haec,
690 2480 782 2518 me
813 2466 1117 2535 praesente,
1151 2463 1306 2517 dicta
1350 2466 1508 2518 sunt.
1563 2462 1697 2518 Post
1728 2463 1845 2517 hmo

198 2553 630 2619 Herlembaldo,
691 2553 1028 2624 ueterisque
1087 2551 1185 2623 qui
1233 2568 1433 2606 secum
1469 2552 1732 2618 aderant,
1763 2553 1846 2606 sic

194 2643 432 2700 locutus
452 2647 575 2700 est:
610 2642 691 2697 Ex
723 2642 853 2706 bac,
886 2641 1099 2712 inquit,
1131 2645 1285 2694 terra
1323 2640 1478 2694 exire
1510 2641 1844 2711 nequimus,

194 2733 336 2806 quia
359 2732 675 2788 mortiferis
700 2730 930 2786 insidiis
961 2746 1164 2785 omnes
1195 2728 1390 2784 aditus
1431 2729 1702 2784 obsessos
1734 2730 1845 2785 sci-

194 2838 351 2878 mus.
369 2823 438 2877 Et
454 2821 546 2876 hic
561 2837 794 2876 manere
813 2836 928 2874 non
947 2834 1280 2890 possumus,
1298 2817 1574 2888 quoniam
1594 2817 1846 2890 populus

193 2928 452 2968 vesanus
475 2911 572 2966 hic
599 2926 692 2965 me
717 2909 1127 2982 persequijam
1157 2907 1440 2972 minatur;
1465 2911 1520 2962 et
1549 2906 1714 2962 valde
1744 2925 1843 2979 pa-

191 3017 295 3058 veo
328 3017 402 3056 ne
434 3001 698 3055 insontes
721 2999 899 3069 hujus
925 2997 1032 3051 loci
1055 2997 1254 3051 incola:
1279 2997 1386 3050 sub
1413 2996 1520 3050 hac
1541 2996 1845 3052 occasione

192 3092 591 3146 devastentur.
628 3091 990 3160 Quapropter
1019 3102 1254 3145 necesse
1275 3090 1365 3141 est
1394 3090 1458 3140 ut
1487 3084 1644 3140 aliud
1677 3102 1843 3157 repe-

1943 596 2160 653 multos
2183 615 2368 655 annos
2389 604 2582 656 tenere
2597 602 2813 657 valeret
2834 601 3118 672 celatum;
3143 607 3336 661 media
3353 610 3590 664 tandem

1941 689 2126 752 nocte,
2161 685 2360 744 libatis
2401 689 2607 757 oculis,
2661 709 2793 746 cum
2843 692 3159 763 gemitibus
3209 698 3265 750 et
3315 695 3592 768 lacrymis

1943 775 2165 844 multis,
2182 795 2371 849 usque
2390 780 2462 834 ad
2486 785 2709 851 portam
2725 798 2856 836 cum
2882 782 3152 837 ambolus
3172 785 3586 855 processimus.

1942 863 2087 918 Nam
2120 865 2314 936 ipsum
2373 867 2627 923 multum
2689 870 2978 941 deprecati
3039 888 3269 941 sumus,
3305 877 3370 928 ut
3403 891 3589 930 unum

1943 952 2376 1026 (quemcunque
2407 973 2475 1012 ex
2505 957 2672 1012 nobis
2717 958 2912 1030 vellet)
2943 960 3001 1014 in
3035 978 3206 1016 suum
3239 963 3590 1034 obsequium

1957 1057 2216 1109 sumens,
2251 1044 2523 1100 duceret:
2563 1046 2784 1108 Quibus
2815 1053 2870 1102 et
2901 1049 3060 1120 ipse:
3095 1051 3594 1123 Nequaquam,in-

1947 1133 2098 1203 quit,
2125 1135 2423 1205 quoniam,
2443 1136 2491 1190 si
2513 1153 2628 1190 una
2641 1138 2754 1191 duo
2773 1142 2933 1203 sunt,
2948 1138 3268 1210 loquuntur
3283 1146 3338 1196 et
3355 1141 3593 1214 loquen-

1947 1225 2034 1275 tes
2067 1223 2406 1278 audiuntur.
2462 1224 2600 1289 Quis
2655 1227 2760 1280 fari
2799 1231 2989 1297 potest
3022 1234 3238 1299 quanta
3271 1230 3424 1285 bona
3453 1237 3591 1286 tunc

1948 1309 2392 1367 llerlembaldus
2423 1315 2754 1384 presbytero
2814 1317 3100 1386 promisit,
3135 1320 3180 1373 si
3224 1320 3350 1390 ipse
3379 1319 3593 1376 Christi

1949 1399 2238 1455 famulum
2263 1404 2558 1470 tractaret,
2589 1403 2754 1471 bene,
2790 1410 2846 1458 et
2877 1411 3095 1476 quanta
3123 1408 3296 1474 mala,
3330 1409 3378 1463 si
3413 1408 3592 1465 male?

1948 1487 2256 1543 Moerentes
2283 1488 2480 1561 igitur,
2511 1494 2792 1563 utrosque
2816 1494 2974 1549 abire
2995 1496 3400 1566 permisimus;
3425 1513 3596 1553 mane

1945 1592 2078 1632 vero
2111 1577 2182 1632 ad
2217 1578 2422 1634 urbem
2449 1580 2814 1650 devenimus.

2019 1665 2108 1720 66.
2143 1665 2451 1739 Presbyter
2480 1685 2616 1740 ergo
2649 1686 2925 1741 nequam,
2951 1687 3086 1727 mox
3108 1676 3171 1727 ut
3221 1672 3280 1727 in
3323 1689 3427 1728 suo
3459 1689 3600 1728 con-
3627 1696 3636 1702 ·

1949 1753 2094 1810 clavi
2112 1754 2278 1810 illum
2299 1757 2982 1821 concluserat,diabclico
3009 1764 3195 1816 tactus
3209 1761 3600 1832 spiritu,malo

1955 1843 2200 1900 Guidoni
2233 1846 2506 1901 nuntiare
2538 1847 2853 1912 festinavit,
2875 1848 3109 1904 dicens:
3163 1849 3308 1915 Quid
3343 1850 3428 1906 vis
3459 1849 3604 1905 mihi

1954 1933 2111 1998 dare,
2146 1937 2201 1988 et
2231 1950 2335 2005 ego
2367 1935 2470 1989 tibi
2505 1936 2732 1990 tradam
2761 1936 3066 1992 Arialdum
3098 1938 3224 1992 sine
3245 1940 3442 2004 turba,
3475 1939 3604 1994 sine

1956 2021 2379 2089 llerlembaldo,
2419 2024 2538 2078 imo
2590 2025 2810 2095 absque
2867 2025 2987 2080 viro
3048 2026 3297 2098 aliquo?
3352 2027 3452 2081 Cui
3485 2027 3600 2094 ille,

1953 2109 2117 2164 laetus
2150 2111 2327 2166 nimis
2362 2113 2621 2176 effectus,
2646 2130 2927 2185 magnum
2952 2115 3258 2186 praemium
3285 2114 3441 2170 illico
3464 2131 3599 2169 cum

1956 2200 2266 2254 securitate
2297 2201 2566 2272 promisit
2598 2203 2645 2256 si
2672 2203 2792 2274 ipse
2824 2204 2979 2267 quod
3004 2203 3379 2275 promittebat
3400 2202 3604 2274 imple-

1956 2292 2060 2342 ret.
2094 2289 2260 2342 Tune
2291 2289 2400 2343 sibi
2426 2290 2804 2362 quamplures
2828 2291 2948 2346 dari
2983 2292 3147 2362 petiit
3170 2291 3388 2346 milites
3415 2309 3427 2356 ;
3453 2308 3602 2362 quos

1956 2382 2221 2447 sumptos
2255 2377 2401 2431 inter
2430 2380 2577 2433 duas
2611 2380 2912 2445 macerias,
2940 2381 3010 2434 ab
3031 2380 3392 2434 habitatione
3415 2396 3599 2434 seces-

1955 2481 2070 2532 sas,
2105 2471 2269 2521 nocte
2292 2468 2615 2532 constituit,
2645 2469 2873 2522 dicens:
2899 2469 3084 2536 Unus,
3112 2469 3325 2540 inquit,
3349 2484 3416 2523 ex
3440 2467 3603 2523 vobis

1955 2556 2362 2611 tantummodo
2395 2557 2451 2610 in
2486 2557 2893 2627 mediajaceat
2921 2558 3032 2623 via,
3069 2562 3235 2612 scuto
3267 2561 3598 2629 coopertus;

1955 2642 2112 2697 hunc
2141 2644 2319 2710 enim,
2355 2661 2488 2699 cum
2535 2662 2764 2712 venero,
2817 2646 3140 2716 percutiam
3189 2644 3601 2700 calceamento.

1956 2731 2120 2786 Tunc
2148 2748 2251 2787 vos
2282 2749 2484 2787 omnes
2506 2733 2774 2788 velociter
2804 2734 3048 2805 surgite,
3074 2738 3128 2788 et
3159 2738 3278 2788 tam
3310 2750 3401 2788 me
3423 2748 3602 2804 quam

1953 2819 2148 2889 ipsum
2174 2821 2395 2892 capite;
2424 2839 2494 2876 ne
2516 2822 2658 2876 forte
2680 2822 2915 2893 quidem
2940 2839 3118 2894 super
3140 2821 3321 2877 alium
3347 2821 3604 2892 surgatis

1954 2908 2207 2973 incaute,
2230 2910 2393 2964 vobis
2426 2910 2534 2965 hoc
2566 2910 2683 2966 fore
2715 2911 2951 2982 signum
2975 2911 3200 2965 scitote.
3226 2911 3295 2964 Et
3325 2915 3456 2982 post
3485 2909 3604 2964 haec

1958 2997 2014 3051 in
2047 2997 2138 3052 bis
2168 2999 2360 3053 verbis
2390 3000 2460 3054 ad
2493 2999 2681 3054 virum
2715 3000 2814 3054 Dei
2848 3000 3152 3072 ingressus
3176 3003 3305 3055 est:
3344 2999 3602 3064 Domine,

1955 3086 2170 3158 inquit,
2203 3088 2452 3154 Arialde,
2487 3105 2722 3144 necesse
2755 3093 2842 3144 est
2864 3093 2928 3144 ut
2957 3089 3095 3144 hinc
3116 3088 3389 3144 velociter
3417 3088 3603 3144 disce-

189 3181 419 3238 riamus
438 3177 775 3245 consilium,
801 3176 1125 3240 scilicet,ut
1147 3191 1479 3247 quaeramus
1502 3175 1838 3246 quempiam
1871 3163 1912 3228 C
1951 3177 2184 3243 damus,
2215 3182 2271 3231 et
2299 3179 2367 3231 ad
2403 3182 2685 3242 castrum,
2720 3180 2790 3234 de
2823 3195 2937 3250 quo
2968 3183 3025 3233 te
3056 3179 3309 3250 suscepi,
3350 3181 3600 3233 reverta-

189 3269 406 3336 virum,
441 3267 541 3339 qui
575 3282 668 3320 me
706 3281 808 3336 per
854 3263 976 3319 dies
1007 3263 1230 3334 aliquot
1285 3262 1342 3316 in
1397 3279 1563 3317 suam
1596 3262 1844 3318 oceultet

191 3358 458 3420 domum,
492 3358 783 3427 quatenus
814 3353 1049 3407 interim
1085 3357 1186 3406 aut
1231 3351 1433 3422 populi
1467 3352 1628 3406 furor
1657 3353 1842 3407 defer-

191 3451 345 3514 veat,
377 3450 434 3500 et
465 3445 525 3499 in
559 3443 667 3499 hac
689 3448 843 3498 terra
873 3458 966 3496 me
993 3441 1184 3495 vivere
1229 3440 1419 3506 liceat,
1453 3439 1541 3494 vel
1568 3440 1842 3495 custodia:

195 3536 252 3590 in
281 3534 518 3590 insidiis
548 3533 766 3604 ubique
788 3533 986 3603 posita:
1019 3545 1111 3584 me
1142 3529 1429 3583 desistant
1459 3546 1714 3600 quzerere
1741 3546 1843 3600 pro

196 3625 381 3680 nimia
409 3623 743 3687 securitate,
777 3626 834 3676 et
866 3620 948 3675 sic
971 3636 1063 3674 me
1095 3617 1230 3672 hinc
1263 3619 1406 3672 forte
1441 3617 1640 3672 licebit
1665 3618 1842 3673 exire.

197 3713 302 3778 Qui
338 3711 765 3783 responderunt
793 3710 1050 3764 dicentes
1077 3724 1089 3762 :
1115 3707 1247 3770 Qua:
1272 3712 1466 3762 autem
1498 3707 1665 3773 dicis,
1700 3724 1842 3762 cun-

194 3801 308 3858 etis
331 3800 582 3873 placent,
607 3799 657 3855 si
682 3799 1038 3853 inveniretur
1068 3795 1166 3868 qui
1199 3796 1306 3850 hoc
1340 3795 1583 3850 fideliter
1613 3796 1842 3851 faceret.

189 3892 267 3947 Et
295 3889 428 3945 ille:
463 3889 583 3956 Est,
642 3887 856 3959 inquit,
890 3886 1012 3940 loco
1074 3885 1208 3941 huic
1255 3883 1496 3956 quidam
1547 3885 1848 3957 presbyter

193 3979 448 4045 vicinus,
471 3993 659 4050 nuper
679 3993 746 4032 ex
768 3974 1165 4047 Hierosolyma
1186 3990 1508 4046 regressus,
1532 3975 1634 4046 qui
1656 3973 1848 4030 hacte-

202 4085 320 4126 nus
338 4067 485 4124 mihi
517 4067 750 4122 credere
780 4065 922 4120 satis
952 4070 1041 4120 est
1068 4063 1248 4129 visus,
1284 4080 1384 4135 per
1411 4080 1608 4135 quem,
1642 4065 1689 4120 si
1724 4065 1846 4136 pla-

201 4161 307 4227 cet,
344 4157 637 4222 mittatur,
663 4157 721 4210 et
740 4171 918 4226 super
940 4153 1050 4208 bac
1070 4169 1130 4208 re
1155 4152 1463 4223 diligenter
1492 4153 1845 4225 inquiratur.

202 4246 490 4302 Omnibus
521 4245 719 4316 itaque
748 4243 1100 4311 volentibus,
1124 4259 1226 4314 per
1255 4241 1576 4297 nefandum
1610 4244 1848 4316 presby-

201 4340 393 4392 terum
427 4340 567 4390 tunc
598 4334 848 4389 missum
880 4336 986 4387 est.

273 4426 360 4479 65.
397 4423 535 4479 Post
578 4422 697 4477 haec
748 4420 1053 4477 ecclesiam
1104 4419 1408 4493 ingressus
1456 4419 1582 4492 ipse
1637 4425 1746 4488 est,
1790 4420 1850 4475 in

205 4529 338 4586 qua,
373 4511 653 4585 quoniam
674 4509 872 4582 vigilia
900 4510 1010 4580 (39)
1045 4510 1102 4564 S.
1135 4509 1378 4564 Joannis
1409 4509 1679 4580 Baptista:
1703 4514 1846 4577 erat,
1880 4533 1926 4596 D

201 4619 238 4656 a
267 4618 440 4657 mane
470 4615 660 4671 usque
692 4600 763 4654 ad
795 4599 998 4654 horam
1048 4598 1215 4668 quasi
1249 4615 1463 4652 nonam
1495 4598 1554 4652 in
1585 4598 1846 4654 oratione

200 4689 526 4764 permansit
543 4688 902 4744 indeﬁeiens.
927 4687 1528 4742 Eteccedetestandus
1551 4689 1852 4760 presbyter

202 4779 460 4846 veniens,
490 4782 708 4834 secrete
739 4777 1164 4848 diligenterque
1202 4775 1538 4848 inquiritur,
1572 4776 1619 4832 si
1655 4774 1848 4832 locum

204 4869 445 4925 haberet
473 4871 676 4940 aptum
699 4867 770 4922 ad
798 4867 988 4938 ipsum
1015 4881 1116 4937 per
1133 4870 1252 4921 tres
1276 4865 1481 4920 saltem
1505 4881 1740 4921 menses
1762 4884 1850 4921 oc-

273 4994 385 5077 (36)
420 4991 813 5077 I‘n‘JEmil‘iam-
853 4990 1095 5077 scilicet,
1150 4996 1214 5046 ut
1273 5007 1373 5062 per
1405 4994 1622 5047 statum
1656 4992 1847 5063 ponti-

202 5065 404 5123 ﬁcium
432 5069 624 5120 tutum
657 5065 766 5118 iter
801 5067 1082 5118 tenerent.

295 5137 386 5209 37)
428 5135 767 5215 Landulfus,
813 5157 852 5215 Δει
889 5135 997 5215 sub
1058 5134 1311 5215 quodam
1365 5132 1848 5215 Placentin‘olcp-

202 5205 376 5282 pido,
394 5229 420 5256 ››
448 5206 705 5282 primu_m
730 5211 937 5282 autem
952 5205 1127 5276 Papia
1153 5205 1521 5282 venientibus
1543 5210 1678 5282 post
1705 5207 1771 5282 16
1791 5205 1847 5278 p.

204 5275 280 5336 in.
306 5275 604 5336 occurritu
629 5275 1085 5349 Parpanesiusﬁi
1114 5292 1218 5332 nec
1237 5275 1434 5349 procul
1460 5275 1596 5349 inde
1617 5275 1852 5349 longius

203 5369 236 5408 a
262 5353 390 5426 ripa
425 5371 453 5401 α
485 5347 757 5426 Castrum
787 5350 844 5403 S.
878 5347 1144 5412 Joannis,
1183 5372 1208 5394 ››
1243 5364 1356 5420 quo
1389 5347 1532 5403 forte
1563 5347 1851 5404 deductus

197 5424 444 5480 sanctus
477 5424 582 5476 est.

266 5497 381 5567 (38)
402 5515 431 5543 ‹‹
468 5492 859 5567 Ιιβεῑιειηυωρζ
882 5488 1137 5567 appellat
1163 5485 1586 5567 La_ndult'u_s,ad
1608 5489 1851 5567 Olanam

197 5559 468 5632 fluvium,
501 5559 578 5620 1ξ
599 5579 656 5636 p.
691 5578 769 5620 m.
805 5559 1171 5630 Mediolano;
1221 5560 1499 5618 Centurio
1533 5566 1727 5619 autem
1754 5563 1846 5632 20,

1952 3283 2105 3332 mur,
2141 3266 2418 3337 quoniam
2451 3271 2505 3321 te
2562 3267 2656 3321 hic
2713 3284 2839 3322 esse
2898 3268 3176 3323 omnibus
3235 3274 3437 3323 notum
3474 3271 3602 3334 est;

1953 3372 2090 3410 nam
2124 3356 2173 3409 si
2206 3355 2299 3409 bic
2333 3373 2553 3410 moram
2583 3356 2913 3419 fecerimus,
2939 3374 3070 3412 cras
3088 3357 3289 3428 procul
3311 3355 3490 3410 dubio
3513 3372 3604 3410 ca-

1953 3445 2199 3513 piemur.
2235 3444 2337 3498 Cui
2364 3445 2451 3499 vir
2471 3443 2600 3499 Dei:
2635 3444 2788 3509 Tibi,
2812 3444 3024 3515 inquit,
3049 3445 3142 3498 via
3163 3449 3250 3499 est
3272 3448 3428 3508 nota,
3452 3461 3603 3514 pra:-

1955 3533 2092 3587 cede
2123 3548 2278 3603 ergo,
2313 3537 2368 3588 et
2394 3550 2499 3604 ego
2521 3550 2733 3604 sequar
2757 3537 2834 3587 te.
2866 3533 3168 3587 Traditore
3197 3532 3377 3603 igitur
3397 3549 3607 3602 prazce-

1955 3620 2146 3687 dente,
2181 3622 2250 3675 ad
2285 3621 2502 3676 milites
2523 3638 2729 3677 venere
2753 3621 3007 3692 utrique.
3028 3621 3099 3674 Et
3118 3637 3186 3675 ex
3207 3619 3602 3674 calceamento

1954 3709 2104 3764 facto
2138 3711 2402 3765 condicto
2434 3711 2623 3782 signo,
2675 3727 2875 3765 omnes
2916 3709 3134 3781 pariter
3189 3709 3246 3762 in
3276 3708 3375 3763 Dei
3403 3707 3598 3763 virum

1956 3798 2208 3864 irruunt,
2257 3815 2509 3871 eumque
2543 3801 2800 3872 capiunt,
2843 3803 3198 3870 captumque
3249 3796 3448 3852 stricte
3475 3795 3602 3851 vin-

1956 3887 2137 3954 ciunt,
2164 3891 2220 3942 et
2235 3888 2780 3960 vinctumjumento
2798 3887 3312 3960 superimponunt,
3338 3903 3401 3940 ac
3424 3886 3603 3940 tacite

1956 3976 2296 4048 eonciteque
2327 3982 2527 4033 contra
2577 3979 2791 4033 Lacum
2843 3978 3124 4048 majorem
3162 3976 3272 4047 (40)
3323 3973 3605 4029 festinant

1957 4080 2212 4137 pergere.

2026 4154 2117 4208 67.
2151 4154 2266 4210 Hoc
2299 4157 2494 4208 autem
2529 4159 2663 4211 ante
2711 4156 2915 4211 horam
2947 4154 3058 4210 diei
3107 4153 3362 4216 tertiam,
3394 4151 3453 4206 in
3485 4167 3603 4224 quo

1958 4241 2158 4314 vigilia
2187 4242 2240 4296 S.
2275 4241 2426 4296 Petri
2459 4242 2808 4311 celebratur,
2843 4260 2942 4316 per
2989 4248 3174 4299 totum
3207 4239 3604 4298 Mediolanum

1959 4336 2048 4386 est
2076 4330 2438 4402 divulgatum
2467 4349 2478 4398 ;
2511 4333 2666 4387 unde
2701 4334 2918 4388 factum
2969 4338 3057 4389 est
3104 4337 3168 4388 ut
3212 4332 3427 4402 ubique
3457 4333 3610 4386 esset

1959 4419 2152 4475 luctus
2181 4427 2238 4475 et
2285 4419 2608 4475 lamentum
2660 4422 2912 4492 piorum,
2960 4428 3136 4494 atque
3169 4425 3368 4478 contra
3393 4435 3610 4475 vesana

1959 4507 2268 4564 exsultatio
2288 4508 2688 4578 reproborum.
2710 4510 2871 4573 Quod
2887 4526 2992 4581 ego
3008 4510 3275 4576 audiens,
3293 4507 3614 4565 tumultuo-

1957 4615 2083 4653 sam
2107 4602 2164 4651 et
2193 4598 2496 4652 confusam
2532 4595 2796 4667 protinus
2828 4596 3037 4668 reliqui
3072 4599 3298 4666 urbem,
3351 4611 3606 4668 eumque

1961 4691 2304 4758 prosecutus
2326 4702 2479 4739 sum.
2505 4684 2796 4755 Dieigitur
2817 4685 3018 4740 eodem
3043 4693 3327 4758 nocteque
3345 4685 3613 4757 sequenti

1958 4777 2165 4832 festiue
2197 4791 2536 4847 properans,
2568 4773 2660 4828 die
2691 4773 2872 4828 altero
2903 4775 2974 4828 ad
3008 4777 3312 4845 praefatum
3338 4778 3463 4847 jam
3491 4773 3613 4830 sole

1958 4866 2175 4921 oriente
2197 4863 2425 4935 perveni
2452 4869 2693 4929 Lacum;
2721 4878 2899 4933 supra
2919 4863 3090 4932 cujus
3113 4864 3256 4918 dum
3280 4865 3609 4919 incederem

1959 4995 2015 5045 et
2043 5007 2076 5044 a
2108 4989 2257 5043 Lacu
2289 4987 2490 5058 Majori
2518 4985 2705 5040 solum
2740 4985 2824 5040 11.

2030 5063 2140 5132 (39)
2173 5057 2506 5132 Sciliceti23g
2529 5057 2707 5132 Junii.

2033 5127 2144 5204 (40')
2177 5132 2361 5200 Major
2400 5129 2612 5204 dicitur
2642 5152 2668 5178 ‹‹
2704 5128 2906 5204 Lacus,
2945 5127 3161 5204 nolim
3214 5150 3240 5176 ‹‹
3268 5128 3611 5204 _Verbanus,

1961 5198 2136 5276 quem
2157 5198 2390 5259 Ticinus
2411 5201 2586 5276 eftieit
2605 5200 2868 5276 evolutus
2887 5198 3239 5276 exdlpibus,
3265 5199 3427 5276 initio
3451 5218 3611 5276 sum-

1961 5271 2057 5347 pto
2080 5276 2233 5330 circa
2250 5276 2308 5329 S.
2329 5273 2544 5344 Aurigii
2571 5273 2847 5347 oppidum
2877 5289 2889 5337 ;
2911 5271 3298 5347 ubistagnare
3314 5271 3606 5347 incipiens

1961 5342 2139 5417 seque
2171 5342 2516 5410 diffundere,
2552 5342 2652 5417 per
2693 5343 2965 5417 milliaria
3015 5345 3127 5417 fere
3175 5344 3245 5395 50
3296 5343 3611 5396 deducitur

1963 5415 2148 5495 usque
2207 5419 2476 5495 Sextum,
2521 5415 2577 5495 et
2609 5433 2812 5495 rursus
2851 5415 3023 5495 intra
3078 5415 3235 5495 ripas
3263 5418 3601 5495 coercetur,

1961 5486 2155 5564 ipsum
2187 5493 2384 5548 autem
2443 5488 2686 5547 Sextum
2742 5486 3069 5546 Mediolano
3099 5486 3282 5545 distat
3311 5502 3368 5562 p.
3401 5501 3482 5543 m.
3513 5486 3604 5546 26.
