3960 6216
172 293 206 355 1
221 292 338 356 ιτ]

1766 301 1989 364 ACTA.

3424 303 3580 366 M78

174 448 295 489 res.
331 430 434 488 Ille
458 434 656 489 autem
688 428 807 488 haec
830 431 1075 489 audiens
1098 448 1158 489 se
1200 433 1400 503 erexit,
1429 440 1485 491 et
1538 435 1825 509 hymnum
1854 433 1912 502 Α
1945 435 2114 491 sileat
2133 450 2258 507 quae
2290 434 2638 490 clericorum
2663 433 2915 491 familias
2945 436 3314 491 conturbavit
3359 441 3417 493 et
3462 439 3580 494 dis-

175 523 524 577 sanctorum
556 520 953 594 apostolorum
978 522 1131 579 Petri
1157 526 1214 577 et
1242 523 1406 579 Pauli
1440 524 1705 581 altavoco
1738 525 1828 580 de-

174 615 419 667 cantare
440 610 646 683 coepit;
681 627 794 683 quo
825 611 1011 677 linito,
1044 612 1113 667 ad
1146 611 1524 669 solitudinem
1548 614 1617 668 ad
1652 630 1829 687 quam

171 698 857 772 tendebant,pervenere.
880 700 1061 764 Quem
1095 700 1367 757 tollentes
1396 702 1467 756 de
1484 717 1832 774 nave,supra

176 788 483 859 quoddam
517 805 722 844 saxum
744 788 1007 845 vinctum
1063 807 1309 862 posuere
1359 791 1430 846 ad
1483 792 1827 847 sedendum.

175 877 463 933 Seorsum
481 877 730 949 denique
754 876 1060 949 paululum
1077 880 1281 935 remoti
1300 880 1624 935 haecdicere
1645 896 1830 952 coepe-

177 970 327 1021 runt
348 966 417 1021 ad
451 966 729 1022 invicem:
755 967 902 1029 Quid
928 967 1208 1023 faciemus
1232 968 1260 1022 ?
1282 968 1341 1023 Si
1362 974 1589 1024 tantum
1614 969 1834 1025 occide-

178 1055 376 1111 rimus
397 1055 611 1126 virum,
635 1060 847 1111 nostra:
878 1057 1085 1112 animae
1121 1056 1347 1112 nullum
1381 1058 1534 1113 ultra
1562 1063 1835 1130 poterunt

179 1143 434 1215 adipisci
465 1145 811 1213 remedium,
845 1149 902 1200 et
930 1144 1039 1201 hoc
1061 1145 1109 1199 si
1144 1162 1257 1201 non
1284 1146 1832 1212 fecerimus,nihilo-

180 1232 389 1288 minus
420 1233 756 1288 moriemur.
810 1234 871 1289 In
927 1232 1019 1288 his
1077 1234 1231 1289 enim
1287 1235 1427 1289 dum
1476 1235 1832 1302 hmsitarent,

180 1337 465 1394 aspexere
512 1321 836 1377 naviculam
894 1323 1117 1378 concito
1158 1324 1505 1393 venientem,
1573 1324 1837 1395 duosque

179 1411 459 1467 homines
490 1410 875 1466 deferentem:
900 1413 969 1466 Et
999 1412 1164 1467 aiunt
1186 1412 1255 1467 ad
1281 1411 1528 1468 invicem
1556 1430 1568 1466 :
1604 1412 1719 1468 Hos
1741 1429 1835 1468 ex-

182 1500 610 1573 spectemus,bi
644 1500 837 1555 forsan
868 1501 1005 1556 boni
1039 1501 1225 1556 nuntii
1258 1501 1441 1573 bajuli
1468 1506 1626 1557 sunt.

262 1592 353 1643 τι.
376 1587 657 1643 Przedicta
684 1605 816 1644 vero
849 1587 987 1644 mali
1019 1589 1300 1645 Guidonis
1334 1591 1545 1663 neptis,
1584 1608 1709 1663 quae
1738 1608 1832 1646 ex-

190 1676 338 1733 hinc
367 1676 597 1732 Jezabel
628 1681 687 1732 at
716 1676 994 1733 Herodias
1016 1681 1105 1733 est
1131 1682 1487 1751 nuncupata,
1522 1683 1834 1752 postquam

185 1765 452 1838 quinque
472 1765 544 1821 ad
578 1764 677 1821 Dei
709 1764 995 1822 famulum
1028 1768 1357 1823 necandum
1381 1768 1669 1824 direxerat
1708 1784 1834 1824 ser-

182 1854 379 1920 vulos,
402 1854 550 1910 duos
579 1853 993 1926 clericos,quos
1024 1854 1083 1910 in
1118 1856 1245 1927 ejus
1281 1860 1527 1912 mortem
1550 1857 1837 1930 prmcipue

186 1943 422 1998 inhiare
450 1943 896 2015 cognoverat,ad
929 1960 989 1998 se
1021 1948 1261 1999 vocatos
1287 1945 1370 1999 sic
1404 1944 1654 2001 allocuta
1698 1951 1788 2001 est
1822 1964 1834 2001 :

187 2030 533 2103 Assumptis
552 2029 764 2102 gladiis
784 2035 1041 2087 vestrum
1092 2032 1506 2104 persequimini
1568 2034 1841 2091 velociter

190 2118 524 2190 inimicum,
586 2134 658 2173 ne
717 2119 862 2174 forte
904 2125 1136 2175 caeteros
1184 2122 1441 2188 séducat,
1476 2126 1530 2177 et
1592 2123 1839 2179 ulterius

188 2210 370 2264 vivat.
398 2207 463 2263 Ili
493 2224 623 2263 vero
653 2212 835 2275 erant,
866 2208 965 2279 qui
998 2226 1131 2264 cum
1154 2225 1298 2264 nave
1330 2214 1469 2265 tunc
1501 2212 1833 2267 veniebant.

191 2298 301 2361 Qui
334 2314 467 2351 cum
501 2297 572 2351 ad
602 2301 837 2351 caeteros
867 2297 1183 2368 venissent,
1226 2299 1444 2369 egressi
1471 2300 1539 2354 dc
1572 2312 1714 2355 nave
1752 2300 1838 2355 di-

191 2389 374 2443 cunt:
409 2383 513 2440 Ubi
536 2388 625 2439 est
639 2384 908 2440 Arialdus
928 2387 956 2439 ‘?
976 2385 1082 2451 Qui
1108 2388 1533 2457 responderunt
1558 2388 1836 2444 dicentes:

192 2476 463 2531 Mortuus
491 2475 597 2529 est.
630 2474 702 2527 At
730 2471 853 2527 illi:
886 2473 1087 2541 Nobis,
1142 2474 1438 2545 inquiunt,
1466 2476 1707 2545 jussum
1755 2481 1842 2533 est

189 2564 389 2620 videre
419 2561 609 2630 illum,
643 2561 762 2617 sive
791 2562 985 2616 vivum
1009 2562 1125 2618 sive
1149 2566 1544 2620 mortuum.Et
1563 2565 1842 2637 aspicien-

193 2658 307 2722 tes,
326 2650 598 2708 viderunt
627 2649 794 2705 illum
815 2650 1047 2707 eminus
1066 2650 1527 2719 vinctum,seden
1540 2658 1651 2709 tem
1669 2672 1844 2727 super

193 2758 423 2799 saxum.
452 2741 513 2795 In
536 2756 712 2812 quem
736 2740 820 2796 sic
841 2740 1010 2795 anxie
1032 2740 1583 2813 irruunt,quomodo
1604 2742 1840 2798 leonum

192 2830 375 2888 catuli
402 2845 579 2903 super
602 2829 852 2901 praedam
876 2828 1145 2884 famelici.
1166 2830 1497 2902 Evaginatis
1523 2831 1706 2903 igitur
1726 2832 1844 2905 gla-

194 2921 332 2989 diis,
357 2920 546 2993 ipsius
568 2936 723 2975 unus
752 2919 1105 2989 unam,alter
1132 2936 1265 2975 vero
1324 2920 1648 2977 auriculam
1700 2923 1844 2978 arri-

193 3010 285 3084 pit
314 3008 577 3076 alteram,
606 3008 901 3064 dicentes:
935 3008 1056 3075 Dic,
1092 3008 1348 3079 furcifer,
1373 3010 1421 3066 si
1442 3010 1716 3067 dominus
1747 3029 1846 3067 no-

196 3104 320 3157 ster
349 3113 522 3154 verus
553 3100 642 3153 est
669 3096 1281 3169 archiepiscopusMS).
1337 3098 1443 3161 Qui
1505 3101 1841 3172 respondit:

1940 525 2142 597 persit.
2168 526 2240 580 Et
2269 524 2353 581 sic
2384 523 2485 579 illa
2504 527 2707 580 sancta
2738 524 2935 579 anima
2992 541 3164 579 carne
3212 530 3301 580 est
3358 526 3582 597 soluta;

1939 630 2155 686 corpus
2185 630 2321 669 vero
2344 613 2425 669 ibi
2460 613 2870 686 quoquomodo
2898 617 3061 669 terra:
3085 614 3366 669 traditum
3398 621 3506 672 est.

2557 719 2787 775 CAPUT
2826 718 2974 774 VIII.

2014 808 2260 881 Corporis
2278 825 2377 880 per
2424 808 2872 936 dcccgiizdmcl'nscs
2929 809 3230 881 incorrupti
3281 810 3583 883 (lepor-latio

2605 896 2632 933 ι’
2672 897 2721 935 ιο
2748 897 2937 934 anum.

2605 896 2817 935 cawtan
2828 898 2857 934 ιι
2868 897 2937 934 m.

2010 970 2099 1020 72.
2125 968 2433 1039 Coeperunt
2477 968 2728 1039 denique
2774 966 2887 1021 illic
2934 971 3064 1039 post
3105 967 3225 1021 haec
3268 968 3585 1026 luminaria

1943 1055 2217 1128 przeclara
2236 1074 2336 1129 per
2358 1060 2554 1111 noctes
2576 1052 2967 1127 piscatoribus
2999 1073 3305 1127 apparere;
3340 1060 3493 1130 quod
3524 1064 3587 1113 ut

1944 1145 2121 1216 impia
2142 1144 2370 1199 Jezabel
2390 1144 2907 1215 audivit,protinus
2930 1144 2983 1197 in
3017 1143 3189 1199 aliam
3214 1144 3584 1217 insulamﬂ'l’)

1943 1247 2077 1289 eum
2111 1239 2274 1288 nocte
2309 1233 2609 1287 transferri
2635 1233 2835 1303 jussit.
2879 1234 2990 1287 Sed
3039 1250 3167 1287 cum
3230 1236 3428 1289 eadem
3489 1236 3586 1289 lux

1943 1322 2165 1377 ibidem
2190 1321 2669 1376 similitcrcrebro
2716 1325 3036 1392 appareret,
3084 1322 3140 1375 in
3221 1322 3410 1379 locum
3472 1328 3584 1379 ter-

1942 1410 2093 1465 tium
2133 1409 2244 1481 (48)
2295 1410 2569 1464 eumdem
2630 1410 2911 1481 asportari
2960 1410 3110 1465 fecit.
3148 1411 3360 1467 Videns
3408 1413 3589 1484 igitur

1945 1500 2101 1571 quod
2126 1516 2238 1552 non
2274 1503 2471 1570 posset
2500 1502 2766 1553 sanctum
2800 1497 3090 1553 ovcultare
3122 1516 3461 1571 corpus,nec
3478 1503 3589 1557 sub

1944 1592 2099 1644 terra
2131 1603 2318 1659 neque
2347 1603 2523 1659 super
2571 1591 2808 1649 terram,
2843 1586 2982 1657 quia
3028 1586 3172 1642 illud
3222 1588 3438 1661 ubique
3492 1589 3591 1645 lux

1943 1676 2156 1733 eximia
2179 1677 2593 1739 comitabatur,
2626 1676 2773 1730 irata
2802 1674 2972 1730 valde
3002 1674 3137 1730 fecit
3163 1693 3299 1731 saxa
3334 1676 3594 1749 ingentia

1946 1766 2097 1822 circa
2131 1766 2322 1837 ipsum
2357 1764 2594 1828 innecti,
2626 1769 2683 1820 et
2713 1765 2771 1819 in
2794 1764 3151 1836 profundum
3184 1764 3293 1819 laci
3325 1765 3592 1839 dimergi.

1945 1856 2357 1911 Verumtamen
2384 1854 2485 1921 ibi,
2520 1854 2617 1908 ubi
2647 1858 2733 1908 est
2754 1854 3100 1923 projectum,
3129 1856 3295 1908 tanta
3320 1858 3407 1910 est
3432 1871 3596 1926 aqua:

1950 1944 2194 2000 altitudo
2231 1944 2404 2013 (sicut
2435 1942 2609 1996 didici
2633 1959 2666 1995 a
2694 1941 2834 1996 viris
2866 1941 3002 1996 illus
3036 1941 3169 2009 loci)
3219 1947 3284 1997 ut
3322 1943 3413 1997 vix
3460 1945 3597 2000 fune

1951 2037 2185 2088 centum
2218 2032 2547 2086 cubitorum
2579 2029 2893 2101 quisquam
2930 2030 3116 2102 possit
3143 2031 3389 2087 fundum
3416 2033 3594 2088 attin-

1948 2138 2121 2193 gere;
2156 2120 2459 2175 namidem
2491 2119 2653 2174 lacus
2687 2135 2786 2190 pro
2819 2118 2911 2173 sui
2955 2118 3355 2190 magnitudine
3409 2122 3597 2192 Major

1949 2212 2342 2281 nuncupatur,
2375 2214 2430 2263 et
2464 2208 2592 2279 plus
2645 2209 3073 2280 quinquaginta
3120 2207 3475 2263 milliaribus
3533 2210 3591 2264 in

1949 2298 2189 2369 longum
2224 2298 2570 2352 extenditur.
2604 2297 2663 2351 In
2699 2301 2954 2369 quotam
2979 2297 3437 2352 innumerabiles
3460 2315 3590 2370 pro-

1952 2385 2043 2442 cul
2070 2386 2248 2441 dubio
2269 2386 2674 2457 immanesque
2695 2389 2834 2440 sunt
2864 2385 3054 2455 pisces
3072 2390 3137 2439 ut
3157 2402 3258 2456 per
3296 2391 3414 2441 tres
3436 2403 3594 2441 men-

1951 2493 2045 2532 ses
2078 2474 2243 2531 facile
2269 2475 2608 2530 devorarent
2640 2478 2781 2545 quot
2811 2474 2867 2527 in
2902 2474 3105 2527 eadem
3128 2474 3403 2545 parocbia
3457 2477 3596 2529 sunt

1952 2565 2225 2639 pecudes.
2254 2564 2470 2618 Verum
2506 2563 2644 2633 quia
2672 2562 2869 2617 omnia
2912 2562 3032 2617 haec
3082 2561 3303 2617 occulte
3367 2564 3597 2619 fuerant

1953 2657 2207 2726 peracta,
2242 2653 2313 2708 de
2338 2651 2437 2706 illo
2471 2650 2755 2705 haesitatio
2790 2655 2843 2705 et
2874 2650 3174 2705 altercatio
3222 2651 3442 2722 ubique
3472 2656 3595 2707 erat

1953 2759 2067 2797 non
2095 2758 2290 2813 parva.
2326 2739 2433 2795 Alii
2465 2740 2736 2794 dicebant
2767 2740 2916 2810 quod
2952 2743 3105 2795 esset
3157 2744 3444 2808 mortuus,
3495 2740 3594 2795 alii

1952 2831 2178 2902 quodin
2201 2829 2453 2885 vinculis
2484 2828 2633 2884 clam
2657 2828 3030 2883 detineretur.
3058 2829 3119 2883 In
3153 2830 3321 2899 cujus
3337 2846 3593 2885 amorem

1952 2923 2092 2973 tunc
2124 2918 2209 2973 sic
2240 2918 2432 2973 omnis
2464 2917 2718 2989 populus
2751 2921 2841 2971 est
2860 2934 3142 2973 accensus
3195 2922 3260 2971 ut
3298 2919 3489 2973 cuncti
3538 2936 3600 2975 se

1954 3008 2064 3063 sub
2089 3007 2473 3078 jurejurando
2506 3006 2973 3077 constringerent
2995 3009 3282 3077 quatenus
3314 3005 3478 3061 illum
3499 3011 3601 3062 aut

1956 3099 2153 3152 essent
2179 3094 2372 3149 vivum
2409 3095 2528 3149 sive
2554 3098 2848 3150 mortuum
2866 3094 3145 3161 habituri,
3178 3100 3279 3149 aut
3313 3113 3415 3167 pro
3474 3097 3598 3169 ipso

195 3193 316 3244 Nec
344 3186 455 3242 fuit
485 3202 770 3258 unquam,
803 3185 942 3258 quia
968 3202 1115 3258 opus
1148 3186 1567 3259 archiepiscopi
1617 3189 1675 3244 in
1716 3189 1844 3262 ipso
1876 3174 1918 3241 C
1955 3186 2027 3241 ad
2052 3188 2298 3239 mortem
2329 3200 2517 3255 usque
2549 3184 2844 3238 certaturi.
2878 3184 2987 3238 Sed
3023 3188 3176 3240 Dcux
3207 3185 3598 3256 omnipotens,

199 3293 309 3334 nec
337 3279 428 3332 est
456 3292 613 3331 nunc
644 3291 748 3331 nec
778 3274 888 3329 fuit
918 3291 1203 3345 unquam.
1236 3276 1399 3331 Tunc
1430 3277 1690 3333 immites
1717 3280 1845 3350 ejus

195 3370 479 3439 utrasque
518 3367 825 3437 amputant
854 3380 1043 3420 aures.
1076 3366 1147 3418 At
1177 3363 1295 3435 ille,
1328 3365 1513 3421 oculis
1544 3367 1604 3421 in
1636 3367 1843 3423 coelum

194 3455 456 3522 elevatis,
489 3453 572 3510 ait
598 3453 845 3510 :Gratias
868 3452 972 3508 tibi
1007 3469 1135 3525 ago,
1158 3453 1512 3526 Christe,qui
1547 3472 1639 3511 me
1672 3456 1845 3511 hodie

195 3546 352 3601 inter
381 3547 516 3599 tuos
547 3545 832 3614 martyres
864 3542 1144 3615 dignatus
1176 3547 1265 3598 est
1287 3559 1724 3600 connumerare.
1763 3547 1847 3600 In-

193 3637 531 3705 terrogatur
559 3631 811 3703 denique
841 3630 1054 3686 iterum
1086 3631 1134 3686 si
1168 3632 1357 3686 Guido
1377 3649 1546 3687 verus
1577 3637 1731 3688 esset
1751 3651 1842 3689 ar-

195 3719 740 3794 chiepiscopus.Qui
759 3718 990 3775 solitam
1010 3721 1397 3776 constantiam
1413 3721 1593 3776 animi
1615 3725 1843 3790 tenens,

195 3812 316 3868 ait:
351 3810 478 3865 Non
510 3808 984 3881 est.Quapr0pter
1009 3826 1189 3865 nasus
1220 3809 1405 3882 ipsius
1423 3811 1688 3883 protinus
1710 3828 1845 3869 cum

194 3900 356 3956 labio
378 3913 631 3970 superno
650 3902 738 3953 est
758 3897 1055 3954 abscissus
1084 3923 1097 3965 ;
1120 3898 1327 3955 deinde
1344 3900 1515 3955 ambo
1537 3900 1685 3956 oculi
1710 3905 1849 3958 sunt

195 3988 419 4047 effossi.
454 3988 660 4043 Postea
677 4003 810 4043 vero
842 3988 1138 4042 dexteram
1174 3988 1524 4044 detruncant
1582 4006 1843 4059 manum,

192 4075 495 4133 dicentes:
531 4074 657 4131 Haec
679 4079 766 4131 est
800 4092 925 4147 qua:
956 4075 1204 4131 faciebat
1251 4077 1549 4149 epistolas,
1602 4078 1847 4135 Romam

195 4167 471 4223 directas.
505 4164 723 4220 Dehinc
752 4164 1031 4221 radicitus
1055 4166 1389 4222 membrum
1422 4171 1732 4239 amputant
1749 4184 1847 4241 ge-

190 4254 394 4322 nitale,
452 4253 747 4309 dicentes:
809 4252 1157 4309 Praedicator
1208 4253 1495 4310 castitatis
1564 4255 1848 4313 hactenus

190 4343 379 4408 fuisti,
402 4342 610 4400 exhinc
638 4344 697 4397 et
715 4345 779 4397 tu
805 4345 1003 4397 castus
1033 4342 1169 4398 eris.
1203 4343 1413 4398 Postea
1440 4359 1573 4399 vero
1618 4344 1689 4401 de
1738 4346 1848 4401 sub

188 4437 429 4506 gutture
482 4431 747 4504 linguam
798 4430 1112 4486 extrahunt
1167 4431 1300 4503 (46),
1333 4431 1617 4489 dicentes:
1679 4434 1849 4491 Modo

263 4541 376 4608 (45)
408 4539 566 4594 Idem
601 4537 877 4599 Carolus:
911 4562 945 4610 «ς
974 4539 1371 4610 Interrogatus
1421 4539 1713 4610 (Arialdus

188 4684 458 4764 [Romana
478 4681 655 4764 pallio
684 4686 742 4736 et
770 4680 1165 4764 cardinalibus
1194 4680 1544 4764 firmaverat,
1609 4700 1853 4764 respon-f

189 4756 347 4810 dens
372 4752 556 4809 dixit:
605 4753 797 4808 Donec
836 4752 1098 4822 linguam
1148 4753 1206 4806 in
1267 4768 1364 4807 ore
1424 4752 1745 4821 portavere,
1796 4761 1852 4811 et

190 4826 396 4881 anima
426 4823 742 4879 incolumis
772 4823 964 4887 fuerit,
999 4839 1065 4877 ac
1108 4840 1273 4879 mens
1294 4840 1421 4879 mea
1451 4840 1677 4889 serena,
1733 4844 1849 4883 non

190 4898 407 4952 tenebo
438 4897 630 4966 ipsum
657 4912 767 4967 pro
801 4894 1263 4965 archiepiscopo,
1301 4911 1406 4950 nec
1438 4894 1682 4950 habebo.
1713 4919 1740 4944 ››

263 4968 379 5037 (46)
404 4968 561 5022 Idem
589 4984 602 5020 :
636 4966 675 5014 d
700 4966 983 5035 Linguam
1015 4967 1141 5034 ejus
1172 4967 1241 5020 de
1271 4967 1380 5020 sub
1413 4971 1685 5021 mentone
1732 4972 1847 5023 tra-

185 5038 490 5106 hentes,in
516 5037 710 5093 insula
731 5053 864 5109 eum
899 5037 1347 5109 semimortuum
1403 5037 1785 5109 reliquerunt.
1822 5061 1850 5088 »

265 5112 381 5181 (47)
406 5109 661 5165 Alteram
681 5108 1002 5181 _fortassis_
1056 5107 1361 5181 [sellarum
1386 5107 1849 5181 Aprafdictarum,

189 5178 343 5253 quas
366 5178 531 5253 aeque
562 5196 628 5253 ac
660 5178 823 5253 illam
854 5180 910 5234 S.
940 5179 1213 5253 Victoris,
1247 5178 1478 5253 comitis
1511 5178 1851 5253 Borromaai,

192 5250 256 5324 i'n
292 5253 397 5324 jus
427 5250 639 5324 deinde
669 5252 937 5318 cessisse,
972 5250 1479 5323 traditpraadictus
1515 5250 1757 5308 Carolus
1819 5269 1852 5307 a

190 5322 449 5380 Basilica
478 5322 654 5378 Petri.

267 5391 1136 5467 (48)Idemsenior‘Landulfus
1161 5409 1175 5467 ς
1197 5415 1222 5443 ‹‹
1248 5392 1397 5467 Quin
1428 5395 1485 5447 et
1521 5390 1701 5467 altera
1758 5392 1852 5467 die

184 5463 434 5541 juben'te
482 5465 691 5541 eadem
739 5463 925 5541 Oliva,
945 5481 1063 5541 nea
1088 5463 1213 5541 suis
1233 5463 1327 5541 vel
1347 5464 1849 5541 mortuusinveni-

189 5533 442 5611 ietur,et
462 5536 536 5593 ab
559 5533 967 5611 Heriembaldo
983 5535 1443 5611 durissimeipsa
1463 5534 1848 5611 obsideretur,

190 5610 255 5674 in
307 5605 442 5674 arce
491 5606 717 5669 Trevali
742 5628 771 5660 ››
834 5605 1028 5685 (vulgo
1083 5607 1143 5669 di
1178 5607 1273 5669 ναι
1330 5605 1609 5686 iravaglia
1655 5605 1852 5687 inquit

1956 3276 2125 3347 cujus
2148 3290 2385 3328 causam
2410 3272 2534 3344 ipse
2557 3273 3037 3345 patefecerat,nec
3055 3272 3218 3328 illum
3238 3291 3449 3345 passus
3467 3278 3554 3330 est
3571 3291 3604 3330 a

1955 3364 2115 3437 pisce
2127 3361 2510 3418 contaminari
2524 3378 2625 3415 nec
2640 3361 2695 3415 in
2710 3360 2837 3416 lacu
2855 3361 3139 3433 profundo
3153 3363 3374 3418 occulte
3388 3363 3603 3418 morari

2025 3453 2114 3507 73.
2152 3450 2489 3506 Transactis
2510 3466 2763 3519 namque
2792 3449 3094 3505 mensibus
3116 3450 3335 3510 decem.
3361 3451 3600 3521 quidam

1958 3542 2047 3597 vir
2080 3539 2530 3608 fidelis,nomine
2547 3538 2935 3610 Algisius,per
2956 3539 3159 3592 urbem
3183 3539 3355 3609 cmpit
3371 3539 3601 3595 discur-

1955 3646 2101 3695 rere,
2135 3629 2368 3683 dicens:
2403 3627 2600 3698 Nuper
2628 3627 2684 3680 in
2704 3628 2797 3681 die
2827 3626 3176 3681 inventionis
3202 3630 3415 3681 sancta:
3474 3644 3604 3682 cru-

1956 3718 2192 3788 cis(46),
2226 3717 2339 3771 mei
2372 3732 2545 3770 causa
2583 3715 2794 3786 negotii
2830 3716 3000 3785 juxta
3059 3714 3227 3769 littus
3277 3716 3600 3770 transibam

1955 3806 2119 3862 Lacis
2152 3803 2405 3876 Majoris.
2438 3805 2506 3858 Et
2525 3819 2653 3858 ecce
2685 3802 2880 3875 aquila
2905 3804 3106 3858 eadem
3139 3803 3606 3874 supervolitabat

1955 3896 2171 3961 littora,
2206 3898 2411 3949 castora
2440 3891 2733 3964 expellens
2754 3891 3029 3948 volucria.
3057 3893 3217 3958 Quod
3254 3897 3315 3947 ut
3335 3892 3605 3947 viderunt

1957 3982 2346 4058 pastores,qui
2365 3982 2442 4037 ibi
2460 3982 2778 4053 pascebant
2795 3998 2932 4036 suas
2950 3980 3371 4052 pecudes,illuc
3390 3980 3603 4035 festine

1957 4088 2178 4144 coepere
2209 4087 2478 4137 currere;
2503 4086 2637 4125 cum
2663 4069 2877 4141 quibus
2905 4068 3133 4123 cucurri
3166 4072 3222 4122 et
3252 4069 3450 4139 ego.Et
3469 4083 3603 4124 ecce

1956 4160 2332 4218 beatissimus
2380 4157 2753 4229 Arialdus,ex
2774 4174 2924 4230 aqua
2940 4156 3601 4230 projectus,ibiinteger,

1957 4254 2164 4324 praeter
2182 4251 2308 4305 octo
2332 4248 2751 4320 membra,quse
2780 4248 2828 4304 ei
2863 4252 3025 4303 erant
3055 4263 3189 4303 cum
3224 4247 3372 4303 ferro
3394 4264 3601 4320 ampu-

1956 4343 2096 4407 tata,
2123 4338 2376 4410 jacebat,
2411 4335 2656 4391 miriﬁce
2685 4337 2990 4392 candidus.
3026 4337 3209 4401 Quem
3242 4352 3347 4409 ego
3376 4335 3601 4404 videns,

1958 4429 2178 4503 optime
2206 4425 2361 4481 illico
2393 4423 2841 4498 agnovi,hisque
2864 4426 2962 4497 qui
2994 4426 3239 4481 aderant
3259 4424 3603 4497 lacrymabi-

1714 4541 1735 4665 )
1794 4542 1845 4597 si
1882 4545 1928 4610 Ι)
1958 4533 2301 4605 Puricollus)
2337 4554 2362 4582 ς(
2407 4531 2465 4586 in
2506 4530 2789 4603 apotheca
2819 4532 2877 4585 S.
2913 4530 3605 4601 Ambrosiiycautissime

1734 4613 1856 4665 esia
1967 4607 2359 4664 humaverunt
2403 4603 3112 4658 defunctum.Transactis
3132 4619 3262 4657 vero
3285 4601 3605 4656 diebusali-

192 4611 524 4667 Guidonem
582 4613 805 4666 teneret
834 4608 1358 4734 archiepiscopum,
1394 4608 1569 4681 quem
1602 4608 1856 4669 Ecclesia

192 4684 458 4734 Romana
478 4681 655 4734 nallio
684 4686 742 4734 et
770 4680 1165 4734 cardinalibus
1239 4686 1544 4734 rmaverat.
1609 4700 1853 4734 restion-

1967 4601 2359 4664 humaveru'nt
2403 4601 3112 4658 defunctum.Transactis
3132 4619 3262 4657 vero
3285 4602 3490 4656 diebus
3505 4601 3606 4656 ali-

1967 4677 2355 4752 quantis,ejus
2386 4675 2683 4752 cadaveris
2710 4674 2858 4752 fetor
2889 4673 3192 4752 castellum
3213 4689 3386 4752 omne
3415 4674 3605 4752 itaut

1963 4743 2168 4806 omnes
2190 4743 2539 4803 nausearent
2568 4745 2853 4817 fugientes
2879 4745 3239 4817 occupavit.»
3271 4744 3442 4817 Quod
3464 4743 3520 4817 ul
3533 4745 3604 4799 ti-

1963 4822 2203 4885 mum,si
2226 4819 2561 4881 conﬁctam,
2595 4815 2707 4871 non
2732 4824 2820 4870 est
2842 4832 2956 4871 non
2980 4816 3244 4871 cadaveri
3275 4815 3475 4869 debuit
3498 4816 3603 4868 im-

2006 4893 2176 4957 utari,
2202 4893 2297 4945 sed
2332 4889 2491 4944 alteri
2527 4894 2581 4942 et
2611 4887 2799 4942 altiori
2825 4904 3013 4941 causm
3047 4888 3105 4940 in
3154 4887 3601 4942 detestationem

1988 4962 2431 5029 ’acinoris;uam
2455 4958 2933 5030 cadaveripsum,
2967 4957 3143 5011 etiam
3207 4963 3341 5028 post
3396 4959 3598 5012 decem

1962 5052 2215 5097 menses,
2243 5030 2847 5088 suaveolentissimum
2872 5030 3170 5083 inventum
3204 5034 3313 5095 est,
3343 5034 3406 5084 ut
3464 5045 3603 5084 mox

1962 5109 2207 5162 dicetur.

2032 5179 2144 5247 (49)
2168 5174 2269 5230 Die
2298 5176 2332 5229 3
2364 5174 2707 5247 Maii,ianno
2740 5173 2894 5226 1067.
2927 5171 3077 5247 sunt
3110 5175 3309 5247 autem
3362 5170 3462 5241 qui
3505 5171 3599 5247 di-

1962 5241 2098 5303 cant
2127 5241 2369 5303 eatenus
2401 5243 2806 5300 dissimulasse
2828 5266 2854 5292 ‹‹
2876 5241 3374 5310 Herlembaldum,
3412 5264 3438 5291 ››
3461 5243 3603 5310 quia

1959 5318 2206 5399 Guidoni
2228 5314 2827 5399 Mediolani‘pra’senti
2861 5314 3085 5399 favebat
3101 5314 3294 5396 omnis
3308 5314 3561 5399 populus
3585 5332 3598 5382 ;

1960 5408 2026 5447 eo
2056 5394 2250 5445 autem
2282 5387 2494 5443 deinde
2522 5384 3148 5459 digresso,incubuisse
3203 5386 3262 5459 in
3310 5384 3599 5459 ultionem

1961 5460 2330 5520 sumendam.
2367 5459 2477 5514 Sed
2503 5456 2804 5514 calbmnia
2832 5458 2953 5514 haec
2984 5463 3110 5525 est;
3133 5458 3278 5514 satis
3319 5456 3474 5513 enim
3498 5457 3599 5512 ba-

1960 5532 2086 5592 buit
2113 5546 2490 5606 recuperasse
2516 5552 2544 5581 «
2572 5529 2795 5606 Arialdi
2828 5554 2855 5584 »
2878 5546 3126 5606 corpus;
3177 5546 3361 5604 eoque
3404 5533 3599 5589 motus

1959 5602 2210 5689 populus
2239 5600 2350 5663 fuit
2379 5600 2698 5665 miraculis.
