3960 6216
359 247 512 305 H79

1466 243 1576 303 SS.
1624 239 1945 302 ARIALD-I
1990 239 2088 299 ET
2136 236 2642 299 ERLEMBALDI

3610 236 3776 322 “(3.0

356 378 492 433 titer
508 376 784 433 omnibus
807 376 958 432 dixi:
990 375 1211 441 Videte,
1244 375 1508 444 inquam,
1544 377 1605 427 ut
1652 372 1744 426 hic
1805 371 2001 426 salvus
2029 369 2085 436 Α
2113 368 2236 424 nire
2268 369 2577 424 hortentur
2607 383 2740 424 cum
2772 368 3075 439 plaustris,
3108 373 3400 442 quatenus
3430 367 3513 425 illi
3549 368 3762 426 nobis-

355 467 454 537 sit,
489 467 626 538 quia
656 465 764 520 iste
790 469 878 520 est
908 464 968 518 B.
1003 463 1297 529 Arialdus,
1333 478 1505 533 quem
1570 465 1812 516 mmstus
1870 458 2002 516 uni-

351 571 552 610 versus
587 552 793 625 quarit
822 552 1252 624 populus.Dum
1277 551 1433 608 enim
1457 551 1536 605 ibi
1569 548 2001 621 aliquantulum

354 659 738 711 moraremur,
772 642 965 696 subito
997 642 1066 695 de
1097 657 1226 696 arce
1256 643 1446 696 Arena
1495 641 1606 710 (50)
1640 638 1805 694 missi
1847 641 2004 693 sunt

355 731 526 797 servi,
563 731 659 802 qui
686 730 821 784 inde
843 747 948 785 nos
970 731 1300 799 eiecerunt;
1336 734 1391 783 et
1422 728 1478 784 in
1513 729 1851 800 quamdam,
1875 743 2001 798 qua:

357 819 435 873 ibi
468 823 610 884 erat,
647 820 868 874 foveam
896 818 1106 874 leniter
1125 819 1460 873 humavere.
1487 821 1602 872 I-loc
1626 834 1729 887 ego
1753 815 1852 887 qui
1882 815 2003 869 hare

350 907 727 980 scripsi,dum
760 909 1322 979 audissem,sumpto
1355 908 1582 972 comite,
1620 906 1758 960 illuc
1779 905 2003 976 perrexi

349 997 592 1053 concite.
630 997 1027 1069 Repertosque
1088 1002 1370 1068 pastores,
1424 1001 1623 1050 utrum
1684 1011 1820 1050 nam
1871 1011 2006 1049 vera

348 1090 543 1142 essent
559 1101 684 1156 quae
709 1085 1350 1156 audieram,diligenter
1371 1090 1652 1155 cauteque
1676 1082 1999 1154 inquisivit.

347 1174 474 1242 Qui,
508 1179 721 1230 cuneta
749 1191 876 1230 esse
909 1173 1107 1246 procul
1144 1173 1320 1228 dubio
1369 1191 1522 1238 vera,
1585 1173 2000 1243 respondentes

347 1264 824 1319 asseruerunt.Et
855 1279 998 1334 ego:
1056 1263 1115 1317 Si
1178 1280 1312 1317 vera
1368 1266 1524 1326 sunt,
1578 1263 1841 1332 inquam,
1903 1259 2002 1315 ubi

347 1368 480 1424 ergo
512 1355 599 1407 est
631 1351 777 1406 ille?
807 1353 880 1405 At
910 1351 1029 1404 illi:
1078 1355 1239 1418 Ecce,
1302 1350 1599 1420 inquiunt.
1652 1349 1838 1416 locus,
1902 1349 2004 1403 ubi

344 1441 680 1496 videntibus
703 1457 830 1496 sero
851 1444 939 1495 est
961 1440 1188 1511 positus
1214 1457 1226 1494 :
1263 1453 1435 1493 mane
1461 1455 1593 1492 vero
1627 1441 2000 1502 revertentes,

344 1529 538 1586 locum
572 1530 810 1602 quidem
842 1529 1201 1595 invenimus;
1237 1528 1307 1582 de
1339 1545 1403 1582 eo
1436 1531 1630 1582 autem
1663 1526 1831 1582 nihil.
1883 1527 2000 1582 Hoc

344 1623 576 1674 tantum
609 1622 887 1690 putamus
921 1617 1076 1689 quod
1100 1621 1265 1672 nocte
1297 1633 1536 1672 sursum
1569 1615 1800 1672 delatus
1827 1615 1903 1670 sit
1940 1616 1998 1671 in

350 1722 542 1763 arcem
553 1750 566 1760 .

415 1797 501 1852 7-4.
537 1796 640 1851 His
672 1795 888 1850 auditis
908 1795 1178 1850 velociter
1235 1811 1526 1860 reversus,
1590 1793 1995 1848 Uerlembaldo

345 1887 466 1940 viro
496 1884 794 1956 prudenti,
829 1900 1190 1954 quaecunque
1221 1884 1544 1950 audieram,
1585 1899 1686 1953 per
1729 1881 1990 1936 ordinem

346 1980 553 2029 cuncta
573 1972 821 2028 narravi.
843 1973 948 2034 Qui
978 1973 1188 2026 festino
1221 1971 1494 2026 omnibus
1540 1971 1870 2025 convocatis
1919 1971 1994 2023 ci-

343 2062 534 2128 vibus,
559 2062 686 2131 jam
719 2060 778 2114 in
812 2060 1070 2130 appetitu
1095 2059 1387 2130 martyris,
1422 2076 1594 2130 quem
1637 2059 1990 2130 patefactum

345 2151 670 2216 audierant,
704 2149 1076 2203 vehementer
1108 2147 1508 2208 inhiantibus;
1541 2164 1609 2201 ex
1658 2147 1774 2200 illis
1838 2148 1993 2201 viros

344 2238 535 2310 elegit,
557 2243 732 2309 atque
765 2238 836 2292 ad
868 2242 1136 2292 sanctum
1183 2237 1598 2307 requirendum
1641 2253 1852 2307 corpus
1911 2237 1997 2290 di-

343 2327 506 2382 rexit.
541 2327 647 2391 Qui
682 2330 810 2396 post
842 2325 1087 2380 biduum
1114 2325 1600 2396 reversi.prol‘essi
1623 2331 1761 2379 sunt
1787 2325 1986 2380 hostes

343 2414 602 2469 veritatis
625 2414 876 2468 dixisse:
913 2413 1056 2467 Mori
1090 2414 1282 2484 potius
1315 2412 1496 2484 parati
1548 2430 1754 2468 sumus
1812 2430 1990 2484 quam

345 2504 500 2574 quod
532 2502 790 2572 quaeritis
821 2502 1058 2556 reddere
1089 2518 1318 2572 corpus.
1352 2506 1469 2555 Hoc
1497 2506 1690 2557 autem
1723 2502 1849 2557 ideo
1903 2503 1991 2555 di-

345 2593 554 2646 cebant
583 2591 722 2661 quia
751 2590 902 2645 idem
935 2589 1220 2660 dissipare
1252 2594 1560 2644 tentarent.
1622 2590 1767 2644 Nam
1827 2594 1991 2645 nocte

344 2698 461 2752 qua
491 2681 561 2735 ad
597 2696 658 2734 se
689 2678 831 2733 illud
864 2678 1212 2742 detulerant,
1238 2683 1542 2733 cernentes
1575 2679 1702 2748 ejus
1747 2679 1990 2750 integri-

343 2773 524 2824 tatem
553 2773 609 2824 et
638 2768 926 2832 decorem,
951 2768 1146 2822 dixere
1177 2767 1247 2820 ad
1281 2767 1562 2821 invicem:
1598 2767 1655 2822 Si
1688 2767 1845 2822 enim
1897 2767 1990 2822 hic

345 2858 518 2912 fuerit
550 2857 852 2928 qumsitus,
877 2861 932 2910 et
961 2857 1032 2910 ab
1064 2856 1221 2910 omni
1246 2854 1460 2926 populo
1493 2860 1611 2910 tam
1635 2856 1880 2912 decorus
1910 2855 1992 2910 in-

345 2951 601 3018 spectus,
627 2962 857 3016 semper
888 2944 1124 3016 quidem
1156 2943 1279 3014 ipse
1310 2944 1417 2998 erit
1439 2945 1496 2998 in
1531 2943 1833 3008 laude,nos
1857 2959 1989 3000 vero

347 3037 404 3090 in
433 3034 763 3106 opprobrio.
799 3035 1162 3105 QuaprOpter
1204 3038 1396 3088 cutem
1456 3051 1588 3088 cum
1647 3033 1872 3105 capillis
1918 3035 1988 3089 de

347 3125 475 3195 ejus
499 3123 774 3178 radamus
797 3123 981 3193 capite
1005 3140 1018 3186 ;
1046 3121 1251 3193 pellem
1273 3139 1405 3177 vero
1424 3123 1679 3192 corporis
1697 3123 1987 3178 albescen-
2019 3109 2060 3174 C

347 3217 465 3267 tem
492 3211 691 3266 ferreis
706 3210 1544 3284 dilaceremusungulis,pcdes
1573 3211 1992 3266 abscindamus

348 3304 650 3372 utrosque,
672 3304 728 3355 et
756 3300 815 3354 in
847 3301 1014 3355 furno
1047 3301 1297 3372 denique
1330 3301 1505 3355 nimis
1529 3301 1808 3355 candente
1825 3299 1992 3355 illum

345 3392 1005 3461 aduramus,quatenus,
1041 3391 1088 3445 si
1121 3390 1192 3444 ad
1222 3407 1357 3445 eum
1391 3389 1703 3444 videndum
1739 3391 1992 3445 missum

347 3476 816 3544 fuerit,horridus
839 3477 1151 3550 etignotus
1190 3479 1384 3549 potius
1442 3482 1756 3548 respuatur
1813 3495 1991 3549 quam

346 3571 662 3638 queratur.

413 3657 502 3710 75.
528 3656 767 3722 Verum,
796 3653 930 3710 licet
963 3655 1081 3709 haec
1110 3653 1396 3710 diabolica
1428 3653 1903 3710 machinamenta
1935 3656 1992 3710 in

345 3761 411 3800 eo
442 3748 652 3799 cuncta
682 3743 1095 3815 complessent,
1130 3744 1189 3798 in
1223 3743 1570 3798 deteriorem
1619 3760 1799 3814 quam
1857 3753 1996 3816 puta

347 3837 477 3888 rant
507 3832 888 3904 ignominiam
920 3833 1270 3901 ceciderunt,
1306 3832 1444 3903 quia
1464 3849 1581 3886 non
1607 3833 1856 3888 missum
1887 3838 1996 3890 ‘est

347 3922 420 3977 ad
451 3921 788 3990 videndum,
823 3922 922 3976 sed
951 3922 1290 3992 petendum.
1324 3921 1468 3975 Nam
1493 3921 1709 3976 auditis
1741 3922 1990 3990 nuntiis,

344 4009 761 4066 tintinnabulis
795 4010 1071 4082 tubisque
1103 4010 1396 4088 concisius
1427 4011 1994 4077 sonantibus,omnis

345 4099 546 4155 civitas
569 4099 626 4154 in
650 4116 834 4154 unum
864 4100 1327 4155 convenit.Tunc
1351 4098 1496 4153 dixit
1525 4099 1990 4156 Ilerlembaldus:

345 4189 633 4254 Quoniam
652 4189 873 4243 inimici
889 4188 988 4243 Dei
1011 4193 1067 4243 et
1087 4188 1270 4243 nostri
1293 4188 1474 4259 gratis
1493 4193 1761 4244 sanctum
1790 4190 1996 4245 nolunt

346 4279 586 4334 reddere
616 4295 848 4349 corpus,
877 4278 1042 4332 decet
1070 4281 1135 4330 ut
1165 4277 1238 4332 ab
1269 4276 1352 4331 eis
1397 4293 1499 4348 per
1557 4295 1664 4332 nos
1717 4278 1995 4334 violenter

346 4367 661 4422 auferatur.
697 4367 806 4422 Sed
838 4365 976 4436 quia
1008 4382 1120 4433 res,
1180 4381 1356 4436 quam
1401 4367 1830 4438 prosequimur,
1892 4367 1990 4421 Dei

2115 475 2245 512 eum
2277 462 2556 530 pugnent,
2591 456 2686 512 isti
2745 474 2878 513 vero
2928 462 3128 514 nostra
3191 474 3358 514 arma
3430 461 3488 514 et
3568 456 3767 514 victus

2113 549 2436 618 deportent.
2463 549 2824 618 Congregata
2852 547 3030 619 igitur
3073 550 3203 619 post
3235 545 3546 618 paululum
3606 549 3777 604 tanta

2114 640 2252 693 sunt
2281 653 2465 702 earra,
2498 641 2561 691 ut
2582 653 2683 708 per
2703 640 2925 708 septem
2955 637 3072 692 fere
3102 635 3380 693 milliaria
3407 635 3505 693 vix
3566 640 3780 709 posset

2111 742 2214 798 per
2225 725 2518 798 publicam
2532 728 2588 780 et
2602 740 2976 780 communem
2988 725 3143 780 viam
3162 726 3336 781 turba
3353 725 3656 798 pedestris
3680 723 3775 782 vel

2113 813 3044 886 equestrisincedere.Conﬂuebat
3061 818 3257 871 autem
3277 814 3553 886 undique
3595 813 3776 886 quasi

2115 921 2297 958 arena
2329 904 2508 958 maris
2541 903 2857 958 multitudo
2888 902 3361 970 innumerabilis,
3385 919 3553 959 arma
3572 904 3770 959 ferens

2113 996 2169 1048 et
2198 993 2385 1048 vietus
2420 1009 2598 1064 supra
2621 993 2860 1048 dorsum
2889 991 3246 1048 famulorum
3304 992 3424 1048 sive
3467 993 3770 1063 jumento-

2113 1098 2263 1137 rum.
2299 1083 2365 1136 Et
2396 1083 2478 1138 sic
2510 1082 2862 1149 incedentes,
2897 1082 3154 1137 secundo
3182 1082 3424 1139 tandem
3455 1082 3548 1138 die
3572 1083 3646 1138 ad
3675 1097 3768 1139 ve-

2113 1189 2349 1242 sperum
2381 1171 2705 1242 reperimus
2736 1175 3207 1243 pratum,quarto
3228 1171 3348 1227 fere
3369 1170 3768 1241 milliario(5l)

2113 1279 2146 1315 a
2178 1261 2300 1314 loco
2336 1277 2448 1332 quo
2481 1259 2894 1314 incedebamus
2922 1259 3168 1328 distans,
3223 1261 3370 1316 bene
3419 1260 3769 1316 humectum

2111 1349 2740 1421 amplumquc.lbique,
2774 1349 2911 1419 quia
2941 1349 3011 1403 ad
3044 1349 3153 1404 hoc
3184 1353 3387 1422 aptum
3417 1354 3772 1419 erat,castra

2112 1439 2311 1493 metati
2344 1455 2572 1494 sumus.

2182 1527 2271 1582 76.
2306 1527 2407 1582 Hic
2440 1525 2903 1594 Herlembaldus,
2932 1526 3019 1582 vir
3048 1528 3328 1599 prudens,
3361 1527 3572 1584 iterum
3602 1528 3768 1585 dele-

2111 1615 2266 1687 gavit
2303 1617 2436 1684 (52),
2499 1614 2829 1686 blandeque
2887 1619 3156 1671 sanctum
3205 1631 3418 1688 corpus
3474 1615 3765 1688 quaesivit.

2027 1741 2076 1806 Β
2110 1703 2403 1759 Perterriti
2438 1705 2634 1776 itaque
2666 1704 2868 1760 hostes
2899 1722 2932 1758 a
2959 1705 3157 1762 sonitu
3174 1705 3436 1777 pavendo
3457 1705 3765 1762 frementis

2109 1792 2504 1848 multitudinis
2535 1810 2712 1865 super
2743 1810 2804 1849 se
2833 1793 3456 1865 venientis,prohibere
3480 1795 3636 1866 quod
3661 1809 3763 1867 pe-

2103 1883 2333 1937 tebatur
2364 1875 2659 1936 ultranon
2692 1881 2819 1938 ausi
2855 1886 3014 1937 sunt.
3051 1882 3116 1936 Et
3138 1898 3269 1937 ecce
3292 1882 3386 1939 die
3417 1881 3599 1939 altero
3627 1882 3766 1939 illu-

2103 1975 2384 2035 cescente,
2407 1987 2514 2026 vox
2545 1970 2782 2026 lzetil‘era
2812 1986 2914 2042 per
2936 1971 3151 2041 :castra
3190 1971 3474 2037 insonuit,
3514 1972 3757 2028 dicens:

2107 2060 2166 2115 ln
2190 2060 2380 2114 littore
2405 2060 2644 2130 quidem
2675 2059 2863 2115 Ticini
2885 2059 3172 2116 directum
3193 2065 3282 2116 est
3303 2061 3365 2116 in
3395 2077 3602 2117 navem
3625 2076 3764 2116 cor-

2103 2165 2213 2220 pus
2247 2149 2309 2203 B.
2343 2149 2691 2204 Arialdi.His
2722 2149 2938 2204 auditis
2970 2149 3235 2205 certatim
3262 2166 3465 2206 omnes
3499 2150 3761 2223 arripue-

2104 2241 2241 2293 runt
2271 2255 2509 2294 cursum
2537 2256 2548 2304 ;
2582 2237 2679 2292 ille
2710 2254 2966 2310 namque
2996 2238 3324 2295 habebatur
3347 2243 3486 2296 tunc
3534 2240 3760 2296 beatior

2102 2328 2202 2398 qui
2234 2328 2304 2382 ad
2337 2326 2691 2382 currendum
2721 2329 2844 2382 erat
2873 2327 3217 2398 promptior.
3251 2328 3328 2384 Eo
3360 2328 3541 2399 igitur
3562 2327 3758 2386 levato

2101 2416 2160 2470 in
2189 2416 2602 2485 feretrum(53),
2637 2431 2772 2471 cum
2804 2419 2971 2470 tanta
3000 2415 3186 2487 gloria
3214 2421 3272 2472 et
3321 2416 3494 2473 laude
3545 2418 3759 2474 reverti

2101 2504 2468 2576 ceepimusut
2521 2520 2619 2559 eas
2673 2503 2835 2558 nullo
2893 2504 3066 2559 modo
3125 2505 3448 2578 exprimere
3493 2522 3753 2578 possem,

2101 2593 2326 2648 etiamsi
2347 2608 2543 2648 vocem
2559 2592 2938 2666 linguamque
2953 2593 3199 2648 ferream
3212 2593 3666 2652 haberem.Nam
3681 2597 3759 2652 de

2101 2681 2600 2753 castellis,quibus
2632 2699 2692 2736 se
2724 2680 3129 2737 concluserant
3158 2698 3260 2753 pro
3283 2682 3497 2738 civium
3518 2683 3750 2752 timore,

2099 2771 2335 2827 exibant
2364 2786 2594 2834 senum,
2623 2770 2904 2839 juvonum
2928 2775 3101 2841 atque
3134 2771 3448 2827 mulierum
3507 2772 3749 2828 infinita:

2100 2858 2748 2925 multitudines,Cruces
2779 2874 3092 2930 cereosque
3121 2862 3294 2930 atque
3333 2859 3540 2915 situlas
3593 2877 3751 2932 aqua

2104 2948 2311 3019 plenas
2333 2951 2422 3017 (ut
2441 2951 2710 3019 potarent
2738 2948 3073 3018 aestuantes)
3106 2947 3452 3012 deterentes,
3476 2951 3535 3003 et
3564 2965 3752 3004 unus-

2098 3037 2366 3108 quisque,
2400 3041 2569 3108 prout
2594 3036 2990 3104 valebat,voee
3021 3035 3246 3092 excelsa
3273 3037 3599 3094 immensas
3634 3037 3752 3094 Deo

2103 3127 2322 3200 gratias
2341 3123 3063 3182 reddebat.Tintinnabula
3082 3125 3300 3198 quippe
3357 3127 3756 3198 personabant

2104 3216 2386 3286 undique,
2415 3215 2650 3269 arbores
2668 3230 2898 3285 quoque
2921 3213 3343 3286 quamplurimi
3368 3215 3754 3283 scandebant,

2105 3308 2168 3358 ut
2198 3302 2392 3374 ipsum
2426 3301 2637 3357 saltem
2668 3301 2862 3356 videre
2882 3306 3139 3372 possent.

2172 3393 2262 3445 77.
2290 3393 2354 3445 At
2375 3391 2473 3445 ubi
2499 3390 2820 3445 Mediolano
2841 3391 3569 3462 propinquavimus,totam
3601 3408 3756 3464 pene

2105 3481 2309 3535 urbem
2342 3479 2573 3534 obviam
2624 3478 2980 3546 habuimus;
3038 3485 3357 3548 matronas,
3405 3479 3636 3536 nobiles
3694 3485 3758 3538 et

2103 3567 2410 3640 ignobiles,
2438 3583 2633 3623 cereos
2655 3567 3110 3623 innumerabiles
3125 3567 3448 3622 deferentes
3474 3567 3756 3635 ;infantes

2103 3663 2159 3712 et
2189 3671 2710 3727 senes,omncsque
2729 3656 2844 3711 Deo
2863 3655 3096 3712 laudem
3110 3656 3318 3710 dantes
3339 3675 3354 3723 ;
3376 3655 3553 3712 etiam
3568 3656 3752 3728 ipsos,

2103 3763 2250 3818 quos
2278 3745 2336 3799 in
2358 3745 2476 3799 vita
2506 3761 2613 3800 sua
2651 3744 2859 3799 habuit
2911 3744 3173 3811 aemulos,
3208 3743 3429 3801 scilicet
3488 3745 3752 3816 clericos,

2103 3833 2434 3889 invenimus
2466 3837 2699 3905 paratos
2731 3849 2846 3889 non
2877 3833 3137 3888 ofﬁcium
3171 3837 3474 3890 cantantes
3498 3838 3758 3890 mortuo-

2103 3940 2254 3989 rum,
2281 3923 2380 3977 sed
2413 3923 2501 3993 (ut
2533 3922 2794 3990 decebat)
2825 3921 3168 3994 Martyrum.
3201 3923 3268 3977 Et
3297 3922 3380 3978 sic
3426 3923 3486 3978 in
3548 3928 3752 3981 sancto

2103 4009 2680 4080 dieAscensionis(5.t
2712 4009 2966 4081 )Domini
2996 4009 3302 4082 posuimus
3321 4009 3488 4066 illum
3510 4011 3568 4065 in
3629 4027 3753 4068 me-

2102 4101 2196 4155 dio
2219 4099 2470 4155 ecclesiae
2507 4099 2565 4154 S.
2597 4099 2908 4155 Ambrosii.
2950 4101 3113 4155 Tunc
3143 4099 3357 4155 nobilis
3391 4099 3753 4157 Herlembal-

2101 4192 2211 4243 dus
2243 4189 2301 4242 in
2334 4187 2458 4243 loco
2489 4187 2769 4243 eminenti
2792 4204 3158 4260 progressus,
3191 4187 3310 4245 hac
3343 4188 3616 4244 omnibus
3649 4205 3755 4244 au-

2101 4277 2396 4334 dientibus
2427 4281 2515 4333 est
2547 4276 2812 4342 locutus;
2844 4277 3086 4345 Videtis,
3111 4277 3297 4348 inqui,
3357 4277 3750 4346 dilectissimi,

2103 4370 2389 4439 quantum
2420 4365 2572 4420 valet
2604 4365 2951 4436 ﬁdes,quam
2985 4365 3135 4421 inter
3166 4383 3272 4422 nos
3305 4382 3407 4438 per
3435 4365 3633 4422 decem
3657 4383 3760 4423 an-

347 4457 605 4512 creditur
637 4459 692 4511 et
721 4455 934 4509 dicitur
963 4454 1246 4524 esse,volo
1271 4460 1336 4509 ut
1368 4454 1504 4509 illuc
1528 4456 1688 4526 juste
1745 4460 1800 4510 et
1857 4473 1989 4511 cum
2026 4476 2072 4541 Ι)
2103 4473 2208 4511 nos
2240 4455 2436 4510 docuit
2458 4455 2519 4508 Β.
2545 4452 2838 4509 Arialdus.
2872 4454 3128 4520 Certe,ut
3148 4454 3579 4526 videtis,ipsam
3617 4469 3755 4510 eum

346 4546 534 4618 ipsius
566 4545 908 4600 incedamus
939 4543 1176 4599 honore.
1210 4544 1333 4600 Non
1357 4544 1511 4598 enim
1545 4560 1678 4599 cum
1720 4547 1890 4616 raptu
1942 4549 1998 4601 et

347 4649 672 4706 pauperum
705 4632 1053 4688 detrimento
1085 4633 1484 4688 innocentium
1527 4649 1860 4706 pergamus,
1893 4635 1993 4690 sed

346 4724 654 4779 nobiscum
691 4723 946 4777 feramus
979 4723 1132 4777 unde
1161 4721 1348 4778 vivere
1372 4722 1708 4778 debeamus.
1759 4723 1994 4778 Discur-

352 4817 485 4869 rant
510 4813 705 4884 itaque
738 4812 926 4866 nuntii
961 4813 1420 4884 circumquaque
1452 4811 1720 4867 velociter
1751 4813 1850 4883 qui
1883 4831 2000 4868 om-

350 4919 477 4970 nes,
509 4903 579 4958 ad
617 4900 768 4956 bella
796 4905 984 4972 aptos,
1017 4918 1150 4957 cum
1184 4902 1385 4967 armis,
1423 4900 1787 4972 rusticosque
1819 4906 1881 4956 ut
1911 4919 2001 4958 ve-

564 5049 590 5074 ‹‹
627 5029 834 5080 Arcem
865 5025 1090 5080 Trevali
1116 5047 1140 5074 η
1172 5023 1461 5079 nominari
1500 5040 1530 5077 a
1558 5023 1999 5097 Landulfo,jam

351 5114 630 5152 Vlﬂlmus.

356 5237 359 5238 ν
424 5169 534 5238 (51)
567 5167 754 5223 Media
783 5165 1014 5238 circiter
1060 5168 1152 5222 via
1208 5166 1360 5220 inter
1407 5169 1678 5232 Aronam,
1714 5171 1770 5220 et
1809 5168 2001 5224 fauces

350 5237 536 5305 lacus,
569 5239 627 5292 in
661 5237 924 5291 fluminis
955 5239 1196 5293 modum
1229 5255 1290 5293 se
1320 5238 1514 5291 denuo
1542 5240 1908 5294 coarctantis.

420 5309 533 5389 (52)
566 5307 1130 5389 Dandulfusjunior,
1165 5333 1192 5359 ‹‹
1221 5310 1293 5364 ad
1312 5309 1537 5364 Olivam
1568 5331 1593 5354 η
1644 5308 1862 5381 legatos
1913 5310 1999 5364 di-

351 5380 745 5515 ῗεῗὲἓῗἈἯὲίὶι
778 5444 971 5502 idem:
1011 5467 1034 5496 ι
1066 5450 1324 5505 Tandem
1357 5449 1585 5506 cunctis
1616 5451 2000 5515 exspectanti-

348 5513 466 5571 bus
491 5513 722 5576 sacrum
747 5529 962 5586 corpus
993 5534 1095 5591 per
1124 5520 1394 5579 Ticinum
1427 5521 1495 5578 ad
1515 5519 1680 5582 littus
1711 5513 2002 5597 deiectum

2111 4545 2356 4601 servavit
2391 4543 2732 4599 defunctum
2763 4541 3117 4598 incolumem
3151 4543 3208 4599 in
3263 4541 3550 4616 profundo
3600 4543 3761 4610 Laci,

2104 4634 2255 4689 inter
2285 4630 2742 4688 innumerabiles
2774 4631 3182 4702 immanesque
3213 4631 3532 4704 pisces,per
3552 4631 3758 4689 decem

2113 4739 2365 4778 menses.
2391 4722 2521 4777 Haec
2547 4725 2742 4776 autem
2775 4736 2971 4777 coram
3001 4721 3162 4776 vobis
3193 4721 3387 4794 ipsum
3419 4737 3523 4794 per
3553 4721 3758 4777 decem

2111 4812 2218 4866 hos
2239 4811 2362 4867 dies
2390 4810 2616 4865 aestivos
2639 4813 2964 4875 conservet,
2997 4809 3265 4864 videlicet
3283 4825 3471 4881 usque
3513 4809 3584 4865 ad
3619 4825 3760 4865 san-

2111 4905 2270 4955 ctum
2304 4899 2459 4954 diem
2508 4898 2908 4965 Pentecosten,
2964 4902 3258 4969 quatenus
3305 4899 3374 4952 de
3432 4897 3758 4969 longinquo

2111 5028 2231 5080 est:
2271 5047 2296 5070 ››
2329 5025 2478 5077 tacet
2509 5026 2704 5077 autem
2735 5023 2805 5077 de
2837 5022 2966 5076 navi
2983 5022 3106 5077 :sed
3146 5023 3269 5077 ﬁeri
3317 5024 3510 5093 potest
3559 5025 3626 5077 ut
3684 5022 3757 5076 ad

2111 5094 2493 5166 usqueilacus
2527 5095 2720 5148 fauces
2754 5094 2984 5166 navigio
3014 5095 3312 5166 devectum
3352 5109 3587 5166 corpus,
3637 5093 3760 5163 eje-

2111 5163 2269 5222 ctum
2302 5165 2362 5219 in
2396 5166 2584 5236 ripam
2617 5166 2702 5236 sit
2723 5166 2794 5220 ab
2826 5163 3144 5235 iis'quibus
3176 5163 3558 5218 commissum
3609 5167 3758 5236 erat,

2111 5255 2225 5293 non
2260 5233 2612 5291 audentibus
2643 5233 2762 5292 illis
2791 5233 3124 5307 exspectare
3156 5251 3530 5307 quemquam,
3551 5235 3646 5290 eui
3677 5235 3764 5307 ip-

2113 5325 2242 5364 sum
2278 5308 2595 5363 traderent.

2182 5380 2470 5450 (54)JCum
2503 5394 2654 5432 anno
2687 5376 2786 5450 illo
2818 5377 2956 5450 1067
2982 5377 3210 5450 Pascha
3264 5376 3626 5450 celebratum
3685 5377 3764 5450 sit

2109 5454 2143 5507 8
2172 5448 2407 5523 Aprilis,
2439 5449 2716 5523 Ascensio
2748 5448 2861 5506 fuit
2887 5449 2958 5507 l7
2978 5449 3134 5520 Maii,
3167 5452 3224 5506 et
3269 5448 3627 5523 Pentecoste,
3689 5449 3764 5506 de

2111 5521 2238 5600 quo
2259 5537 2395 5584 mox
2419 5522 2490 5584 27
2511 5521 2561 5598 ej
2571 5521 2798 5582 nsdem.
