3960 6216
1756 341 1986 412 ACTA.

3419 350 3575 425 Μθὲ

147 476 688 552 ebproximosenms
713 473 956 535 diversa
980 477 1171 537 artatis
1190 482 1434 553 uterque
1453 479 1568 537 huc
1584 480 1802 548 venire,
1832 481 1887 549 Α
1920 482 2284 553 iniquorum,
2301 482 2451 548 octo,
2478 495 2611 539 cum
2629 482 3018 555 occideretur;
3042 485 3242 545 decem
3266 504 3398 547 vero
3420 500 3579 549 mea.

145 572 211 626 et
238 572 510 625 nostram
544 568 740 635 tidem,
769 572 1226 641 nostrorumque
1248 569 1609 641 impietatem
1638 587 1811 624 inmu-

1919 588 2012 626 ses
2036 574 2088 625 in
2120 573 2407 642 profundo
2431 573 2541 628 laci
2565 571 3126 646 incolumisjacuit:
3151 578 3354 635 decem
3380 584 3577 639 autem

142 656 351 715 locum
426 656 724 713 evidenter
766 656 953 729 possit
1018 658 1420 730 contemplari.
1471 656 1812 713 Clamabunt
1920 659 2169 715 milliara
2220 660 2386 716 illum
2435 662 2606 718 nobis
2651 664 3062 734 proximiorem
3110 666 3272 723 lacus
3305 671 3572 741 projecit,

144 750 322 813 tunc,
352 745 522 802 nobis
551 746 952 811 audientibus,
978 748 1051 803 ad
1077 746 1246 803 illum
1279 747 1587 813 daemonia,
1613 746 1810 801 dicen-

140 836 260 892 tia:
282 835 433 900 Quid
445 839 648 891 contra
669 851 776 891 nos
800 834 1017 891 latras?
1029 835 1154 892 Non
1169 839 1333 908 potes
1353 838 1583 891 tantum
1597 835 1809 891 latrare

141 928 215 981 ut
243 928 303 980 te
334 940 451 980 non
477 922 764 979 faciamus
795 923 1151 992 interimere,
1177 924 1330 980 sicut
1360 928 1531 980 tuum
1563 923 1807 980 fecimus

142 1013 402 1078 socium,
432 1016 489 1068 et
519 1015 585 1067 ut
613 1011 860 1085 pingues
882 1016 941 1068 et
970 1012 1157 1085 iniqui
1189 1011 1468 1085 episcopi,
1489 1013 1730 1068 abbates
1752 1014 1809 1067 et

141 1099 475 1174 presbyteri
505 1116 621 1156 non
657 1100 778 1156 sint
813 1100 1023 1156 nostri.

213 1191 309 1247 78.
344 1190 407 1245 In
438 1188 532 1244 his
562 1188 800 1260 quidem
830 1188 1038 1244 diebus
1072 1188 1289 1245 ibidem
1321 1189 1581 1261 undique
1608 1189 1808 1244 venie-

144 1279 249 1334 bat
287 1278 546 1336 maxima
595 1278 933 1344 multitudo,
968 1278 1222 1351 plurima
1268 1295 1514 1334 munera
1559 1279 1806 1333 oil‘erens

143 1368 380 1440 corpori
408 1371 629 1434 sancto,
663 1366 880 1439 quibus
911 1367 982 1422 ad
1013 1384 1151 1423 eum
1175 1368 1527 1423 intuendum
1563 1367 1649 1422 fas
1683 1370 1807 1422 erat

144 1473 255 1530 per
283 1456 409 1513 dies
433 1473 446 1525 ;
471 1472 575 1529 per
594 1459 793 1511 noctes
813 1472 945 1511 vero
967 1454 1334 1523 clericorum,
1362 1456 1807 1512 monachorum-

144 1561 264 1618 qne
291 1545 564 1602 veniebat
595 1544 852 1600 maxima
880 1544 1221 1613 multitudo,
1253 1562 1467 1617 easque
1499 1544 1805 1617 pervigiles

142 1634 400 1691 ducebat
431 1632 754 1706 peallendo.
788 1637 854 1689 In
900 1648 1019 1690 una
1046 1638 1243 1689 autem
1276 1634 1484 1689 harum
1516 1634 1801 1700 noctium,

144 1723 369 1780 timens
414 1721 579 1779 valde
607 1738 680 1777 ne
710 1722 855 1778 forte
900 1723 972 1777 ad
1005 1723 1384 1795 opprobrium
1416 1722 1630 1779 Christi
1679 1738 1800 1779 ser-

1919 764 2095 819 quam
2118 750 2426 821 acceperit.
2444 750 2552 806 Per
2570 751 2696 806 dies
2713 753 2887 807 etiam
2905 754 3101 810 decem
3121 756 3350 811 aestivos
3370 757 3571 829 ipsum

1916 836 1976 892 in
2007 836 2310 894 ecclesiam
2342 840 2401 893 S.
2433 840 2748 911 Ambrosii,
2780 842 3115 898 videntibus
3136 845 3386 916 cunctis,
3410 847 3570 905 Chri-

1917 930 2044 982 stus
2074 928 2455 991 conservavit,
2498 928 2667 1000 eique
2706 935 2838 1001 post
2866 930 2988 987 haec
3015 933 3239 988 decimo
3270 951 3423 991 anno
3452 937 3567 1009 (56)

1914 1014 2395 1071 Herlembaldum
2426 1017 2656 1073 ﬁdelem
2691 1019 2915 1075 socium
2948 1022 3274 1095 associavit)
3307 1028 3370 1079 ut
3397 1040 3562 1081 vera-

1915 1104 2057 1159 citer
2086 1106 2279 1173 credo)
2312 1106 2370 1162 in
2397 1121 2577 1177 regno
2608 1107 2909 1175 caelorum,
2942 1115 3308 1183 peremptum
3341 1112 3565 1171 scilicet

1916 1208 2018 1263 per
2046 1194 2386 1249 eorumdcm
2418 1210 2629 1250 manus
2684 1196 3040 1268 iniquorum.
3078 1200 3139 1254 In
3171 1216 3287 1271 quo
3334 1202 3565 1260 decimo

1916 1297 2068 1335 anno
2095 1281 2218 1336 hmo
2248 1283 2466 1354 scripta
2495 1288 2652 1349 sunt,
2686 1286 2755 1339 ad
2790 1285 3022 1341 laudem
3056 1288 3267 1344 Christi
3315 1291 3563 1364 ejusque

1916 1369 2121 1426 famuli
2169 1370 2409 1425 Arialdi.
2447 1376 2655 1427 Passus
2709 1390 2846 1445 ergo
2890 1379 2980 1429 est
3022 1377 3230 1433 beatus
3280 1379 3475 1436 Levita
3503 1386 3563 1438 et

1916 1464 2136 1532 martyr
2156 1459 2369 1515 Christi
2401 1459 2674 1517 Arialdus
2694 1462 2901 1533 quinto
2931 1464 3042 1536 (57)
3066 1465 3352 1522 Kalendas
3372 1468 3560 1537 Junii,

1913 1565 2067 1603 anno
2089 1549 2159 1604 ab
2188 1549 2592 1604 Incarnatione
2615 1549 2843 1605 Domini
2866 1549 3177 1609 millesimo
3205 1558 3569 1628 sexagesimo

1912 1641 2092 1703 sexto,
2145 1636 2492 1709 praesidente
2541 1638 2666 1693 sedi
2723 1638 3053 1711 apostolicae
3102 1643 3361 1699 secundo
3413 1661 3563 1718 papa

1908 1725 2254 1793 Alexandro,
2294 1729 2572 1798 regnante
2621 1727 2870 1784 Domino
2925 1733 3126 1786 nostro
3153 1730 3292 1786 Jesu
3337 1732 3567 1789 Christo

141 1826 471 1885 verumque
502 1810 689 1885 ipsius
720 1810 800 1866 ibi
833 1828 935 1883 per
957 1814 1226 1868 aestivum
1277 1816 1511 1884 tempus
1547 1812 1647 1867 diu
1679 1829 1802 1885 per—
1833 1858 1880 1924 B
1910 1831 2043 1870 eum
2074 1814 2241 1871 Patre
2272 1819 2329 1871 et
2360 1814 2579 1887 Spiritu
2606 1821 2811 1872 sancto
2844 1833 2948 1888 per
2978 1819 3176 1876 omnia
3208 1820 3421 1878 saecula
3459 1837 3567 1879 sas-

145 1916 398 1924 _____-_-
430 1901 633 1924 0.1-..-L
680 1904 979 1924 -_...-._.._A.-
1003 1900 1222 1924 I--_!_.-
1255 1901 1457 1924 _----2_
1482 1901 1794 1924 -.ι...-.ι--...
1918 1902 2168 1924 ---1,..ημ
2246 1910 2260 1924 Α
2285 1922 2331 1924 ms
2354 1922 2406 1924 __-

145 1916 403 1959 manens
430 1901 655 1967 feteret,
678 1904 983 1972 assumpto
1003 1900 1458 1974 lumine,paucis
1480 1901 1801 1958 admodum
1833 1900 1880 1924 ”
1912 1902 2197 1960 culorum.
2229 1910 2437 1960 Amen.

143 1989 549 2064 vigilantibus,
568 1989 640 2044 ad
663 1988 858 2062 ipsum
890 1988 1132 2058 accessi,
1158 1994 1215 2046 et
1245 1993 1476 2062 reperto
1497 1990 1803 2058 foramine,

145 2080 303 2153 φιοά
346 2080 479 2150 ejus
523 2092 841 2151 germanus
894 2077 1007 2150 ipsi
1061 2079 1171 2134 sub
1204 2076 1419 2134 ascella
1465 2078 1697 2145 fecerat,
1733 2082 1798 2134 ut

144 2169 325 2226 sciret
350 2166 605 2240 qualiter
632 2165 793 2222 illius
837 2166 1193 2223 haberentur
1222 2166 1522 2233 interiora,
1555 2166 1799 2223 interius

149 2255 461 2330 prospexi;
493 2258 552 2311 et
580 2270 711 2310 ecce
743 2256 871 2326 ejus
915 2259 1045 2311 exta
1074 2258 1140 2310 ut
1171 2255 1271 2311 nix
1297 2259 1464 2311 erant
1509 2255 1796 2324 candida;

136 2348 309 2418 jecur
332 2360 468 2401 vero
498 2360 713 2399 aereum
746 2344 998 2400 habebat
1016 2344 1429 2410 colorem.Quaa
1453 2361 1588 2400 cum
1618 2344 1798 2401 intro-

144 2435 348 2491 missis
395 2433 626 2491 duobus
656 2433 857 2507 digitis
904 2434 1233 2508 tetigissem
1265 2439 1323 2490 et
1360 2434 1795 2503 confricassem,

141 2539 369 2596 eosque
393 2526 674 2579 retractos
704 2522 945 2578 naribus
975 2525 1403 2596 apposuissem,
1434 2528 1622 2581 testor
1649 2523 1798 2579 veri-

141 2617 348 2679 tatem,
381 2627 510 2685 que:
539 2611 695 2668 Deus
733 2617 842 2679 est,
875 2615 1099 2669 tantam
1133 2612 1423 2685 talemque
1454 2613 1649 2669 odoris
1682 2613 1795 2668 fra-

139 2701 437 2777 grantiam
486 2718 556 2757 ex
584 2701 730 2773 ipsis
776 2700 974 2773 digitis
1023 2718 1295 2758 emanare
1347 2702 1525 2771 sensi,
1560 2701 1793 2773 qualem

139 2795 525 2865 quamtumve
541 2806 847 2862 nunquam
874 2807 966 2847 me
985 2790 1124 2847 alibi
1147 2792 1405 2848 sensisse
1427 2791 1786 2847 reminiscor.

137 2882 209 2937 Et
234 2882 393 2938 sicut
419 2896 550 2936 mea
579 2878 936 2935 conscientia
977 2885 1118 2935 tunc
1149 2881 1499 2946 testabatur,
1529 2883 1588 2935 et
1636 2896 1792 2936 nunc

132 2973 409 3035 testatur,
441 2969 491 3024 si
523 2968 635 3040 ipsi
665 2967 833 3041 digiti
864 2967 1044 3040 gladii
1098 2968 1189 3025 bis
1220 2968 1375 3026 acuti
1408 2985 1657 3025 acumen
1687 2968 1790 3025 ha-

135 3058 430 3125 buissent,
461 3072 635 3114 nares
663 3056 888 3128 absque
915 3056 1154 3113 vulnere
1188 3056 1346 3112 nullo
1380 3058 1553 3113 modo
1584 3057 1789 3113 evade-

135 3153 287 3216 rent,
320 3145 462 3220 quia
490 3145 685 3203 odoris
730 3146 988 3202 suavitas
1018 3150 1137 3202 tam
1170 3151 1294 3202 erat
1337 3145 1696 3202 delectabilis
1726 3150 1792 3201 ut

2551 2048 2788 2104 CAPUT
2823 2048 2914 2104 IX.

1910 2153 2194 2231 Appeudia:
2252 2155 2592 2231 litteraru_m_
2618 2159 2888 2231 auctorzs__
2910 2156 2983 2211 ad
3037 2156 3259 2229 Syrum,

1978 2227 2295 2303 scriptorem
2331 2243 2351 2286 ;
2396 2230 2447 2280 et
2496 2226 2657 2298 hujus
2704 2226 2774 2282 ad
2824 2228 3005 2295 illum,
3059 2226 3185 2285 cum
3231 2226 3557 2303 quibusdam

1978 2297 2284 2351 miraculis.

1977 2439 2066 2493 81.
2099 2438 2272 2509 Svao,
2304 2439 2629 2493 venerando
2651 2443 2708 2494 et
2738 2440 2892 2496 fideli
2924 2442 3230 2508 sacerdoti,
3256 2447 3552 2502 Asnaus.

1978 2530 2224 2598 Legente
2272 2544 2365 2583 me
2394 2526 2534 2582 olim
2581 2544 2668 2598 ea,
2702 2545 2828 2600 qua:
2860 2546 2994 2585 cum
3025 2530 3180 2587 socio
3222 2532 3557 2588 Herimbar-

1903 2618 1961 2670 to
1994 2616 2103 2686 (58)
2136 2615 2206 2669 de
2254 2614 2565 2670 venerabili
2597 2616 2829 2673 Arialdo
2880 2618 3188 2691 scripsisti,
3219 2622 3405 2693 reperi
3449 2639 3555 2680 vos

1904 2702 2092 2759 multa
2123 2703 2448 2775 praeterisse
2475 2721 2597 2777 quae
2620 2705 2729 2759 diei
2756 2711 2999 2779 oportet.
3032 2707 3193 2764 Unde
3219 2702 3435 2766 factum
3460 2717 3551 2768 est

1902 2796 1987 2859 ut,
2015 2793 2261 2863 jubente
2300 2794 2480 2848 beata:
2515 2794 2806 2850 memoria
2855 2795 3185 2877 Rodulpho‘
3213 2797 3379 2855 Patre
3411 2798 3549 2873 (59),

1901 2883 2071 2951 cujus
2094 2882 2433 2953 animajam
2458 2900 2589 2939 cum
2614 2884 2845 2940 Christo
2866 2885 3101 2957 gaudet,
3126 2886 3312 2943 multa
3330 2892 3454 2944 tam
3480 2889 3552 2944 de

1899 2970 1995 3026 his
2045 2988 2170 3043 qua:
2220 2971 2471 3027 omisitis
2521 2989 2702 3045 quam
2752 2990 2880 3046 quae
2925 2972 3177 3041 dixistis,
3227 2976 3551 3049 exprimere

1900 3064 2147 3115 conatus
2177 3060 2290 3115 sim
2317 3077 2332 3127 ;
2364 3078 2491 3134 quas
2515 3062 2587 3116 ad
2620 3065 2677 3117 te
2698 3060 2959 3131 mittens,
2983 3063 3221 3120 obsecro
3244 3082 3344 3136 per
3363 3066 3550 3122 chari-

1902 3151 2099 3217 tatem,
2120 3153 2185 3204 ut
2213 3148 2521 3221 diligenter
2545 3150 2846 3222 inspicias,
2867 3156 2941 3219 et,
2976 3150 3026 3207 si
3044 3169 3177 3209 vera
3199 3158 3357 3219 sunt,
3381 3153 3548 3211 testi-

135 3253 311 3293 nares
336 3234 690 3291 valentiores
718 3240 915 3290 essent
936 3236 1008 3291 ad
1036 3236 1358 3292 odoriferos
1388 3236 1603 3308 digitos
1634 3236 1792 3292 intra
1819 3227 1863 3293 C
1900 3238 2162 3294 monium
2196 3239 2366 3294 feras.
2400 3239 2546 3295 Nam
2576 3238 2730 3295 sicut
2756 3240 2952 3312 ipsum
2983 3240 3183 3309 habui,
3219 3247 3285 3297 ut
3314 3241 3436 3299 haec
3466 3244 3551 3301 fa-

135 3342 205 3383 se
227 3324 646 3382 attrahendum
692 3338 869 3395 quam
900 3323 1121 3379 brachii
1151 3323 1339 3380 virtus
1386 3325 1459 3380 ad
1490 3325 1787 3381 retrahen-

136 3416 278 3473 dum
307 3432 321 3483 ;
341 3429 482 3469 nam
502 3411 884 3485 qnamplures
902 3412 1047 3480 dies,
1073 3416 1136 3468 ut
1158 3412 1259 3469 diu
1282 3413 1601 3469 delectarer
1622 3418 1785 3470 tanto

137 3506 339 3570 odore,
369 3519 441 3559 eo
467 3503 540 3557 ab
572 3500 731 3557 omni
760 3502 1046 3558 custodivi
1076 3502 1323 3575 liquore.

204 3593 294 3648 79.
328 3593 690 3664 Cougregata
740 3591 921 3664 igitur
948 3595 1038 3647 est
1086 3592 1319 3658 iterum,
1356 3592 1412 3647 in
1445 3592 1539 3647 die
1581 3595 1785 3648 sancto

132 3683 528 3748 Pentecostes,
562 3684 726 3735 tanta
762 3680 1025 3736 vivorum
1077 3697 1142 3736 ac
1186 3680 1500 3737 mulierum
1548 3680 1785 3737 diversae

129 3770 320 3828 astatis
350 3768 672 3825 multitudo
701 3769 773 3824 de
804 3769 1069 3840 proximo
1102 3773 1160 3824 et
1202 3768 1521 3843 longinquo
1551 3773 1616 3824 ut
1644 3786 1789 3825 nun-

128 3875 311 3935 quam
344 3874 412 3916 se
458 3862 684 3914 tantam
716 3857 931 3917 vidisse
979 3859 1158 3914 etiam
1190 3876 1360 3915 senes
1407 3858 1697 3926 dicerent;
1730 3863 1788 3914 et

127 3949 213 4006 sic
235 3963 378 4005 eum
403 3962 619 4020 magna
638 3945 823 4020 gloria
842 3947 1133 4018 laudeque
1160 3946 1464 4014 inetfabili,
1488 3949 1561 4004 ad
1585 3964 1787 4004 mona-

128 4038 379 4096 sterium
408 4036 643 4093 delatus
686 4041 776 4092 est
805 4037 867 4093 S.
898 4035 1067 4093 Celsi.
1102 4036 1187 4092 Ibi
1218 4035 1276 4091 in
1322 4035 1517 4092 locum
1548 4036 1787 4093 mirabi-

126 4127 258 4185 liter
311 4130 519 4199 aptum
570 4126 822 4182 traditus
862 4130 955 4181 est
1006 4124 1343 4197 sepulturae,
1375 4125 1668 4198 siquidem
1721 4143 1791 4182 ex

129 4232 249 4273 una
279 4218 447 4288 parte
475 4215 655 4271 habet
683 4213 1012 4281 ecclesiam,
1042 4215 1101 4270 in
1133 4231 1251 4287 qua
1278 4219 1333 4270 S.
1369 4214 1522 4272 Celsi
1557 4232 1792 4272 venera-

134 4305 253 4361 bile
297 4318 461 4361 nunc
489 4304 768 4360 adoretur
812 4319 1068 4376 corpus;
1101 4318 1171 4358 ex
1217 4302 1399 4359 altera
1424 4320 1558 4359 vero
1607 4303 1789 4361 eccle-

133 4393 286 4450 siam
338 4392 473 4464 (55),
508 4392 611 4448 ubi
657 4392 957 4466 quondam
1010 4394 1101 4464 (ut
1147 4391 1352 4463 fertur)
1399 4392 1499 4448 diu
1550 4396 1791 4449 sanctus

128 4481 409 4554 perlatuit
428 4480 730 4537 Nazarius.
763 4480 983 4537 Exhinc
1006 4480 1221 4553 quippe
1252 4480 1332 4536 ibi
1358 4499 1392 4536 a
1413 4481 1617 4538 multis
1648 4481 1791 4538 fide-

1898 3343 2109 3395 cerem,
2162 3330 2594 3399 praeceptorem,
2624 3328 2708 3383 sic
2756 3332 2810 3384 te
2859 3328 3073 3385 habere
3118 3330 3266 3397 volo,
3303 3336 3367 3386 ut
3412 3349 3551 3389 vera

1896 3415 2037 3480 sint,
2070 3420 2442 3481 assertorem,
2474 3420 2766 3487 quatenus
2797 3417 2845 3472 si
2877 3418 3013 3489 jure
3044 3435 3147 3490 pro
3180 3418 3398 3476 inculto
3432 3438 3550 3477 ser-

1896 3520 2068 3559 mone
2093 3504 2222 3573 ejus
2254 3502 2579 3576 putredinis
2609 3508 2669 3560 et
2695 3504 2907 3561 vermis
2928 3504 3029 3577 qui
3049 3508 3382 3578 composuit
3400 3525 3547 3565 con-

1895 3593 2197 3659 temnitur,
2228 3610 2332 3664 pro
2364 3593 2686 3648 reverentia
2715 3593 2965 3649 duorum
2990 3599 3325 3650 sanctorum
3358 3612 3546 3652 sacer-

1894 3682 2118 3748 dotum,
2140 3680 2318 3735 unius
2336 3680 2744 3753 praecipientis,
2759 3680 3002 3739 alterius
3016 3684 3352 3751 asserentis,
3366 3684 3550 3741 susci-

1894 3768 2108 3841 piatur.
2142 3768 2225 3824 Tu
2282 3769 2439 3823 enim
2492 3773 2655 3825 tanto
2709 3774 2970 3843 tempore
3020 3772 3149 3844 ejus
3199 3788 3327 3829 esse
3370 3772 3551 3829 frater

1895 3855 2205 3912 familiaris
2250 3855 2538 3924 meruisti,
2568 3862 2633 3913 ut
2675 3874 2821 3931 pene
2871 3859 3012 3931 quid
3061 3860 3134 3916 de
3181 3877 3248 3917 eo
3302 3860 3550 3918 dixerim

1895 3945 2129 4019 proprio
2161 3945 2379 4001 intuitu
2410 3945 2731 4018 inspiceres
2760 3966 2773 4017 ;
2802 3948 2942 4015 imo,
2975 3948 3113 4021 quia
3160 3951 3433 4005 sacerdos
3461 3967 3547 4019 es,

1895 4033 2129 4090 mentiri
2162 4051 2277 4089 non
2306 4034 2485 4101 vales,
2520 4034 2768 4109 ideoque
2812 4036 2987 4110 digne
3009 4038 3286 4109 justeque
3314 4041 3371 4092 te
3400 4036 3549 4109 elegi

1896 4124 2015 4179 fore
2044 4126 2253 4179 testem
2284 4122 2464 4193 hujus
2496 4123 2598 4180 rei.

1967 4214 2054 4267 82.
2106 4212 2437 4267 Pessuma
2485 4212 2689 4285 Syrus,
2738 4215 2995 4270 Asnam:
3040 4213 3254 4271 Christi
3307 4212 3549 4271 famulo.

1970 4300 2165 4369 Miror,
2198 4299 2565 4368 charissime,
2602 4303 2759 4373 quod
2813 4304 2884 4359 de
2916 4303 3033 4361 illis
3065 4305 3327 4378 requiras
3378 4304 3553 4361 rebus

1901 4390 2087 4445 multa
2114 4388 2301 4445 millia
2335 4390 2619 4459 fidelium,
2656 4393 2758 4447 sed
2789 4393 2968 4449 etiam
3021 4393 3369 4450 inﬁdelium.
3402 4394 3471 4448 Et
3501 4392 3551 4448 si

1901 4478 2124 4535 nullius
2182 4483 2513 4551 superesset
2535 4478 2687 4536 alius
2718 4481 2820 4553 qui
2850 4482 3062 4538 harum
3081 4499 3275 4539 rerum
3306 4482 3553 4538 existere

127 4570 293 4626 libus
318 4571 600 4627 aduratur
626 4574 684 4626 et
710 4568 942 4640 colitur,
966 4570 1040 4663 ab
1068 4568 1409 4625 inﬁdelibus
1440 4574 1661 4639 autem,
1686 4587 1791 4627 nec
1823 4596 1871 4663 Β
1902 4574 2099 4643 posset
2124 4568 2294 4625 testis
2325 4568 2589 4634 idoneus,
2616 4569 2757 4663 quis
2788 4574 2910 4663 tam
2941 4587 3141 4627 vecors
3176 4571 3554 4638 inveniretur,

126 4660 402 4717 Christus
423 4659 831 4715 universorum
853 4657 1158 4722 Dominus,
1179 4674 1285 4714 nec
1308 4658 1792 4732 Arialdusipsius
1827 4656 1863 4663 ’⁷
1903 4659 2005 4732 qui
2052 4659 2270 4716 diceret
2317 4662 2372 4714 te
2424 4656 2731 4731 scripsisse
2780 4657 2973 4714 falsa?
3016 4659 3073 4716 Si
3124 4660 3300 4715 sciret
3328 4663 3384 4715 te
3426 4659 3555 4715 ideo

153 4748 424 4805 amulus.

130 4750 159 4806 ἰ
199 4839 294 4894 80.
327 4838 539 4894 Decem
588 4837 772 4911 igitur
801 4853 987 4893 annos
1016 4837 1224 4894 beatus
1255 4836 1449 4893 Levita
1477 4840 1534 4893 et
1580 4841 1797 4911 martyr

130 4926 414 4983 Arialdus
444 4925 629 4993 duxit,
663 4942 765 4998 pro
797 4925 1011 4981 Christi
1045 4924 1173 4997 lege
1202 4924 1446 4981 viriliter
1476 4926 1754 4982 certando
1779 4944 1793 4993 ;

131 5017 343 5073 decem
370 5014 640 5070 membra
667 5015 858 5071 eidem
892 5018 1024 5086 post
1053 5013 1173 5068 haec
1210 5029 1313 5087 per
1345 5030 1557 5070 manus
1587 5013 1799 5071 obtulit

209 5139 339 5213 (55)
362 5162 389 5190 (ι
421 5136 723 5213 Parvum}
758 5137 1137 5213 hapc__voca_t_
1175 5136 1517 5213 Landulfus,
1553 5140 1795 5195 dictam-

139 5207 256 5285 qu'e
286 5207 392 5285 ait,
425 5232 454 5261 «
486 5210 791 5285 ecclesiam
823 5210 881 5285 S_.
912 5207 1140 5285 Nazarii
1172 5208 1231 5285 in
1264 5225 1488 5285 campo.
1521 5231 1548 5258 »

210 5284 331 5355 (56)
376 5279 577 5338 Annos
621 5280 1037 5355 incompletosg
1059 5280 1325 5355 s_umi,_et
1356 5279 1415 5355 «g-
1437 5279 1796 5355 Herlembal-

137 5351 284 5411 dum
313 5351 351 5406 ’‹‹
387 5369 604 5411 caesum
634 5369 765 5410 esse
793 5351 946 5408 anno
982 5351 1136 5419 1075,
1168 5352 1322 5407 infra
1352 5352 1589 5408 docebo.

185 5427 326 5499 ’(57)
362 5447 390 5499 ς(
442 5426 658 5490 Quarto
719 5447 758 5499 »_
804 5423 1115 5499 legendum
1175 5427 1374 5499 censet
1429 5424 1794 5499 Puricellus;

138 5494 412 5580 agnascit
459 5494 970 5580 tamen‘etiarn'in‘
1002 5494 1186 5550 altera
1238 5495 1370 5580 Vita
1398 5495 1634 5580 caelibi
1684 5495 1807 5580 legi

138 5566 402 5644 «quinto
432 5585 449 5644 ;ﬁ
474 5589 503 5618 »
530 5568 686 5644 quod
708 5566 1081 5644 retinendum
1111 5582 1293 5644 supra
1313 5566 1506 5626 docui.
1521 5567 1695 5644 idem
1718 5566 1799 5644 ait

130 5636 268 5729 esse
297 5640 404 5720 qui
432 5636 675 5703 teneant
722 5637 795 5697 29
821 5636 983 5697 Junii
1032 5636 1331 5701 mortuum
1370 5642 1662 5719 sanctum,
1693 5641 1797 5703 sed

465 5768 738 5863 ΡΑτιιοι.
780 5765 1043 5860 CXLIII!

1904 4748 2216 4821 reliquisse
2247 4746 2546 4816 saeculum,
2578 4751 2644 4803 ut
2673 4764 2789 4803 non
2813 4746 3005 4803 solum
3037 4765 3071 4803 a
3099 4748 3292 4804 verbis
3320 4764 3557 4806 vacares

1906 4837 2312 4903 mendacibus,
2346 4837 2445 4892 sed
2481 4836 2656 4893 etiam
2687 4837 2758 4894 ab
2789 4836 3018 4906 otiosis,
3048 4836 3373 4911 praesertim
3421 4853 3558 4893 cum

1908 4944 2025 4982 non
2047 4925 2239 4982 civilia
2259 4926 2612 4983 monasteria
2634 4924 3008 4982 etdissolutia
3031 4925 3249 4998 petisti,
3266 4926 3366 4982 sed
3382 4926 3561 4982 famo-

1908 5032 2043 5072 sum
2091 5018 2147 5071 et
2186 5014 2409 5071 celebre
2453 5013 2923 5071 Vallisumbrosa:
2968 5014 3320 5084 coenobium,
3354 5014 3560 5070 itinere

1908 5137 2419 5211 meritogprzevailet
2449 5140 2768 5195 auctoritas
2798 5139 3102 5211 utriusque
3131 5138 3294 5195 Vita.

1977 5212 2090 5283 (.58)
2116 5209 2406 5283 Crediblle
2435 5215 2525 5265 est
2544 5211 2700 5266 hunc
2730 5227 2959 5283 quoque
2989 5209 3170 5283 fuisse
3198 5209 3555 5266 monachum

1905 5280 2488 5363 Vellambrosaaua»
2521 5280 2774 5363 aequori
2805 5280 3120 5363 ipsailla}?!
3150 5282 3387 5363 ἓγτεηρο

1980 5352 2090 5424 (59)
2119 5352 2379 5424 AdActa
2421 5352 2483 5407 Β.
2517 5354 2784 5421 Andreae,
2820 5352 2886 5410 i0
2915 5353 3127 5422 Martii,
3158 5352 3276 5408 dixi
3328 5352 3556 5411 Rodul-

1908 5421 2090 5498 phum
2123 5421 2344 5498 ehiisse
2374 5425 2663 5498 an._1075,
2702 5427 2767 5498 12.
2801 5424 3160 5482 Novembris.

1980 5496 2093 5572 (60)
2122 5494 2244 5572 Imo
2273 5494 2605 5572 est_unicus
2637 5497 2829 5572 socius
2862 5503 3222 5572 assumptus,
3256 5497 3330 5554 ad
3357 5496 3559 5571 fugam

1908 5565 2150 5627 ab'urbe
2178 5565 2495 5624 ineundum
2529 5566 2703 5642 paulo
2735 5573 2869 5632 ante
2898 5565 3165 5631 mortem.

3164 5771 3251 5859 47.
