3960 6216
401 241 556 305 1483

1518 242 1630 305 SS.
1676 242 1995 307 ARIALDI
2039 247 2138 307 ET
2182 240 2686 307 ERLEMBALDI

3564 236 3809 302 'MBI

398 375 626 431 dierum
674 376 935 448 quinque
983 393 1015 431 a
1044 375 1295 432 naturali
1324 375 1447 432 solo
1492 383 1779 434 semotum
1804 380 1830 433 ?
1864 380 2036 434 Porro
2066 381 2119 444 Α
2147 380 2321 435 etiam
2335 385 2400 434 ut
2420 377 2885 434 semeltransiret
2902 393 3004 449 per
3025 372 3277 449 plateam
3295 374 3811 447 quamdamjuxta

399 464 469 519 de
498 463 661 519 obitu
693 465 822 535 ejus
852 464 1001 521 clam
1052 469 1283 536 peracto
1316 466 1446 537 quis
1476 470 1531 522 te
1579 468 1790 523 certior
1818 469 2031 538 existit,

400 553 502 625 qui
532 570 637 625 pro
668 554 777 609 hoc
800 553 1001 609 mortis
1033 554 1287 624 periculo
1321 560 1407 609 ter
1432 560 1486 610 te
1519 558 1728 612 dedisti
1756 559 1782 612 ?
1816 558 2041 613 Etenim

402 642 582 700 semel
606 648 903 713 utcunque
924 643 1191 714 incaptus
1212 645 1466 712 evasisti,
1484 645 1596 701 alia
1613 665 1742 701 vero
1767 649 1885 702 vice
1908 648 2045 718 quia

402 732 705 788 dicebatur
732 731 885 803 quod
912 730 970 785 in
1002 732 1289 788 Travallia
1308 750 1439 789 arce
1472 737 1580 803 (61)
1609 736 2044 808 inexpugnabili

403 820 623 879 occulte
654 820 1025 887 detineretur,
1062 821 1188 891 ejus
1221 823 1509 877 desiderio
1539 841 1839 891 accensus,
1874 825 2044 897 longo

401 909 605 966 itinere
634 909 910 977 confecto,
935 910 1137 965 multis
1160 911 1457 967 montibus
1487 914 1817 980 transactis,
1840 919 1892 969 te
1914 921 2046 969 ante

402 998 664 1069 ejusdem
712 1002 911 1068 portas
940 999 1221 1055 obtulisti.
1256 1005 1321 1055 In
1350 1019 1548 1072 quam,
1586 1003 1723 1073 quia
1762 1005 2046 1075 inspicere

400 1103 463 1143 es
493 1103 694 1154 ausus,
728 1088 827 1158 qui
858 1104 1017 1143 esses
1040 1090 1329 1160 cognitus,
1361 1091 1601 1161 ideoque
1633 1098 1837 1163 captus
1873 1099 2047 1163 atque

402 1176 458 1231 in
492 1174 847 1232 altissimam
881 1178 1143 1247 ejusdem
1168 1183 1386 1234 turrem
1423 1182 1731 1249 deductus,
1760 1198 1862 1251 per
1895 1182 2043 1236 fora-

404 1280 535 1321 men
560 1280 693 1321 cum
718 1266 956 1322 funibus
974 1266 1031 1321 in
1059 1266 1245 1339 ipsius
1262 1285 1324 1323 es
1346 1269 1644 1340 depositus
1666 1271 2044 1339 profundum,

402 1354 558 1427 quod
582 1354 769 1427 magis
791 1354 1099 1411 videbatur
1119 1373 1247 1411 esse
1271 1357 1603 1428 sepulcrum
1624 1376 1800 1429 quam
1826 1359 2048 1414 habita-

402 1442 620 1500 culum.
654 1443 800 1499 Nam
840 1442 1035 1499 lectuli
1067 1444 1315 1500 fulcrum
1362 1451 1485 1500 erat
1514 1464 1766 1514 caenum,
1802 1448 2047 1518 capitale

404 1548 632 1589 saxum.
664 1532 778 1588 Nec
809 1533 964 1589 enim
997 1533 1075 1588 ibi
1106 1539 1250 1602 erat,
1275 1536 1427 1590 unde
1460 1536 1705 1607 digestio
1728 1537 2044 1591 occultare~

402 1625 515 1690 tur,
549 1638 653 1677 nec
685 1622 933 1693 desuper
952 1627 1171 1677 tectum
1204 1640 1237 1678 a
1267 1641 1379 1695 quo
1412 1624 1606 1696 pluvia
1628 1624 2042 1695 pelleretueri

2152 470 2393 524 domum
2409 467 2801 541 pontificalem
2820 468 2991 522 sitam
3016 487 3030 535 ς
3054 466 3390 537 aliquantos
3407 468 3607 519 autem
3625 464 3809 533 viros,

2153 574 2299 629 quos
2332 558 2410 612 ibi
2446 556 2673 628 reperit,
2706 557 3019 611 admonere
3052 554 3240 626 coepit.
3272 553 3450 608 Erant
3473 552 3633 608 enim
3664 557 3810 609 tunc

2151 648 2338 703 Guido
2370 652 2425 701 et
2457 646 2759 714 ordinarii,
2792 644 3081 715 multique
3131 642 3230 699 alii
3262 641 3476 707 clerici,
3508 641 3569 697 in
3600 643 3810 699 eadem

2155 737 2326 791 domo
2360 736 2575 808 pariter
2600 734 2954 805 congregati.
2990 733 3153 797 Quod
3186 749 3319 787 cum
3352 731 3683 799 audissent,
3717 748 3811 788 sa-

2158 825 2499 897 pientiorem
2532 824 2805 879 omnibus
2836 824 3077 894 elegere,
3110 838 3363 889 eumque
3393 821 3464 876 ad
3496 820 3697 892 ipsum
3729 821 3812 875 di-

2157 932 2370 980 rexere,
2405 919 2697 984 quatenus
2741 912 2789 967 ei
2823 914 3136 977 resisteret,
3169 915 3226 966 et
3255 927 3382 982 qua
3426 909 3659 965 dicebat
3690 909 3811 965 fore

2156 1021 2302 1058 vana
2333 1004 2567 1057 diceret.
2594 1003 2737 1056 Nam
2761 1002 2817 1055 in
2842 1001 3046 1071 paucis
3068 1001 3151 1055 sic
3179 999 3448 1070 protinus
3464 997 3659 1054 verbis
3675 1014 3813 1053 con-

2157 1093 2355 1147 clusus
2390 1098 2478 1145 est
2512 1097 2574 1145 ut
2606 1096 2756 1145 retro
2790 1090 3033 1160 turpiter
3054 1089 3266 1144 rediret
3294 1087 3583 1143 velociter.
3623 1087 3810 1150 Quem

2158 1199 2289 1236 cum
2324 1181 2412 1235 sui
2462 1181 2920 1247 interrogassent
2948 1178 3088 1249 quid
3121 1177 3355 1249 egisset,
3405 1176 3486 1231 ait
3519 1192 3532 1231 :
3568 1175 3809 1243 Scitote,

2157 1276 2253 1326 aut
2289 1272 2481 1342 ipsum
2516 1287 2629 1324 non
2662 1286 2788 1323 esse
2820 1268 3140 1333 hominem,
3164 1270 3267 1321 aut
3290 1265 3541 1321 alterum
3562 1266 3683 1320 fore
3707 1264 3813 1336 qui

2158 1361 2228 1413 ab
2261 1360 2388 1429 ejus
2439 1376 2550 1412 non
2586 1374 2713 1412 esse
2762 1357 3082 1414 hominem.
3117 1360 3220 1410 aut
3250 1353 3499 1409 alterum
3550 1353 3673 1409 fore
3706 1353 3812 1425 qui

2157 1449 2228 1503 ab
2258 1449 2385 1517 ejus
2419 1447 2677 1518 loquitur
2706 1462 2825 1501 ore.
2860 1448 2987 1500 llaec
3018 1444 3237 1510 omnia,
3270 1442 3541 1514 quamvis
3570 1459 3691 1498 non
3725 1440 3815 1496 in-

2158 1536 2429 1599 terfuisti,
2484 1536 2827 1591 ltonovicino
2879 1535 2987 1606 (62)
3039 1539 3331 1599 narrante,
3365 1530 3613 1604 pleniter
3656 1529 3814 1587 didi-

2158 1626 2284 1680 cisti
2304 1668 2315 1681 .

404 1711 619 1783 quippe
640 1728 754 1783 prie
775 1711 956 1767 nimio
989 1712 1225 1768 horrore
1250 1712 1445 1768 vultus
1468 1718 1603 1768 tuus
1628 1717 1683 1767 et
1705 1713 2044 1768 stomachus
2080 1752 2125 1815 Β
2223 1717 2311 1769 86.
2350 1714 2517 1769 Illum
2552 1719 2793 1785 prmtera
2824 1711 3284 1767 famosissimum
3315 1708 3525 1777 zelum,
3551 1726 3666 1781 quo
3690 1708 3814 1765 haz-

402 1798 487 1855 sic
515 1798 777 1871 elanguit
798 1804 854 1855 et
882 1801 1168 1855 emarcuit
1194 1805 1255 1855 ut
1287 1802 1482 1856 cibum
1515 1819 1616 1873 per
1639 1802 1805 1857 funes
1830 1802 1929 1855 tibi
1956 1801 2045 1855 div

402 1889 653 1945 missum
675 1893 908 1961 gustare
940 1889 1181 1945 minime
1206 1907 1405 1962 posses
1431 1908 1442 1945 :
1477 1891 1724 1961 ideoque
1748 1898 1911 1945 nocte
1934 1908 2047 1945 me-

402 1978 500 2034 dia
558 1983 611 2034 te
666 1979 1024 2048 subtraxere,
1075 1984 1131 2035 et
1187 1981 1270 2035 sic
1347 1981 1690 2035 semivivum
1751 1980 2043 2035 dimisere.

402 2067 599 2124 Altera
619 2072 810 2123 autem
833 2068 952 2123 vice
969 2068 1160 2123 lacum
1185 2069 1598 2137 transfretasti,
1620 2070 1832 2124 iterum
1858 2070 2048 2140 cogni-

402 2161 501 2214 tus
530 2162 587 2215 et
629 2162 855 2229 captus,
884 2158 1066 2213 donec
1094 2162 1148 2213 te
1180 2159 1365 2229 pretio
1398 2176 1511 2213 non
1565 2158 1780 2221 emisti,
1810 2160 2047 2214 evadere

402 2246 564 2303 nullo
586 2247 757 2303 modo
776 2246 1035 2319 potuisti.
1052 2249 1185 2312 Quae
1209 2264 1342 2302 cum
1367 2247 1449 2302 ita
1468 2247 1607 2315 sint,
1625 2249 1755 2319 quis
1780 2252 1898 2302 tam
1921 2264 2048 2303 cru-

403 2335 552 2392 delis
580 2336 689 2392 erit
718 2339 773 2391 et
794 2336 980 2392 durus
1002 2340 1066 2390 ut
1095 2336 1211 2392 tuis
1237 2336 1607 2392 sermonibus
1631 2338 1839 2393 existat
1864 2337 2046 2393 incre-

404 2424 600 2483 dulus.

472 2562 565 2619 83.
604 2561 1041 2629 Verumtamen,
1073 2558 1209 2615 licet
1238 2560 1489 2616 multum
1514 2559 1672 2627 laeter
1702 2579 1878 2634 super
1907 2580 2047 2617 cun-

403 2654 498 2709 cta
515 2667 642 2723 quas
674 2650 892 2718 dixisti,
917 2650 1059 2721 quia
1089 2654 1227 2705 sunt
1246 2667 1379 2705 vera
1402 2655 1455 2705 et
1478 2650 1839 2705 aedificationi
1863 2652 2047 2720 utilia,

402 2745 600 2795 tamen
628 2738 792 2793 valde
822 2738 1009 2809 doleo,
1044 2737 1182 2810 quia
1210 2739 1458 2794 omisisti
1492 2739 1804 2811 prmcipua,
1827 2740 2050 2812 tibique

404 2826 732 2893 notissima,
768 2831 824 2881 et
853 2843 959 2881 cur
986 2828 1097 2882 hoc
1131 2827 1334 2882 feceris
1367 2829 1415 2882 si
1452 2828 1730 2893 admiror,
1768 2833 1832 2883 ut
1877 2829 2049 2884 velim

403 2933 473 2972 ex
502 2916 595 2971 his
627 2914 993 2987 aliquantula
1039 2932 1234 2970 coram
1265 2920 1320 2970 te
1352 2916 1613 2987 prodere,
1667 2922 1721 2971 et
1755 2934 1931 2989 quare
1965 2919 2049 2972 di-

408 3004 642 3061 miseris
681 3004 1000 3061 addiscere.
1033 3006 1179 3057 Ante
1228 3003 1535 3075 quiquam
1585 3004 1885 3061 introisset
1931 3007 2052 3061 Me-

408 3093 707 3149 diolanum
730 3094 801 3149 ad
835 3092 1290 3165 praedicandum,
1316 3092 1544 3164 publice
1567 3095 1637 3149 ad
1660 3095 2053 3151 Varisiensem
2089 3115 2131 3180 ρ

408 3180 636 3255 plebem
651 3180 991 3236 clericorum
1011 3180 1449 3236 multitudinem
1464 3184 2047 3257 convocavit,eisque,

407 3273 520 3330 sub
549 3272 766 3343 quibus
796 3275 991 3325 essent
1014 3271 1311 3325 erroribus
1342 3270 1636 3339 indicavit,
1661 3277 1735 3341 et,
1770 3277 1833 3328 ut
1864 3275 1935 3329 ab
1966 3275 2050 3330 eis

405 3363 762 3431 redecerent,
779 3360 1028 3431 benigne
1059 3359 1382 3414 admonuit.
1410 3361 1514 3427 Qui
1548 3362 1675 3432 ejus
1705 3363 1878 3417 verba
1895 3381 2051 3435 spre-

403 3468 555 3520 vere,
590 3450 847 3507 dicentes
882 3467 894 3504 :
928 3448 1106 3503 Nobis
1153 3449 1279 3504 ideo
1311 3448 1432 3503 haec
1464 3448 1737 3521 loqueris,
1772 3452 1911 3522 quia
1967 3454 2049 3509 in-

403 3540 663 3597 eruditos
706 3538 1047 3611 cognoscis;
1077 3544 1368 3608 czeterum,
1402 3540 1451 3594 si
1494 3540 1696 3596 doctor
1734 3540 1933 3597 haberi
1963 3544 2049 3600 vis

404 3628 723 3694 credibilis,
747 3628 911 3695 vade,
946 3631 1002 3683 et
1049 3628 1109 3682 in
1140 3628 1281 3683 urbe
1310 3627 1429 3682 haec
1462 3627 1621 3700 loqui
1655 3629 1773 3684 noli
1821 3630 2045 3688 timere.

401 3717 564 3784 Quod
586 3716 636 3773 si
658 3732 826 3789 agere
847 3732 1028 3773 ausus
1050 3716 1249 3782 fueris,
1264 3733 1389 3788 qua:
1408 3717 1573 3783 dicis,
1590 3718 1877 3774 credenda
1896 3737 2049 3776 com-

403 3805 700 3880 probabis.
734 3809 798 3860 Et
844 3810 985 3861 tunc
1030 3806 1233 3863 urbem
1282 3804 1601 3878 ingressus,
1633 3812 1691 3863 et
1742 3810 2046 3881 populum,

403 3895 560 3953 sicut
583 3898 645 3951 tu
679 3895 898 3963 dixisti,
927 3899 1017 3951 est
1038 3894 1347 3951 allocutus.
1373 3896 1434 3950 In
1464 3895 1592 3967 ipso
1618 3897 1791 3952 etiam
1815 3900 2048 3955 exordio

403 4001 522 4043 sua
539 3985 989 4057 pradicationis,
1014 3984 1238 4051 tandiu,
1263 4001 1396 4039 cum
1420 3984 1737 4057 aliquantis
1758 3987 2046 4058 ﬁdelibus,

403 4090 508 4146 per
534 4074 885 4130 venerabilia
914 4073 1057 4140 loca,
1082 4077 1417 4129 sanctorum
1452 4074 1722 4146 flagitans
1749 4077 2047 4150 suffragia,

406 4162 583 4219 nudis
613 4162 851 4219 incessit
879 4164 1148 4235 pedibus,
1173 4164 1354 4218 donec
1386 4163 1469 4218 sic
1498 4163 1955 4221 intumescerent
1986 4173 2052 4223 ut

405 4268 584 4326 super
611 4268 711 4310 eos
740 4251 901 4309 nullo
933 4253 1106 4308 modo
1136 4252 1454 4307 consistere
1486 4261 1701 4324 posset.

474 4387 563 4443 8t.
588 4387 712 4442 Duo
743 4385 992 4459 denique
1014 4385 1435 4457 sapientissimi
1459 4386 1672 4457 clerici,
1695 4389 1895 4445 audita
1924 4392 2050 4461 ejus

2158 1804 2404 1858 reticum
2429 1803 2744 1873 quemdam
2763 1803 2834 1856 ab
2857 1800 3027 1855 altari
3051 1799 3281 1872 repulit,
3307 1815 3412 1854 cur
3433 1814 3550 1854 non
3576 1797 3814 1853 dixisti?

2156 1892 2429 1947 Timuisti
2460 1892 2702 1947 forsitan
2747 1907 2815 1945 ne
2844 1890 2903 1944 in
2931 1906 2997 1944 eo
3028 1888 3212 1960 aliqui
3251 1886 3811 1943 scandalizarentur.

2158 1981 2327 2049 Scito,
2364 1980 2730 2047 charissima,
2761 1979 2898 2051 quia
2928 1978 3079 2035 dicta
3116 1978 3384 2049 factaque
3415 1974 3655 2043 Arialdi,
3687 1974 3814 2030 imo

2156 2077 2210 2126 et
2237 2070 2470 2137 Christi,
2503 2067 2820 2124 incredulis
2851 2073 2906 2123 et
2948 2066 3235 2139 perversis
3267 2065 3440 2131 plena
3487 2063 3814 2133 scandalis,

2159 2160 2270 2231 piis
2300 2176 2428 2214 vero
2488 2159 2747 2213 fomenta
2777 2161 2915 2212 sunt
2965 2154 3191 2211 ardoris
3223 2158 3281 2209 et
3309 2152 3476 2209 lucis.
3509 2153 3590 2208 Ea
3627 2152 3817 2224 igitur

2160 2249 2287 2303 istis
2319 2248 2666 2320 pendamus,
2691 2247 2759 2301 de
2791 2245 2908 2300 illis
2932 2261 3063 2299 vero
3095 2242 3457 2299 Salvatorem
3479 2241 3672 2297 dicere
3703 2258 3813 2298 au-

2158 2339 2391 2393 diamus
2417 2355 2434 2390 :
2474 2360 2493 2385 (ι
2549 2336 2753 2399 Sinite,
2786 2334 2996 2405 inquit,
3029 2349 3165 2400 eos;
3217 2331 3358 2403 quia
3388 2330 3526 2386 eieci
3559 2334 3725 2396 sunt,
3757 2333 3817 2386 et

2158 2428 2336 2482 duces
2376 2442 2658 2481 caecorum
2690 2423 2895 2490 (Matth.
2930 2440 3021 2487 xv,
3056 2421 3166 2492 Μ).
3202 2443 3230 2470 ››
3277 2420 3643 2476 Transeunte
3672 2435 3816 2491 ergo

2159 2533 2261 2588 per
2291 2516 2570 2586 majorem
2599 2512 2902 2569 ecclesiam
2930 2527 3063 2566 cum
3092 2509 3370 2565 fratribus
3397 2508 3633 2564 Arialdo
3655 2507 3817 2564 Chri-

2159 2606 2233 2661 sti
2287 2605 2524 2670 famulo,
2558 2602 2776 2657 audivit
2823 2602 2978 2673 quod
3012 2601 3069 2655 in
3121 2600 3324 2655 eadem
3378 2598 3525 2654 hora
3567 2599 3815 2670 quidam

2158 2694 2387 2750 adulter
2417 2698 2473 2750 et
2501 2693 2867 2748 Simoniacus
2898 2692 2969 2745 ait
3000 2690 3319 2760 quoddam,
3342 2687 3526 2760 ipsius
3559 2685 3816 2743 basilica:

2160 2784 2343 2839 altare
2374 2787 2717 2848 accesserat,
2749 2786 2814 2835 ut
2851 2797 2913 2835 se
2944 2778 3249 2834 simularet
3296 2776 3376 2832 ibi
3406 2792 3616 2832 canere
3666 2775 3814 2832 mis-

2162 2891 2287 2929 sam
2323 2891 2335 2928 :
2372 2877 2607 2938 Eamus,
2636 2870 2846 2941 inquit,
2894 2868 3053 2923 illuc.
3086 2867 3171 2922 Ad
3221 2883 3396 2938 quem
3429 2881 3563 2920 cum
3610 2880 3815 2936 perve-

2164 2964 2366 3027 nisset,
2401 2963 2481 3017 ait
2510 2979 2522 3016 :
2557 2960 2699 3014 Cum
2748 2958 2903 3013 enim
2960 2963 3023 3012 tu
3055 2956 3137 3011 sis
3178 2954 3315 3010 talis
3347 2953 3507 3025 quali
3554 2952 3816 3009 ecclesia

2167 3051 2341 3107 valvae
2367 3054 2560 3123 patere
2595 3048 2834 3104 minime
2866 3047 3162 3111 deberent,
3194 3060 3299 3098 cur
3330 3048 3599 3099 sanctum
3630 3040 3818 3098 altare

2167 3140 2474 3213 praesumis
2498 3137 2755 3210 pollutus
2776 3135 3130 3206 contingere,
3146 3140 3202 3187 et
3222 3130 3321 3187 illa
3341 3130 3621 3203 mysteria
3638 3146 3819 3202 agere

2160 3247 2286 3302 quae
2322 3226 2687 3283 solummodo
2718 3224 2986 3279 innocuis
3017 3226 3073 3277 et
3103 3221 3283 3277 castis
3310 3224 3450 3275 sunt
3469 3217 3819 3283 commissa,

2160 3324 2214 3374 te
2246 3317 2507 3389 ﬁngere?
2538 3315 2716 3371 Aufer
2744 3319 2800 3368 te
2838 3313 2973 3368 hinc
3015 3310 3384 3382 quantocius,
3413 3306 3663 3379 putride.
3701 3306 3820 3372 Qui

2160 3426 2290 3463 cum
2324 3407 2459 3461 inde
2492 3422 2553 3460 sc
2582 3422 2696 3459 non
2730 3405 3044 3467 amoveret,
3067 3399 3151 3454 vir
3176 3398 3278 3453 Dei
3308 3411 3547 3453 manum
3573 3395 3647 3450 ad
3684 3394 3820 3466 pla-

2160 3503 2352 3552 netam
2407 3495 2588 3561 misit,
2639 3508 2885 3563 eamque
2934 3490 3005 3544 ab
3054 3488 3180 3559 ejus
3230 3491 3390 3558 tergo
3434 3482 3708 3551 extraxit,
3762 3488 3823 3540 et

2157 3587 2352 3657 ipsum
2378 3585 2450 3639 ab
2482 3582 2649 3639 altari
2670 3579 2924 3652 expulit;
2952 3581 3117 3633 erant
3138 3575 3294 3631 enim
3313 3579 3455 3629 tunc
3476 3573 3535 3627 in
3561 3571 3817 3628 circuitu

2159 3675 2424 3745 ejusdem
2469 3671 2747 3736 ecclesize,
2799 3685 2977 3723 causa
3026 3663 3385 3738 negotiandi,
3444 3666 3566 3717 tam
3614 3660 3820 3717 civiles

2160 3765 2265 3819 viri
2297 3780 2474 3835 quam
2506 3757 2829 3817 suburbani
2879 3755 3097 3829 pariter
3125 3751 3484 3826 congregati.
3519 3750 3628 3815 Qui
3675 3750 3822 3806 exiit

2159 3859 2216 3909 et
2267 3871 2366 3925 per
2421 3852 2608 3907 forum
2658 3845 3087 3920 querimoniam
3108 3843 3256 3899 fecit.
3292 3841 3593 3897 Commota
3616 3838 3821 3910 itaque

2160 3942 2394 4018 populo,
2428 3939 2805 4010 dimissisque
2856 3934 3128 4007 negotiis,
3160 3950 3227 3989 ac
3257 3931 3513 3987 fustibus
3549 3927 3817 4018 elevatis,

2161 4016 2262 4106 per
2301 4031 2450 4087 ostia
2480 4030 2731 4092 irruunt,
2766 4031 2830 4080 ut
2876 4024 3072 4096 ipsum
3119 4025 3385 4094 quaerant
3413 4025 3469 4075 et
3496 4016 3819 4091 perimant.

2161 4123 2288 4194 Ipse
2336 4136 2468 4174 vero
2500 4118 2690 4174 sciens
2740 4132 2868 4187 quae
2897 4116 3144 4169 ventura
3179 4115 3367 4177 erant,
3400 4125 3517 4164 non
3560 4106 3822 4177 fugerat,

2161 4210 2259 4265 sed
2292 4208 2540 4280 gradum
2573 4203 2935 4267 ascenderat,
2967 4200 3165 4272 ibique
3195 4196 3480 4271 populum
3513 4197 3823 4266 exspecta-

2163 4302 2284 4355 bat.
2324 4297 2595 4352 Videntes
2617 4309 2752 4365 ergo
2782 4308 2918 4347 eum
2940 4290 2996 4345 in
3029 4288 3212 4361 gradu
3232 4290 3505 4354 stantem,
3532 4299 3827 4355 sacraque

2165 4405 2342 4444 manu
2374 4386 2736 4447 innuentem,
2767 4396 2971 4436 omnes
3013 4376 3383 4450 deponebant
3428 4374 3636 4438 fustes,
3668 4376 3732 4428 et
3760 4388 3826 4428 se

400 4479 580 4545 fama,
613 4476 683 4532 de
711 4474 1049 4548 longinquis
1079 4473 1417 4546 regionibus
1449 4476 1520 4530 ad
1551 4492 1683 4531 eum
1718 4460 2044 4545 venere,ut
2078 4491 2122 4556 D
2153 4480 2224 4536 ad
2244 4475 2603 4533 audiendum
2634 4470 3126 4543 parabant,super
3148 4466 3307 4556 ipsos
3349 4462 3668 4556 innitentes
3696 4479 3711 4516 :
3745 4460 3824 4556 fa-

398 4568 818 4640 cognoscerent
847 4563 1138 4634 quomodo
1168 4562 1291 4635 ipse
1321 4564 1567 4620 scicntia
1594 4565 1859 4637 polleret.
1894 4570 2051 4633 Quo-

398 4673 529 4713 rum
565 4671 717 4711 unus
748 4653 799 4710 ci
833 4669 894 4709 se
944 4652 1003 4707 in
1036 4652 1409 4709 altercatione
1440 4654 1676 4720 obtulit,
1709 4659 1765 4710 et
1795 4674 1828 4711 a
1880 4674 2051 4716 mane

397 4761 586 4819 usque
614 4744 687 4800 ad
719 4742 923 4799 horam
949 4742 1067 4798 fere
1096 4759 1332 4810 nonam,
1357 4742 1535 4799 altero
1567 4744 1799 4815 penitus
1822 4745 2047 4814 silente,

395 4841 695 4907 utcunque
738 4832 971 4898 restitit,
1004 4836 1059 4888 et
1107 4836 1248 4888 tunc
1295 4831 1376 4888 sic
1408 4837 1498 4889 est
1543 4834 1801 4890 devictus
1831 4839 1895 4889 ut
1946 4853 2050 4891 nec

395 4925 537 4999 quid
567 4920 883 4980 insolubile
931 4921 1205 4992 objicere,
1240 4938 1344 4977 nec
1376 4927 1573 4994 posset
1602 4923 1829 4995 objecta
1857 4925 2050 4980 exsol-

392 5031 544 5072 vere.
576 5012 770 5068 Alium
801 5028 956 5080 vero,
990 5011 1129 5082 quia
1159 5011 1337 5066 nimis
1369 5012 1663 5067 eruditum
1691 5013 1922 5085 reperit,
1957 5015 2050 5069 die

394 5105 595 5161 eodem
628 5101 932 5158 devincere
964 5117 1079 5156 non
1111 5101 1318 5173 potuit,
1356 5101 1456 5157 scd
1490 5101 1548 5155 in
1581 5104 1760 5158 altero
1792 5108 2046 5175 prostra-

393 5193 494 5250 vit.
531 5194 709 5259 Quos,
740 5188 877 5245 licet
905 5190 1185 5259 devictos,
1218 5189 1357 5262 quia
1385 5190 1550 5245 valde
1574 5190 1773 5247 doctos
1807 5192 2046 5259 invenit,

394 5281 651 5339 multum
683 5277 906 5346 dilexit,
936 5277 1137 5350 eisque
1167 5295 1401 5335 omnem
1434 5278 1683 5351 benigne
1712 5280 2047 5337 humanita-

394 5376 512 5429 tem
544 5366 856 5441 impendit,
881 5369 940 5421 et
968 5366 1052 5422 sic
1074 5368 1309 5424 tandem
1334 5368 1493 5424 abire
1515 5369 1802 5439 permisit.
1826 5370 2049 5426 Accidit

485 5486 549 5539 31
606 5483 740 5538 Jam
774 5479 915 5544 dixi,
948 5494 1141 5536 arcem
1168 5485 1529 5543 Aronensem
1558 5484 1759 5538 videri.

464 5486 578 5643 232;
604 5552 676 5609 Et
702 5547 800 5606 hic
828 5550 889 5604 et
914 5546 975 5605 in
1007 5550 1264 5627 prologo,
1296 5570 1400 5632 per
1426 5552 1759 5643 idiotismur

2162 4572 2252 4624 cto
2284 4565 2536 4635 denique
2567 4559 2797 4617 silentio
2822 4574 3055 4630 magno,
3085 4553 3557 4627 praedicationem
3575 4550 3661 4605 sic
3679 4547 3830 4605 mel-

2160 4656 2382 4713 lifluam
2417 4649 2743 4723 composuit
2774 4652 2838 4701 ut
2866 4647 3061 4712 corda,
3095 4660 3222 4716 quas
3255 4643 3487 4697 fuerant
3514 4642 3822 4695 commota

2159 4751 2217 4802 et
2247 4742 2595 4800 conturbata
2626 4755 2725 4810 per
2764 4735 2897 4791 falsi
2943 4734 3119 4789 verba
3164 4728 3506 4795 sacerdotis,
3536 4731 3828 4799 operante

2159 4832 2541 4904 etinstigante
2565 4823 2916 4889 adversario,
2932 4823 3279 4877 sedarentur
3297 4816 3831 4875 etdulcorarentur

2159 4940 2261 4996 per
2290 4921 2466 4975 verba
2509 4915 2629 4973 veri
2677 4913 2893 4970 Christi
2947 4910 3174 4974 famuli,
3209 4909 3485 4980 operante
3533 4908 3592 4960 et
3640 4904 3831 4959 ﬂante

2159 5011 2379 5083 Spiritu
2428 5011 2662 5071 sancto;
2694 5006 2751 5059 et
2782 5018 2903 5066 ora,
2939 5017 3065 5071 qua:
3113 4996 3386 5053 intrando
3417 5009 3634 5049 vesane
3684 5010 3831 5065 pro-

2159 5081 2580 5157 clamaverant:
2604 5093 2906 5161 Moriatur,
2925 5089 3235 5155 moriatur;
3257 5083 3520 5141 exeundo
3538 5081 3829 5138 dicebant

2159 4992 2379 5083 Spiritu
2428 5011 2662 5071 sancto;
2694 5006 2751 5059 et
2782 5018 2903 5066 ora,
2939 5017 3065 5071 qua:
3113 4996 3386 5053 intrando
3417 5009 3634 5049 vesane
3684 5010 3831 5065 pro-

2159 5100 2580 5157 clamaverant:
2604 5093 2906 5161 Moriatur,
2925 5089 3235 5155 moriatur;
3257 5083 3520 5141 exeundo
3538 5081 3829 5138 dicebant

2158 5190 2375 5246 orando
2409 5204 2421 5241 :
2460 5185 2653 5240 Faciat
2682 5187 2738 5237 te
2768 5179 3036 5235 Christus
3082 5195 3184 5249 per
3211 5174 3398 5231 multa
3428 5177 3707 5244 tempora
3738 5169 3825 5226 vi-

2158 5295 2305 5323 vam
2340 5276 2436 5323 nni
2471 5273 2608 5323 huic
2636 5271 2761 5323 loco
2782 5273 2838 5323 te
2870 5285 2972 5323 nro
2995 5271 3194 5322 nostra
3216 5263 3404 5321 salute
3420 5265 3510 5319 est
3539 5252 3845 5323 dignatus

2157 5295 2307 5343 vere,
2340 5276 2440 5348 qui
2471 5273 2608 5329 huic
2636 5271 2761 5325 loco
2782 5273 2838 5324 te
2870 5285 2972 5340 pro
2995 5271 3194 5322 nostra
3216 5263 3404 5321 salute
3420 5265 3510 5319 est
3539 5252 3845 5334 dignatus

2157 5368 2426 5439 dirigere.

604 5552 676 5609 Et
702 5547 800 5606 hic
828 5550 889 5604 et
914 5546 975 5605 in
1007 5550 1264 5627 prologo,
1296 5570 1400 5632 per
1426 5552 1796 5645 idiotismum
1824 5555 2109 5640 Italicum,
2139 5556 2436 5619 Βοηυὶδὶηο
2466 5546 2765 5617 scribitur.
