3960 6216
250 324 411 396 1485

1813 323 2037 397 ACTA.

3497 334 3652 400 1486

320 465 411 520 86.
444 463 588 529 Quis
636 462 811 521 etiam
842 462 1149 534 laicorum,
1183 483 1348 523 suam
1378 465 1438 523 in
1470 467 1742 539 conjugio
1793 467 1899 522 ha-
1927 466 1979 532 Α
2012 466 2174 522 nium
2209 462 2508 537 memoria,
2546 469 2611 524 ut
2640 460 2874 541 penitus
2901 463 3147 523 inveniri
3181 465 3523 539 nequiverit.
3551 469 3654 524 Sa-

247 554 395 610 bens
423 554 947 627 consanguineam,
966 555 1218 611 audebat
1246 555 1547 611 ecclesiam
1578 555 1898 627 ingredi,in

245 658 365 714 qua
386 642 726 699 morabatur
741 642 1300 709 Arialdus,famulus
1317 644 1575 699 Christi?
1597 661 1732 699 nam
1754 644 1899 699 tales

244 746 316 787 ex
343 747 413 787 ea
441 747 724 804 personas
776 747 881 804 pro
911 731 1020 787 hoc
1051 732 1274 804 pepulit
1330 736 1396 787 ut
1424 749 1538 787 non
1587 731 1776 788 solum
1810 732 1899 785 fe-

242 817 416 885 cisse,
449 818 551 874 sed
572 818 747 874 etiam
771 819 1554 891 astimassepbstupendum
1577 820 1671 875 sit.
1697 819 1896 875 Mona-

240 905 388 962 chos
431 910 650 973 autem,
685 906 1047 963 consortium
1106 907 1571 963 Simoniacorum
1612 907 1893 963 abbatum

238 992 649 1067 falsorumque
663 994 908 1051 fratrum
928 994 1493 1067 fugientes,benigne
1516 996 1893 1067 suscipiebat;

239 1083 345 1139 sed
397 1083 667 1154 nunquid
696 1099 899 1139 eorum
940 1082 1157 1154 aliquis
1186 1084 1246 1139 in
1277 1084 1403 1154 ejus
1436 1085 1742 1156 prasentia
1769 1088 1893 1139 erat

238 1185 425 1228 ausus
452 1170 700 1228 vacare?
730 1176 1023 1243 quatenus
1066 1176 1169 1228 aut
1216 1190 1331 1228 non
1363 1172 1597 1245 legeret,
1652 1172 1741 1227 vel
1774 1189 1889 1228 non

237 1263 454 1326 oraret,
485 1264 587 1316 aut
614 1260 836 1331 aliquid
871 1276 984 1316 non
1016 1264 1250 1333 ageret;
1285 1277 1420 1316 nam
1442 1262 1490 1337 si
1514 1261 1807 1316 interdum
1830 1260 1889 1316 in

238 1349 370 1420 ejus
400 1353 675 1404 vacarent
693 1348 979 1416 absentia,
1004 1350 1089 1404 sic
1120 1349 1344 1421 pavide,
1371 1348 1536 1405 illum
1574 1349 1892 1405 sentientes

235 1436 457 1502 venire,
487 1438 558 1492 ad
589 1438 863 1509 praedicta
918 1438 1298 1494 recurrebant
1319 1455 1494 1509 opera
1534 1456 1546 1502 ;
1606 1437 1889 1510 quemad-

236 1524 485 1581 modum
519 1523 709 1581 solent
737 1525 796 1580 in
828 1524 1045 1582 scholis
1078 1526 1241 1598 pueri
1289 1530 1560 1582 vacantes
1590 1526 1660 1581 ad
1691 1525 1888 1581 lectio-

234 1627 373 1669 nem
406 1630 726 1681 recurrere,
759 1613 1107 1686 magistrum
1158 1614 1475 1670 sentientes
1504 1614 1718 1670 venire.
1747 1615 1887 1680 Quis

231 1701 438 1770 etiam,
466 1702 606 1758 dum
637 1702 1000 1775 praedicaret,
1050 1702 1109 1758 in
1140 1703 1342 1758 eodem
1376 1702 1501 1759 loco
1527 1703 1740 1759 mutire
1782 1720 1885 1759 au-

230 1789 467 1892 debat?
494 1806 631 1892 nam
663 1790 1091 1892 qualiscunque
1120 1796 1571 1892 personaesset,
1605 1791 1759 1847 illico
1789 1808 1891 1848 au-
1915 1826 1963 1892 Β

229 1877 436 1934 diebat
459 1896 471 1945 ;
507 1878 640 1934 Sive
668 1883 735 1933 tu
754 1880 973 1935 tacebis
996 1879 1116 1936 sive
1137 1896 1264 1952 ego,
1290 1880 1429 1952 quia
1449 1880 1733 1952 scriptum
1751 1885 1842 1936 est
1866 1898 1879 1935 :

229 1988 258 2017 α
288 1965 485 2023 Nolite
536 1966 766 2023 mittere
821 1969 1169 2039 margaritas
1217 1974 1444 2025 vestras
1500 1973 1633 2026 ante
1678 1986 1883 2042 porcos

226 2054 455 2126 (Matth.
482 2071 584 2122 vn,
616 2055 693 2124 6).
732 2078 752 2104 ι
789 2056 899 2112 Sed
930 2055 1067 2111 licet
1095 2060 1216 2113 tam
1242 2073 1477 2113 severus
1508 2063 1664 2113 esset
1680 2062 1885 2114 contra

226 2142 804 2217 delinquentes,quis
824 2144 1025 2200 mitior
1043 2146 1236 2201 eratin
1281 2146 1654 2217 suscipiendo
1699 2146 1881 2218 poeni-

223 2232 464 2288 tentes?
493 2235 636 2287 Cum
667 2232 824 2287 enim
852 2233 1139 2304 veri,quid
1163 2234 1507 2289 dicebantur
1536 2235 1881 2307 presbyteri,

224 2320 283 2375 in
321 2320 611 2376 adulterio
669 2320 1267 2392 deprehenderentur,
1298 2327 1357 2378 et
1412 2340 1445 2379 a
1474 2324 1619 2379 facie
1681 2323 1882 2395 populi

224 2408 638 2481 persequentis
668 2408 833 2465 locus
862 2410 947 2465 eis
978 2414 1141 2466 tutus
1199 2410 1441 2467 minime
1471 2415 1692 2484 pateret
1721 2411 1878 2479 alibi,

222 2498 296 2553 ad
333 2498 530 2569 ipsum
563 2496 996 2569 confugiebant.
1017 2499 1174 2562 Quos
1194 2498 1243 2554 si
1274 2516 1419 2571 pure
1443 2500 1741 2556 confessos
1767 2518 1885 2556 cer-

223 2590 413 2653 uerat,
448 2586 718 2658 protinus
748 2602 847 2642 eos
897 2587 958 2641 in
990 2586 1267 2643 omnibus
1324 2589 1563 2644 omnino
1593 2589 1758 2655 locis,
1785 2605 1881 2645 ex-

223 2678 395 2747 cepto
425 2674 630 2731 altaris
677 2674 891 2741 ofﬁcio,
924 2691 1064 2732 suos
1105 2676 1356 2732 faciebat
1409 2677 1742 2749 participes,
1778 2694 1882 2734 nec

220 2764 503 2836 deinceps
524 2765 841 2838 apparebat
864 2765 1183 2837 quisquam
1206 2765 1304 2837 qui
1329 2766 1519 2821 dicere
1560 2771 1761 2822 contra
1782 2783 1880 2823 eos

219 2855 611 2923 praesumeret
640 2851 988 2923 quidquam.
1016 2851 1116 2907 Dei
1150 2868 1282 2907 vero
1314 2851 1650 2918 Parasceve,
1689 2853 1749 2908 in
1781 2870 1881 2909 cu-

219 2940 422 3007 biculo
453 2939 675 3005 clauso,
726 2940 922 2995 nudus
972 2941 1359 2997 confitebatur
1408 2957 1602 2996 eoram
1659 2941 1882 2999 caeteris

221 3027 531 3094 fratribus,
564 3028 852 3100 quidquid
883 3045 917 3084 a
948 3028 1257 3084 cunabulis
1287 3028 1701 3101 deliquerat,et
1748 3046 1883 3102 pro-

2010 554 2159 610 lubri
2191 556 2368 627 igitur
2392 556 2633 612 consilio
2685 559 2931 628 reperto,
2962 556 3200 629 signum
3253 556 3512 612 salutare
3539 556 3652 612 sibi

2008 644 2065 696 iu
2102 643 2289 699 fronte
2310 645 2636 716 impressit,
2658 645 2829 714 juxta
2859 644 3040 700 altare
3070 661 3133 699 se
3162 644 3492 715 prostravit,
3527 660 3650 700 rem

2008 731 2296 801 perditam
2323 749 2356 788 a
2386 733 2632 788 Domino
2664 733 2866 804 petiit;
2899 749 3075 804 quam
3121 732 3205 787 sic
3253 731 3522 803 protinus
3561 731 3649 787 in-

2006 818 2163 874 venit
2193 836 2259 874 ac
2279 820 2328 876 si
2360 821 2420 875 in
2449 820 2596 888 loco,
2631 838 2746 892 quo
2778 820 2973 892 posuit
3001 820 3314 889 occultum,
3373 820 3431 875 id
3490 821 3648 891 quod

2004 908 2324 977 petebatur,
2356 908 2668 965 haberetur
2694 909 3073 981 descriptum.

2072 1040 2160 1094 88.
2194 1039 2365 1096 Aliud
2388 1059 2518 1097 vero
2551 1042 2789 1114 signum
2819 1042 3034 1097 factum
3067 1046 3175 1108 est,
3208 1043 3348 1097 dum
3382 1041 3647 1108 illum,ex

2004 1143 2155 1198 aqua
2183 1127 2293 1183 laci
2328 1130 2674 1200 projectum,
2726 1131 2795 1184 ad
2846 1130 3052 1185 urbem
3108 1130 3476 1186 duceremus.
3509 1130 3648 1184 Erat

2000 1214 2156 1269 enim
2188 1214 2246 1269 in
2292 1217 2545 1287 quodam
2594 1218 2719 1272 vico
2750 1218 2988 1289 quidam
3020 1218 3295 1285 rusticus,
3328 1235 3428 1289 per
3459 1216 3648 1273 multa

2000 1305 2263 1372 tempora
2290 1304 2490 1359 morbo
2525 1305 2775 1376 paralysi
2827 1305 3169 1373 dissolutus,
3210 1306 3310 1376 qui
3367 1322 3500 1361 cum
3541 1323 3644 1360 au-

2001 1391 2185 1446 disset
2214 1393 2365 1461 quod
2398 1392 2607 1449 Christi
2642 1398 2862 1463 martyr
2890 1411 2993 1466 per
3032 1395 3184 1449 viam
3216 1395 3543 1459 duceretur,
3577 1394 3644 1448 ﬁ-

1999 1480 2132 1534 dem
2164 1480 2387 1536 habens
2414 1482 2731 1547 firmam,in
2763 1483 3029 1537 eamdem
3060 1482 3195 1538 fecit
3224 1499 3285 1538 se
3312 1482 3464 1537 viam
3482 1482 3644 1551 ferri,

1998 1568 2198 1639 ibique
2221 1568 2459 1624 dimitti.
2493 1571 2859 1626 Transeunte
2888 1570 3084 1642 itaque
3116 1571 3306 1639 turba,
3334 1588 3457 1642 qua:
3502 1571 3647 1626 fere-

1997 1661 2156 1711 trum
2189 1659 2573 1729 prazcedebat,
2600 1663 2914 1729 martyrem
2953 1658 3226 1714 infirmus
3255 1658 3643 1730 exspectabat.

1994 1744 2079 1799 Ad
2111 1762 2285 1816 quem
2320 1762 2454 1801 cum
2486 1748 2933 1818 pervennissent
2964 1747 3063 1818 qui
3096 1748 3291 1819 ipsum
3315 1746 3651 1819 portabant,

1995 1834 2068 1889 ab
2099 1834 2333 1889 infirmo
2365 1836 2565 1890 eodem
2601 1837 2812 1891 obnixe
2844 1838 3027 1908 rogati
3062 1837 3462 1908 perstiterunt,
3488 1852 3647 1891 eum-

1994 1936 2106 1991 que
2136 1937 2331 1975 coram
2366 1921 2491 1992 ipso
2542 1922 2883 1993 deposuere.
2945 1924 3014 1977 Et
3055 1922 3274 1992 (nescio
3333 1926 3530 1978 utrum
3582 1939 3650 1978 ex

1992 2008 2113 2063 solo
2143 2009 2271 2064 visu
2305 2026 2377 2064 an
2407 2010 2585 2079 tactu)
2616 2011 2852 2065 sanitati
2875 2010 2957 2066 sic
2979 2015 3067 2066 est
3086 2011 3355 2082 protinus
3378 2010 3647 2066 redditus

1992 2100 2075 2161 ut,
2110 2096 2208 2168 qui
2239 2098 2330 2151 vix
2361 2097 2608 2153 aliorum
2643 2099 2917 2154 manibus
2948 2099 3158 2154 deferri
3187 2098 3645 2168 valebat,statim

1993 2184 2117 2239 suis
2148 2185 2393 2239 firmiter
2434 2185 2725 2242 incederet
2755 2186 2991 2257 plantis.
3033 2188 3179 2242 Nam
3211 2204 3316 2258 ego
3375 2191 3515 2241 tunc
3548 2187 3646 2241 ad-

1991 2289 2148 2327 eram
2186 2274 2338 2328 iuter
2367 2274 2820 2346 subsequentem
2854 2277 3085 2330 turbam
3112 2294 3125 2343 ;
3161 2279 3261 2331 sed
3285 2292 3418 2330 cum
3441 2275 3643 2331 audis-

1991 2378 2114 2415 sem
2146 2361 2273 2430 hoc,
2307 2362 2534 2417 fortiter
2562 2364 2788 2419 firmavi
2828 2380 3119 2436 gressum,
3153 2370 3217 2419 ut
3244 2364 3480 2419 veniens
3510 2368 3645 2419 ante

1993 2450 2271 2505 feretrum
2304 2450 2492 2506 virum
2536 2451 2883 2523 inspicerem
2911 2454 3157 2508 ﬁrmiter
3212 2453 3642 2521 incendentem,

1995 2538 2297 2611 Deumque
2329 2539 2689 2595 laudantem.

2061 2674 2150 2728 89.
2184 2674 2447 2728 Tertium
2481 2676 2796 2745 vero,quod
2821 2693 2992 2731 narro
3007 2675 3501 2741 miraculum,non
3516 2675 3646 2746 qui-

1990 2762 2125 2816 dem
2160 2767 2390 2833 egomet
2419 2763 2556 2831 vidi,
2590 2764 2973 2835 sed,quadam
3006 2781 3256 2837 persona
3283 2764 3450 2820 valde
3484 2764 3645 2820 fideli

1992 2854 2287 2915 narrante,
2320 2850 2520 2907 didici.
2554 2852 2732 2906 Erant
2750 2851 3034 2923 aliquanti
3061 2852 3170 2906 viri
3203 2853 3276 2907 ad
3308 2855 3535 2923 portam
3554 2852 3643 2905 Ti-

1990 2938 2308 2993 ciniensem
2328 2938 2853 3012 simulcongregati
2881 2958 2893 2995 :
2919 2936 3217 3012 cceperuiit
3233 2941 3430 3012 itaque
3451 2940 3645 2996 confa-

1993 3025 2357 3082 bulationem
2412 3027 2627 3084 habere
2657 3034 2777 3084 tam
2800 3030 2872 3084 de
2915 3029 3146 3086 Arialdo
3178 3029 3391 3084 Christi
3420 3027 3640 3085 famulo

221 3117 401 3190 culpa
432 3132 787 3189 unaquaque
817 3134 879 3172 se
937 3117 1185 3173 faciebat
1228 3118 1524 3173 verberari
1578 3119 1878 3175 acerrime.
1994 3116 2257 3187 quamde
2283 3116 2375 3171 his
2395 3116 2495 3188 qui
2519 3118 2648 3187 ejus
2680 3119 3077 3174 venerandum
3118 3115 3643 3190 adorabantsepul-

221 3205 408 3262 Nemo
429 3204 587 3261 enim
618 3204 676 3261 id
710 3205 896 3261 facere
956 3205 1270 3278 cogebatur
1299 3206 1517 3262 invitus
1545 3225 1557 3274 ;
1591 3207 1691 3263 sed
1747 3224 1873 3280 per-
1906 3193 1948 3259 C
1994 3221 2186 3259 crum.
2217 3206 2369 3260 Tum
2402 3208 2837 3279 unus,superho
2858 3207 3233 3279 malignoque
3263 3206 3473 3279 spiritu
3492 3206 3649 3262 afﬂa-

222 3293 647 3362 mittebatur,si
669 3292 1865 3367 quisquamhocagerevelletspoutaneus.
1974 3298 2094 3360 tus,
2130 3293 2246 3349 tale
2277 3295 2698 3349 exsecrandum
2730 3295 2970 3367 protulit
2988 3296 3228 3351 verbum
3256 3312 3267 3350 :
3310 3294 3629 3367 Majus,in-

219 3382 352 3437 Hac
383 3381 525 3453 quia
553 3380 657 3436 tibi
716 3384 855 3437 sunt
901 3386 1120 3450 nota,et
1149 3382 1516 3440 aediﬁcationi
1550 3382 1736 3446 utilia,
1768 3400 1872 3438 cur
1981 3382 2129 3454 quit,
2166 3381 2525 3438 desiderium
2582 3388 2671 3437 est
2727 3383 2869 3437 mihi
2905 3400 3081 3454 super
3134 3383 3327 3453 ipsum
3370 3383 3632 3453 mingere

218 3470 477 3528 omisisti
504 3470 533 3524 ‘I
561 3469 823 3537 obsecro,
855 3486 927 3525 ne
956 3469 1152 3536 sileas,
1204 3470 1305 3526 sed
1339 3470 1484 3526 mihi
1533 3487 1711 3542 super
1761 3471 1869 3546 hoc
1978 3486 2157 3542 quam
2192 3470 2359 3525 illum
2392 3471 2654 3526 adorare.
2686 3472 2867 3535 Quem
2903 3475 3021 3526 tam
3045 3488 3233 3526 saevus
3264 3471 3632 3526 internorum

220 3559 405 3617 nimis
436 3559 749 3615 admiranti
780 3559 1017 3632 prodas.
1973 3557 3317 3630 viscerumillicodolorapprenhenditutneque
3333 3558 3636 3630 quiescere

289 3650 382 3706 87.
411 3650 683 3703 Annuus
720 3647 893 3704 Svno.
1982 3664 2170 3719 neque
2195 3647 2455 3719 mingere
2485 3648 2535 3702 ei
2568 3647 2817 3714 licuerit,
2841 3649 3044 3713 donec,
3094 3648 3276 3704 nimio
3306 3647 3503 3704 dolore
3532 3664 3636 3703 co-

289 3737 591 3806 Estimas,
624 3737 949 3793 venerande
992 3741 1150 3811 Syre,
1208 3738 1462 3794 aestimas
1519 3754 1612 3794 me
1656 3739 1875 3795 dixisse
1983 3741 2172 3809 gente,
2191 3736 2521 3808 pariterque
2552 3736 2948 3792 cohortatione
2978 3737 3235 3792 virorum
3268 3735 3635 3820 consiliantq,

223 3826 516 3900 quidquid
552 3842 644 3883 me
675 3826 986 3898 contigerit
1014 3826 1084 3882 de
1112 3827 1173 3882 Β.
1199 3826 1434 3883 Arialdo
1469 3827 1697 3884 scisse?
1725 3827 1874 3883 Audi
1989 3842 2207 3881 munus
2264 3826 2335 3880 ad
2389 3830 2449 3881 B.
2499 3825 2717 3881 Arialdi
2765 3825 3099 3897 sepulcrum
3122 3825 3416 3894 obtulerit,
3441 3825 3642 3897 ibique

222 3914 441 3980 adhuc,
474 3912 673 3985 qualia
700 3913 813 3968 tria
853 3915 1225 3985 praetermisi,
1256 3919 1320 3970 ut
1347 3932 1417 3971 ex
1460 3915 1554 3971 his
1583 3914 1878 3988 intelligas
1987 3913 2352 3982 adoraverit;
2390 3918 2446 3969 et
2475 3915 2558 3970 sic
2587 3914 2893 3987 pristinam
2919 3914 3258 3987 sospitatem
3292 3916 3643 3986 adeptusest

224 4019 318 4058 me
341 4001 534 4059 multa
552 4001 669 4058 alia
688 4002 982 4058 evidenter
1000 4003 1071 4059 de
1096 4020 1163 4058 eo
1188 4006 1611 4076 cognovisse,et
1632 4004 1883 4061 scienter
1990 4001 2340 4058 humiliatus
2362 4020 2538 4074 quam
2546 4005 2708 4075 juste
2725 4002 2999 4059 amiserat
3021 4003 3331 4074 superbus.
3358 4003 3417 4057 Si
3439 4005 3641 4058 autem

224 4090 520 4148 omisisse.
554 4095 892 4148 Perrexerat
918 4092 1075 4148 enim
1125 4091 1441 4164 aliquando
1496 4094 1776 4149 invitatus
1808 4094 1882 4149 ad
1991 4092 2146 4147 bona
2176 4091 2395 4159 omnia,
2428 4109 2556 4164 quae
2590 4092 2661 4147 de
2709 4109 2775 4147 eo
2800 4093 3079 4158 noverim,
3120 4091 3377 4147 scribere
3405 4088 3639 4156 vellem,

227 4179 536 4236 ecclesiam
567 4178 841 4235 Cumanae
862 4180 1203 4245 civitatis,ut
1232 4182 1566 4253 pacificaret
1594 4181 1884 4238 dissiden-
1993 4179 2157 4253 prius
2187 4179 2310 4236 dies
2332 4185 2389 4235 et
2413 4181 2615 4236 charta
2654 4182 2926 4237 deﬁceret
2970 4198 3146 4254 quam
3178 4197 3394 4237 sermo.
3423 4179 3643 4235 Verum

227 4274 314 4325 tes
336 4268 584 4325 clericos
614 4268 802 4340 ipsius
834 4269 1031 4338 urbis;
1066 4273 1189 4326 erat
1214 4270 1429 4343 quippe
1479 4274 1621 4326 tunc
1650 4275 1886 4344 tempus
1996 4270 2099 4340 qui
2129 4274 2289 4325 tanta
2318 4270 2391 4325 de
2418 4286 2485 4325 eo
2517 4270 2734 4342 scripta
2762 4276 2921 4340 sunt,
2941 4272 2999 4326 in
3032 4270 3250 4342 quibus
3279 4270 3422 4326 satis
3454 4272 3647 4341 potest

228 4356 1039 4431 quadragesimale.Cumque
1070 4358 1140 4414 ad
1161 4375 1345 4414 unum
1376 4358 1558 4414 altare
1587 4359 1887 4416 convenis-
1998 4358 2261 4431 dignosci
2294 4359 2428 4431 quis
2457 4358 2545 4415 vel
2577 4361 2732 4416 unde
2762 4360 2957 4428 fuerit,
2990 4360 3200 4432 quidve
3232 4359 3511 4426 docuerit,
3533 4356 3649 4412 vel-

231 4444 1891 4519 semus,utofﬁciumvespertinalepersolveremus,uuum
2000 4448 2137 4518 quid
2173 4465 2275 4520 pro
2322 4447 2552 4503 Christo
2582 4466 2897 4521 perpessus
2956 4450 3050 4518 sit,
3085 4453 3299 4503 metam
3332 4462 3647 4520 ponamus,

232 4535 373 4607 quid
407 4536 548 4606 (non
582 4534 858 4590 recordor
886 4536 1082 4604 modo,
1109 4540 1307 4591 utrum
1360 4536 1569 4593 fuisset
1614 4538 1685 4593 de
1741 4537 1890 4593 anti-
1923 4559 1972 4623 Ι)
2004 4541 2303 4609 Deumque
2333 4537 2554 4592 trinum
2612 4542 2669 4593 et
2703 4556 2889 4595 unum
2921 4537 3372 4603 benedicamus;
3432 4534 3526 4590 cui
3572 4534 3653 4592 sit

232 4623 451 4696 phonis
480 4621 572 4678 vel
603 4623 1015 4696 responsoriis)
1059 4625 1143 4681 sic
1195 4623 1460 4698 elapsum
1501 4630 1592 4681 est
1640 4626 1712 4681 ab
1768 4643 1896 4683 om-
1924 4621 1957 4623 ⁷
2004 4626 2192 4682 honor
2216 4631 2273 4682 et
2293 4626 2478 4699 gloria
2508 4627 2566 4682 in
2598 4627 2809 4683 saecula
2838 4626 3200 4684 saeculorum.
3225 4626 3432 4679 Amen.

998 4862 1592 4977 ANALECTA
1668 4864 1819 4977 DE
1886 4866 1978 4980 S.
2050 4865 2899 4979 HERLEMBALDO

1230 5037 1321 5098 Ex
1350 5038 1624 5117 antiquis
1651 5035 2045 5117 chronologis
2075 5038 2241 5117 apud
2271 5038 2676 5101 Puricellum.

1744 5151 2164 5163 ——-———-——o

788 5218 1028 5277 CAPUT
1058 5220 1365 5279 PRIMUM.
2012 5224 2206 5282 adhuc
2236 5223 2400 5281 addit
2434 5242 2446 5281 :
2482 5249 2509 5276 «
2572 5223 2647 5283 De
2677 5224 2919 5296 Arialdi,
2971 5247 2998 5275 »
3058 5220 3360 5296 inquiens,
3416 5248 3436 5274 ι
3472 5229 3662 5283 morte

251 5327 460 5383 Pacem
516 5341 661 5396 aegre
699 5330 1055 5383 constitutam
1081 5330 1267 5385 turbat
1332 5328 1526 5399 Guido,
1583 5328 1905 5399 Gothofreda
2015 5312 2204 5370 doluit
2233 5332 2383 5387 papa
2412 5313 2950 5384 Alexander;unde
2970 5329 3119 5371 anno
3141 5314 3666 5386 sequenti,scilicet

313 5398 639 5480 ._§z’moniaco
666 5414 873 5480 prensa
897 5400 1191 5480 sabstftutq
1224 5418 1245 5462 ;
1276 5403 1465 5457 contra
1525 5400 1672 5459 hunc
1707 5398 1903 5460 Medio-
2017 5401 2331 5460 millesimo
2364 5404 2723 5477 sexagesimo
2754 5409 3162 5477 septimo,cum
3188 5404 3349 5461 idem
3377 5424 3529 5480 papa
3556 5405 3669 5462 iret

318 5471 584 5525 lanemes
621 5469 797 5524 educit
826 5470 1264 5527 Herlembaldus.

2121 5492 2301 5565 synod
2313 5510 2430 5561 um,
2456 5469 2633 5567 quam
2655 5469 2904 5552 Mantua:
2932 5469 3668 5564 celebravit,Mcdiolanum

318 5578 371 5649 ι.
401 5574 717 5661 Desigente
746 5575 841 5665 hic
868 5575 1455 5661 AndremLandulfus
1482 5571 1691 5649 Junior
1721 5597 1904 5657 unum
2012 5581 2502 5659 venit,multaque
2535 5584 2670 5645 fecit
2695 5588 2916 5651 statuta
2943 5585 3015 5642 de
3037 5586 3189 5645 statu
3214 5583 3678 5679 Mediolaueusig
