3960 6216
249 345 413 423 ιω

1841 349 2076 423 ACTA.

3500 353 3667 430 me

249 486 348 546 nis
377 482 715 548 consilium.
735 483 917 548 Vetus
950 485 1170 564 quippe
1199 483 1310 547 fuit
1337 481 1518 548 Italici
1567 487 1731 563 regni
1761 506 1898 547 con-
1929 496 1982 564 Α
2013 487 2200 564 surgit
2230 505 2344 550 non
2375 486 2568 550 solum
2617 488 2679 552 in
2732 487 2899 552 illum
2928 491 3425 572 (Gothofredum),
3457 511 3659 556 verum

252 576 422 644 ditio.
465 593 848 650 perseverans
894 595 1083 652 usque
1128 578 1187 637 in
1239 579 1609 650 hodiernum,
1646 605 1673 631 ››
1703 582 1785 653 (id
1817 586 1905 638 est

251 683 476 726 annum
502 668 1110 740 1077,)«ut,defunetis
1131 670 1508 728 ecclesiarum
1534 671 1902 744 praesidibus,

250 757 574 830 imperator
601 759 689 815 vel
722 776 821 815 rex
851 760 1153 832 provideat
1181 777 1547 816 successores
1587 760 1836 828 Italicos,
1871 777 1905 816 a

249 846 408 902 clero
466 851 526 902 et
580 846 796 919 populo
822 847 1146 904 decibiliter
1177 848 1474 904 invitatus.
1509 849 1624 904 Hoc
1657 848 1902 905 Romani

247 935 602 991 canonicum
649 951 780 991 esse
826 941 1065 1006 negant;
1117 939 1213 992 sed
1263 937 1579 993 instantius
1620 937 1905 993 archidia-

250 1039 442 1080 conus
472 1023 1047 1097 Hitdeprandus,qui
1078 1042 1210 1081 cum
1243 1026 1456 1081 abolito
1488 1027 1661 1082 veteri
1687 1042 1903 1082 novum

249 1114 509 1168 tentaret
553 1111 830 1168 inducere
877 1114 1289 1180 constitutum,
1324 1136 1351 1162 »
1384 1114 1598 1183 (verius
1636 1115 1905 1181 dixisset,

247 1200 470 1256 abolito
488 1201 1025 1273 subreptitio,vetus
1045 1201 1594 1272 reducere,)upalam
1621 1203 1908 1257 fatebatur

247 1288 410 1345 haud
441 1306 612 1346 secus
643 1290 834 1346 sedari
866 1307 1035 1362 posse
1089 1291 1520 1346 Mediolanense
1566 1291 1904 1356 dissidium,

248 1393 436 1449 quam
466 1379 814 1434 canonicum
848 1378 1114 1434 habendo
1148 1384 1461 1450 pastorem,
1496 1379 1570 1435 ad
1602 1395 1777 1449 quem
1807 1378 1908 1433 eli-

247 1467 513 1540 gendum
543 1467 943 1523 necessarium
972 1468 1090 1522 fore
1121 1467 1354 1523 dicebat
1401 1468 1730 1522 Romanum
1763 1484 1908 1522 con-

247 1555 626 1611 sensumJIis
647 1556 971 1611 instructus
993 1557 1419 1612 assertionibus
1437 1555 1906 1624 Herlemhaldus,

247 1642 647 1700 Mediolanum
675 1644 1076 1716 veniens,quaa
1134 1645 1397 1700 audierat
1436 1644 1782 1700 festinanter
1807 1661 1904 1700 ex-

247 1731 541 1804 sequitur.
589 1732 758 1789 Prius
810 1749 946 1806 ergo
1003 1738 1222 1790 secreto
1274 1750 1490 1806 paucos
1520 1734 1786 1788 convenit
1838 1749 1906 1788 ex

246 1821 481 1888 amicis;
512 1838 549 1877 a
575 1822 791 1893 quibus
821 1839 956 1878 cum
987 1823 1241 1895 exigeret
1269 1821 1646 1894 sponsionem
1679 1821 1905 1878 celandi
1934 1863 1982 1929 B

253 1909 464 1929 ,-,,,.,

245 1909 493 1975 credita,
525 1913 693 1966 caute
723 1910 1038 1966 subintulit
1060 1911 1400 1982 juramento
1433 1927 1673 1967 causam
1720 1910 1903 1965 futuri

245 1997 507 2070 eligendi
537 1998 813 2070 pastoris,
843 2003 978 2069 post
1001 2000 1309 2056 decessum
1342 1998 1903 2070 presentiszdeinde

245 2087 355 2143 diu
385 2090 680 2160 noctuque
705 2086 1001 2155 laborans,
1033 2087 1212 2144 laicos
1242 2105 1507 2160 quosque
1557 2091 1616 2144 et
1661 2086 1904 2143 clericos

244 2176 443 2234 eidem
464 2176 801 2246 juramento
849 2177 1104 2232 reddidit
1132 2176 1675 2234 obnoxioanterim
1704 2180 1902 2232 tamen

246 2265 722 2338 speresqume
752 2265 1060 2337 praesulem
1119 2265 1444 2321 Guidonem
1485 2282 1601 2322 non
1657 2264 1900 2330 destitit,

245 2367 579 2425 omnesque
608 2369 726 2410 suae
758 2353 1283 2427 consanguinitatis
1306 2354 1580 2409 affines.»
1613 2353 1699 2408 Ita
1726 2353 1824 2408 ille
1840 2352 1901 2407 in

244 2441 730 2500 Herlemhaldum
778 2443 1062 2499 invidiose
1100 2447 1276 2515 atque
1305 2441 1689 2507 calumniose,
1725 2457 1900 2514 porro

244 2535 450 2588 tamen
477 2531 926 2602 describendus,
957 2536 1024 2588 ut
1051 2533 1385 2587 substantia
1409 2530 1664 2587 historiis
1694 2531 1902 2586 habea-

242 2624 348 2676 tur
401 2619 639 2676 discreti
691 2619 925 2676 lectoris
973 2620 1197 2690 judicio
1257 2619 1425 2676 facile
1475 2620 1803 2692 separanda
1865 2636 1902 2674 a

245 2709 445 2766 scorta
472 2708 764 2780 sequioris
791 2725 930 2781 erga
961 2708 1230 2764 Romanis
1263 2709 1526 2765 Ecclesia:
1567 2707 1899 2780 juridictio-

245 2813 386 2854 nam
411 2797 676 2853 etractus.
707 2796 804 2852 Sic
835 2812 972 2869 ergo
1003 2797 1374 2870 progreditur
1407 2816 1419 2854 :

295 2927 373 2986 ¹5.
401 2951 429 2980 ‹‹
459 2929 944 3002 Archiepiscopus
976 2933 1195 2999 autem,
1227 2947 1361 2986 cum
1393 2935 1478 2986 tot
1507 2931 1775 3002 nequiret
1789 2930 1900 2984 im-

245 3019 542 3075 minentes
573 3015 821 3074 tolerare
853 3035 1178 3091 pressurae,
1212 3023 1485 3074 aeternam
1529 3023 1797 3074 maturus
1846 3022 1902 3073 et

243 3106 529 3168 diuturno
550 3105 828 3179 languore
862 3107 1140 3162 membris
1161 3107 1434 3162 omnibus
1464 3107 1912 3175 dissolutus,ar-.

242 3191 500 3292 bitratus
530 3198 617 3251 est
647 3193 791 3251 forte
821 3195 1171 3252 conveniens
1201 3197 1445 3268 ut,quod
1485 3195 1582 3251 ille
1613 3196 1894 3267 (Herlem-
1926 3227 1968 3292 Ο

243 3283 824 3355 baldus)faciendum
865 3284 1354 3356 praevideratﬁpse
1391 3302 1623 3357 quoque
1675 3285 1893 3340 facien-

244 3375 388 3430 dum
409 3371 1000 3446 praeveniret,scilicet
1025 3377 1090 3428 ut
1111 3373 1456 3445 dignitatem
1482 3373 1776 3446 propriam
1812 3373 1890 3429 al-

241 3461 354 3520 teri
377 3479 439 3520 se
459 3463 684 3518 vivente
705 3463 1063 3518 concederet.
1099 3461 1204 3516 Per
1252 3462 1405 3517 idem
1445 3467 1676 3534 tempus
1709 3464 1895 3519 fuerat

242 3551 488 3624 quidam
521 3549 854 3606 ordinarius
884 3549 1159 3606 Ecclesiae
1209 3550 1627 3619 subdiaconus,
1659 3551 1894 3606 nomine

243 3638 824 3709 Gothofredus,illius
848 3656 880 3694 a
905 3638 1144 3695 secretis
1165 3656 1280 3712 pra:
1320 3639 1593 3694 omnibus
1642 3640 1853 3695 unicus
1879 3658 1891 3708 ;

244 3728 368 3804 qui,
403 3745 473 3786 ex
505 3744 619 3801 quo
641 3726 862 3783 domini
886 3727 977 3784 sui
1003 3731 1402 3800 penetraverat
1425 3731 1700 3794 mentem,
1734 3727 1794 3782 in
1835 3745 1896 3783 se

241 3816 718 3878 transferendum
758 3816 1112 3872 omnimodis
1153 3817 1452 3889 satagebat
1479 3815 1894 3872 honorem.Sec

245 3909 405 3962 creta
434 3904 616 3978 igitur
644 3904 797 3961 facta
827 3905 1207 3962 conventione
1233 3920 1367 3959 cum
1400 3904 1896 3977 eo,praasul,datis

245 3993 584 4056 communis
618 3993 770 4066 pacti
801 4009 871 4049 ex
899 3993 1174 4049 alterutro
1207 3994 1611 4060 sacramentis,
1645 3993 1898 4066 dignita-

245 4087 366 4144 tem
390 4073 630 4154 deponit
652 4081 1053 4155 absens,virga
1072 4098 1206 4136 cum
1238 4081 1454 4138 annulo
1476 4082 1684 4138 Caesari
1707 4099 1809 4154 per
1829 4082 1901 4138 le-

245 4176 414 4246 gatos
432 4171 674 4228 directa.
704 4170 1095 4227 Gothofredus
1120 4175 1336 4236 autem,
1371 4187 1504 4226 cum
1518 4173 1642 4243 jam
1673 4170 1897 4243 pridem

245 4256 447 4335 labore
481 4257 665 4314 multo
697 4258 850 4333 regis
874 4258 1242 4315 conciliasset
1274 4259 1900 4327 aﬂ‘ectum,recentita-

247 4365 381 4412 men
406 4350 575 4422 pacto
599 4347 672 4404 ab
703 4348 906 4403 eodem
936 4348 1198 4421 Augusto
1239 4348 1500 4420 gaudens
1540 4348 1789 4420 adeptus
1816 4353 1904 4404 est

247 4434 654 4512 prasulatum.
687 4436 1103 4492 Verumtamen
1123 4437 1294 4507 juxta
1340 4436 1650 4509 Scriptura
1689 4437 1904 4493 verita--

247 4520 615 4594 tem,mistus
639 4527 728 4580 est
749 4523 934 4580 dolori
957 4524 1198 4590 risus,et
1219 4528 1478 4579 extrema
1497 4525 1698 4596 gaudii
1731 4542 1901 4581 occu-

248 4612 623 4686 pavitluctus
645 4612 936 4685 (Jac.1v,9)
979 4630 990 4668 :
1028 4613 1371 4686 reprobatus
1402 4613 1558 4669 enim
1594 4631 1627 4669 a
1659 4614 1906 4685 civibus,

253 4699 434 4758 nullis
466 4701 525 4756 in
555 4699 699 4758 locis
723 4702 1094 4775 episcopatus
1115 4700 1201 4758 vel
1222 4703 1292 4757 ad
1317 4701 1736 4774 hospitandum
1776 4721 1906 4759 sus-

253 4790 490 4865 cipitur,
525 4788 670 4862 ipsis
700 4792 876 4846 etiam
909 4791 1098 4846 factus
1146 4791 1370 4846 invisus
1420 4792 1708 4864 agricolis.
1743 4793 1910 4849 Hunc

254 4879 505 4936 Romani
538 4879 760 4936 domini
808 4897 942 4936 cum
991 4879 1308 4952 apostolico
1346 4882 1482 4952 jure
1532 4882 1730 4936 statim
1774 4899 1910 4938 con-

253 4967 541 5024 demnant
570 4968 869 5036 canonico,
893 4967 1106 5040 judicii
1128 4968 1220 5023 sui
1250 4967 1475 5023 litteras
1507 4969 1905 5027 Mediolanen-

254 5055 422 5113 sibus
470 5071 646 5128 super
690 5056 788 5113 illo
839 5056 1213 5114 mittentes.»
1275 5057 1334 5112 Si
1366 5058 1656 5129 ejusmodi
1704 5059 1911 5116 littera:

257 5149 655 5216 superessent,
691 5146 907 5202 certius
940 5145 1320 5200 definiremus
1373 5163 1593 5201 annum
1626 5164 1739 5218 quo
1783 5152 1908 5203 acta

256 5232 377 5288 hinc
409 5233 565 5290 sint:
591 5234 825 5291 interim
856 5236 1142 5303 videmur,
1177 5251 1291 5289 non
1323 5233 1576 5289 multum
1609 5236 1908 5292 aberratu-

258 5321 329 5389 ri,
365 5320 416 5378 si
447 5339 602 5379 anno
631 5325 702 5378 7O
731 5323 1017 5380 currentis
1051 5323 1248 5379 saeculi
1282 5327 1411 5378 acta
1437 5323 1702 5381 dicamus
1728 5345 1740 5393 ;
1782 5343 1907 5398 per-

257 5408 346 5482 git
372 5427 547 5483 porro
580 5413 735 5485 apud
783 5411 1130 5470 Puricellum
1182 5428 1318 5484 pag.
1349 5414 1455 5466 259
1505 5417 1562 5468 et
1611 5431 1775 5487 seqq.
1807 5417 1908 5470 Ar-

259 5497 525 5572 nulphus
559 5515 571 5554 :

323 5634 381 5688 6.
403 5655 446 5681 ~«
479 5631 604 5697 Qua
625 5633 814 5691 elatus
843 5632 1292 5691 Herlemhaldus
1332 5633 1568 5704 fiducia,
1601 5637 1794 5693 acrius
1824 5638 1910 5693 in-

2013 581 2192 638 etiam
2221 579 2280 638 in
2313 580 2568 640 fautores
2597 583 3103 656 omnes,universa
3132 583 3285 644 ferro
3309 592 3366 644 et
3403 587 3661 646 ﬂammis

2014 669 2362 740 demoliens;
2397 676 2600 730 contra
2629 689 2804 747 quem
2825 673 3001 732 etiam
3033 691 3136 747 per
3157 677 3316 732 vicos
3341 681 3402 733 et
3421 676 3663 735 castella

2015 759 2335 816 multorum
2385 767 2652 835 exegerat
2709 769 3094 820 sacramenta.
3130 765 3293 821 Unde
3345 766 3411 821 fit
3464 769 3548 836 ut,
3606 765 3660 824 si

2015 850 2249 920 quando
2268 851 2338 906 de
2357 851 2731 908 facultatibus
2761 853 3015 909 ecclesia)
3045 853 3282 926 aliquod
3305 870 3660 926 presumere

2016 938 2317 1005 nititur,ab
2346 941 2622 996 omnibus
2666 942 2898 1012 penitus
2939 942 3343 1008 interdicatur,
3375 945 3659 1015 quemad-

2017 1028 2255 1082 modum
2287 1028 2503 1084 factum
2538 1034 2626 1084 est
2643 1028 2701 1084 in
2723 1029 3040 1101 aliquibus,
3056 1031 3127 1086 de
3146 1032 3366 1102 quibus
3387 1048 3658 1089 enarrare

2016 1132 2117 1186 per
2146 1117 2376 1188 singula
2404 1117 2646 1190 longum
2677 1122 2784 1185 est,
2817 1119 2935 1174 imo
2965 1120 3331 1191 superﬂuum
3375 1124 3464 1176 est
3509 1121 3659 1177 indi-

2015 1205 2392 1260 care.lnterea
2416 1206 2603 1261 Guido
2635 1207 2923 1262 fatebatur
2939 1224 3002 1263 se
3029 1208 3364 1265 Gothofredi
3383 1209 3657 1266 delusum

2016 1292 2269 1358 insidiis,
2293 1293 2624 1348 communis
2654 1295 2804 1366 pacti
2835 1299 3326 1367 transgressorem
3347 1296 3516 1354 illum
3549 1314 3658 1371 ap-

2018 1379 2375 1451 pellans.Qui
2397 1399 2532 1436 cum
2554 1382 2839 1438 amissum
2869 1383 3042 1440 vellet
3063 1399 3332 1456 reparare
3347 1387 3654 1456 honorem,

2017 1483 2152 1524 cum
2201 1467 2607 1524 Herlemhaldo
2656 1471 2818 1542 pacis
2856 1472 3074 1527 foedera
3117 1473 3374 1529 sociavit.
3401 1475 3446 1531 Ο
3488 1492 3658 1534 mens

2017 1573 2168 1612 caeca
2192 1556 2557 1613 mortalium!
2590 1559 2844 1615 Veniens
2873 1560 3031 1616 enim
3080 1560 3179 1616 illo
3207 1563 3356 1618 duce
3391 1563 3662 1622 Mediola-

2018 1662 2304 1713 num,non
2354 1649 2426 1702 ad
2476 1648 2682 1703 urbem
2716 1652 2783 1702 ut
2810 1648 3122 1713 voluit,sed
3161 1651 3232 1704 ad
3263 1651 3324 1706 Β.
3353 1652 3499 1709 Celsi
3529 1669 3660 1710 mo-

2015 1734 2338 1791 nasterium
2371 1735 2702 1803 ducitur,de
2733 1735 2958 1808 privato
2989 1736 3175 1792 factus
3205 1739 3516 1810 privatior;
3551 1741 3661 1797 ibi-

2015 1840 2129 1896 que
2179 1824 2626 1880 commendatus
2683 1824 3032 1882 custodibus
3083 1825 3288 1883 multis
3338 1827 3544 1886 diebus
3581 1829 3664 1886 ibi

2009 1911 2169 1979 vixit,
2201 1911 2515 1984 gloriosius
2545 1912 2654 1968 hac
2681 1913 2805 1969 vice
2835 1913 3207 1986 delusus,qui
3235 1916 3453 1974 multos
3496 1919 3662 1975 delu-

2012 2006 2217 2059 serst.«
2235 2001 2620 2058 Gothofredus
2649 2006 2844 2058 autem
2877 2001 3147 2073 pluribus
3167 2005 3299 2074 jam
3330 2011 3660 2064 coarctatus

2010 2089 2347 2158 obstaculis,
2381 2106 2514 2145 cum
2547 2094 2709 2161 parte
2737 2107 2981 2146 suorum
3010 2091 3208 2163 aliquo
3237 2109 3344 2149 suo
3381 2111 3446 2150 se
3480 2095 3658 2153 colle-

2009 2178 2094 2250 git
2122 2177 2182 2233 in
2212 2177 2616 2251 oppido,quod
2645 2177 2818 2250 vulgo
2849 2178 3113 2236 Castellio
3141 2180 3460 2252 dicebatur,
3492 2183 3656 2241 inex-

2010 2265 2326 2339 pugnabile
2353 2282 2552 2323 revera
2606 2267 2963 2338 praesidium,
2997 2269 3287 2325 mcenibus
3313 2285 3374 2326 se
3403 2269 3513 2328 loci
3557 2290 3658 2331 na-

2007 2359 2143 2410 tura
2172 2355 2488 2410 munitum.

2077 2445 2131 2497 7.
2167 2465 2194 2493 «
2230 2444 2311 2498 Ex
2341 2459 2406 2499 eo
2439 2443 2652 2515 saepius
2681 2459 2997 2518 erumpens
3043 2445 3481 2519 (Gothofredus)
3515 2463 3653 2506 eum

2009 2549 2188 2604 supra
2217 2533 2458 2588 modum
2477 2532 2688 2604 praedis
2717 2532 2972 2589 inhiaret
2997 2549 3063 2589 ac
3083 2535 3656 2610 cmdibuaﬁndignati

2009 2619 2472 2677 Mediolanenses
2529 2625 2859 2693 proponunt
2931 2637 3126 2678 arcem
3172 2622 3336 2679 illam
3385 2624 3654 2696 protinus

2009 2709 2494 2781 expugnare.Nec
2526 2725 2709 2775 mora,
2745 2709 3031 2765 instructo
3062 2711 3401 2779 exercitu,et
3428 2712 3502 2769 iis
3522 2729 3653 2785 qua

2008 2799 2079 2854 ad
2111 2815 2286 2854 usum
2317 2797 2538 2854 militias
2570 2797 2798 2854 fuerant
2834 2797 3186 2866 necessaria,
3211 2799 3656 2874 paratis,proce-

2010 2887 2156 2942 dunt
2184 2901 2418 2955 omnes;
2447 2891 2642 2942 castra
2668 2886 2869 2943 metati
2897 2887 2969 2942 ad
3001 2887 3257 2944 radicem
3287 2888 3506 2946 montis
3533 2892 3656 2961 (ab-

2009 2981 2133 3032 erat
2176 2975 2332 3030 enim
2364 2976 2437 3030 ab
2484 2976 2628 3031 urbe
2673 2975 2955 3047 vigesimo
2986 2975 3160 3047 paulo
3189 2976 3324 3048 plus
3355 2977 3652 3052 milliaria)

2012 3082 2146 3120 mox
2175 3063 2434 3135 undique
2465 3063 2838 3132 circulantes,
2885 3065 3250 3122 incessanter
3275 3071 3650 3140 oppugnant;

2013 3155 2085 3209 ad
2121 3153 2228 3209 hoc
2258 3157 2499 3209 cunctos
2531 3152 2784 3226 regionis
2826 3151 2992 3209 illius
3040 3153 3264 3210 instant
3301 3171 3654 3228 congregare

2008 3243 2315 3315 agricolas,
2347 3243 2690 3298 diuturnam
2713 3243 2984 3312 jurantes
3013 3243 3402 3300 obsidionem.
3433 3245 3653 3301 Consti-

2005 3337 2181 3387 tuunt
2209 3348 2344 3404 ergo
2377 3331 2684 3404 petrarias,
2714 3335 2771 3386 et
2799 3332 2992 3387 omnis
3038 3333 3272 3404 generis
3302 3333 3494 3390 bellici
3533 3351 3656 3391 ma-

2005 3419 2239 3486 chinas;
2273 3420 2519 3475 sciridas
2546 3435 2798 3490 quoque,
2833 3419 3403 3491 ballistas,milleque
3441 3423 3652 3478 mortis

2004 3512 2213 3581 parant
2242 3508 2476 3563 insidia.
2507 3506 2774 3562 Obsessis
2803 3522 2936 3562 vero
2981 3509 3052 3561 ad
3095 3523 3267 3577 posse
3315 3525 3650 3580 repugnan-

2003 3598 2182 3661 tibus,
2216 3595 2402 3650 multa
2432 3594 2691 3665 quotidie
2720 3594 2943 3650 cruoris
2973 3594 3150 3649 ﬁebat
3174 3594 3550 3664 effusio,adeo
3582 3600 3655 3654 ut

2005 3685 2064 3740 in
2087 3685 2216 3756 ipsa
2244 3682 2703 3756 quadragesimae
2726 3681 3074 3738 venerabilis
3095 3683 3658 3751 observantia,nulla

2005 3773 2180 3829 fuerit
2208 3772 2382 3828 caadis
2412 3771 2682 3826 humanas
2713 3770 3094 3826 abstinentia.
3127 3771 3244 3827 Hac
3272 3771 3472 3844 itaque
3502 3776 3658 3830 tem-

2006 3865 2250 3934 pestate,
2280 3876 2417 3916 cum
2441 3875 2611 3914 rarus
2641 3859 2702 3914 in
2734 3860 2878 3914 urbe
2910 3858 3165 3932 populus
3213 3876 3323 3916 sua
3367 3861 3661 3919 frueretur

2008 3949 2340 4016 securitate,
2400 3947 2706 4019 repentina
2759 3947 3062 4004 calamitas
3106 3948 3400 4020 provisam
3443 3949 3662 4007 invasit

2008 4037 2524 4094 urbem.Horresco
2557 4036 2837 4092 referens.
2870 4036 3066 4092 Primo
3105 4052 3363 4107 namque
3412 4037 3662 4108 quadra-

2009 4127 2243 4200 gesimze
2274 4125 2528 4180 Sabbato
2557 4147 2584 4174 ››
2615 4124 2753 4193 (fuit
2806 4124 2865 4179 id
2897 4140 3050 4179 anno
3074 4125 3206 4179 1071
3243 4123 3316 4180 de
3346 4125 3412 4180 19
3440 4125 3658 4196 Martii,

2011 4231 2144 4270 cum
2172 4213 2398 4268 Pascha
2445 4216 2586 4268 tunc
2637 4213 2810 4268 fuerit
2848 4212 3266 4269 celebrandum
3296 4213 3366 4270 24
3393 4213 3660 4288 Aprilis.)

2013 4328 2040 4355 ‹‹
2075 4319 2288 4375 magno
2315 4301 2518 4357 civitas
2546 4301 2927 4375 conﬂagravit
2956 4302 3518 4376 incendio.Cumque
3560 4320 3660 4360 ve-

2011 4394 2253 4449 hemens
2300 4396 2438 4446 tunc
2492 4391 2660 4446 ﬂaret
2719 4392 2892 4447 turbo
2938 4395 3315 4448 ventorum...
3350 4409 3382 4448 ο
3430 4408 3556 4464 qua
3605 4396 3665 4448 et

2014 4481 2213 4555 qualia
2241 4480 2548 4536 domorum
2596 4479 2863 4547 aediﬁcia,
2896 4497 3196 4553 quamque
3249 4481 3456 4536 decora
3503 4496 3664 4536 com-

1936 4595 1984 4661 D
2015 4572 2189 4626 busta
2217 4573 2371 4661 sunt
2401 4567 2616 4623 mcnnia
2638 4567 2720 4622 !...
2778 4569 2902 4637 sed,
2938 4570 3094 4640 quod
3126 4573 3215 4624 est
3241 4568 3401 4624 omni
3446 4569 3664 4625 damno

2018 4658 2294 4724 deterius,
2319 4655 2514 4729 plures
2545 4660 2885 4712 sanctorum
2917 4660 3184 4712 crematae
3216 4660 3354 4712 sunt
3384 4656 3666 4724 basilicas,

2020 4749 2078 4803 in
2112 4747 2256 4804 urbe
2286 4751 2342 4801 et
2369 4750 2596 4800 extra...
2632 4766 2659 4794 ››
2703 4744 3081 4801 Distinctiora
3126 4745 3259 4801 vide
3307 4747 3461 4818 apud
3510 4745 3673 4801 Puri-

2022 4836 2236 4892 cellum
2264 4835 2324 4889 in
2356 4833 2752 4890 Monumentis
2789 4833 3218 4900 Ambrosianis,
3242 4850 3375 4907 pag.
3399 4835 3500 4889 461
3528 4851 3542 4890 :
3567 4850 3672 4907 ego

2022 4925 2093 4979 ad
2129 4920 2606 4979 Herlemhaldum
2631 4921 2862 4977 festino.

2089 5016 2141 5068 8.
2178 5035 2204 5062 ‹‹
2236 5012 2345 5069 Ubi
2399 5017 2592 5067 autem
2639 5028 2840 5067 rumor
2884 5013 3005 5066 tam
3051 5010 3214 5066 dirus
3266 5011 3474 5067 castris
3517 5011 3673 5069 inso-

2021 5103 2168 5170 nuit,
2206 5125 2225 5154 r.
2264 5100 2457 5172 inquit
2489 5099 2846 5173 Arnulphus,
2876 5122 2904 5151 «
2940 5099 3320 5172 quamplures
3377 5099 3534 5156 illico
3580 5117 3670 5158 re-

2017 5191 2159 5247 licta
2188 5190 2492 5246 obsidione
2524 5194 2666 5245 eunt
2698 5190 2768 5245 ad
2800 5193 3006 5245 tenues
3031 5189 3101 5244 ab
3134 5188 3268 5260 igne
3289 5187 3589 5261 reliquias,
3613 5193 3674 5245 et

2021 5281 2295 5335 miseram
2318 5279 2554 5334 visitare
2578 5279 2882 5333 familiam.
2913 5276 3362 5334 Herlemhaldus
3380 5294 3514 5333 vero
3535 5293 3670 5333 cum

2021 5368 2152 5425 aliis
2185 5371 2408 5423 retenta
2439 5371 2606 5440 parte
2636 5372 2963 5423 castrorum
3009 5373 3339 5439 perseverat
3375 5364 3671 5432 obnixius,

2021 5455 2280 5529 quotidie
2308 5454 2654 5527 belligerare
2685 5473 2800 5512 non
2832 5456 3127 5512 desinens.
3152 5455 3543 5512 Gothofredus
3576 5469 3673 5508 au-

2020 5543 2358 5613 tem,tribus
2380 5543 2508 5613 jam
2540 5545 2820 5601 obsessus
2851 5544 3249 5611 mensibus,ut
3275 5543 3421 5600 vidit
3437 5547 3672 5600 tenuem

2022 5639 2347 5691 castrorum
2389 5632 2733 5704 exercitum,
2767 5634 2920 5691 clam
2970 5651 3174 5693 vocare
3223 5650 3362 5693 suos
3409 5635 3467 5691 et
3510 5630 3676 5687 caute
