3960 6216
296 333 449 409 1491

1414 346 1522 416 SS.
1569 350 1883 416 ARIALDI
1926 342 2028 416 ET
2071 337 2576 416 ERLEMBALDI

3544 335 3706 415 HO!

296 478 438 537 satis
467 484 736 552 procurat
770 483 1006 538 amicos.
1030 484 1291 555 Cumque
1322 486 1624 556 paschales
1654 486 1945 539 instarent
1972 486 2024 551 Α
2058 485 2231 540 nibus
2260 489 2510 550 aetatem,
2542 483 2803 556 adeoque
2852 478 3160 542 tricenario
3206 482 3490 556 majorem
3518 482 3706 540 fuisse

294 567 472 633 feriae,
503 571 911 626 convenientes
945 572 1002 625 in
1037 577 1582 640 unum,constructa
1610 575 1732 629 acie
1761 574 1938 644 proti-

296 673 409 711 nus
456 658 514 710 in
563 662 752 713 castra
801 661 1419 731 consurgunt,impetu
1467 667 1521 716 et
1545 662 1795 717 clamore
1827 678 1940 717 non

298 746 524 799 modico
542 764 664 813 ;nec
689 748 883 803 minus
907 750 1352 822 obsessi,ruptis
1381 750 1940 822 claustris,undique

298 833 627 904 prosiliunt.
653 835 1099 893 Herlembaldus
1149 845 1363 905 autem,
1399 845 1557 895 tanto
1609 840 1833 910 positus
1882 838 1940 892 in

297 922 655 990 discrimine,
688 927 933 997 arreptis
965 930 1163 993 armis,
1194 929 1368 983 audet
1398 946 1531 983 cum
1571 930 1695 983 suis
1743 928 1943 998 paucis

287 1008 458 1079 juxta
486 1011 635 1067 vires
665 1013 966 1079 obsistere,
1000 1015 1242 1086 signifer
1282 1019 1405 1089 ipse
1456 1017 1672 1082 factus;
1724 1023 1779 1071 et
1828 1018 1941 1070 nisi

298 1114 405 1153 sua
445 1117 804 1173 suorumque
853 1111 1172 1175 pugnasset
1222 1107 1486 1171 audacia,
1519 1106 1642 1159 dies
1691 1105 1791 1159 illa
1830 1106 1939 1160 sibi

296 1186 502 1242 fuisset
531 1195 806 1246 extrema.
843 1193 1117 1248 Videntes
1156 1199 1351 1250 autem
1405 1194 1571 1249 multi
1620 1210 1940 1265 paucorum

296 1280 707 1347 constantiam,
740 1279 892 1335 ultro
941 1283 1237 1347 recedunt,
1271 1284 1585 1337 educentes
1633 1299 1828 1337 secum
1870 1284 1942 1337 ab

296 1366 509 1436 oppido
540 1368 979 1424 Gothofredum.
1006 1375 1120 1424 Hos
1155 1372 1323 1441 longe
1354 1371 1641 1442 prosecuti
1664 1375 1801 1425 sunt
1830 1370 1942 1425 Me-

296 1454 685 1522 diolanenses,
720 1457 1047 1529 conglobati
1071 1465 1303 1530 repente
1334 1458 1622 1523 similiter,
1656 1464 1713 1513 et
1742 1459 1842 1530 qui
1882 1458 1939 1512 in

292 1543 502 1598 castris
535 1545 783 1612 fuerant,
814 1550 872 1599 et
904 1546 1003 1617 qui
1037 1547 1094 1601 in
1127 1548 1268 1601 urbe
1301 1551 1739 1613 remanserant;
1775 1563 1878 1601 nec
1908 1563 1941 1601 a

292 1633 699 1703 prosequendo
731 1633 937 1688 diebus
968 1634 1191 1705 aliquot
1226 1640 1533 1691 cessarunt
1564 1641 1619 1690 et
1648 1636 1937 1702 noctibus,

291 1721 475 1775 donec
505 1720 562 1774 in
597 1736 830 1777 summa
870 1724 1216 1778 constitutos
1242 1726 1584 1779 necessitate
1628 1729 1941 1794 coegerunt

290 1808 657 1909 illositerum
682 1810 1062 1866 Castellonem
1086 1812 1466 1867 intrare.Post
1488 1813 1938 1909 hrcchredeuntes
1968 1844 2016 1909 B

288 1896 750 1953 Mediolanenses
780 1900 850 1953 ad
886 1900 1493 1970 urbem,jurejurando
1522 1900 1936 1955 definiuntGo-

291 1984 622 2040 thofredum
682 2003 986 2058 nunquam
1040 1988 1456 2058 recipiendum,
1512 1990 1628 2044 imo
1687 1988 1936 2045 alterum

289 2072 633 2145 decatalogo
647 2076 885 2145 majoris
901 2076 1154 2131 ecclesia:
1174 2078 1562 2132 communiter
1577 2078 1932 2149 eligendum.

287 2162 415 2217 Jam
448 2164 602 2218 enim
635 2165 984 2234 migraverat
1012 2182 1046 2220 a
1076 2166 1284 2220 sacculo
1326 2166 1799 2237 archiepiscopus
1837 2166 1936 2221 ille

289 2250 631 2316 Guido,»die
659 2254 729 2307 23
759 2253 1337 2325 Augusti,«sepultus
1368 2254 1425 2307 in
1459 2252 1583 2308 loco
1625 2254 1725 2325 qui
1770 2271 1932 2309 voca-

286 2342 384 2393 tur
413 2340 651 2411 Burguli
677 2341 872 2413 vulgo,
921 2365 949 2392 ››
1002 2344 1179 2411 (nunc
1210 2342 1560 2396 Alexandria
1606 2342 1811 2397 civitas
1850 2342 1932 2397 ibi

286 2428 529 2482 fundata
559 2429 859 2497 creditur,)
896 2453 920 2478 ι»
956 2432 1049 2484 ubi
1081 2435 1212 2503 post
1242 2430 1405 2483 urbis
1438 2430 1773 2485 incendium
1799 2448 1935 2502 nper

285 2514 479 2587 ipsum
498 2515 732 2588 elapsus
750 2517 1005 2573 velabire
1024 2520 1349 2589 permissus
1365 2536 1394 2573 e
1408 2519 1674 2573 custodia
1694 2519 1933 2586 S.Celsi,

286 2627 315 2653 «
348 2604 407 2658 in
440 2606 830 2661 amaritudine
859 2607 1066 2662 anima:
1098 2608 1251 2663 diem
1284 2608 1497 2664 clausit
1526 2613 1875 2664 extremum.
1906 2632 1931 2655 ι»

940 2714 1175 2769 CAPUT
1217 2715 1283 2769 ll.

293 2799 624 2874 Canonicam
652 2803 967 2857 electionem
993 2808 1250 2874 procurat
1280 2804 1705 2868 llorlcmbaldus,
1731 2803 1933 2857 Gotho-

355 2872 573 2942 fredum
616 2874 890 2926 intrusum
942 2872 1003 2927 et
1038 2877 1569 2929 excommunicatum
1620 2879 1847 2942 coercet;
1900 2891 1933 2928 α

362 2941 615 3009 Gregorio
642 2959 786 3013 papa
820 2944 907 2998 VII
926 2945 1159 3013 juvatur
1182 2961 1282 3014 per
1310 2946 1539 2999 litteras.

362 3044 416 3101 9.
446 3068 473 3096 «
508 3047 595 3101 Ab
628 3045 726 3102 illo
758 3047 851 3102 die
882 3047 1323 3104 Herlembaldus
1352 3049 1512 3103 omni
1544 3050 1718 3106 instat
1761 3067 1932 3106 cona-

293 3134 472 3199 mine,
504 3136 677 3190 modo
708 3152 839 3190 cum
873 3135 1047 3201 clero,
1083 3138 1253 3190 modo
1296 3154 1426 3191 cum
1463 3138 1695 3209 populo,
1730 3140 1799 3193 de
1830 3138 1931 3193 eli-

2053 589 2185 628 cum
2218 573 2817 645 eligeretur.Movetur
2837 578 3031 630 autem
3054 575 3129 630 ad
3159 572 3270 630 hoc
3298 572 3702 639 sentiendum,

2051 665 2273 717 attenta
2303 662 2608 733 praesentia
2637 661 2812 735 legati
2870 662 3199 735 apostolici,
3231 666 3287 718 et
3317 660 3704 733 Hildeprandi

2050 749 2312 821 ingenio;
2347 751 2447 821 qui
2480 756 2680 821 postea
2710 751 2896 806 factus
2929 768 3081 824 papa
3097 750 3413 824 Gregorius
3434 750 3705 816 Vll,dua~

2051 838 2162 894 bus
2185 840 2256 894 ad
2282 839 2583 894 Britanniae
2615 839 2925 911 episcopos
2947 840 3213 911 epistolis
3235 839 3525 895 recusavit
3554 838 3708 895 ordi-

2052 943 2190 982 nare
2240 927 2472 982 Dolensi
2524 928 3072 1000 archiepiscopatui,
3104 928 3177 983 ab
3208 927 3326 983 illis
3350 928 3421 983 ad
3457 943 3521 983 se
3549 926 3707 983 dire-

2051 1021 2209 1071 ctum
2246 1018 2570 1087 «juvenem
2622 1017 2961 1088 quemdam,
3012 1018 3159 1072 satis
3208 1015 3554 1088 praeclarum
3605 1031 3707 1088 ge-

2052 1121 2188 1159 nere
2216 1123 2228 1159 :
2260 1104 2365 1159 Cui
2395 1105 2630 1175 quidem
2657 1105 2943 1176 petitioni,
2971 1128 2997 1154 »
3029 1104 3224 1176 inquit
3245 1106 3307 1160 in
3341 1121 3478 1171 una,
3494 1126 3524 1155 «
3556 1120 3706 1176 quo-

2052 1192 2210 1247 niam
2241 1193 2391 1248 sacri
2419 1209 2671 1248 canones
2701 1193 3462 1261 contradicunt,assensum
3483 1193 3705 1264 praabe-

2050 1298 2111 1336 re
2143 1297 2513 1352 nequaquam
2546 1281 2877 1352 potuimus;
2910 1304 2937 1331 »
2960 1280 3020 1335 in
3044 1281 3228 1336 altera
3257 1298 3271 1336 :
3306 1304 3335 1331 ‹‹
3358 1280 3542 1351 Cujus
3564 1296 3703 1336 cau-

2052 1386 2177 1424 sam
2220 1370 2372 1423 sicut
2418 1370 2676 1441 oportuit
2720 1368 3430 1435 examinantes,honestos
3461 1367 3703 1440 quidem

2051 1458 2370 1523 mores,sed
2405 1458 2667 1512 nondum
2692 1458 2838 1513 satis
2860 1461 3124 1513 maturos
3153 1460 3257 1513 aut
3276 1456 3601 1512 instructos
3627 1457 3701 1512 ad

2050 1545 2402 1617 portandum
2434 1544 2761 1616 episcopale
2790 1545 3043 1617 pondus,
3076 1545 3134 1599 in
3158 1561 3224 1600 eo
3256 1543 3700 1617 probavimus.»

2049 1635 2212 1700 Quod
2236 1639 2432 1689 autem
2465 1634 2683 1689 certius
2713 1634 3096 1705 competentia
3143 1633 3204 1687 in
3249 1632 3476 1689 Athone
3511 1633 3704 1689 etatis

2048 1723 2234 1794 possit
2262 1723 2449 1795 optari
2483 1722 2767 1777 indicium
2795 1738 2972 1793 quam
3005 1723 3162 1793 quod
3183 1721 3338 1778 idem
3362 1722 3702 1794 Gregorius,

2048 1811 2295 1867 electum
2330 1828 2482 1866 anno
2505 1812 2644 1865 1075
2660 1810 3065 1866 Theodaldum
3084 1809 3335 1867 noluerit
3354 1812 3702 1884 approbare,

2049 1901 2189 1971 quia
2218 1917 2396 1971 penes
2426 1915 2488 1955 se
2518 1899 2774 1955 habebat
2819 1899 3107 1955 Athonem
3141 1916 3154 1955 :
3189 1922 3216 1949 «
3250 1900 3454 1967 Quem,
3487 1898 3702 1972 inquit,

2050 1988 2109 2043 in
2141 1989 2343 2043 eadem
2376 1988 2628 2043 Ecclesia
2675 1987 2924 2043 electum
2974 1992 3130 2043 certo
3162 1987 3568 2060 cognovimus,
3599 1989 3701 2044 sed

2046 2093 2151 2131 cur
2198 2077 2494 2149 reprobari
2546 2077 2771 2145 debeat,
2814 2076 2980 2131 nulla
3027 2076 3219 2131 adhuc
3265 2076 3700 2148 deprehendere

2046 2166 2349 2237 potuimus
2382 2164 2632 2231 ratione;
2665 2185 2694 2213 ι»
2728 2162 2921 2235 qualis
2963 2162 3202 2218 omnino
3250 2163 3459 2219 fuisset
3505 2162 3699 2218 minor

2046 2271 2223 2325 quam
2261 2269 2515 2308 canones
2562 2252 2862 2324 patiantur
2908 2255 3069 2307 astas.
3124 2251 3452 2307 Redeamus
3480 2251 3553 2306 ad
3586 2255 3697 2305 Ar-

2045 2341 2297 2406 nulfum,
2331 2343 2431 2412 qui
2463 2340 2613 2395 libro
2653 2357 2760 2394 suo
2783 2357 2844 2395 ιιι
2877 2340 3053 2395 finem
3082 2338 3222 2394 facit
3249 2339 3405 2411 apud
3435 2338 3693 2395 Puricel-

2042 2429 2189 2496 lum,
2224 2446 2351 2502 pag.
2384 2431 2475 2497 27,
2509 2429 2569 2483 in
2600 2428 2763 2483 hisce
2782 2427 2976 2482 verbis
3010 2444 3023 2482 :

2116 2521 2201 2573 11.
2239 2541 2265 2568 ‹‹
2306 2518 2569 2588 Cumque
2617 2533 2750 2571 cum
2797 2515 2922 2570 suis
2979 2515 3132 2570 Atho
3162 2515 3235 2571 ad
3267 2514 3693 2573 convivandum

2042 2606 2429 2679 episcopalem
2463 2604 2881 2660 conscenderet
2900 2602 3144 2674 aulam,(
3152 2603 3380 2659 fuerant
3393 2604 3551 2659 enim
3566 2606 3694 2675 jam

2042 2696 2100 2750 in
2126 2696 2347 2751 mensis
2379 2692 2575 2765 ampla
2605 2697 2807 2765 parata
2826 2692 3130 2763 convivia),
3157 2691 3507 2748 inﬂammati
3536 2692 3690 2750 cives

2042 2784 2327 2839 invadunt
2357 2787 2591 2855 repente
2620 2783 2885 2848 domum,
2909 2780 3516 2847 anteriora,exteriora
3533 2798 3693 2838 scru-

2042 2877 2251 2928 tantes.
2290 2875 2415 2944 lpse
2458 2877 2651 2927 autem
2704 2870 2921 2925 electus
2968 2870 3213 2938 noviter,
3262 2885 3399 2924 cum
3447 2886 3693 2927 camera

2044 2962 2219 3017 unius
2248 2960 2452 3018 lateret
2482 2961 2540 3014 in
2574 2958 2808 3031 angulo,
2841 2957 3391 3029 inventus,capitur,
3412 2957 3693 3032 discerpi-

2040 3054 2156 3117 tur,
2190 3067 2257 3105 ac
2287 3050 2498 3105 misere
2528 3046 3121 3115 dilaniatur,demum
3145 3061 3250 3118 per
3277 3062 3446 3102 suras
3475 3051 3534 3103 et
3557 3046 3689 3104 bra-

2043 3138 2175 3193 chia
2203 3155 2238 3192 a
2267 3154 2499 3193 summo
2530 3137 2601 3191 ad
2632 3136 2752 3190 ima
2781 3133 3153 3207 pertrahitur.
3188 3134 3298 3197 Qui
3339 3150 3474 3191 cum
3506 3138 3691 3192 staret

292 3223 480 3295 gendo
538 3239 719 3295 agens
763 3225 1054 3296 episcopo,
1106 3241 1252 3279 nova
1299 3242 1332 3280 a
1374 3208 1651 3281 Romanis
1699 3231 1935 3298 accepta
1964 3208 2007 3273 (ἶ
2042 3228 2102 3282 in
2133 3226 2378 3282 ecclesia
2409 3230 2565 3280 metu
2598 3223 2802 3279 mortis
2834 3222 3002 3279 altari
3029 3222 3686 3295 prostratus,clamante

289 3310 545 3377 licentia,
622 3317 817 3384 spreta
871 3330 1005 3367 vero
1061 3329 1264 3384 regum
1322 3315 1497 3369 veteri
1546 3315 1927 3386 providentia.

288 3400 702 3456 Verumtamen
736 3403 923 3471 major
951 3401 1201 3457 civitatis
1244 3402 1432 3473 portio
1462 3420 1529 3457 ex
1558 3402 1707 3458 clero
1739 3420 1804 3458 ac
1836 3420 1925 3459 sa-

285 3490 463 3561 pienti
499 3490 733 3562 populo,
767 3490 973 3562 priscae
1020 3490 1428 3546 consuetudini
1459 3508 1523 3547 ac
1555 3492 1711 3564 regio
1744 3492 1926 3547 inten-

281 3577 454 3633 debat
483 3578 709 3634 honori.
740 3578 864 3651 Ipse
894 3584 1109 3646 autem,
1146 3580 1421 3652 neglectis
1448 3581 1722 3635 omnibus
1746 3586 1801 3635 et
1823 3583 1922 3653 ju-

281 3671 542 3722 ramento
572 3669 1089 3735 communi,solum
1125 3669 1369 3724 Romani
1401 3669 1560 3725 illius
1591 3670 1919 3742 Ildeprandi

275 3755 645 3827 auscultabat
662 3757 1224 3829 consultum.ltaque
1246 3759 1371 3814 dies
1392 3759 1917 3831 appropinquabat,

276 3860 451 3914 quam
485 3845 557 3899 ad
584 3845 691 3899 hoc
724 3848 1017 3919 agendum
1045 3848 1170 3919 ipse
1197 3849 1555 3918 praeviderat,
1574 3854 1777 3904 sancta
1807 3850 1918 3904 sci-

2040 3315 2255 3388 populo
2285 3314 2345 3369 in
2379 3313 2670 3386 pulpitum
2704 3312 2986 3378 ascendit,
3019 3311 3238 3384 ibique,
3270 3311 3419 3366 facto
3466 3310 3525 3366 in
3554 3327 3686 3367 om-

2038 3405 2200 3460 nium
2235 3403 2477 3459 auribus
2506 3406 2896 3470 sacramento,
2929 3399 3361 3456 abrenuntiavit
3387 3398 3510 3454 sedi
3538 3401 3681 3455 Am-

2035 3494 2320 3548 brosianm
2378 3492 2439 3547 in
2498 3506 2754 3563 praesens
2799 3494 2856 3544 et
2903 3488 2963 3544 in
3020 3492 3383 3560 perpetuum.
3443 3488 3675 3562 Interea

2034 3583 2250 3654 quippe
2282 3583 2535 3636 fautores
2566 3580 2657 3634 sui
2697 3579 2957 3634 diversas
3002 3578 3195 3650 fugere
3233 3591 3336 3648 per
3374 3575 3673 3645 latebras;

2031 3672 2157 3743 ipse
2187 3686 2420 3741 quoque
2451 3670 2714 3726 Romnus
2761 3666 2989 3739 legatus
3018 3666 3132 3731 vix,
3163 3664 3474 3735 discerptis
3502 3665 3675 3721 vesti-

2030 3760 2164 3827 bus,
2197 3759 2485 3815 laceratus
2513 3755 3008 3813 evasit.Czeterum
3039 3753 3430 3811 Gothofredus
3450 3756 3508 3809 et
3525 3753 3674 3809 Atho

2030 3853 2439 3904 remanserunt
2463 3845 2667 3919 privati
2694 3845 2913 3917 pariter
2941 3843 3135 3907 ambo,
3169 3840 3422 3915 propriis
3442 3845 3675 3898 tantum

270 3928 405 3985 licet
435 3931 825 4004 Theophanis:
855 3933 1215 3989 solemnitas.
1243 3937 1446 3991 Studet
1489 3952 1624 4007 ergo
1673 3936 1919 3992 sollicite
2027 3936 2285 3993 contenti
2326 3936 2550 3991 laribus
2581 3939 2758 4006 atque
2805 3930 3177 3989 substantiis.
3212 3953 3240 3980 ››
3273 3930 3409 3986 Post
3437 3929 3560 3986 haec
3606 3930 3676 3985 li-

269 4025 584 4089 praesentes
631 4038 853 4091 vocare,
904 4025 1177 4078 absentes
1234 4025 1506 4095 [quoque]
1549 4025 1791 4079 clericos
1850 4042 1916 4080 ac
2025 4026 2199 4081 brum
2233 4043 2287 4080 ιν
2318 4026 2401 4079 sic
2433 4023 2660 4078 orditur
2687 4020 2971 4077 Arnulfus
3007 4036 3019 4075 :
3054 4041 3082 4069 (ι
3117 4019 3301 4090 Igitur
3333 4018 3552 4074 auditis
3583 4018 3678 4075 bis

267 4104 468 4174 laicos,
527 4110 767 4165 abbates
815 4116 873 4165 et
922 4112 1259 4177 monachos,
1293 4111 1539 4166 amicam
1590 4112 1700 4167 sibi
1749 4114 1909 4184 [non]

2024 4132 2151 4186 qum
2172 4113 2383 4168 Athoni
2407 4112 2789 4184 contigerant,
2799 4110 3075 4181 prmfatus
3096 4106 3193 4163 ille
3222 4105 3673 4164 archidiaconus

265 4196 541 4250 omittens
572 4199 890 4269 agrestium
921 4200 1174 4254 turbam.
1217 4200 1481 4271 Cumque
1512 4201 1636 4255 dies
1668 4202 1913 4257 instaret
2021 4202 2587 4274 Hildeprandus,sua
2616 4215 2749 4254 cum
2777 4195 3094 4253 cardinalis
3126 4199 3281 4252 esset
3301 4195 3668 4264 auctoritate,

262 4283 663 4351 festus,factus
694 4290 784 4339 est
812 4286 1130 4341 multorum
1155 4287 1211 4341 in
1244 4287 1487 4343 ecclesia
1516 4287 1751 4343 hiemali
1774 4306 1907 4344 con-

259 4376 489 4439 ventus,
525 4371 640 4428 illis
668 4377 864 4428 tamen
896 4375 1238 4430 absentibus
1287 4392 1420 4430 cum
1471 4377 1685 4448 quibus
1735 4378 1907 4433 istam

257 4476 320 4517 se
350 4462 642 4518 facturum
672 4462 1014 4519 electionem
1038 4464 1678 4534 juraverat.Celebratis
1709 4466 1906 4537 itaque

2020 4291 2176 4346 illico
2199 4292 2607 4363 juramentum
2630 4286 2774 4342 illud
2804 4285 3111 4351 violentiae,
3142 4282 3502 4339 omnimodis
3515 4283 3672 4354 judi-

2018 4379 2170 4436 cavit
2226 4379 2563 4436 habendum
2610 4374 3071 4431 invalidum......
3106 4373 3269 4428 Unde
3318 4372 3536 4427 factum
3580 4375 3671 4428 est

2018 4477 2081 4524 ut
2112 4468 2349 4525 collecto
2393 4467 2585 4522 Romae
2615 4469 2767 4521 coetu
2819 4463 3190 4536 pontificum,
3222 4461 3483 4516 instante
3514 4460 3663 4533 ipso,

256 4550 573 4606 missarum
604 4552 987 4619 solemnibus,
1020 4553 1209 4624 primo
1249 4555 1627 4609 concionatus
1670 4555 1740 4610 ad
1773 4556 1900 4610 libi-
1934 4572 1980 4635 ι)
2011 4558 2301 4613 Athonem
2324 4558 2485 4629 juste
2509 4554 2850 4627 pradicaret
2881 4552 3156 4619 electum,
3191 4552 3481 4622 prostrato
3528 4565 3668 4605 ana-

249 4642 399 4705 tum,
433 4658 499 4696 ac
527 4640 715 4696 multa
746 4642 815 4696 de
845 4640 1112 4713 eligendo
1144 4647 1374 4713 pastore
1408 4660 1896 4711 commemorans,

248 4732 473 4784 astante
525 4731 781 4802 quodam
831 4731 1123 4785 Bernardo
1172 4730 1363 4803 legato
1408 4732 1690 4800 Romano,
1723 4732 1900 4804 elegit

242 4817 551 4885 Athonem,
581 4819 772 4874 adhuc
802 4820 1209 4879 tantummodo
1240 4820 1537 4887 clericum,
1585 4838 1648 4875 ac
1698 4824 1898 4877 tenera

242 4910 409 4963 aetate
430 4909 835 4979 juvenculum,
871 4909 1049 4964 invito
1081 4909 1233 4965 clero
1270 4915 1325 4965 et
1357 4909 1560 4965 multis
1605 4929 1673 4965 ex
1714 4929 1897 4983 popu-

241 4994 318 5064 lo,
351 4998 493 5053 adeo
526 5003 590 5052 ut
612 4999 961 5054 stomachati
996 4998 1253 5053 redirent
1281 5000 1350 5053 ab
1381 4998 1643 5055 ecclesia.
1682 5023 1709 5049 ››

315 5086 400 5140 10.
432 5085 531 5141 Hic
561 5088 770 5144 merito
794 5088 1105 5143 interfatur
1136 5086 1461 5142 Puricellus
1506 5104 1639 5159 pag.
1684 5090 1811 5156 265,
1840 5093 1897 5144 et

238 5191 418 5247 quam
450 5192 649 5233 amaro
680 5177 987 5245 animo,ad
1014 5176 1294 5231 invidiam
1322 5176 1726 5233 Herlembaldo
1757 5195 1890 5233 con-

236 5264 576 5330 ciliandam,
609 5266 729 5320 haec
761 5267 1063 5337 scripserit
1090 5265 1392 5332 Arnulfus,
1419 5267 1589 5335 jubet
1616 5267 1704 5322 vel
1735 5284 1804 5322 ex
1825 5285 1891 5324 eo

233 5352 547 5417 aestimare,
596 5355 750 5424 quod
800 5354 1085 5409 Athonem
1130 5354 1387 5426 appellat
1423 5379 1441 5403 ι
1480 5360 1679 5410 tenera
1725 5361 1891 5412 aetate

224 5438 633 5509 juvenculum.
671 5463 697 5489 ››
736 5441 931 5495 Fuerit
974 5441 1024 5496 is
1065 5442 1300 5511 juvenis
1351 5448 1614 5514 respectu
1674 5444 1887 5498 Gotho-

228 5525 401 5587 fredi,
437 5526 627 5581 forsan
660 5527 825 5582 valde
856 5530 1169 5599 grandaevi,
1202 5548 1305 5600 pro
1337 5536 1492 5587 certo
1515 5538 1706 5586 tamen
1733 5537 1888 5586 tenet

229 5609 557 5666 Puricellus
582 5612 859 5669 habuisse
880 5614 1045 5669 illum
1071 5618 1415 5687 requisitam
1447 5635 1481 5674 a
1510 5619 1693 5676 sacris
1716 5636 1883 5676 cano-

2009 4647 2267 4702 themate
2298 4644 2667 4702 Gothofredo.
2697 4643 2832 4706 Quae
2865 4640 3064 4696 omnia
3092 4637 3525 4711 Hildeprandus
3539 4636 3665 4694 suis

2010 4736 2220 4791 litteris
2252 4752 2400 4806 sape
2422 4736 2548 4805 jam
2580 4732 2735 4787 dicto
2767 4729 2966 4785 retulit
2995 4725 3526 4785 Herlembaldo.....

2086 4827 2170 4879 12.
2205 4848 2232 4875 ‹‹
2264 4825 2487 4879 Interea
2516 4818 3043 4893 suil‘raganeisedis
3074 4815 3476 4872 Ambrosione
3519 4833 3663 4889 pon-

2006 4914 2457 4983 tifices,accepto
2490 4927 2522 4965 a
2553 4926 2686 4981 rege
2716 4908 3016 4973 mandato,
3052 4906 3207 4977 apud
3232 4904 3437 4959 urbem
3458 4919 3667 4961 conve-

2007 5000 2232 5056 nientes
2263 4995 2954 5064 Novariam,Gothofredo
2987 5009 3230 5048 manum
3280 4990 3665 5046 consecratio-

2009 5090 2101 5145 nis
2133 5089 2464 5160 imponunt,
2497 5085 2688 5156 illum,
2725 5088 2899 5156 prout
2929 5082 3261 5155 quiverant,
3293 5077 3661 5134 roborantes.

2007 5178 2163 5234 Licet
2193 5178 2431 5249 [autem]
2461 5174 2766 5248 praeceptio
2797 5171 2956 5243 regia
2985 5168 3190 5226 multis
3221 5167 3450 5222 dicatur
3469 5165 3661 5238 impe-

2004 5271 2155 5322 trata
2184 5265 2551 5331 muneribus,
2584 5267 2811 5318 constat
2840 5265 3039 5316 tamen
3074 5272 3273 5330 regem
3305 5259 3508 5327 postea
3540 5272 3661 5327 pls-

2003 5355 2250 5411 nituisse
2281 5359 2453 5425 atque
2502 5353 2951 5407 interventorem
3004 5347 3239 5422 penitus
3272 5344 3468 5400 odisse
3499 5341 3657 5417 lega-

2000 5450 2242 5500 tum.....
2297 5443 2447 5498 Dum
2520 5441 2641 5496 haec
2697 5439 2893 5495 taliter
2955 5443 3259 5512 geruntur,
3319 5432 3662 5506 defungitur

2001 5532 2362 5605 apostolicus
2396 5554 2423 5581 ››
2458 5529 2781 5587 Alexander
2808 5529 2857 5586 II
2888 5544 3041 5584 anno
3075 5526 3232 5592 1073,
3262 5521 3354 5579 die
3387 5521 3462 5577 20
3488 5520 3656 5593 Apri-

1995 5621 2089 5689 lis,
2113 5622 2205 5678 cui
2236 5638 2410 5695 parvo
2442 5620 2673 5677 dierum
2720 5618 2832 5692 (19)
2881 5614 3205 5685 intervallo,
3239 5610 3505 5671 succedit
3534 5608 3653 5672 Hil-
