3960 6216
161 351 315 420 ως

1745 348 1973 416 ACTA.

3407 349 3568 423 ιω

159 490 392 556 naso,ut
421 485 519 559 qui
535 485 798 544 alienum
829 488 1205 561 praesumpsit
1225 488 1670 561 omcium,quod
1689 487 1795 543 ha-
1826 485 1882 552 Α
1911 482 2208 548 caelorum.
2240 485 2298 542 in
2334 503 2448 559 quo
2477 488 2702 545 decimo
2733 504 2886 546 anno
2911 490 3030 548 ista
3059 488 3280 562 scripta
3309 495 3452 549 sunt
3495 492 3566 550 ad

161 581 290 637 bere
316 577 644 643 videbatur,
678 577 987 632 amitteret.
1010 579 1224 632 Eadem
1257 578 1555 649 bora,post
1576 579 1682 632 hoc
1709 578 1795 631 in-

163 669 321 742 signe
349 672 657 739 tropaeum,
692 667 848 722 cives
876 683 1081 722 omnes
1113 666 1455 738 trimphales
1487 671 1801 738 personant

163 760 427 831 hymnos,
459 757 574 812 Deo
633 761 690 811 et
746 760 990 827 patrono
1049 773 1155 810 suo
1213 756 1541 820 Ambrosio,
1593 755 1800 810 armati

165 848 438 904 adeuntes
467 845 655 917 ipsius
674 845 1003 901 ecclesiam.
1028 849 1090 899 In
1123 845 1446 900 crastinum
1470 862 1602 900 vero
1625 843 1802 899 simul

166 953 292 994 cum
324 935 478 992 clero
510 935 661 1000 laici,
687 935 744 990 in
774 934 996 989 litaniis
1026 939 1083 988 et
1112 933 1408 999 laudibus,
1428 935 1496 988 ad
1533 939 1804 989 sanctum

167 1027 350 1082 denuo
389 1024 771 1097 procedentes
820 1024 1220 1089 Ambrosium,
1253 1029 1446 1078 reatus
1488 1023 1806 1095 praeteritos

169 1115 514 1172 conﬁtentur
541 1113 909 1178 alterutrum,
928 1111 1293 1167 absolutione
1317 1130 1450 1168 vero
1476 1131 1510 1168 a
1539 1115 1806 1168 sacerdo-

168 1203 447 1275 tibus,qui
481 1205 691 1274 prmeto
721 1202 983 1266 aderant,
1017 1201 1325 1270 celebrata,
1352 1218 1619 1257 reversus
1649 1201 1807 1256 estin

170 1309 302 1368 pace
333 1291 588 1365 populus
619 1292 929 1346 universus
959 1291 1031 1345 ad
1066 1291 1319 1362 propria.
1358 1314 1384 1338 ››

233 1383 321 1437 21.
375 1380 437 1436 Si
470 1386 666 1435 tamen
698 1397 809 1452 pax
857 1378 1051 1450 aliqua
1083 1384 1273 1450 potest
1301 1395 1429 1435 esse
1461 1379 1682 1450 impiis,
1714 1395 1815 1451 per

177 1471 356 1544 magis
368 1469 585 1542 impios
599 1469 931 1525 sacerdotes
945 1469 1134 1540 magis
1149 1469 1457 1540 magisque
1472 1470 1540 1523 ad
1558 1468 1814 1523 schisma

176 1560 480 1616 fovendum
511 1557 820 1630 obligatis;
855 1558 1009 1611 unde
1039 1557 1256 1625 (verius
1292 1575 1469 1629 quam
1502 1557 1816 1613 intenderit

173 1647 444 1705 Arnulfus
468 1647 621 1719 apud
651 1645 1003 1701 Puricellum
1029 1663 1156 1718 pag.
1182 1648 1310 1716 315)
1333 1648 1401 1700 ad
1429 1663 1596 1718 porro
1618 1649 1818 1704 secuta

175 1737 428 1811 progredi
465 1752 528 1791 se
559 1735 678 1801 ait;
714 1757 742 1783 «
777 1734 1053 1807 predictis
1086 1736 1281 1798 rebus,
1309 1753 1422 1790 non
1455 1736 1626 1807 plane
1659 1751 1817 1791 com-

177 1826 390 1901 positis,
423 1825 528 1880 sed
557 1823 858 1917 involutis.
895 1847 921 1872 ››
949 1826 1222 1889 Quaenam
1269 1829 1462 1880 autem
1513 1841 1686 1896 porro
1727 1840 1815 1879 se-
1844 1852 1890 1917 Β

179 1915 388 1970 outa?«
429 1915 596 1985 Szepe
621 1913 747 1983 jam
770 1911 908 1967 dicti
943 1913 1427 1980 Mediolanenses,
1462 1913 1678 1985 inquit,
1715 1931 1816 1984 pro

179 2003 414 2076 petendo
433 2003 711 2074 episcopo
733 2000 886 2056 ultra
910 2005 1137 2056 montes
1159 2001 1406 2056 Henrico
1429 2001 1548 2073 regi
1574 2001 1815 2073 legatio-

181 2107 300 2148 nem
330 2091 614 2163 dirigunt,
646 2090 992 2146 mandantes
1042 2090 1518 2146 Herlembaldicae
1580 2091 1816 2145 interfe-

181 2180 374 2237 ctionis
408 2179 804 2251 triumphum.
865 2182 988 2245 Quo
1035 2180 1287 2251 cognito,
1319 2179 1546 2235 lartatus
1601 2183 1690 2235 est
1720 2196 1818 2234 rex

181 2269 268 2324 ille
295 2286 472 2341 supra
502 2269 1183 2339 modum,quemcunque
1204 2268 1417 2323 vellent
1446 2285 1507 2324 se
1539 2269 1815 2323 daturum

182 2358 518 2430 promittens
547 2357 910 2428 episcopum.
942 2379 972 2407 ›ι
1010 2357 1072 2410 Et
1103 2356 1276 2428 paulo
1319 2361 1451 2428 post
1482 2373 1494 2410 :
1536 2380 1557 2406 ι
1597 2359 1818 2412 Interea

183 2446 375 2520 legatis
395 2444 927 2501 Modiolanensium
953 2461 1021 2500 ex
1051 2445 1199 2500 clero
1223 2449 1278 2499 et
1310 2445 1524 2517 populo
1557 2462 1733 2517 super
1758 2462 1817 2500 re

185 2536 409 2608 praefata
425 2550 628 2608 regem
661 2534 1037 2602 adeuntibus,
1067 2533 1365 2589 Tedaldus
1397 2535 1658 2606 quidam,
1694 2535 1816 2590 Me-

185 2623 530 2681 dtcnalensis
557 2623 826 2678 Ecclesiae
847 2623 1501 2695 subdiaconus,capella
1529 2623 1819 2679 militabat

185 2713 238 2769 in
265 2713 438 2786 regia.
473 2712 580 2768 Cui
613 2729 732 2779 rex,
763 2711 949 2767 multa
974 2710 1211 2766 volvens
1243 2728 1306 2766 ac
1335 2711 1634 2767 revolvens
1679 2729 1816 2767 con-

187 2803 324 2869 silia,
379 2802 616 2875 proprio
646 2801 886 2857 tandem
919 2799 1235 2872 indulgens
1283 2801 1544 2866 arbitrio,
1570 2802 1816 2856 Ambro-

185 2891 399 2947 sianum
419 2890 671 2946 tradidit
703 2889 1101 2963 praesulatum,
1124 2889 1457 2960 posthabita
1477 2889 1817 2945 Gothofredi

185 2979 330 3035 illius
347 2981 540 3037 adhuc
559 2979 805 3034 viventis
825 2978 1172 3033 investitura
1192 2983 1247 3033 et
1268 2978 1818 3046 unclione,Athonis

189 3083 404 3140 quoque
433 3069 632 3124 Roma:
656 3072 799 3122 tunc
817 3067 1081 3138 degentis
1102 3066 1400 3123 electione.
1426 3067 1572 3131 Quid
1597 3065 1818 3139 pluraj?

189 3156 494 3229 Susceptus
523 3161 612 3211 est
641 3155 852 3228 praesul
885 3155 982 3210 ille
1023 3173 1056 3210 a
1086 3155 1237 3210 clero
1269 3160 1325 3209 et
1355 3155 1686 3227 populo.....
1723 3156 1815 3211 cui

1910 571 2142 669 laudem
2177 578 2276 633 Dei
2301 579 2546 650 ejusque
2573 577 2777 669 famuli
2807 579 3048 636 Arialdi.
3084 603 3112 628 ››
3142 579 3264 635 Non
3297 581 3569 669 inquam,

1912 665 2031 722 hzec
2053 685 2146 724 me
2164 673 2432 724 movent:
2461 669 2600 741 quia
2623 668 2700 724 ibi
2720 669 2886 725 video
2906 669 3227 725 sollicitum
3255 665 3570 736 Andream,

1914 761 1979 810 ut
2001 757 2060 810 in
2085 757 2155 811 iis
2187 773 2312 826 quae
2335 757 2633 813 Arialdum
2661 762 2951 830 spectant,
2975 757 3233 814 inveniat
3254 759 3564 816 denarium

1916 862 2265 911 numerum;
2301 863 2474 917 quem
2539 851 2604 902 ut
2661 848 2940 918 reperiret
2996 848 3056 902 in
3117 848 3286 903 annis
3334 848 3568 921 utrique

1917 936 2088 989 morti
2117 935 2347 995 mediis.
2384 935 2570 1006 potuit
2600 935 2985 1007 incompletos
3013 953 3112 991 eos
3164 953 3415 1003 sumere,
3448 939 3566 1009 pri-

1916 1039 2200 1094 mumque
2222 1041 2528 1080 numerate
2567 1025 2762 1096 ipsum
2799 1040 2915 1095 quo
2937 1042 3123 1080 caesus
3160 1025 3433 1080 Arialdus
3453 1032 3565 1094 est,

1919 1111 2053 1167 licet
2074 1112 2199 1182 jam
2232 1112 2428 1168 media
2466 1129 2533 1168 ex
2561 1119 2725 1185 parte
2751 1115 3086 1181 decursum,
3115 1119 3171 1169 et
3191 1115 3272 1170 sic
3302 1115 3569 1171 decimus

1921 1206 2071 1272 post,
2104 1201 2211 1256 erit
2232 1201 2354 1272 ipse
2385 1218 2556 1272 quem
2580 1203 2788 1258 statuit
2817 1203 3118 1268 Arnulfus,
3151 1220 3445 1276 quemque
3509 1204 3561 1260 ei

1921 1291 2224 1362 disputare
2255 1307 2498 1362 nequeo,
2525 1308 2714 1346 annus
2749 1293 2903 1348 1075.
2929 1293 3168 1348 Biennio
3185 1298 3380 1348 autem
3415 1297 3568 1365 post,

1927 1378 2170 1434 Henrico
2202 1395 2334 1451 rege
2365 1380 2434 1433 ad
2479 1380 2950 1436 communionem
2993 1381 3447 1437 ecclesiasticam
3479 1399 3569 1437 re-

1925 1471 2150 1540 cepto,«
2187 1468 2636 1524 Mediolanensis
2669 1469 3270 1540 populus,Tbeodaldi
3293 1471 3569 1526 societate

1926 1556 2258 1628 culpabilis,
2309 1557 2526 1627 (divina
2582 1558 2924 1629 prohibente
2971 1557 3095 1629 lege
3139 1559 3572 1616 communicare

1927 1662 2060 1700 cum
2095 1645 2646 1716 excommunicato,)
2666 1646 2866 1701 missis
2891 1647 3128 1701 domino
3158 1661 3318 1721 papa:
3343 1648 3570 1720 legatis,

1928 1735 2278 1790 solutionem
2311 1735 2662 1806 imploravit.
2697 1735 2800 1790 Cui
2849 1735 3147 1807 legationi,
3185 1759 3212 1785 »
3243 1736 3437 1808 inquit
3469 1742 3573 1792 Ar-

1929 1823 2151 1885 nulfus,
2185 1847 2211 1873 ‹‹
2249 1824 2425 1879 etiam
2458 1824 2584 1896 ipse
2617 1823 2874 1889 interfui,
2911 1825 2982 1879 de
3013 1823 3320 1896 praeteritis
3351 1824 3579 1881 satisfa-

1925 1913 2102 1979 ciens,
2128 1913 2184 1967 in
2209 1914 2403 1968 futuro
2434 1913 2707 1984 castigari
2742 1913 3126 1984 promittens;
3161 1936 3188 1963 »
3226 1915 3490 1986 adeoque
3512 1929 3580 1970 ea

1925 2019 2052 2075 qua:
2083 2006 2283 2057 contra
2321 2021 2342 2048 α
2377 2006 2610 2057 sanctos
2632 2001 2931 2056 Arialdum
2956 2007 3014 2058 et
3035 2001 3514 2058 Herlemhaldum
3548 2026 3575 2051 ››

1927 2091 2194 2147 acerbius
2224 2091 2539 2163 scripserat
2569 2095 2956 2158 correcturus,
2990 2091 3039 2146 si
3073 2092 3262 2147 denuo
3321 2093 3576 2148 scribere

1927 2181 2194 2236 eamdem
2216 2179 2523 2235 historiam
2556 2179 2854 2235 debuisset
2874 2179 2962 2235 vel
2984 2180 3408 2252 potuisset,nisi
3429 2181 3576 2237 forte

1927 2267 2103 2323 etiam
2135 2272 2273 2322 tunc
2306 2267 2495 2323 adhuc
2527 2267 2876 2340 persistebat
2923 2268 2982 2323 in
3041 2268 3218 2341 priori
3276 2269 3572 2342 opinione,

1928 2357 2083 2429 quod
2111 2356 2445 2426 illiJustum
2478 2356 2844 2429 quidem,sed
2879 2373 2994 2412 non
3018 2358 3180 2429 juste
3201 2357 3415 2413 fuerint
3436 2375 3573 2431 pro-

1928 2445 2135 2512 secuti,
2172 2445 2412 2500 modum
2441 2450 2499 2500 et
2528 2445 2810 2502 terminos
2865 2462 3006 2502 suos
3054 2447 3346 2517 cujusque
3376 2446 3568 2502 ordini

1927 2534 2192 2604 praeﬁxos
2222 2534 2570 2590 excedendo.
2605 2534 2762 2590 Hanc
2811 2537 2965 2590 certe
2996 2533 3331 2608 opinionem
3363 2535 3574 2592 retine-

1927 2622 2046 2690 bat,
2095 2623 2219 2693 jam
2251 2623 2682 2694 quadamtenus
2713 2623 3078 2691 emendatus,
3114 2640 3250 2679 cum
3294 2624 3577 2682 scriberet

1926 2711 2081 2783 apud
2116 2710 2465 2767 Puricellum
2499 2728 2629 2784 pag.
2663 2713 2805 2768 329:
2840 2735 2868 2761 «
2902 2712 2960 2767 Si
2993 2728 3117 2784 quae
3149 2716 3291 2767 sunt
3313 2711 3564 2768 aliorum

1927 2799 2073 2855 bene
2101 2799 2253 2855 dicta
2282 2799 2368 2856 vel
2409 2805 2557 2868 acta,
2613 2818 2728 2856 non
2787 2799 3216 2873 improbemus,
3269 2816 3375 2856 nec
3433 2800 3574 2858 ulllo

1928 2889 2100 2944 modo
2128 2890 2511 2944 dissentimus
2542 2890 2613 2945 ab
2641 2890 2918 2946 omnibus
2947 2888 3068 2945 illis
3101 2889 3200 2962 qui
3225 2889 3458 2945 venales
3487 2907 3578 2946 re-

1928 2978 2176 3049 probant
2207 2979 2671 3034 consecrationes
2695 2983 2751 3034 et
2790 2995 3087 3034 sacrorum
3121 2978 3578 3036 incontinentias

1927 3067 2222 3134 ordinum,
2256 3084 2323 3122 ea
2354 3072 2550 3123 tamen
2583 3069 2811 3123 ratione
2837 3073 2902 3123 ut
2932 3084 2965 3122 a
2986 3066 3164 3122 Paulo
3190 3083 3304 3123 non
3355 3068 3578 3123 discre-

1930 3172 2140 3227 pemus
2171 3161 2444 3224 auctore;
2477 3157 2558 3212 ait
2577 3155 2733 3212 enim
2769 3173 2782 3212 :
2818 3178 2846 3205 ‹‹
2880 3155 3090 3211 Omnia
3109 3159 3306 3211 autem
3338 3155 3578 3211 honeste

189 3220 943 3317 etiamsunt-aganeiﬁidem
965 3244 1101 3316 ipsi,
1124 3245 1221 3316 qui
1246 3220 1662 3300 Gothofredum
1687 3262 1818 3300 con-
1847 3220 1889 3286 C
1925 3220 1982 3301 et
2012 3247 2336 3301 secundum
2371 3220 2633 3302 ordinem
2671 3246 2815 3300 fiant
2840 3245 2886 3317 (1
2915 3245 3034 3300 Cor.
3067 3261 3182 3310 xxv,
3217 3246 3327 3315 40).
3363 3266 3390 3292 ››

189 3337 563 3398 sacraverant,
600 3349 812 3387 manus
845 3333 1178 3404 imponunt,
1214 3356 1234 3383 ι
1301 3333 1395 3388 die
1454 3334 1484 3387 4
1519 3334 1816 3388 Februarii

189 3420 314 3476 1076
341 3421 445 3493 (uti
472 3421 707 3477 ostendi
754 3421 813 3476 in
867 3421 1106 3492 Exegesi
1149 3423 1220 3476 de
1273 3421 1562 3494 episcopis
1595 3423 1816 3478 Medio-

187 3507 563 3581 lanensibus),
579 3527 693 3566 non
729 3511 995 3566 obstante
1016 3511 1169 3582 quod
1193 3510 1506 3582 Gregorius
1537 3527 1820 3583 papa,per

188 3598 341 3654 datas
365 3617 445 3654 vn
478 3599 620 3656 Idus
649 3599 1011 3671 Septembris
1035 3600 1341 3671 praegressi
1371 3599 1635 3655 Tedaldo
1657 3616 1816 3654 man-

187 3687 371 3743 dasset
399 3693 465 3743 ut
494 3692 736 3744 Romam
765 3687 1003 3755 veniret,
1039 3687 1340 3744 electionis
1377 3705 1496 3743 suae
1526 3688 1812 3744 rationem

187 3776 527 3845 redditurus,
577 3776 814 3832 interim
857 3793 992 3831 vero
1023 3793 1220 3831 sacros
1250 3776 1482 3832 ordines
1523 3793 1593 3831 ne
1626 3777 1815 3832 susci-

185 3869 368 3933 peret;
411 3881 467 3920 vi
499 3880 734 3936 quoque
790 3865 926 3920 Idus
958 3865 1222 3920 Octobris
1267 3864 1528 3920 scribens
1585 3864 1814 3920 Vercel-

184 3948 339 4024 lensi,
366 3953 740 4021 Taurinensi,
763 3953 1015 4021 Astcnsi,
1053 3954 1735 4026 Iporediensi,Laudensi
1757 3960 1815 4010 et

183 4041 795 4115 ceteris-snﬁ'raganeis
811 4047 1026 4098 sancta:
1049 4043 1502 4098 Mediolanensis
1523 4043 1811 4112 Ecclesiae,

181 4127 594 4201 signiﬁcaverat
623 4131 764 4206 quid
791 4131 1048 4188 Tedaldo
1079 4131 1418 4204 scripserit;
1449 4132 1648 4204 eisque
1670 4149 1814 4205 pra:-

184 4223 393 4290 ceperat
421 4237 556 4276 eum
578 4221 652 4276 ad
685 4237 882 4277 sacros
911 4221 1145 4277 ordines
1177 4238 1247 4275 ne
1281 4227 1676 4292 promoveant.
1710 4224 1814 4278 Hic

181 4320 296 4363 vero
321 4325 441 4364 non
469 4325 537 4365 se
568 4313 757 4381 potest
788 4309 1084 4365 continere
1114 4309 1410 4375 Arnulfus,
1434 4311 1813 4382 quantumvis

181 4396 346 4464 partis
376 4398 545 4470 regite
577 4399 899 4465 studiosus,
933 4398 1074 4469 quin
1096 4397 1380 4454 exclamet
1409 4415 1420 4454 :
1447 4422 1475 4448 ‹‹
1502 4399 1612 4455 Res
1640 4401 1809 4469 mira,

182 4486 230 4536 et
275 4487 505 4542 eunetis
551 4491 704 4542 retro
763 4487 1130 4562 temporibus
1195 4487 1479 4554 inaudita,
1533 4492 1598 4542 ut
1646 4489 1812 4544 urbis

180 4571 338 4629 unius
394 4592 512 4632 uno
570 4574 751 4631 electo
807 4576 1090 4644 antistite,
1145 4580 1371 4631 sacrato
1431 4576 1634 4644 altero,
1692 4588 1885 4653 unoD

179 4661 480 4736 eodemque
509 4667 770 4736 tempore
799 4665 1006 4720 tertius
1038 4668 1311 4736 erumpat
1337 4663 1348 4718 !
1387 4686 1413 4712 ››

230 4752 318 4805 22.
348 4752 491 4807 Falli
524 4753 616 4808 hic
645 4753 956 4810 Arnulfum
987 4751 1654 4820 vultPuricellum,dum
1676 4754 1802 4826 ipso

175 4833 409 4895 incendii
437 4843 684 4897 secundi
714 4857 888 4909 anno,
923 4846 978 4897 et
1008 4845 1144 4896 ante
1173 4840 1408 4896 Ledaldi
1458 4840 1801 4898 electionem

177 4927 333 4997 atque
347 4929 774 4986 ordinationem
799 4930 1805 4998 schismaticam,interfectum,Her-

176 5008 520 5074 lemdaldum
551 5019 713 5084 dicit,
747 5024 922 5090 atque
952 5020 1008 5074 id
1045 5020 1265 5074 factum
1297 5019 1596 5076 contendit
1634 5019 1805 5092 paulo

177 5107 295 5169 post
348 5105 540 5162 Pacha
569 5109 707 5163 anni
747 5108 907 5174 1076,
940 5109 998 5163 id
1053 5113 1142 5164 est
1171 5125 1370 5165 mense
1418 5107 1651 5181 Aprilis.
1692 5109 1802 5166 Sed

178 5195 454 5258 quomodo
476 5195 600 5250 falli
629 5197 820 5270 potuit
846 5198 897 5253 is
919 5196 1021 5268 qui
1040 5201 1341 5266 tunc,cum
1375 5213 1468 5252 res
1499 5199 1802 5272 agebatur,

178 5278 468 5347 scribebat,
501 5288 558 5339 et
583 5285 880 5340 scribendi
931 5286 1109 5340 ﬁnem
1141 5286 1276 5341 fecit
1328 5303 1481 5341 anno
1531 5292 1662 5359 post
1709 5303 1803 5343 se-

178 5369 361 5435 quenti
389 5371 687 5429 4077?~Me
717 5379 872 5430 certe
903 5375 973 5430 ad
1004 5375 1060 5428 id
1093 5373 1407 5430 dicendum
1441 5393 1555 5432 non
1589 5382 1805 5450 cogunt

178 5456 334 5512 verba
360 5460 618 5531 Andreae,
653 5462 923 5533 dicentis,
973 5480 1140 5518 num.
1201 5466 1290 5531 80,
1325 5465 1477 5536 quod
1542 5467 1801 5538 martyrii

176 5541 412 5620 palmam
435 5556 706 5608 assecuto
722 5551 975 5619 Arialdo,
994 5551 1173 5622 Deus,
1199 5576 1226 5602 «
1251 5553 1477 5611 decimo
1501 5559 1632 5626 post
1647 5573 1802 5613 anno

177 5628 633 5697 Herlemhaldum
664 5641 893 5698 fidelem
917 5640 1143 5698 socium
1177 5642 1490 5700 associavit
1517 5643 1576 5699 in
1620 5659 1799 5718 regno

1995 3337 2083 3390 ‘23.
2112 3335 2264 3390 Nihil
2298 3339 2502 3389 contra
2531 3335 2682 3389 hauc
2715 3333 2924 3406 legem,
2953 3350 3024 3387 ne
3064 3333 3136 3386 ab
3172 3331 3578 3388 Herlemdaldo

1929 3425 2169 3496 quidem
2193 3428 2495 3495 peccatum
2519 3421 3188 3486 censuitAndreas,cum
3223 3443 3250 3469 «
3288 3421 3345 3474 in
3380 3421 3576 3475 defen-

1927 3511 2087 3567 sione
2112 3512 2356 3583 justitiaa
2390 3511 2668 3582 martyrio
2713 3512 3052 3564 coronatum
3091 3531 3112 3558 ι
3152 3507 3576 3578 pronuntiavit,

1927 3617 2090 3654 num.
2123 3601 2192 3654 34
2245 3617 2257 3666 ;
2319 3598 2463 3653 nihil
2494 3598 2668 3653 etiam
2709 3595 3024 3668 Gregorius
3084 3611 3255 3667 papa,
3311 3595 3578 3652 scribens

1927 3713 1954 3737 ‹‹
1989 3688 2249 3742 Wifredo
2282 3686 2588 3742 Mediolani
2621 3685 2790 3740 militi
2817 3702 2831 3752 ;
2865 3700 3114 3756 quem,»
3150 3686 3284 3754 post
3314 3682 3575 3738 Heriem-

1926 3776 2080 3832 baldi
2123 3777 2362 3839 caedem.
2397 3797 2424 3824 «
2483 3776 2554 3830 ad
2611 3774 3027 3829 confortandos
3084 3771 3298 3829 Christi
3355 3773 3576 3829 milites

1924 3865 2187 3920 animum
2215 3869 2274 3920 et
2297 3863 2701 3920 fortitudinem
2724 3862 3114 3934 resumpsisse
3135 3884 3164 3911 ››
3189 3861 3572 3918 intellexerat.

1927 3955 2179 4010 Mentem
2214 3957 2408 4009 autem
2469 3969 2633 4008 suam
2667 3951 3039 4008 manifestius
3095 3950 3576 4026 luculentiusque

1923 4041 2180 4098 declarat
2212 4042 2270 4096 in
2291 4041 2542 4114 epistola
2563 4042 2632 4095 ad
2658 4040 2961 4113 praefatum
2987 4038 3366 4111 Liprandum,
3392 4055 3574 4112 quam

1922 4148 1990 4188 ex
2019 4131 2147 4201 ejus
2179 4134 2385 4203 nepote
2418 4129 2715 4186 Landulﬁo
2745 4147 2780 4185 a
2807 4130 2866 4185 S.
2901 4128 3077 4184 Paulo
3108 4127 3192 4183 sic
3223 4127 3430 4183 recitat
3460 4128 3574 4184 Pu-

1924 4219 2156 4276 ricellus
2188 4235 2320 4292 pag.
2348 4221 2453 4274 327
2487 4235 2499 4273 :

1995 4333 2020 4359 «
2056 4311 2381 4366 Gaaooaws
2408 4309 2719 4380 episcopus
2751 4324 2952 4364 servus
3001 4321 3300 4364 servorum
3336 4307 3458 4374 Dei,
3483 4307 3570 4363 LI-

1923 4415 2148 4455 pamno
2180 4397 2490 4464 sacerdoti,
2519 4396 2773 4453 salutem
2826 4400 2884 4453 et
2915 4397 3297 4470 apostolicam
3334 4397 3572 4452 benedi-

1921 4489 2198 4544 ctionem.

1990 4602 2016 4626 «
2042 4576 2099 4632 Si
2117 4580 2452 4632 sanctorum
2475 4576 2821 4632 memoriam
2846 4576 3298 4641 veneramur,de
3319 4591 3570 4646 quorum

1917 4666 2168 4741 legimus
2200 4670 2386 4722 morte
2417 4670 2472 4720 et
2503 4664 2869 4721 abscissione
2902 4666 3298 4720 membrorum
3325 4682 3338 4732 ;
3371 4664 3418 4719 si
3463 4681 3568 4737 pa-

1911 4755 2176 4811 tientiam
2209 4755 2522 4810 laudamus
2553 4770 2781 4821 eorum,
2818 4771 2967 4826 quos
3012 4772 3046 4810 a
3075 4753 3290 4810 Christi
3324 4753 3437 4808 fide
3468 4769 3572 4810 nec

1915 4844 2149 4918 gladius
2180 4860 2284 4899 nec
2316 4842 2436 4898 ulla
2467 4859 2632 4915 paena
2661 4843 2858 4898 divisit
2886 4861 2898 4911 ;
2930 4846 2994 4898 tu
3029 4859 3284 4915 quoque,
3308 4843 3570 4900 abscisso

1917 4950 2058 4988 naso
2085 4936 2141 4988 et
2165 4932 2406 4988 auribus
2438 4949 2540 5004 pro
2572 4930 2784 4987 Christi
2809 4931 3067 4997 nomine,
3094 4930 3452 4986 laudabilior
3509 4948 3570 4988 es

1915 5021 2015 5093 qui
2045 5023 2116 5076 ad
2150 5038 2278 5076 eam
2311 5021 2560 5094 gratiam
2606 5021 2936 5094 pertingere
2988 5020 3283 5088 meruisti,
3315 5037 3441 5091 quae
3496 5021 3568 5076 ab

1913 5110 2190 5166 omnibus
2212 5110 2599 5165 desideranda
2623 5118 2708 5166 est
2729 5127 2742 5178 ;
2770 5127 2887 5180 qua
2909 5127 2943 5166 a
2966 5110 3185 5165 sanctis
3209 5109 3280 5180 (si
3308 5125 3571 5180 perseve-

1914 5199 2129 5255 raveris
2160 5199 2218 5252 in
2253 5199 2430 5253 finem
2480 5215 2594 5254 non
2625 5199 2945 5272 discrepas.
2986 5198 3298 5273 lntegritas
3331 5199 3569 5269 quidem

1913 5287 2172 5359 corporis
2203 5286 2289 5342 tui
2321 5287 2613 5343 diminuta
2641 5292 2762 5356 est;
2798 5289 2898 5343 sed
2953 5288 3195 5344 interior
3233 5287 3432 5353 homo,
3467 5286 3571 5358 qui

1913 5380 2224 5433 renovatur
2250 5377 2320 5432 de
2352 5377 2444 5432 die
2470 5377 2529 5432 in
2555 5377 2732 5444 diem,
2767 5395 3050 5450 magnum
3084 5375 3416 5432 sanctitatis
3441 5393 3568 5430 sus-

1913 5466 2051 5539 cipit
2079 5465 2556 5522 incrementum:
2614 5467 2800 5522 forma
2846 5465 3097 5522 visibilis
3156 5465 3402 5537 turpior,
3467 5463 3564 5519 sed

1913 5557 2103 5628 imago
2136 5555 2254 5620 Dei,
2289 5572 2415 5627 quae
2450 5561 2538 5612 est
2567 5557 2758 5612 forma
2779 5557 3048 5628 justitize,
3081 5557 3236 5612 facta
3257 5557 3345 5610 est
3375 5553 3436 5610 in
3475 5553 3567 5608 di-

1912 5644 2234 5702 minutione
2248 5645 2655 5717 jucundior,in
2673 5645 3041 5719 turpitudine
3056 5645 3376 5720 pulchrior;
3405 5643 3564 5700 unde
