3960 6216
361 317 520 391 ιιθθ

1480 322 1590 385 SS.
1635 317 1951 383 ARIALDI
1996 315 2097 383 ET
2137 315 2641 381 ERLEMBALDI

3606 316 3773 390 ηω

357 454 419 513 in
448 455 700 514 Canticis
729 454 1089 511 canticorum
1126 451 1410 527 gloriatur
1437 451 1715 519 Ecclesia,
1750 453 1949 506 dicens
1984 468 1998 508 :
2031 452 2081 516 Α
2113 450 2262 505 bano
2296 468 2446 522 papa
2477 451 2545 519 II,
2580 450 2681 523 qui
2712 453 2911 525 postea
2941 449 3113 511 annis
3141 450 3200 511 14
3235 455 3296 512 et
3324 452 3636 514 mensibus
3665 456 3775 514 ali-

363 567 389 599 u
422 547 601 618 Nigra
630 561 784 609 sum,
817 543 915 598 sed
949 540 1366 608 formosa,ﬁlia2
1388 540 1716 597 Jerusalem
1748 543 1929 610 (Cant.
1958 558 1998 609 1,

355 636 466 706 54).
504 660 530 683 ››
557 634 715 698 Quod
750 632 798 686 si
832 631 1070 686 interior
1094 632 1318 703 species
1350 628 1495 685 nihil
1520 647 1693 702 passa
1720 628 1999 684 estdetri-

356 723 534 779 menti
568 723 639 778 iis
672 721 1156 785 abscissionibus,
1190 736 1305 774 non
1360 724 1450 775 est
1507 720 1838 773 abscissum
1870 737 1899 771 a
1944 725 2000 772 te

354 810 709 867 sacerdotale
725 809 1189 880 olliicium,quod
1214 809 1514 880 proprium
1538 813 1625 862 est
1640 807 1996 872 sanctitatis;

349 907 408 956 et
439 918 554 955 non
587 905 706 954 tam
734 897 1211 953 consideraturin
1245 896 1577 967 integritate
1601 896 1995 950 membmrum

351 1006 529 1062 quam
559 988 619 1043 in
644 988 973 1059 integritate
995 988 1298 1040 virtutum.
1324 986 1484 1041 Unde
1518 986 1833 1057 imperator
1857 988 1998 1038 Con-

348 1079 646 1134 stantinus
678 1075 1184 1147 Hierosolymitani
1218 1074 1474 1145 episcopi
1507 1074 1817 1143 cujusdam
1858 1090 1995 1127 ocu-

345 1168 469 1223 lum
494 1190 521 1216 »
555 1168 635 1237 (S.
668 1166 901 1220 Maximi
934 1164 1173 1231 scilicet,
1234 1164 1304 1217 de
1344 1180 1459 1235 quo
1490 1170 1686 1217 actum
1742 1164 1779 1215 5
1839 1161 1995 1228 Maii)

350 1283 369 1304 ι
410 1273 512 1328 pro
542 1255 757 1310 Christi
790 1253 1024 1308 nomine
1054 1257 1285 1308 erutum
1318 1269 1467 1323 sepe
1500 1250 1879 1305 osculabatur
1903 1269 1915 1316 ;
1938 1254 1996 1303 et

343 1344 608 1415 exemplo
641 1344 874 1398 Patrum
906 1347 1082 1412 atque
1112 1340 1461 1394 documento
1515 1340 1804 1408 majorum
1840 1338 1986 1392 didi-

343 1434 533 1488 cimus
566 1449 679 1487 non
712 1432 937 1486 aulerre
969 1446 1202 1484 sacrum
1226 1428 1483 1483 ofﬁcium
1504 1427 1993 1499 martyribus,pro

342 1520 684 1590 hujusmodi
716 1536 866 1575 cursu
877 1536 939 1573 ra
966 1519 1389 1573 membrorum.

409 1611 503 1665 24.
539 1632 567 1657 ‹‹
601 1607 875 1673 Proinde,
906 1611 1130 1677 martyr
1175 1604 1406 1671 Christi,
1441 1604 1762 1659 confortare
1791 1603 1847 1657 in
1882 1603 1993 1658 Do-

343 1696 522 1752 mino.
556 1695 742 1767 Magis
774 1695 976 1749 credas
1008 1694 1066 1747 in
1099 1699 1153 1748 te
1187 1710 1341 1747 nunc
1395 1708 1523 1747 esse
1555 1693 1992 1763 presbyteratus

2112 546 2253 613 quot
2283 541 2473 597 tenuit
2504 541 2769 598 Ecclesiae
2801 542 3099 601 catholica
3157 546 3652 619 gubernaculum,
3708 552 3771 604 et

2110 635 2379 702 receptus
2408 631 2646 703 agnitus
2675 631 2785 686 fuit
2812 649 2984 689 verus
3017 635 3075 690 S.
3101 636 3397 692 Ambrosii
3428 653 3769 705 successor,

2109 719 2335 773 Etenim
2370 719 2530 775 illius
2569 722 2641 775 ad
2673 720 2829 776 hunc
2858 727 3014 778 extat
3037 725 3192 794 apud
3244 727 3479 781 lvonem
3511 730 3681 798 parte
3708 744 3771 782 v1

2109 824 2236 880 cap.
2272 810 2395 878 406,
2427 814 2777 880 rescriptum
2808 811 3187 882 hujusmodi:
3227 836 3249 862 ο
3284 814 3639 870 Discretioni
3670 831 3779 875 no-

2109 902 2240 952 strae
2274 899 2505 953 videtur
2560 904 2872 970 quatenus,
2908 902 3233 957 secundum
3269 902 3547 975 praecepti
3578 904 3771 960 nostri

2106 992 2389 1054 tenorem,
2414 988 2649 1059 quando
2672 989 2996 1043 secundum
3022 989 3292 1045 Ecclesiae
3310 995 3516 1047 vestra
3539 1008 3777 1049 morem

2107 1092 2305 1130 sacros
2336 1077 2582 1131 daturus
2604 1076 2967 1148 quibuslibet
3013 1078 3145 1133 aliis
3161 1079 3777 1149 ordines,benedicero

2107 1165 2500 1236 coaperis,eos,
2534 1182 2682 1237 quos
2712 1170 2815 1220 tua
2843 1166 3075 1221 duxerit
3111 1166 3350 1223 solertia
3380 1169 3772 1226 reconcilian-

2109 1253 2238 1321 dos,
2273 1253 2425 1307 inter
2448 1254 2912 1309 benedicendum
2970 1259 3030 1309 et
3076 1272 3291 1312 manus
3336 1256 3773 1329 imponendum

2107 1341 2285 1396 facias
2300 1341 2604 1409 interesse;
2624 1343 2842 1413 quibus
2863 1347 3070 1398 caetera
3081 1344 3283 1399 omnia
3300 1346 3779 1403 consecrationis

2104 1428 2520 1496 instrumenta,
2550 1434 2759 1501 praeter
2819 1430 3129 1498 unctionis,
3169 1431 3451 1504 explebis,
3484 1437 3543 1489 et
3571 1433 3659 1490 sic
3689 1434 3771 1491 ad

2103 1522 2307 1572 sancta
2338 1518 2669 1573 ministeria
2689 1519 3117 1575 reconciliabis.
3162 1544 3184 1569 ο

2172 1608 2263 1660 26.
2297 1609 2457 1662 Anno
2491 1607 2630 1661 1095
2658 1606 2963 1662 Placentiae
2994 1609 3285 1681 synodum
3334 1609 3652 1668 celebravit
3680 1612 3770 1670 Ur

2103 1693 2292 1749 hanus
2325 1711 2337 1748 :
2374 1717 2402 1742 α
2454 1694 2619 1761 Huic,
2658 1717 2678 1742 ι
2741 1699 2888 1750 teste
2945 1695 3259 1753 Bertholdo
3318 1697 3765 1757 Constantiensi

340 1785 621 1851 ofﬁcium,
678 1783 833 1854 quod
882 1781 1043 1853 prius
1075 1780 1183 1836 olei
1242 1780 1533 1847 unctione,
1568 1797 1723 1834 nunc
1755 1781 1837 1834 tui
1904 1784 2069 1878 estB
2103 1804 2132 1830 «
2190 1782 2585 1837 interfuerunt
2640 1780 3113 1854 Saltzburgensis
3169 1783 3674 1858 archiepiscopus,
3705 1792 3770 1845 et

339 1872 645 1945 sanguinis
670 1872 948 1927 tinctione
978 1872 1398 1937 commissum;
1434 1874 1490 1924 et
1535 1874 1755 1940 quanto
1786 1871 1988 1923 minus

339 1962 519 2018 habes
541 1961 695 2032 quod
731 1959 919 2032 possit
948 1958 1183 2024 auferri,
1209 1962 1368 2012 tanto
1392 1958 1589 2011 minus
1612 1958 1820 2012 timeas
1844 1973 1989 2028 pres-

338 2050 534 2105 dicare
564 2066 691 2121 qua:
724 2065 856 2103 vera
906 2052 1065 2113 sunt,
1101 2046 1393 2101 seminare
1440 2063 1565 2117 quae
1598 2045 1991 2117 centuplicata

341 2139 678 2194 reddentur.
740 2137 973 2192 Scimus
1027 2136 1263 2207 quidem
1296 2139 1352 2190 te
1384 2136 1455 2190 ab
1488 2135 1744 2189 inimicis
1776 2138 1990 2189 sanctae

342 2228 604 2283 Ecclesia:
637 2243 869 2298 semper
916 2224 1205 2279 inimicari
1260 2229 1317 2280 et
1346 2224 1549 2296 afﬂigi,
1608 2225 1706 2278 sed
1773 2240 1844 2277 ne
1890 2239 1991 2278 eos

335 2315 548 2372 timeas
560 2332 748 2386 neque
768 2313 1163 2387 perterrearis,
1179 2314 1317 2384 quia
1333 2329 1448 2367 non
1472 2318 1591 2367 tam
1615 2318 1668 2366 te
1690 2329 1867 2384 quam
1889 2316 1991 2366 tua

338 2405 560 2470 omnia,
592 2404 704 2459 sub
756 2407 957 2458 nostra
986 2408 1044 2457 et
1073 2401 1404 2473 apostolicae
1436 2402 1593 2456 sedis
1617 2401 1819 2466 tutela,
1853 2418 1989 2456 cum

339 2509 554 2565 magna
584 2491 866 2546 charitate
918 2497 1206 2545 tenemus.
1240 2490 1309 2545 Et
1341 2489 1389 2544 si
1422 2490 1479 2544 in
1537 2488 1837 2561 aliquibus
1882 2490 1987 2544 tibi

337 2580 735 2637 necessarium
767 2578 940 2634 fuerit
986 2577 1365 2650 apostolicam
1423 2580 1621 2633 sedem
1674 2577 1986 2650 appellare,

341 2669 754 2735 concedimus;
790 2672 846 2722 et
876 2667 924 2722 si
953 2668 1024 2722 ad
1058 2684 1163 2722 nos
1203 2672 1259 2722 et
1309 2667 1356 2722 si
1390 2667 1459 2721 ad
1494 2672 1755 2723 nostram
1786 2668 1985 2722 sedem

336 2758 586 2828 veneris,
618 2773 753 2813 cum
805 2756 1019 2830 gaudio
1048 2760 1105 2812 et
1149 2772 1361 2828 magno
1417 2756 1634 2812 honore
1691 2756 1988 2828 suscipere

339 2846 527 2918 parati
557 2862 786 2901 sumus.
823 2868 850 2894 ››
882 2845 1117 2900 Utinam
1150 2845 1233 2900 sic
1280 2845 1459 2899 etiam
1501 2845 1857 2900 haberentur
1886 2844 1985 2899 lit-

334 2939 492 3002 teras,
524 2951 693 3006 quas,
725 2932 1018 2989 intellecta
1068 2932 1459 2989 Herlembaldi
1515 2939 1722 3002 morte,
1783 2935 1854 2989 ad
1886 2950 1986 2990 eos

335 3024 438 3094 qui
461 3024 653 3096 ipsam
684 3021 1115 3094 signiﬁcabant,
1149 3021 1379 3076 dedisse
1427 3021 1771 3093 Gregorium
1806 3022 1987 3078 credi-

333 3112 448 3168 bile
478 3116 588 3181 est,
624 3110 826 3184 plenas
857 3110 1267 3165 mstimationis
1327 3115 1383 3165 et
1412 3111 1675 3177 allectus,
1711 3127 1815 3165 nec
1864 3128 1979 3165 non

2103 1870 2457 1926 Pataviensis
2494 1870 2807 1942 episcopus
2837 1871 2909 1925 de
2936 1871 3222 1942 Bajoaria,
3279 1873 3351 1928 de
3409 1873 3765 1933 Alemannis

2101 1976 2233 2014 vero
2262 1960 2752 2025 Constantiensis,
2784 1959 2887 2030 qui
2916 1964 2974 2015 et
3008 1960 3321 2016 Arnullum
3354 1962 3763 2021 Mediolanen-

2100 2064 2223 2103 sem
2255 2048 2785 2120 archiepiscopum,
2817 2048 2917 2103 diu
2942 2048 3179 2120 quidem
3201 2049 3586 2120 electum,sed
3608 2070 3763 2110 non-

2102 2138 2242 2192 dum
2273 2141 2697 2203 consecratum,
2729 2137 2934 2192 eodem
2989 2141 3252 2209 tempore
3278 2154 3352 2194 ex
3379 2141 3766 2200 concessione

2099 2226 2320 2281 domini
2354 2242 2515 2297 papa
2549 2223 2860 2280 Mediolani
2889 2240 3319 2282 consecravere.
3347 2248 3375 2276 »
3398 2228 3755 2300 Supervenit

2098 2315 2309 2369 deinde
2341 2314 2479 2369 illuc
2509 2314 2767 2386 pontifex
2796 2314 2944 2385 ipse,
2968 2315 3067 2385 qui
3094 2314 3238 2386 quid
3262 2320 3403 2371 tunc
3432 2318 3622 2389 egerit
3640 2322 3763 2377 Ile-

2098 2402 2341 2468 diolani,
2371 2400 2607 2474 collegit
2635 2401 2958 2457 Puricellus
2986 2419 3058 2457 ex
3084 2402 3347 2474 quadam
3377 2419 3491 2461 ms.
3533 2408 3757 2482 margi-

2099 2492 2217 2548 nali
2248 2491 2565 2559 additione,
2598 2491 2672 2546 ad
2729 2497 2904 2562 caput
2963 2490 3070 2546 ult.
3119 2490 3256 2547 libri
3286 2509 3373 2560 ιιι,
3432 2494 3749 2554 Annalium

2098 2579 2363 2637 Landulli
2383 2578 2814 2647 Senioris,nlhil
2834 2596 3013 2651 quam
3033 2579 3319 2637 Arnultus
3339 2581 3452 2637 fuit
3470 2584 3750 2655 aequiorie

2098 2671 2169 2727 ad
2204 2669 2549 2725 memoriam
2582 2668 2995 2725 Herlembaldi.
3030 2668 3113 2724 Ibi
3140 2674 3275 2741 post
3302 2669 3428 2727 haec
3447 2673 3669 2745 scripta
3688 2674 3751 2731 in

2098 2757 2610 2831 margineiverba,«
2627 2757 2927 2813 Occiditur
2945 2756 3393 2814 Herlembaldus
3407 2759 3482 2815 ab
3492 2762 3752 2822 Arualdo

2095 2846 2166 2901 de
2198 2847 2435 2914 Raude;
2468 2868 2494 2893 υ
2526 2846 2610 2901 sic
2648 2846 2890 2917 insuper
2943 2844 3158 2917 legitur
3188 2862 3202 2899 :
3237 2868 3267 2896 ‹‹
3297 2846 3520 2904 Versus
3574 2866 3752 2924 super

2095 2935 2362 3007 sepulcro
2395 2934 2788 2990 Herlembaldi
2810 2934 2869 2989 in
2900 2934 2959 2990 S.
2992 2933 3291 3008 Dionysio,
3314 2952 3492 3008 quem
3522 2944 3751 2997 sancto-

2092 3041 2225 3079 rum
2259 3028 2583 3096 martyrum
2613 3021 2878 3095 catalogo
2907 3022 3204 3078 adnotavit
3236 3023 3507 3082 Urbanus
3528 3026 3578 3083 II
3605 3044 3621 3095 ;
3644 3029 3750 3100 qui

2094 3128 2228 3167 cum
2246 3110 2425 3166 Arnul
2436 3110 2548 3183 pho
2564 3110 3001 3182 archiepiscOpo
3016 3110 3331 3168 millesimo
3362 3116 3746 3187 nonagesimo

333 3200 831 3272 comprobationis
854 3202 1115 3253 actorum
1144 3198 1217 3253 ab
1251 3214 1339 3265 eo,
1372 3198 1589 3270 quibus
1644 3199 1864 3254 obstrui
1908 3198 1980 3255 si-
2010 3176 2053 3243 C
2094 3201 2304 3272 primo,
2336 3216 2549 3270 corpus
2578 3200 2705 3269 ejus
2728 3198 3058 3265 tumulavit,
3082 3200 3204 3268 (ubi
3230 3222 3258 3251 α
3292 3176 3744 3275 nonagesimum

335 3288 554 3344 militer
584 3292 826 3360 possent
873 3303 996 3352 ora,
1030 3288 1098 3341 de
1130 3303 1195 3342 eo
1246 3303 1410 3359 aeque
1441 3304 1506 3343 ac
1545 3288 1604 3343 S.
1633 3287 1868 3343 Arialdo
1898 3286 1981 3343 lo-

2089 3288 2364 3361 quintum
2385 3309 2413 3339 »
2440 3304 2663 3342 annum
2684 3286 3000 3359 legendum
3023 3288 3228 3344 merito
3259 3295 3459 3346 censet
3473 3290 3742 3349 Puricel-

332 3378 642 3449 quentium
668 3376 891 3449 iniqua.
914 3380 1082 3431 Nunc
1104 3376 1259 3448 quod
1283 3382 1571 3448 superest,
1604 3376 1891 3449 quidquid
1914 3392 1983 3431 ex
2087 3376 2227 3450 lus.)
2254 3376 2393 3449 quia
2421 3377 2547 3449 ipse
2577 3375 3046 3443 Herlembaldus,
3062 3376 3349 3433 vexillifer
3375 3378 3644 3435 Ecclesia
3667 3397 3736 3438 ao

335 3466 623 3523 Puricello
640 3464 912 3537 colligere
930 3465 1347 3537 possumus.ad
1369 3465 1677 3537 utriusque
1699 3463 1980 3520 honorem

334 3570 653 3628 pergamus
700 3555 1029 3627 decerpere,
1059 3553 1332 3609 adductis
1372 3558 1702 3627 auctorum,
1735 3570 1861 3626 qua:
1886 3570 1982 3609 .re-

331 3648 662 3716 praesentat,
691 3644 905 3700 verbis.

976 3749 1207 3806 CAPUT
1248 3749 1338 3805 IV.

331 3840 431 3897 SS.
463 3839 845 3896 Herlembaldo
900 3847 952 3895 et
1001 3839 1231 3895 Arialdo
1281 3842 1459 3894 erecta
1502 3841 1560 3894 in
1618 3838 1675 3894 S.
1721 3839 1981 3911 Dionysio

974 3913 1350 3966 monumenta.

400 4002 491 4056 25.
525 3999 681 4055 Obiit
706 3998 1021 4072 Gregorius
1052 4014 1204 4071 papa
1243 3997 1347 4053 VII
1377 4015 1530 4053 anno
1569 3999 1723 4063 1075,
1755 3997 1982 4054 decimo

332 4093 465 4162 post
491 4087 886 4144 Herlembaldi
945 4087 1160 4142 caedem
1191 4102 1345 4141 anno
1387 4104 1401 4154 ;
1461 4087 1630 4155 cujus
1692 4090 1757 4141 ut
1795 4086 1980 4143 sancti

334 4178 530 4234 Vitam
562 4176 877 4231 illustravit
910 4176 1309 4231 Henschenius
1336 4176 1409 4229 25
1430 4174 1585 4230 Maii.
1618 4174 1775 4231 Obiit
1804 4176 1979 4231 etiam

337 4267 541 4324 eodem
575 4282 727 4320 anno
776 4265 1097 4337 eodemque
1126 4264 1240 4329 die,
1293 4268 1397 4319 aut
1426 4263 1636 4320 saltem
1693 4266 1980 4337 sequenti,

330 4357 535 4412 Aronaa
587 4351 901 4419 Tedaldus,
935 4352 1637 4425 pseudoarchiepiscopus
1705 4353 1980 4410 Mediola-

332 4443 558 4500 nensis.
592 4441 740 4497 Huic
771 4441 1054 4496 suffectus
1086 4439 1401 4496 Anselmus
1432 4445 1540 4510 est,
1561 4441 1824 4498 Romana
1846 4444 1983 4499 sede

2089 3470 2267 3533 tutor,
2302 3466 2374 3520 ab
2407 3464 2759 3520 adversariis
2789 3463 3055 3521 Ecclesia:
3084 3463 3310 3522 occisus
3335 3470 3443 3522 est.

2160 3557 2269 3611 Hic
2297 3553 2725 3621 Herlembaldus,
2755 3554 2915 3609 miles
2947 3552 3150 3609 Christi
3174 3554 3528 3610 reverendus.

2091 3645 2310 3701 Occisus
2340 3645 2544 3714 legitur
2570 3644 2669 3714 qui
2695 3642 2817 3698 cali
2842 3642 2970 3699 sede
2991 3645 3228 3715 potitur.

2088 3735 2329 3791 Incestus
2358 3732 2630 3804 reprobat,
2662 3731 2938 3787 Simonias
2965 3739 3019 3788 et
3042 3734 3176 3803 quia
3196 3731 3447 3801 damnat,

2089 3823 2245 3879 Hunc
2275 3822 2490 3877 Veneris
2517 3821 2663 3877 servi
2686 3821 2967 3891 perimunt
2993 3818 3344 3891 Simonisque
3371 3819 3650 3891 maligni:

2095 3913 2367 3979 Urbanus,
2395 3926 2644 3965 summus
2667 3909 2881 3981 praesul
2906 3908 3192 3981 dictusque
3217 3909 3514 3977 secundus,

2091 4003 2285 4058 Noster
2311 4003 2362 4055 et
2392 4000 2682 4070 Amulius,
2710 4007 2897 4071 pastor
2918 4001 3046 4071 pius
3064 4003 3230 4072 atque
3262 3999 3552 4071 benignus,

2091 4091 2273 4161 Hujus
2294 4090 2539 4144 membra
2561 4091 2670 4143 viri
2698 4088 2976 4144 tumulant
3003 4089 3279 4144 translata
3308 4090 3472 4145 beati.

2163 4181 2251 4233 27.
2280 4177 2441 4242 Quod
2472 4182 2669 4232 autem
2702 4177 2903 4248 primas
2932 4175 3256 4249 supultura:
3286 4177 3452 4234 locus
3482 4193 3599 4233 non
3629 4177 3747 4234 fue-

2092 4267 2167 4323 rit
2194 4266 2553 4338 alius,quam
2575 4282 2692 4337 quo
2714 4266 2911 4337 ipsum
2943 4269 3146 4338 postea
3162 4263 3549 4338 papadetulit,
3571 4264 3745 4322 intel-

2091 4356 2395 4428 ligendum
2426 4354 2595 4410 nobis
2628 4355 2841 4426 praebet
2870 4358 3079 4411 Petrus
3111 4353 3355 4410 Azarius
3394 4354 3551 4427 apud
3584 4353 3750 4410 Puri-

2092 4444 2328 4512 cellum,
2362 4458 2496 4516 pag.
2528 4445 2620 4512 22,
2654 4441 2757 4497 ubi
2815 4443 3073 4515 primum
3132 4445 3352 4510 narrat,
3386 4441 3544 4513 quod
3584 4464 3615 4493 ‹‹
3647 4458 3752 4498 au-

332 4549 435 4604 per
461 4533 611 4588 duos
646 4531 762 4586 fere
794 4545 980 4585 annos
1008 4532 1265 4585 vacante.
1299 4530 1425 4586 Non
1456 4531 1633 4586 audet
1655 4530 1979 4588 Puricellus
2008 4541 2056 4605 1)
2085 4533 2311 4589 dientes
2336 4531 2561 4588 nobiles
2598 4529 2915 4597 milites,de
2933 4529 3245 4586 Mediolani
3281 4529 3624 4603 proscripti,
3657 4531 3757 4587 bo-

332 4620 579 4677 liberare
609 4621 737 4692 ejus
770 4618 1199 4674 institutionem
1230 4635 1264 4673 a
1288 4619 1424 4675 vitio
1453 4618 1805 4676 electionum
1837 4638 1980 4693 prae-

333 4712 669 4768 cedentium
696 4735 711 4778 ;
745 4726 875 4766 cum
911 4710 1039 4782 ipsa
1068 4708 1169 4765 illa
1199 4726 1376 4782 quam
1398 4709 1516 4765 dixi
1547 4709 1847 4782 apostolici
1870 4711 1987 4767 cul-

335 4800 518 4857 minis
568 4800 813 4865 vocatio,
848 4798 1116 4868 Henrico,
1148 4799 1593 4854 manutenendaa
1625 4799 1980 4855 investiturze

333 4890 795 4956 studiosissimo,
859 4888 1228 4943 commodam
1283 4888 1650 4943 occasionem
1705 4889 1985 4960 praeberet

332 4978 660 5051 usurpandi
676 4976 972 5050 juris,aGi
988 4976 1183 5049 egorio
1200 4976 1299 5031 VII
1325 4975 1662 5047 abjudicati.
1682 4977 1983 5042 Quomodo

332 5072 530 5123 autem
554 5067 613 5123 in
645 5067 1011 5123 ordinatione
1032 5064 1410 5137 suscipienda
1439 5081 1567 5122 sese
1590 5065 1841 5138 gesserit
1871 5073 1984 5121 An-

333 5156 557 5213 selmus
587 5157 719 5223 iste,
753 5174 788 5212 a
821 5155 1061 5229 quibus,
1082 5158 1141 5210 et
1169 5154 1405 5226 quando
1444 5153 1606 5210 illam
1638 5155 1982 5226 susceperit,

331 5244 477 5300 nihil
500 5245 596 5300 hic
625 5245 831 5299 attinet
862 5243 1153 5299 discutere
1199 5262 1212 5312 ;
1277 5243 1423 5299 satis
1452 5242 1531 5299 sit
1577 5243 1770 5299 dicere
1827 5244 1982 5316 quod

334 5331 648 5386 Bertholdo
662 5329 1552 5402 Constantiensi,pontiﬁciarum
1567 5332 1822 5404 partium
1841 5332 1983 5388 scri-

335 5423 520 5490 ptore,
551 5418 782 5473 dicatur
800 5418 1016 5473 obiisse
1046 5435 1200 5473 anno
1224 5419 1363 5473 1033
1393 5441 1419 5468 ‹‹
1445 5418 1505 5473 ἱιι
1536 5436 1715 5476 causa
1736 5421 1795 5477 S.
1831 5420 1983 5475 Petri

336 5505 839 5572 studiosissimus,
872 5528 899 5554 »
933 5506 1194 5577 adeoque
1223 5524 1257 5561 a
1285 5507 1517 5563 Victore
1560 5526 1711 5581 papa
1767 5510 1836 5576 Il,
1883 5508 1984 5580 qui

340 5605 495 5644 anno
524 5591 664 5646 4086
693 5593 753 5648 in
792 5594 1129 5649 Pentecoste
1158 5594 1466 5651 ordinatus
1495 5601 1584 5653 est
1610 5596 1698 5654 vel
1746 5598 1818 5654 ab
1879 5596 1983 5652 Ur-
2010 5657 2014 5660 ,

2094 4638 2329 4677 nanuva
2350 4620 2422 4676 de
2441 4620 2580 4675 dato
2602 4618 2715 4674 sibi
2738 4618 3236 4692 archiepiscopo,»
3250 4618 3386 4689 (etsi
3406 4633 3611 4675 revera
3630 4634 3762 4675 nec-

2095 4710 2237 4766 dum
2253 4709 2428 4765 datus
2449 4707 2738 4773 esset,sed
2762 4707 2956 4764 solum
2983 4707 3360 4779 promissus,)
3389 4725 3411 4755 ι
3443 4706 3758 4763 confortati

2092 4802 2232 4856 sunt
2250 4797 2448 4866 valde;
2476 4801 2533 4853 et
2556 4800 2984 4869 congregantes
2999 4796 3222 4852 amicos
3243 4812 3312 4851 ex
3333 4794 3614 4850 omnibus
3624 4811 3760 4867 par-

2090 4888 2250 4943 tibus
2280 4886 2535 4943 civitatis
2580 4885 2912 4953 Mediolani,
2947 4885 3139 4957 ipsam
3165 4883 3461 4940 civitatem
3490 4883 3759 4955 aggressi

2091 4980 2251 5034 sunt.
2285 4974 2449 5039 Quod
2480 4974 2743 5030 sentiens
2773 4972 3221 5029 Herlembaldus
3252 4972 3443 5038 Gutta,
3475 4969 3761 5028 dominus

2091 5063 2290 5139 populi
2316 5064 2573 5137 primus,
2604 5061 2779 5119 exivit
2800 5062 3032 5118 obviam
3078 5058 3462 5128 inimicis,cui
3494 5059 3761 5115 occurrit

2090 5156 2153 5211 in
2185 5170 2391 5225 campo
2422 5150 2867 5208 Herlembaldus
2919 5174 2941 5204 ι
3007 5150 3165 5221 (aliis
3211 5148 3508 5206 Arnaldus
3537 5146 3762 5219 dictus)

2099 5266 2128 5301 ι
2157 5243 2230 5299 de
2252 5241 2472 5305 Raude,
2502 5239 2668 5296 miles
2686 5238 3080 5311 proscriptus,
3102 5238 3491 5311 atqueipsum
3512 5234 3587 5291 de
3605 5251 3761 5308 equo

2093 5331 2304 5404 dejecit
2333 5336 2390 5386 et
2416 5329 2784 5401 decapitavit.
2813 5350 2840 5377 »
2870 5328 3049 5383 Addit
3078 5328 3290 5384 deinde
3317 5324 3565 5382 Azarius
3600 5340 3668 5380 :«
3692 5325 3766 5381 Et

2092 5419 2177 5477 sic
2205 5420 2266 5475 in
2296 5423 2500 5475 sancta
2545 5416 2913 5473 confessione
2948 5417 3210 5474 moriens
3255 5414 3528 5488 sepultus
3554 5411 3671 5468 fuit
3699 5412 3762 5468 in

2092 5508 2338 5565 ecclesia
2368 5507 2464 5563 SS.
2506 5505 2758 5562 Protasii
2786 5509 2845 5561 et
2868 5504 3115 5576 Aurelii,
3149 5505 3209 5561 id
3257 5508 3367 5571 est,
3397 5503 3455 5559 S.
3500 5500 3763 5575 Dionysii

2094 5597 2247 5654 inter
2285 5599 2590 5668 martyres.
2628 5616 2649 5644 ιι
2713 5594 3105 5667 Hieronymus
3166 5592 3421 5663 Manius,
3473 5588 3761 5648 Mediola-
