3960 6216
82 335 219 414 laci

1661 341 1884 410 ACTA.
1909 345 1915 354 ’
2011 343 2016 348 ”

3322 339 3482 410 £302

81 483 268 544 censis
288 478 754 555 jurisconsultus
775 484 1266 553 etorator,postea
1283 480 1454 537 etiam
1479 486 1714 537 senator
1742 482 1787 546 Α
1825 495 2054 551 corpus,
2089 496 2202 536 non
2251 479 2430 537 fuisse
2478 495 2679 537 verum
2729 495 2940 553 corpus
2987 479 3178 537 sancti
3227 481 3476 539 Arialdi.

81 582 130 632 et
157 589 370 646 praeses
400 571 696 637 sanitatis,
728 571 786 626 in
825 570 1172 642 panegyrico
1226 587 1402 642 quem
1456 571 1714 626 recitavit

81 679 220 720 anno
252 662 413 728 4547,
439 677 574 716 cum
607 659 1082 715 Herlembaldum
1116 676 1347 730 quoque
1378 677 1445 714 ex
1475 675 1542 713 eo
1588 660 1713 714 lau-

77 754 280 815 dasset,
315 749 471 821 quod
503 771 529 798 «
566 747 752 819 legem
773 748 831 802 in
865 747 1119 802 Ecclesia
1144 748 1564 803 Mediolanensi
1592 765 1714 816 pro-

80 839 318 912 mulgari
352 838 702 910 procuravit,
738 853 808 891 ne
839 836 1030 891 clerici
1063 853 1268 891 uxores
1310 837 1538 902 ducere,
1574 853 1714 891 neve

83 927 426 984 matrinonio
451 927 622 997 jungi
655 925 998 997 possint.....
1034 926 1113 978 Ea
1142 941 1341 990 causa,
1375 926 1590 996 inquit,
1624 925 1714 980 of-

83 1017 264 1072 fensos
314 1013 578 1080 clericos,
616 1037 642 1062 »
674 1013 908 1083 (melius
939 1013 1183 1067 dixisset
1212 1030 1412 1067 eorum
1456 1015 1714 1067 fautores

85 1103 340 1172 nobiles,)
369 1126 390 1150 ε
420 1118 618 1156 necem
647 1101 870 1155 homini
896 1101 1161 1155 intulisse
1195 1101 1413 1170 reperio
1436 1102 1587 1173 apud
1610 1119 1713 1155 au-

84 1199 288 1258 ctores;
321 1209 355 1245 a
381 1189 595 1263 populo
625 1207 757 1244 vero
788 1189 1013 1243 divinos
1045 1189 1126 1243 illi
1161 1190 1431 1253 honores,
1463 1191 1535 1244 ob
1594 1194 1714 1244 tam

86 1280 314 1338 celebris
347 1279 484 1334 facti
542 1279 884 1334 memoriam
938 1277 1247 1344 exhibitos,
1306 1278 1718 1349 inclusumque

87 1373 256 1427 ferrea
286 1384 423 1424 arca
452 1369 716 1436 cadaver,
749 1367 867 1422 dixi
926 1367 1185 1440 Dionysii
1249 1369 1486 1440 templo,
1525 1367 1582 1422 in
1616 1385 1715 1423 no-

87 1464 253 1516 stram
285 1473 478 1529 usque
507 1456 661 1511 diem
684 1461 977 1512 servatum
1010 1455 1299 1511 novimus.
1337 1480 1363 1505 »

147 1549 228 1602 28.
262 1546 663 1603 Bernardinus
713 1545 942 1614 Corius,
985 1562 1110 1617 cap.
1154 1548 1206 1611 9,
1247 1571 1265 1593 ιι
1310 1562 1507 1602 arcam
1552 1570 1578 1594 »
1611 1564 1715 1618 ap-

90 1637 266 1710 pellat,
299 1660 327 1686 ‹‹
349 1635 553 1691 ferreis
575 1634 811 1690 laminis
832 1635 1278 1690 circumdatam.
1307 1658 1333 1682 ››
1361 1635 1575 1690 Paulus
1597 1637 1717 1690 Mo-

92 1727 240 1798 rigia,
271 1725 331 1780 in
383 1741 492 1780 suo
550 1723 892 1780 Sanctuario
953 1723 1528 1778 Mediolanensianni
1564 1725 1716 1790 l603,

91 1816 224 1870 inter
243 1830 508 1886 corpora,
532 1817 671 1868 tunc
689 1812 878 1867 adhuc
906 1811 1338 1883 quiescentiain
1363 1813 1480 1867 aede
1503 1814 1560 1867 S.
1584 1813 1716 1867 Dio-
1753 1847 1800 1910 Β

94 1904 242 1975 nysii,
274 1905 540 1958 recenset
597 1901 832 1972 quidem
855 1922 886 1952 ι(
946 1917 1156 1972 corpus
1214 1901 1272 1953 S.
1329 1900 1721 1956 Herlembaldi

95 1992 386 2064 martyris;
433 2013 460 2039 ››
495 1990 597 2045 sed
629 2006 697 2044 ex
727 1990 838 2043 ﬁde
885 1989 1260 2059 antiquorum
1313 1989 1720 2044 chronirorum

99 2081 271 2152 potius
297 2094 478 2150 quam
511 2094 578 2132 ex
609 2077 876 2148 praesenti
917 2081 1226 2147 conspectu
1279 2095 1290 2142 ;
1352 2077 1528 2148 idque
1583 2078 1722 2149 quia

100 2189 122 2217 α
148 2185 286 2223 anno
320 2167 462 2221 1549
494 2165 896 2221 Ferdinandus
926 2165 1236 2234 Gonzagua
1268 2165 1720 2233 Mediolanensis

99 2257 453 2328 gubernator,
471 2254 672 2309 volens
689 2253 978 2308 civitatem
995 2253 1223 2307 mmniis
1243 2253 1473 2324 cingere
1494 2271 1562 2308 ex
1579 2254 1720 2310 artis

99 2344 344 2400 militaris
359 2342 987 2414 praescripto,coepitab
1011 2343 1361 2397 exstruendo
1376 2344 1432 2396 S.
1459 2342 1718 2414 Dionysii

102 2431 536 2506 propugnaculo,
571 2432 740 2502 cujus
770 2431 904 2485 licet
932 2431 1156 2486 noviter
1201 2435 1487 2485 structam
1540 2431 1718 2486 eccle-

101 2523 244 2587 siam,
275 2522 434 2576 bona
461 2524 653 2575 tamen
687 2519 778 2574 sui
812 2524 973 2590 parte
1005 2519 1318 2586 truncavit,
1349 2524 1469 2575 tota
1500 2519 1722 2575 scilicet

100 2611 308 2666 tribune
337 2626 476 2664 cum
508 2609 841 2664 sanctuario
863 2608 983 2663 sive
1006 2614 1207 2680 crypta
1229 2625 1414 2663 sacra.
1442 2632 1470 2659 ››
1504 2610 1582 2663 Ex
1605 2626 1722 2680 qua

103 2699 378 2754 occasione
411 2697 627 2754 abolita
659 2697 839 2752 fuisse
871 2721 897 2745 ‹‹
952 2698 1048 2752 SS.
1082 2697 1302 2752 Arialdi
1360 2703 1415 2752 et
1464 2697 1721 2753 Herlem-

100 2787 234 2843 baldi
259 2808 285 2839 ι
318 2789 726 2851 monumenta,
756 2785 986 2839 videtur
1041 2801 1354 2856 agnoscere
1404 2785 1722 2842 Puricellus

101 2892 208 2948 pag.
237 2877 376 2942 384;
414 2875 497 2931 sic
528 2873 684 2929 enim
712 2872 970 2946 loquitur
999 2891 1011 2928 :
1047 2897 1073 2922 ‹‹
1101 2874 1158 2929 Si
1193 2874 1327 2945 quis
1357 2875 1594 2929 tandem
1626 2892 1721 2929 re-

102 2965 269 3036 quirat
290 2969 492 3020 utrum
527 2968 865 3018 sanctorum
897 2979 1139 3035 corpora
1169 2965 1493 3018 etiamnum
1526 2964 1583 3018 in
1616 2965 1722 3020 hac

101 3053 146 3108 S.
170 3053 440 3126 Dionysii,
463 3051 511 3108 si
541 3068 654 3106 non
685 3049 928 3106 aedicula
956 3052 1332 3107 subterranea
1359 3055 1562 3123 (quam
1610 3053 1722 3107 uti-

102 3157 192 3212 que
217 3142 472 3197 dirutam
507 3141 646 3196 t’assi
679 3142 910 3212 sumus)
941 3145 1094 3194 certe
1125 3140 1331 3195 saltem
1365 3141 1607 3196 ecclesia
1639 3145 1726 3196 ut-

1889 571 1975 623 30.
2011 571 2119 624 Sed
2151 571 2209 625 in
2243 570 2348 625 hoc
2387 594 2406 619 α
2443 569 2750 642 splendide
2782 570 3013 625 mentiri
3053 595 3072 618 υ
3113 571 3468 627 Landulfum

1823 663 2020 713 censet
2049 659 2368 715 Puricellus
2393 675 2557 731 mque
2587 677 2652 714 ac
2686 659 2782 714 ubi
2804 660 2953 714 dixit
3003 661 3179 731 quod,
3217 682 3244 710 «
3276 666 3471 716 trans-

1823 745 1966 799 actis
1996 746 2312 818 aliquantis
2338 771 2363 797 ››
2397 765 2428 802 a
2457 749 2647 819 prima
2677 771 2704 797 ‹‹
2738 749 2795 802 in
2829 763 2959 802 arce
3003 747 3233 803 Travali
3257 750 3470 820 depor-

1822 834 2040 888 tatione
2070 836 2432 905 diebus,ejus
2463 837 2758 892 cadaveris
2776 837 2921 892 fetor
2941 836 3248 892 castellum
3278 854 3474 903 omne,

1824 922 1902 976 ita
1935 929 2212 980 utomnes
2233 931 2580 981 nausearent
2606 925 3242 997 fugientes,occupavit.
3269 947 3294 974 ››
3321 927 3474 981 Sane

1823 1029 2000 1082 quam
2034 1013 2139 1068 hoc
2171 1018 2324 1068 certo
2359 1014 2569 1068 falsum
2615 1019 2723 1083 est,
2755 1019 2817 1068 ut
2874 1030 3054 1084 supra
3096 1013 3350 1068 vidimus
3409 1031 3476 1068 ex

1823 1102 2098 1156 veraciori
2130 1107 2272 1157 teste
2306 1104 2365 1157 Β.
2401 1104 2651 1169 Andrea,
2685 1107 2802 1158 tam
2888 1101 3031 1156 illud
3089 1119 3342 1173 quoque,
3404 1103 3473 1156 de

1825 1188 2034 1242 ablatis
2063 1189 2213 1244 clam
2246 1207 2313 1245 ex
2337 1208 2465 1246 arce
2496 1191 2773 1261 pradicta
2802 1191 3058 1258 ossibus,
3093 1192 3263 1245 debet
3293 1192 3473 1246 confi-

1824 1281 1984 1331 ctum
2015 1278 2086 1331 ab
2111 1278 2364 1334 inimicis
2395 1279 2632 1334 censeri.
2694 1279 3016 1351 Utrumque
3073 1279 3340 1334 fortassis
3374 1295 3472 1350 pe-

1825 1367 1982 1434 dem,
2009 1371 2238 1421 mortuo
2269 1367 2596 1422 abscissum
2628 1384 2792 1422 num.
2823 1369 2914 1434 74,
2946 1384 3013 1422 ex
3044 1367 3318 1438 praedicto
3348 1367 3472 1423 loco

1827 1454 2139 1525 requisivit
2188 1456 2685 1527 archiepiscopus,
2718 1456 2805 1511 vel
2833 1473 2901 1512 ex
2946 1456 3070 1511 loco
3125 1456 3472 1512 carnificinas

1827 1546 2122 1600 dexteram
2144 1563 2433 1618 auresque
2454 1551 2512 1602 et
2533 1550 2738 1602 caetera
2755 1547 3020 1600 membra
3040 1546 3252 1602 viventi
3275 1563 3476 1617 ampu-

1826 1638 1968 1702 tata,
2002 1651 2183 1705 eaque
2207 1636 2471 1706 junxerit
2503 1635 2726 1707 reliquo
2748 1636 2902 1706 apud
2932 1635 2990 1688 S.
3024 1634 3255 1690 Celsum
3286 1639 3479 1690 tumu-

1827 1723 1943 1778 lato
1995 1725 2214 1795 copori,
2247 1742 2312 1779 ac
2375 1724 2595 1796 pariter
2641 1725 2713 1779 ad
2772 1723 3033 1795 Dionysii
3090 1723 3482 1788 transtulerit,

1829 1818 2278 1867 monumentum
2311 1814 2394 1868 eis
2426 1814 2674 1868 daturus
2701 1830 2881 1884 prope
2935 1817 3390 1868 monumentum
3425 1813 3483 1868 S.

1831 1899 2243 1956 Herlembaldi.
2277 1901 2382 1964 Qui
2418 1901 2684 1957 Landulﬁ
2718 1902 2890 1956 istius
2921 1917 2988 1955 ac
3018 1901 3226 1955 deinde
3257 1900 3482 1955 Arnulﬁ

1831 1989 2108 2045 historias
2149 1990 2520 2062 transcripsit
2562 1989 2858 2055 librarius,
2909 1989 3064 2059 apud
3123 1989 3481 2044 Puricellum

1832 2094 1961 2148 pag.
1996 2077 2083 2142 41,
2118 2077 2200 2132 sic
2230 2079 2447 2133 notavit
2467 2078 2526 2132 in
2549 2077 2846 2149 margine:
2874 2100 2900 2124 ‹‹
2927 2080 3043 2132 Nec
3068 2077 3478 2142 mirandum,si

1831 2166 1940 2220 iste
1971 2165 2500 2238 historiographus,
2520 2171 2577 2221 et
2601 2182 3004 2237 sequens,non
3037 2164 3478 2220 laudentistum

1830 2253 2158 2322 Arialdum,
2213 2256 2348 2326 quia
2397 2255 2510 2326 ipsi
2577 2259 2742 2310 erant
2798 2254 3052 2308 fautores
3109 2253 3478 2308 sacerdotum

1831 2347 2224 2410 uxoratorum,
2250 2344 2800 2398 concubinariorum
2833 2346 2889 2397 et
2939 2342 3426 2408 Simoniacorum,
3451 2361 3484 2397 ει

1829 2431 2046 2501 quibus
2082 2433 2142 2486 B.
2175 2431 2446 2487 Arialdus
2474 2449 2684 2505 passus
2729 2436 2836 2486 est.
2876 2454 2896 2480 ι
2933 2430 3153 2486 Deinde
3185 2431 3242 2485 in
3274 2432 3479 2487 eodem

1831 2520 2095 2591 margine
2117 2520 2394 2576 describit
2418 2538 2622 2576 versus
2653 2543 2679 2570 ‹‹
2718 2537 2895 2591 super
2915 2519 3184 2591 sepulcro
3205 2520 3264 2574 8.
3299 2518 3483 2574 Arial~

1830 2607 1888 2662 di
1922 2629 1949 2655 »
1983 2614 2265 2680 repertos,
2296 2610 2395 2664 sed
2429 2608 2606 2664 veluti
2647 2613 3074 2680 consequenter
3100 2607 3378 2679 legendos
3421 2615 3484 2662 ut

1830 2694 2003 2763 infra,
2037 2714 2168 2750 cum
2219 2697 2548 2753 verosimile
2601 2696 2746 2752 mihi
2778 2697 2873 2762 sit,
2905 2695 3138 2766 duplex,
3171 2700 3271 2750 aut
3299 2695 3475 2751 etiam

1830 2784 2040 2856 triplex
2052 2785 2416 2857 epigramma
2432 2785 2523 2840 hic
2541 2786 3018 2857 haberi,quorum
3037 2783 3283 2839 alterum
3307 2801 3476 2852 arcas,

1832 2873 2080 2929 alterum
2114 2874 2317 2930 lavello
2339 2891 2442 2930 seu
2475 2874 2661 2930 absidi
2686 2873 2984 2946 appictum
3005 2872 3093 2928 vel
3114 2873 3481 2945 insculptum

1833 2963 2042 3030 fuerit;
2075 2963 2676 3030 tertium,communis
2703 2961 2960 3030 fuerit,et
2984 2962 3138 3016 inter
3166 2964 3486 3033 utrumque

1833 3051 2086 3106 duorum
2120 3056 2568 3108 monumentum
2601 3051 2858 3122 scriptus
2891 3050 3124 3106 titulus.

1904 3141 1994 3194 31.
2029 3140 2328 3196 Indicasse
2357 3140 2467 3196 hoc
2510 3140 2740 3196 videtur
2784 3139 3035 3211 scriptor
3089 3155 3224 3193 cum
3275 3139 3483 3195 addit:

103 3209 302 3301 cunque
331 3232 723 3302 perseverent,
747 3245 851 3283 nec
874 3209 984 3283 alio
1012 3228 1293 3284 translata
1316 3246 1577 3300 unquam
1607 3230 1724 3285 fue-
1755 3209 1797 3275 Ο
1837 3250 1864 3278 ‹‹
1898 3229 2038 3284 Tres
2065 3229 2160 3284 isti
2193 3246 2397 3285 versus
2427 3229 2751 3300 loquuntur
2779 3229 2850 3283 de
2874 3209 3111 3282 Arialdo
3144 3231 3201 3282 et
3229 3226 3489 3282 Herlem-

104 3318 233 3385 rint;
264 3334 368 3390 ego
402 3318 640 3389 quidem
663 3316 854 3371 adhuc
885 3315 1028 3370 nihil
1061 3316 1246 3372 habeo
1277 3333 1488 3385 causa,
1521 3334 1626 3373 cur
1654 3318 1724 3372 de

105 3421 312 3478 corpore
341 3406 624 3478 quiddam
659 3404 1049 3460 Herlembaldi
1081 3406 1398 3477 ambigam.
1436 3428 1463 3455 »

158 3496 236 3550 29.
268 3495 353 3550 Ad
385 3497 445 3551 8.
478 3493 779 3550 Arialdum
811 3499 1007 3550 autem
1034 3496 1185 3566 quod
1222 3496 1449 3563 attinet,
1478 3496 1724 3551 Landul-

102 3582 176 3640 fus
201 3585 406 3650 senior,
441 3600 665 3640 coaevus
696 3583 802 3650 illi,
837 3584 937 3638 sed
969 3584 1163 3640 studio
1181 3585 1436 3656 partium
1460 3585 1722 3642 infensus

102 3670 410 3740 historicus,
442 3673 597 3745 apud
629 3671 1000 3740 Puricellum,
1061 3689 1191 3745 pag.
1249 3674 1333 3739 12,
1368 3677 1500 3745 post
1526 3674 1720 3729 nescio

101 3777 206 3831 quae
234 3764 448 3835 scripta
479 3761 549 3816 de
579 3761 839 3833 corporis
887 3763 1222 3818 inventione
1251 3761 1336 3816 vel
1387 3765 1721 3819 ostensione

98 3850 205 3915 (nec
233 3851 386 3906 enim
415 3849 637 3922 placuit
683 3850 967 3905 Puricello
1026 3867 1092 3905 ea
1142 3851 1462 3923 publicare)
1511 3851 1720 3906 deinde

101 3939 354 4008 «multis,
388 3939 600 4011 inquit,
662 3938 1069 3994 dubitantibus
1101 3937 1422 4010 multisque
1461 3956 1719 4012 congau-

98 4024 360 4097 dentibus,
395 4027 786 4099 plurimisque
825 4028 1218 4093 credentibus,
1251 4028 1487 4083 tandem
1543 4028 1718 4099 pallio

97 4115 754 4188 superimposito,lectica
770 4117 1131 4188 compositus
1149 4121 1254 4172 est.
1271 4117 1394 4180 Quo
1413 4121 1718 4189 assumpto

99 4203 143 4255 et
165 4205 322 4272 quasi
355 4204 548 4260 Levita
587 4221 725 4259 cum
785 4203 936 4259 stola
993 4207 1216 4269 ornato,
1273 4204 1528 4259 summis
1584 4221 1714 4259 cum

97 4284 286 4347 litaniis
302 4292 652 4364 magnisque
665 4291 1175 4348 exsulltationibus
1189 4291 1576 4363 plurimisque
1590 4309 1720 4347 con-

97 4374 739 4450 frequentationibus,in
775 4381 1126 4436 monasterio
1147 4381 1204 4436 S.
1228 4380 1374 4435 Celsi
1406 4380 1716 4436 humatum

97 4469 183 4520 est.
199 4467 292 4524 His
322 4469 520 4541 itaque
546 4468 1268 4541 peractis,Herlembaldus
1291 4469 1416 4523 suis
1446 4486 1577 4524 cum
1601 4487 1719 4526 om-

1831 3316 2026 3382 baldo,
2060 3339 2087 3366 ››
2123 3317 2346 3371 scilicet
2375 3322 2494 3372 tres
2524 3315 2736 3383 ultimi,
2772 3317 2855 3372 sic
2885 3315 3164 3386 descripti
3201 3331 3214 3371 :

1902 3406 2124 3460 Sanctos
2152 3405 2438 3460 thesauros
2465 3420 2726 3459 venerare
2749 3420 2849 3474 per
2877 3405 3062 3458 omnia
3091 3402 3306 3469 charos,

1901 3496 2004 3549 Hos
2029 3495 2242 3566 pugiles
2274 3494 2498 3558 Christi,
2529 3508 2660 3563 gens
2691 3493 2898 3563 inclyta
2929 3491 3253 3558 Mediolani,

1900 3583 1974 3636 De
2003 3584 2160 3653 oujus
2180 3583 2359 3637 sancti
2376 3589 2504 3636 sunt
2534 3582 2631 3634 isti
2652 3581 2920 3650 sanguine
2958 3579 3099 3632 nati.

1898 3675 2058 3726 Arcas
2096 3670 2208 3742 ipsi
2239 3675 2356 3725 tres
2387 3669 2608 3742 primos
2633 3685 2834 3723 versus
2864 3667 2948 3723 sic
2976 3666 3374 3737 ascripserim,
3415 3674 3482 3723 ut

1828 3759 1912 3814 eis
1943 3760 2155 3814 addere
2185 3758 2356 3814 velim
2389 3774 2574 3812 unum
2626 3773 2694 3812 ex
2746 3754 3137 3811 Herlembaldi
3185 3755 3485 3827 epitaphio

1827 3852 2288 3919 assumptum,et
2315 3847 2386 3903 ad
2411 3847 2782 3918 suppendum
2804 3845 3210 3901 defectuosum
3231 3861 3475 3900 sensum

1827 3953 2108 4009 perquam
2140 3937 2366 3992 utilem.

1896 4030 2112 4096 Martyr
2135 4026 2328 4080 Levita
2359 4027 2496 4093 iacet
2527 4025 2626 4079 hac
2653 4021 2908 4078 Arioldus
2940 4024 2998 4076 in
3029 4038 3191 4076 urna.

1901 4116 2196 4169 Truncatus
2226 4115 2496 4181 moritur;
2527 4114 2624 4169 sed
2653 4114 2785 4168 vitae
2812 4111 2955 4166 dona
2983 4114 3226 4165 meretur
3244 4127 3263 4172 ;

1897 4209 2014 4260 Hoc
2041 4201 2321 4258 mausoleo
2353 4210 2662 4258 reverenter
2691 4201 2914 4257 condita
2940 4199 3107 4268 digno
3138 4221 3156 4267 ,-

1898 4295 2134 4349 Incestus
2164 4292 2434 4363 reprobat.
2470 4292 2743 4347 Simonias
2771 4297 2822 4346 et
2848 4291 2987 4361 quia
3015 4289 3265 4344 damnat.

1896 4381 2177 4437 Similiter
2206 4381 2393 4436 tribus
2426 4380 2558 4436 aliis
2589 4380 2855 4436 versibus
2909 4395 3088 4451 super
3143 4378 3351 4434 lavello
3396 4377 3481 4434 lo-

1825 4470 2030 4525 candis
2077 4470 2276 4526 deesse
2331 4469 2560 4524 videtur
2627 4473 2804 4540 caput
2855 4486 2868 4535 ;
2947 4467 3102 4539 quod
3162 4470 3219 4521 et
3274 4467 3476 4522 eodem

99 4552 248 4611 nibus
277 4558 630 4630 magnisque
660 4557 1222 4629 caeremoniis,quasi
1255 4575 1468 4612 novum
1501 4563 1718 4632 marty-
1748 4575 1795 4640 D
1825 4558 2046 4613 Arialdi
2078 4558 2372 4630 epitaphio
2403 4557 2488 4612 sic
2519 4558 2836 4613 mutuabor
2867 4574 2879 4611 :

97 4653 196 4697 rem
224 4645 601 4712 celebrantes,
644 4647 1014 4720 phantastica
1065 4645 1255 4702 delusi
1313 4647 1570 4718 imagine
1629 4650 1718 4721 (ut

93 4733 269 4797 postea
295 4733 353 4789 in
387 4738 646 4806 tempore
663 4735 857 4806 quarti
883 4734 1143 4790 Anselmi
1173 4734 1595 4807 archiepiscopi
1617 4754 1713 4808 ap-

92 4819 275 4891 paruit)
304 4823 507 4880 sedulo
538 4840 604 4880 ac
636 4824 835 4880 devote
865 4823 1150 4879 colebant.
1213 4824 1354 4880 Cum
1392 4825 1547 4879 enim
1581 4831 1712 4897 post

92 4900 360 4966 biennium
393 4930 510 4968 suae
541 4913 1001 4969 consecrationis
1041 4936 1059 4960 υ
1099 4914 1180 4982 (id
1213 4918 1302 4968 est
1359 4930 1512 4968 anno
1577 4916 1714 4969 1099

90 4999 384 5055 secundum
417 5018 614 5057 meum
647 5001 786 5057 alibi
824 5001 1138 5071 calculum,
1170 5003 1347 5057 etiam
1371 5020 1404 5057 a
1425 5003 1712 5060 Puricello

92 5093 201 5153 P38.
229 5086 720 5161 382,probatum,)
755 5112 783 5141 ‹‹
815 5107 971 5156 cum,
1004 5091 1270 5162 inquam,
1293 5091 1572 5148 dominus
1594 5097 1708 5147 An-

89 5168 280 5230 selmus
309 5177 529 5234 Arialdi
553 5197 687 5236 ossa
709 5196 773 5235 ac
799 5179 1294 5252 corpus,qualiter
1314 5180 1465 5235 male
1487 5179 1629 5236 olim
1653 5181 1710 5236 in

89 5258 300 5319 veritate
317 5265 1555 5339 fuissenthumata,comperisset,curialiter
1575 5286 1709 5324 cum

90 5350 266 5414 paucis
293 5353 518 5412 clericis
548 5357 617 5411 ad
649 5355 843 5412 locum
873 5357 1121 5412 tendens
1153 5373 1288 5413 ossa
1330 5374 1457 5428 qua:
1498 5357 1711 5414 habere

92 5438 255 5501 potuit
287 5441 590 5516 colligens,
622 5445 680 5500 in
710 5444 953 5500 ecclesia
979 5445 1036 5499 S.
1073 5445 1330 5518 Dionysii
1364 5446 1644 5501 humavit.
1681 5470 1707 5495 ››

93 5519 285 5607 Quibus
304 5532 517 5588 verbus
537 5533 769 5589 videtur
797 5532 1231 5603 indicari,istud
1258 5536 1414 5607 quod
1447 5535 1706 5592 Herlem-

93 5606 274 5674 baldus
287 5621 670 5690 transtulit,et
681 5622 835 5695 apud
851 5622 1132 5680 Sanctum
1148 5606 1382 5682 Celsum
1396 5623 1706 5682 tumulavit

1825 4649 1964 4703 Dum
1993 4649 2209 4703 veneris
2239 4663 2416 4702 servos
2445 4647 2698 4717 reprimit
2723 4647 3071 4716 Simonisque
3100 4641 3343 4713 maligni
3363 4660 3382 4702 .·

1821 4736 2037 4792 Deinde
2059 4736 2681 4808 subjungam,sensum
2700 4737 2997 4804 utcunque
3014 4731 3318 4788 habituros
3337 4735 3470 4787 tres.

1893 4827 1988 4880 llis
2007 4827 2244 4896 geminis
2273 4826 2455 4880 causis
2485 4822 2741 4878 Arialdus
2763 4838 2957 4892 passus
2986 4823 3053 4876 ab
3082 4822 3220 4886 istis,

1890 4915 2100 4985 Martyr
2128 4917 2185 4969 in
2217 4915 2447 4969 ecclesia
2477 4913 2662 4967 Levita
2692 4911 3003 4966 reconditus
3030 4911 3162 4965 ista.

1894 5005 2196 5058 Transtulit
2226 5003 2512 5058 Anselmus
2537 5003 2728 5072 pastor
2753 5001 3068 5054 venerabile
3097 5013 3313 5069 corpus.

1892 5093 1985 5148 32.
2032 5093 2195 5148 Istaec
2244 5097 2541 5162 utcunque
2598 5089 2939 5156 sehabeant,
2973 5086 3202 5159 allegat,
3263 5103 3320 5158 p.
3388 5088 3470 5151 14,

1821 5181 2608 5249 Puricellus,commodatum
2641 5178 2752 5234 sibi
2785 5195 2896 5233 ms.
2933 5200 2960 5227 ‹‹
2995 5177 3067 5232 de
3087 5175 3474 5247 archiepisco-

1819 5271 1908 5343 pis
1942 5269 2496 5336 Mediolanensibus,
2524 5286 2558 5324 a
2585 5272 2640 5323 S.
2677 5267 2942 5322 Barnaba
2973 5281 3160 5336 usque
3190 5265 3264 5319 ad
3293 5264 3470 5320 Joan-

1820 5375 1953 5414 nem
1986 5358 2449 5424 Arcimboldum,
2484 5379 2510 5406 »
2542 5356 2599 5412 id
2631 5361 2718 5412 est
2747 5372 2936 5427 usque
2953 5355 3024 5410 ad
3055 5369 3276 5407 annum
3311 5353 3469 5416 1550,

1820 5471 1848 5498 ‹‹
1882 5449 2097 5519 quibus
2150 5449 2349 5503 addita
2381 5451 2519 5502 sunt
2567 5447 2834 5518 quaedam
2867 5461 2934 5500 ex
2983 5441 3239 5499 collectis
3270 5457 3372 5513 per
3401 5441 3467 5496 N.

1821 5537 2142 5592 Fontanam
2179 5555 2190 5590 :
2230 5560 2256 5585 »
2289 5535 2383 5591 hic
2408 5553 2540 5591 vero
2580 5559 2600 5585 ε
2627 5552 2695 5591 ex
2743 5533 2984 5590 Andreae
3035 5529 3242 5587 Alciati
3301 5528 3468 5584 Anti-

1819 5625 2045 5697 quario,
2091 5648 2117 5674 »
2168 5625 2238 5682 ad
2295 5642 2508 5682 nomen
2567 5624 2852 5683 Guidonis
2909 5619 3352 5696 archiepiscopi,
3387 5618 3469 5676 sic
