3960 6216
463 323 622 396 Μ

1580 327 1690 392 SS.
1736 328 2053 394 ARIALDI
2095 328 2200 398 ET
2225 327 2751 400 xIRLEMBALDI

3724 321 3882 404 Μ

461 467 625 526 notat
651 479 664 517 :
705 482 729 514 α
763 459 886 516 Sub
912 455 1021 516 hoc
1050 451 1318 516 Guidone
1371 458 1443 516 de
1471 456 1671 518 Velate
1717 462 2104 530 Valvassorio,
2137 463 2191 530 Α
2221 479 2459 534 corpore
2491 465 2548 520 S.
2569 461 2793 519 Arialdi
2822 460 3134 520 contentus
3153 453 3704 533 abierit;.hoevero
3733 459 3884 534 quid

460 553 678 608 Arialdi
710 568 778 606 ex
824 550 1046 606 Alciata
1090 553 1260 621 gente
1311 549 1667 621 sepulcrum.
1732 550 1968 614 Relatus
2017 557 2102 608 est

461 643 609 697 inter
637 642 802 695 divos
832 640 904 694 ab
934 638 1260 694 Alexandro
1292 637 1635 710 Il,sepultus
1659 639 1714 693 in
1745 639 1809 694 D.
1845 640 2101 712 Dionysii

458 729 684 785 tumulo
717 745 1076 793 marmoreo;
1112 728 1209 782 sed
1247 727 1593 783 millessimo
1629 729 2100 799 quingentesimo

455 826 744 886 octavo,a
793 815 1078 874 Ludovico
1135 817 1479 872 duodecimo
1535 817 1886 872 Francorum
1944 834 2098 890 rege,

457 907 705 963 Parisios
739 923 841 977 pro
891 921 1130 976 corpore
1163 905 1219 959 S.
1254 903 1493 959 Dionisii
1549 905 1896 960 translatum
1929 910 2035 961 est.
2073 930 2098 954 η

454 995 659 1052 Melius
677 1001 867 1052 tamen
892 994 1156 1049 fortassis
1175 995 2102 1064 notareturannus150$),quando

453 1086 511 1142 in
545 1085 814 1140 lnsubria
845 1099 1038 1154 regem
1064 1082 1243 1136 fuisse
1275 1085 1523 1147 constat,
1561 1082 1958 1138 Maximiliano
1988 1082 2101 1137 im-

453 1174 700 1245 peratori
735 1173 1108 1244 pontiﬁcique
1137 1170 1294 1226 Julio
1326 1176 1527 1225 contra
1574 1170 1823 1224 Venetos
1857 1171 2100 1226 fmdera-

453 1267 610 1328 tum;
651 1262 751 1316 ubi
775 1262 916 1316 inito
937 1261 1007 1314 ad
1051 1260 1265 1314 ﬂumen
1288 1259 1554 1313 Adduam
1582 1259 2100 1330 praelio,victoriam

453 1351 748 1422 ingentem
783 1348 996 1404 retulit.
1025 1349 1266 1401 Videtur
1285 1354 1480 1401 autem
1514 1364 1610 1401 rex
1637 1347 1873 1418 petiisse
1892 1364 2102 1419 corpus

452 1444 507 1494 S.
541 1439 797 1510 Dionysii
831 1437 1298 1500 Medionalensis,
1332 1441 1394 1490 ut
1436 1435 1631 1506 ipsum
1653 1437 1928 1506 jungeret
1959 1438 2101 1492 duo-

454 1529 566 1586 bus
597 1525 727 1582 aliis
769 1527 864 1582 SS.
899 1524 1212 1595 Dionysiis,
1268 1523 1578 1580 Parisiensi
1624 1523 1866 1588 scilicet,
1926 1542 2101 1596 quem

453 1615 861 1686 Areopagitam
892 1613 1102 1684 vulgus
1133 1613 1488 1678 credebat,et
1514 1612 1949 1668 Corinthiorum
1981 1614 2101 1685 epi-

455 1721 650 1776 scopo,
677 1704 746 1758 de
763 1703 938 1771 cujus
959 1717 1198 1772 corpore
1225 1699 1361 1755 illuc
1384 1701 1494 1754 sub
1512 1717 1730 1755 annum
1753 1701 1890 1756 4215
1911 1707 2101 1758 trans-

453 1795 571 1850 lato
600 1793 718 1864 egit
747 1791 1150 1850 l-leuschenius
1179 1793 1212 1843 8
1246 1791 1480 1861 Aprilis,
1514 1791 1614 1846 sed
1649 1791 2100 1862 deprecantibus

456 1899 528 1939 ne
557 1882 656 1940 illo
688 1881 921 1936 tutelari
968 1896 1077 1935 suo
1119 1878 1487 1950 privarentur
1544 1879 2099 1948 Mediolanensibus,

2214 569 2385 623 porro
2420 553 2636 607 factum
2665 552 2760 617 sit,
2795 551 3080 608 hactenus
3110 568 3225 608 non
3257 550 3448 624 potuit
3473 548 3768 608 invenire.

2283 642 2370 695 33.
2406 641 2576 697 Aliud
2609 641 2954 713 epitahium,
2989 641 3089 696 sed
3145 640 3341 698 nescio
3373 656 3448 698 an
3501 655 3627 698 non
3683 638 3769 706 ab
3803 639 3886 712 ip-

2214 733 2400 784 somet
2418 730 2638 788 Alciato
2654 729 3231 800 compositum,certe
3246 729 3304 783 in
3329 727 3695 801 praalaudato
3709 726 3884 792 illius

2217 818 2559 890 Antiquario
2591 837 2624 874 a
2656 820 2915 874 Fontana
2943 818 3389 890 transcriptum,
3429 821 3488 873 et
3529 817 3681 873 forte
3729 833 3885 876 aus-

2215 923 2390 977 quam
2427 907 2706 978 positum,
2740 907 2823 963 sic
2848 907 3053 962 recitat
3081 905 3428 974 Puricellus,
3457 921 3592 978 pag.
3630 906 3724 966 15.

2743 1011 2986 1050 ΑειΑιῡο
3027 1010 3292 1050 DIAGONO.

2215 1084 2340 1151 Qui,
2369 1100 2530 1140 nemo
2551 1093 2610 1138 ut
2639 1085 2860 1152 melius,
2892 1083 3074 1138 divini
3093 1084 3326 1154 mystica
3355 1083 3535 1140 verbis

2286 1173 2547 1237 Tradidit,
2578 1177 2629 1227 et
2650 1173 2844 1243 populi
2872 1173 3016 1227 solus
3045 1173 3107 1226 in
3137 1186 3229 1226 ore
3247 1173 3367 1241 fuit
3384 1187 3406 1232 ,°

2214 1262 2317 1329 Qui
2341 1262 2488 1332 lapso
2518 1276 2695 1315 mores
2712 1261 3146 1332 diciplinamque
3165 1259 3431 1316 cadam

2286 1353 2355 1404 Et
2390 1350 2582 1421 Thyasi
2607 1365 2818 1406 errores
2845 1350 3119 1420 corrigere
3148 1351 3318 1413 erat;

2211 1441 2309 1494 Hic
2338 1440 2596 1493 Arialdus
2619 1439 2797 1493 adest.
2825 1439 2939 1493 Heu
2967 1439 3139 1494 noxia
3168 1439 3279 1492 vita
3306 1441 3623 1504 nocentum,

2285 1529 2420 1596 Quae
2447 1543 2720 1583 censorem
2759 1528 2938 1583 ullum
2963 1529 3110 1597 ferre
3137 1526 3363 1584 molesta
3387 1527 3618 1596 nequit!

2215 1616 2365 1671 Clam
2396 1625 2639 1688 raptum,
2669 1632 3077 1688 appemumque
3107 1614 3290 1681 molae,
3318 1615 3550 1686 projecit
3578 1615 3644 1672 in
3689 1613 3881 1674 unde:

2286 1705 2536 1771 Verbani,
2569 1710 2628 1760 ut
2658 1706 2873 1773 rapidis
2903 1705 3140 1776 piscibus
3169 1719 3296 1760 esca
3323 1704 3466 1774 [oret
3499 1721 3512 1759 :
3719 1770 3726 1776 _

2221 1793 2426 1850 Deinde
2453 1794 2546 1849 sed
2565 1796 2868 1862 inventum,
2893 1797 3054 1864 atque
3075 1793 3262 1850 illaesa
3284 1806 3540 1863 corpore,
3571 1792 3804 1865 templi:

2280 1882 2374 1937 Est
2400 1883 2631 1953 dignata
2660 1898 2861 1937 novum
2883 1882 3462 1953 martyre-posteritas.

1653 2137 2662 2277 APPEND‘IX.

1164 2460 1256 2516 DE
1293 2458 1724 2516 VENERABILI
1764 2459 2121 2517 LIPRANDO
2161 2457 2624 2520 PRESBYTERO
2667 2457 3147 2518 CONFESSORE.

445 2755 474 2822 §
504 2754 545 2812 Ι.
581 2752 942 2810 Gromulanu:
972 2750 1220 2808 Anselmi
1244 2764 1531 2822 successor
1559 2748 1819 2804 Simonis!
1874 2749 2098 2803 convin-

992 2824 1138 2878 citur
1153 2820 1364 2893 judicio
1389 2822 1554 2890 ignis.

522 2933 572 2984 1.
606 2933 748 2984 Cum
791 2928 986 2984 senior
1046 2927 1369 2984 Landulfus
1423 2950 1449 2975 ‹‹
1509 2927 1846 2996 Leoprando
1903 2940 2096 2982 sacer-

449 3017 590 3083 doti,
616 3040 644 3067 »
676 3015 1149 3073 Herlembaldum
1194 3019 1451 3071 extremo
1473 3013 1801 3070 discrimini
1823 3029 1885 3069 se
1909 3037 1935 3064 «
1960 3030 2094 3070 cum

447 3092 650 3180 paucis
682 3104 925 3161 armatis
959 3126 985 3152 »
1015 3103 1385 3175 objicientem
1409 3103 1703 3169 comitata,
1729 3101 1959 3158 crimini
1987 3103 2094 3157 du-

447 3200 540 3250 cat
568 3195 724 3268 apud
749 3191 1121 3259 Puricellum,
1141 3192 1529 3264 pag.t3,quod
1563 3214 1590 3240 ‹‹
1616 3197 1671 3246 et
1701 3191 1826 3262 ipse
1857 3206 2090 3246 crucem

445 3300 620 3339 manu
651 3282 918 3356 gestabat
949 3280 1203 3354 propria,
1237 3297 1350 3336 non
1410 3285 1474 3335 ut
1502 3279 1787 3335 bellantes
1839 3280 2090 3346 sedaret,

445 3373 548 3429 sed
577 3377 641 3428 ut
669 3371 953 3428 bellantes
983 3387 1122 3426 suos
1179 3372 1372 3442 potius
1401 3369 1691 3435 incitaret,
1734 3367 2004 3425 hostibus
2033 3372 2092 3424 et

439 3462 564 3534 ipse
595 3461 818 3528 hostis;
854 3483 882 3509 η
897 3475 1080 3532 quem
1113 3463 1415 3531 prOpterea
1446 3457 1687 3514 naribus
1732 3455 2090 3528 auribusque

442 3551 784 3606 mutilatum
817 3548 1094 3614 vidimus,
1126 3552 1184 3603 et
1214 3547 1569 3620 martyribus
1631 3563 1664 3602 a
1721 3545 1778 3601 S.
1813 3544 2089 3617 Gregorio

441 3657 591 3714 papa
617 3639 719 3695 VII
765 3642 1194 3710 comparatum,
1229 3636 1415 3708 placet
1445 3636 1710 3708 ejusdem
1742 3638 1890 3699 acta,
1945 3651 2086 3705 qua-

437 3732 609 3784 tenus
638 3726 832 3798 colligi
865 3743 933 3784 ex
964 3724 1246 3782 Puricello
1299 3729 1588 3797 poterunt,
1641 3724 1713 3780 ad
1763 3728 2086 3782 extremum

437 3816 738 3888 prosequi,
771 3820 828 3871 et
859 3813 1127 3872 Landulﬁ
1159 3813 1332 3872 istius
1390 3811 1858 3870 maledicentiam
1912 3812 2086 3868 rebus

437 3905 549 3976 ipsi
582 3919 930 3974 coarguere;
964 3904 1036 3958 ob
1068 3919 1216 3973 quas
1260 3906 1315 3957 et
1345 3901 1418 3956 ob
1475 3901 1856 3957 confessionis
1888 3900 2085 3956 catho-

436 3991 560 4048 lica
592 3992 889 4055 meritum,
922 3991 1145 4062 primas
1176 3989 1285 4045 fuit
1340 3989 1401 4045 in
1457 3989 1868 4054 aestimatione,
1929 3988 2084 4060 apud

434 4099 640 4138 omnes
663 4080 992 4153 apostolicis
1014 4080 1172 4136 sedis
1195 4077 1395 4135 ﬁdeles
1419 4095 1432 4146 ;
1469 4078 1623 4150 quod
1655 4075 2084 4148 Landult‘usju-

433 4170 562 4226 nior
591 4186 724 4242 pag.
758 4170 863 4224 388
894 4169 1050 4241 apud
1083 4166 1436 4226 Puricellum
1481 4167 1650 4224 nobis
1681 4170 1949 4231 testatur,
1982 4165 2082 4222 ubi

433 4259 516 4313 ita
545 4258 751 4312 scribit
783 4274 796 4312 :
833 4279 860 4308 κ
891 4263 1044 4314 Ceno
1099 4273 1218 4324 rex,
1266 4255 1371 4328 qui
1401 4257 1540 4312 dum
1599 4255 1883 4312 Henricus
1919 4258 2085 4327 pater

431 4347 581 4417 ejus,
613 4367 645 4396 »
679 4345 943 4408 Ecclesia:
975 4344 1206 4401 rebellis
1237 4350 1294 4401 et
1344 4344 1903 4412 excommunicatus,
1941 4365 1969 4394 «
1999 4343 2082 4400 vi-

2209 2747 2430 2820 absque
2460 2747 2578 2806 ullo
2611 2763 2852 2804 rancore
2906 2747 2967 2803 in
3007 2745 3372 2819 beneplacito
3393 2743 3506 2806 Dei
3561 2752 3620 2806 et
3669 2749 3870 2824 ipsius

2209 2838 2362 2910 regis
2393 2838 2716 2911 respondit.
2751 2859 2780 2886 »

2275 2929 2328 2980 2.
2365 2926 2426 2981 In
2459 2926 2674 2998 quibus
2729 2924 2923 2981 verbis
2953 2927 3087 2980 ante
3137 2925 3337 2982 omnia
3383 2927 3733 2995 notandum,
3785 2944 3869 2985 ex

2208 3013 2446 3086 Hugone
2477 3011 2828 3070 Flaviacensi
2888 3013 3041 3085 apud
3083 3011 3371 3086 Cangium
3420 3013 3482 3070 in
3537 3013 3866 3084 Glossario,

2208 3103 2384 3174 quod,
2411 3127 2437 3152 «
2471 3104 2519 3158 si
2543 3104 2676 3174 quis
2706 3107 2880 3172 esset,
2917 3101 3016 3174 qui
3037 3102 3313 3176 Gregorio
3335 3103 3864 3176 communicaret,»

2201 3192 2496 3263 (idemque
2527 3192 2597 3247 de
2629 3191 2861 3247 Urbano
2892 3189 3173 3264 intellige,
3231 3193 3360 3263 ejus
3392 3196 3526 3265 post
3563 3191 3864 3258 Victorem

2200 3281 2576 3350 successore,)
2609 3302 2636 3329 «
2687 3279 2782 3336 hic
2814 3279 3142 3348 hereticus,
3178 3280 3511 3336 destructor
3556 3280 3750 3356 regni,
3808 3285 3866 3337 et

2199 3369 2455 3440 quodam
2486 3367 2866 3426 adinventitio
2898 3367 3133 3426 nomine
3159 3367 3463 3425 Paterinus
3491 3367 3864 3426 dicebatur.»

2198 3457 2314 3514 Hoc
2346 3456 2554 3513 deinde
2585 3456 2819 3513 nomine
2849 3457 2922 3514 ad
2984 3456 3327 3513 Waldenses
3357 3455 3619 3528 aliosque
3668 3455 3865 3526 hare-

2197 3547 2344 3604 ticos
2374 3545 2607 3615 transit,
2656 3547 2729 3602 de
2759 3545 2974 3619 quibus
3004 3545 3130 3600 vide
3163 3544 3287 3604 loco
3332 3538 3506 3600 citato
3537 3541 3862 3618 Cangium,

2196 3635 2558 3710 opinantem,
2591 3638 2672 3690 ita
2701 3639 2840 3691 tunc
2901 3634 3091 3706 primo
3141 3634 3326 3690 dictos
3355 3632 3600 3710 ﬁdeles,
3633 3656 3661 3683 ‹‹
3693 3634 3858 3706 quod

2195 3741 2379 3797 papae,
2413 3740 2587 3796 quem
2617 3728 2845 3797 patrem
2877 3721 3271 3796 appellabant,
3304 3719 3685 3789 adhaererent.
3722 3744 3751 3772 ››
3787 3723 3860 3795 Et

2195 3812 2304 3870 hoc
2335 3812 2393 3868 in
2425 3829 2604 3870 sensu
2633 3828 2767 3885 pag.
2819 3813 2943 3878 300,
3003 3809 3479 3868 Herlembaldum
3526 3809 3857 3878 Landulfus

2195 3902 2389 3960 senior
2414 3901 2774 3974 inculpabat,
2803 3901 2959 3973 quod
2990 3917 3093 3973 per
3121 3900 3250 3971 ejus
3279 3898 3626 3974 potentiam,
3652 3899 3854 3960 schis-

2194 3991 2424 4048 maticis
2456 3991 2576 4064 regi
2607 3989 3040 4048 adhzerentibus
3071 4005 3336 4061 exesam,
3386 4009 3414 4037 ››
3438 3987 3851 4050 Patarinorum

2193 4080 2253 4136 in
2284 4085 2511 4136 tantum
2537 4079 2790 4135 excrevit
2820 4094 3104 4136 numerus
3137 4081 3314 4149 atque
3341 4077 3555 4144 virtus,
3580 4076 3638 4133 in
3681 4077 3855 4154 pagis

2191 4173 2248 4226 et
2275 4168 2526 4242 oppidis,
2560 4184 2623 4224 ac
2654 4166 3011 4239 quibusdam
3043 4166 3190 4224 duce
3219 4163 3347 4238 ipso
3379 4164 3440 4222 in
3470 4165 3746 4236 urbibus,
3785 4168 3853 4242 ut

2189 4274 2434 4314 suorum
2463 4257 2756 4312 videretur
2785 4254 3051 4314 omnium
3105 4255 3388 4312 dominus
3431 4251 3786 4316 concivium.
3827 4276 3855 4304 »

2193 4348 2309 4420 Ego
2342 4346 2631 4403 seniorem
2663 4344 3020 4402 Landult‘um
3043 4344 3125 4400 ita
3153 4342 3314 4416 loqui
3342 4360 3458 4400 non
3491 4341 3676 4401 miror
3700 4341 3856 4415 ;.sed

429 4439 645 4506 veret,»
669 4435 954 4491 suadente
977 4433 1208 4493 Urbano
1245 4434 1517 4506 papall,«
1548 4450 1651 4506 per
1673 4433 2077 4490 contractatio-
2112 4440 2159 4506 1)
2182 4433 2502 4506 juniorem,
2535 4432 2880 4504 scriptorem
2910 4429 3289 4498 catholicum,
3338 4435 3397 4488 et
3427 4427 3708 4504 Liprandi
3747 4445 3860 4490 -ne-

431 4542 566 4581 nem
600 4523 900 4580 Mathildis
930 4521 1262 4590 comitissze,
1315 4528 1373 4580 et
1403 4523 1664 4580 officium
1693 4521 1952 4580 Anselmi
2011 4522 2082 4578 de

429 4614 624 4670 Chode
651 4637 680 4664 ››
711 4611 1164 4670 Mediolanensis
1193 4611 1635 4685 archiepiscopi,
1670 4635 1697 4662 «
1757 4615 1814 4668 et
1842 4613 2083 4669 Armani

429 4703 767 4770 Briviensis,
803 4703 912 4758 fuit
940 4709 1253 4760 coronatus
1281 4702 1580 4758 Modestiae
1610 4702 1667 4756 in
1727 4700 1972 4758 ecclesia
2018 4702 2075 4757 S.

425 4791 720 4848 Ambrosii
759 4808 912 4848 anno
948 4791 1103 4859 1093,
1128 4791 1199 4846 ad
1233 4790 1444 4847 horum
1473 4789 1818 4862 pontiﬁcum
1841 4789 2079 4846 ordina-

425 4882 648 4938 tionem
684 4897 798 4936 non
824 4881 1111 4952 respexit;
1145 4881 1246 4936 sed
1280 4879 1611 4952 regnansin
1639 4878 1787 4945 loco,
1810 4879 1909 4952 qui
1941 4879 2080 4936 Bur-

427 4987 538 5044 gus
560 4971 616 5026 S.
631 4969 900 5027 Domnini
924 4969 1192 5037 dicitur,»
1219 4968 1523 5042 (oppidum
1543 4972 1632 5024 est
1649 4968 1908 5024 medium
1930 4969 2082 5024 inter

425 5059 785 5116 Placentiam
845 5065 902 5114 et
930 5059 1250 5126 Parmam.)
1283 5079 1310 5107 ‹‹
1351 5057 1498 5114 vidit
1549 5057 1955 5129 presbyterum
1986 5055 2078 5112 Li-

426 5149 740 5219 prandum,
774 5154 1009 5220 propter
1040 5146 1332 5202 Patariam
1363 5161 1506 5204 naso
1537 5150 1593 5202 et
1639 5145 1882 5202 auribus
1912 5150 2079 5202 trun-

425 5241 644 5303 catum,
677 5242 915 5294 euntem
937 5236 1008 5292 ad
1045 5235 1340 5294 Urbanum
1366 5250 1672 5292 romanum
1704 5233 2038 5306 pontiﬁcem
2058 5254 2078 5303 ,-

424 5325 516 5400 cui
548 5325 874 5397 presbitero
906 5342 1002 5380 rex
1034 5325 1158 5397 ipse
1189 5341 1322 5380 cum
1349 5324 1652 5380 devotione
1682 5323 1875 5395 inquit
1897 5342 1909 5378 :
1931 5324 2078 5380 Cum

425 5413 507 5468 sis
533 5415 824 5485 magister
855 5413 1284 5480 Patarinorum,
1319 5413 1459 5485 quid
1517 5412 1702 5468 sentis
1733 5413 1805 5469 de
1847 5412 2079 5485 pontiﬁ-

425 5500 594 5555 cibus
621 5504 682 5555 et
709 5500 1132 5567 sacerdotibus,
1163 5502 1320 5580 regia
1341 5503 1481 5574 jura
1529 5501 1990 5568 possidentibus,
2022 5504 2079 5560 et

427 5588 556 5659 regi
572 5585 735 5645 nulla
755 5585 1033 5643 alimenta
1054 5590 1468 5659 praestantibus
1488 5588 1516 5643 ?
1537 5590 1604 5646 Et
1630 5590 1932 5666 presbyter
1952 5589 2077 5660 ipse

2187 4527 2384 4595 potem
2404 4521 2485 4576 uti
2520 4521 2759 4577 Patariae
2789 4518 3070 4578 vocabulo
3100 4537 3112 4576 :
3139 4535 3238 4576 rex
3268 4534 3426 4588 vero,
3449 4519 3603 4575 inter
3623 4515 3857 4578 excom-

2191 4609 2560 4668 municatum
2581 4614 2806 4681 patrem
2828 4625 3005 4664 suum
3032 4612 3089 4664 et
3113 4605 3419 4672 Urbanum
3440 4621 3655 4682 papam
3675 4606 3860 4680 quasi

2191 4699 2441 4767 medius,
2466 4699 2696 4754 videtur
2725 4702 3033 4771 suspectos
3053 4696 3336 4755 habuisse
3355 4696 3542 4756 dictos
3572 4695 3648 4760 in;
3665 4695 3856 4768 patris

2190 4787 2326 4848 aula
2358 4788 2658 4846 Patarinos
2683 4804 2698 4856 ;
2729 4785 2951 4859 illoque
2984 4785 3222 4844 nomine
3245 4786 3422 4844 etiam
3448 4801 3597 4845 usus
3627 4783 3858 4856 insue,

2190 4882 2482 4951 quatenus
2509 4893 2612 4950 per
2636 4891 2736 4933 eos
2797 4876 3105 4944 videbatur
3165 4875 3326 4948 regia
3345 4878 3619 4947 potestas
3663 4873 3864 4942 immi-

2191 4967 2315 5035 nui,
2349 4970 2524 5038 atque
2552 4982 2657 5038 pro
2689 4969 2852 5037 parte
2893 4965 2951 5021 in
3001 4981 3215 5038 papam
3255 4961 3600 5022 transferri.
3663 4958 3734 5024 Et
3768 4961 3861 5038 Li-

2190 5055 2450 5129 prandus
2477 5045 2722 5128 .quidem
2745 5053 3128 5127 interroganti
3151 5047 3272 5125 regi
3301 5067 3657 5124 responsum
3687 5050 3855 5113 haud

2189 5145 2488 5224 ingratum
2508 5143 2670 5201 visus
2698 5147 2822 5200 erat
2853 5137 3180 5201 reddidisse
3205 5160 3219 5210 ;
3253 5164 3282 5191 «
3305 5143 3718 5202 verumtamen
3766 5135 3854 5202 a1-

2188 5239 2315 5290 tera
2335 5233 2429 5288 die
2451 5232 2673 5288 faciens
2721 5233 2833 5289 iter
2853 5248 3202 5300 auum,cum
3221 5230 3564 5304 presbytero
3587 5225 3854 5288 Arualdo

2191 5322 2469 5394 magistro
2491 5320 2827 5378 scholarum
2850 5319 3465 5388 Mediolanensium,et
3487 5322 3630 5394 Syro
3668 5334 3857 5382 sacer-

2187 5412 2319 5468 dote
2350 5409 2608 5467 ecclesiae
2633 5410 2691 5466 S.
2725 5409 3414 5482 Mariae;Podoni,captus
3436 5405 3620 5466 est-ab
3651 5406 3855 5484 homi-

2188 5499 2729 5580 ni_bus:Parmensis
2781 5490 3040 5574 episcopi
3081 5517 3095 5567 ;
3141 5513 3384 5582 equom
3439 5495 3577 5554 hinc
3609 5501 3859 5582 apparet

2187 5577 2634 5672 Schismaticum
2664 5587 2844 5648 fuisse
2884 5591 2949 5646 ut
2977 5585 3172 5648 dolere
3193 5577 3563 5662 magnopere
3593 5577 3716 5674 non
3751 5586 3848 5672 de-
