3960 6216
69 379 74 383 -
152 339 321 404 1509

1752 339 1982 406 ᾸΟΤΑ.

3416 344 3574 407 1510

150 475 615 543 accendebatur,
648 473 795 530 dixit
827 493 839 531 :
875 472 990 532 Vos
1049 481 1253 548 praeter
1297 495 1386 534 me
1421 494 1534 533 non
1583 478 1821 533 cernitis
1852 485 1900 545 Α
1933 475 2227 533 dotalibus
2261 475 2517 532 vestibus
2552 473 2723 533 lineis
2781 493 2846 532 ac
2901 474 3122 543 sericis,
3175 477 3394 548 quibus
3455 482 3578 535 erat

151 564 552 630 sacerdotem,
575 565 674 636 qui
699 566 854 620 hunc
878 566 1071 637 ignem
1095 567 1432 632 benedicat;
1463 568 1561 621 sed
1586 567 1821 622 cernitis

149 653 428 708 chartam
461 653 610 708 hanc
633 671 809 726 quam
845 660 1030 720 teneo,
1067 656 1121 709 in
1156 672 1272 727 qua
1302 662 1504 710 sancta
1546 656 1719 710 verba
1767 659 1823 709 et

152 742 336 813 signa
370 745 582 797 sanctae
615 743 804 798 crucis
864 743 1260 798 continentur.
1301 745 1367 798 Et
1396 761 1500 815 ego
1560 743 1824 798 minister

151 829 280 885 haac
317 831 492 902 signa
522 831 768 887 inferius
817 833 1007 888 dicam
1043 839 1099 887 et
1149 833 1380 901 faciam,
1412 839 1468 888 et
1517 833 1688 901 Deus,
1721 833 1818 903 qui

153 922 245 974 est
306 918 600 974 Dominus
635 937 824 986 meus,
861 922 1114 992 desuper
1146 922 1338 992 ignem
1380 921 1700 976 benedicat.
1753 922 1822 974 Et

155 1007 475 1062 audientes
505 1013 561 1063 et
593 1010 736 1063 bene
769 1009 1163 1080 intelligentes
1185 1010 1489 1066 dixerunt:
1523 1013 1725 1064 Amen.

231 1095 328 1149 11.
365 1101 620 1168 «Atque
661 1115 793 1152 cum
845 1097 903 1152 in
955 1099 1200 1153 circuitu
1262 1099 1413 1169 ignis
1472 1100 1590 1152 hate
1649 1099 1822 1153 verba

153 1184 412 1238 dixisset
442 1190 498 1238 et
526 1186 694 1256 signa
724 1186 972 1253 fecisset,
1007 1193 1062 1241 et
1111 1205 1324 1258 aquam
1374 1188 1736 1242 benedictam
1769 1205 1798 1242 e

155 1273 474 1327 incensum
514 1291 690 1346 super
750 1276 966 1346 ignem,
1020 1281 1249 1331 astante
1305 1277 1382 1331 ibi
1443 1276 1820 1342 Grossulano,

156 1360 539 1432 aspersisset,
572 1363 956 1419 dubitabatur
996 1365 1065 1419 de
1100 1365 1426 1420 ordinando
1459 1371 1823 1420 sacramento

155 1450 313 1522 apud
345 1450 771 1507 Grossulanum
823 1459 878 1507 et
917 1453 1219 1508 Arialdum
1243 1454 1312 1508 de
1343 1455 1689 1525 Meregnano
1722 1453 1822 1524 qui

159 1539 474 1610 eratquasi
499 1541 945 1611 potentissimus
969 1542 1237 1614 princeps
1259 1543 1594 1598 Grossulani
1621 1547 1676 1597 et
1698 1560 1824 1614 pro-

156 1632 399 1682 curator
457 1629 690 1698 judicii,
740 1635 796 1685 et
849 1636 1194 1702 exspectans
1258 1632 1661 1703 presbyterum
1723 1649 1826 1703 per

159 1717 356 1788 ignem
394 1722 579 1772 morte
612 1718 786 1784 finiri,
820 1719 905 1774 vel
963 1736 1064 1791 per
1115 1721 1363 1774 nimium
1414 1726 1690 1775 terrorem
1751 1721 1820 1774 ad

161 1805 482 1860 Dominum
537 1823 713 1862 suum
773 1809 1046 1862 converti.
1101 1810 1229 1880 Ipse
1287 1826 1540 1880 namque
1573 1809 1900 1905 BerardoB

151 1893 340 1963 judici
376 1895 636 1962 Astensi,
673 1895 821 1951 hanc
851 1896 1036 1969 legem
1089 1915 1205 1953 non
1255 1897 1444 1953 solum
1504 1916 1606 1969 per
1664 1915 1821 1952 mor-

157 1986 296 2049 tem,
352 1983 459 2037 sed
511 1983 686 2040 etiam
749 2003 850 2056 per
899 1987 1224 2056 quamlibet
1268 1987 1512 2058 ignitam
1547 1986 1817 2042 lmsuram

163 2070 216 2124 in
249 2071 599 2142 presbytero
632 2072 844 2128 factam
904 2075 1338 2140 condemnanti,
1399 2076 1620 2130 dixerat
1654 2093 1666 2130 :
1703 2077 1816 2130 Ab-

163 2160 237 2214 sit
295 2161 460 2231 quod
520 2160 764 2216 laesura:
809 2164 908 2217 sed
959 2163 1150 2235 ignem
1211 2165 1350 2220 adeo
1409 2163 1818 2235 magnificabo,

165 2248 316 2319 quod
353 2248 559 2320 procul
616 2250 816 2306 oculos
867 2251 1020 2321 ignis
1077 2252 1146 2306 de
1205 2253 1390 2323 capite
1448 2253 1575 2322 ejus
1634 2257 1815 2318 eruet,

163 2341 217 2391 et
247 2337 378 2408 ipse
411 2337 546 2409 igne
577 2339 787 2394 ardens
829 2339 975 2394 cinis
1009 2342 1301 2412 putreﬁet.
1363 2345 1630 2396 Attamen
1691 2358 1818 2412 pre-

166 2425 382 2496 sbyter,
447 2443 580 2481 cum
637 2427 878 2483 vidisset
935 2445 1034 2484 eos
1115 2431 1184 2484 de
1242 2430 1568 2484 ordinando
1626 2447 1820 2484 sacra-

169 2519 363 2570 mento
396 2515 692 2581 dubitare,
724 2517 866 2571 dixit
901 2519 972 2572 ad
1004 2533 1102 2573 eos
1136 2537 1147 2572 :
1178 2517 1356 2574 Sinite
1392 2536 1502 2586 me,
1528 2520 1682 2590 quod
1715 2536 1819 2591 ego

168 2603 308 2657 bene
339 2603 667 2659 ordinabo:
702 2622 805 2660 nec
861 2605 1059 2661 finiam
1119 2612 1579 2670 sacramentum,
1638 2607 1821 2663 donec

167 2692 359 2747 dixero
395 2696 629 2747 tantum
662 2699 949 2764 quantum
979 2696 1142 2750 vobis
1174 2696 1539 2751 satisfecerit.
1577 2697 1637 2750 Et
1667 2695 1820 2752 illico

167 2796 458 2837 consensu
519 2798 719 2837 eorum
761 2784 1148 2856 apprehendit
1196 2802 1441 2856 cappam
1491 2785 1822 2840 Grossulari

169 2870 477 2943 ipsamque
510 2873 1087 2942 quassavit,dicens:
1125 2874 1235 2928 Iste
1270 2875 1685 2940 Grossulanus,
1720 2874 1818 2944 qui

169 2963 252 3012 est
279 2961 392 3014 sub
427 2959 539 3014 ista
569 2977 772 3031 cappa,
807 2965 863 3014 et
894 2979 1006 3015 non
1056 2963 1125 3016 de
1160 2961 1271 3016 alio
1303 2963 1449 3029 dico,
1509 2968 1597 3018 est
1628 2964 1821 3017 Simo-

174 3047 374 3104 niacus
405 3048 480 3104 de
514 3049 1014 3122 archiepiscopatu
1049 3051 1380 3116 Mediolani,
1414 3069 1514 3123 per
1545 3069 1761 3107 munus
1791 3070 1826 3107 a

174 3151 486 3208 manu,per
516 3154 732 3194 munus
764 3157 797 3193 a
827 3138 1157 3210 lingua,per
1179 3158 1393 3195 munus
1417 3143 1486 3196 ab
1519 3142 1818 3213 obsequio.

1933 564 2191 632 indutus,
2218 566 2335 620 sive
2361 566 2417 620 in
2451 566 2957 632 cilicio,lwsianem
2997 565 3173 620 ullam
3202 566 3579 622 sensit.Tune

1933 655 2180 725 populus
2212 654 2395 726 plene,
2427 657 2592 726 quasi
2615 673 2816 710 exuno
2840 654 3193 719 ore,laudem
3225 655 3338 709 Deo
3365 659 3422 710 et
3441 655 3580 710 huic

1933 745 2284 815 presbytero,
2314 749 2474 798 extra
2499 749 2554 799 et
2584 745 2735 798 infra
2767 741 3333 807 civitatem,contulit
3363 760 3375 797 :
3409 743 3582 799 Gros-

1932 831 2174 886 sulanus
2215 849 2346 886 vero
2405 832 2730 904 intrepidus
2783 833 2978 886 sedem
3038 831 3580 903 archiepiscopatus

1931 921 2254 975 deseruitet
2275 921 2566 975 civitatem
2595 939 2606 988 ;
2633 921 2773 992 quia
2793 926 2989 991 aperto
3009 919 3305 974 communi
3347 920 3580 976 civtatis

1931 1011 2305 1077 orejuratum
2341 1014 2482 1077 erat,
2515 1011 2668 1081 quod
2718 1010 2926 1063 meutri
2979 1026 3201 1071 eorum,
3266 1026 3368 1063 nec
3400 1008 3577 1064 alicui

1931 1100 2001 1152 de
2030 1103 2191 1169 parte
2216 1097 2473 1162 illorum,
2507 1115 2609 1168 pro
2643 1098 2750 1152 hac
2766 1099 2991 1152 actione
3025 1097 3243 1152 malum
3279 1097 3581 1164 tieret,nisi

1933 1187 2087 1256 quod
2119 1186 2401 1241 Dominus
2433 1188 2542 1241 sibi
2599 1189 2824 1241 faceret.
2877 1211 2902 1235 ››
2940 1187 3230 1240 llactenus
3267 1187 3582 1242 Puricellus

1935 1291 2064 1345 pag.
2099 1275 2202 1326 309
2232 1280 2287 1328 et
2318 1292 2478 1346 seqq.

1935 1362 2050 1433 §ll.
2080 1363 2298 1433 Reliqua
2323 1363 2588 1434 Liprandi
2611 1367 2718 1417 vim
2745 1368 2793 1417 et
2815 1380 2957 1418 mcrs
2980 1365 3264 1418 "maculis
3284 1365 3580 1420 illustrem.

2006 1451 2092 1505 l3.
2127 1452 2269 1505 'l‘am
2305 1450 2666 1506 luculentum
2701 1452 3045 1507 miraculum
3078 1470 3192 1506 non
3227 1452 3430 1507 habuit
3451 1470 3585 1507 con-

1935 1540 2097 1593 tinuo
2131 1556 2365 1594 omnem
2391 1541 2491 1610 qui
2530 1541 2877 1611 sperabatur
2902 1541 3168 1595 effectum
3206 1557 3217 1594 ε
3253 1563 3279 1589 ‹‹
3313 1541 3412 1596 sed
3446 1541 3585 1612 quia

1934 1628 2241 1698 praesentia
2273 1629 2681 1699 episcoporum
2709 1629 3213 1699 suifraganeorum
3240 1628 3374 1682 huic
3396 1628 3509 1699 legi
3534 1634 3589 1684 et

1933 1715 2230 1787 triumpho
2256 1717 2508 1770 favorem
2535 1718 2758 1788 integre
2785 1735 2898 1770 non
2924 1715 3204 1787 prmbuit;
3237 1722 3292 1771 et
3320 1716 3590 1788 quiignis

1935 1822 2172 1859 manum
2205 1805 2546 1877 presbyteri,
2585 1806 2639 1859 in
2677 1807 3014 1877 projicendo
3047 1822 3260 1876 aquam
3295 1810 3351 1858 et
3384 1805 3588 1860 incen-

1931 1910 2063 1948 sum
2102 1911 2278 1964 super
2308 1893 2524 1963 ignem,
2563 1894 2746 1960 lzesit;
2780 1900 2855 1958 et,
2881 1894 3020 1964 quia
3053 1910 3155 1964 per
3179 1893 3312 1964 equi
3343 1894 3592 1950 Joannis

1929 1982 2000 2036 de
2029 1982 2181 2036 itode
2215 1982 2442 2035 nudum
2479 1981 2799 2053 presbyteri
2824 1982 3052 2052 pedem,
3075 1982 3143 2036 de
3167 1981 3300 2052 igne
3324 1984 3592 2038 exeuntis

1930 2071 2073 2124 dure
2104 2069 2346 2124 calcavit
2376 2088 2388 2137 ;
2425 2071 2618 2134 turba,
2652 2069 2838 2124 tristis
2869 2070 2938 2124 de
2962 2086 3099 2124 casu
3135 2079 3190 2123 et
3223 2071 3390 2124 ruina
3421 2070 3592 2126 Gros-

1930 2158 2142 2223 sulani,
2180 2159 2235 2212 in
2269 2160 2673 2231 presbyterum
2705 2162 2761 2213 et
2817 2159 2946 2228 ejus
2995 2158 3180 2228 legem
3241 2163 3370 2230 post
3401 2176 3589 2230 pauca

1930 2247 2426 2313 scandalizavit,et
2455 2247 3168 2311 scandalizando,hortatu
3195 2248 3586 2318 quorumdam

1929 2337 2317 2399 sacerdotum,
2355 2336 2550 2407 praelia
2580 2342 2635 2390 et
2681 2335 2997 2391 homicidia
3030 2337 3214 2390 multa
3247 2338 3567 2394 commisit.

1933 2426 2158 2479 [nterea
2188 2425 2581 2480 Grossulanus
2614 2425 2919 2485 dominum
2982 2443 3190 2497 papam
3238 2425 3578 2481 Paschalem

1927 2519 2157 2586 gratum
2184 2515 2294 2569 sibi
2321 2513 2944 2586 invenit.Landulphus
2968 2531 3097 2569 vero
3121 2515 3191 2568 de
3213 2514 3576 2586 Vareglatc,»

1933 2622 2083 2659 unus
2115 2609 2184 2658 de.
2217 2603 2569 2674 supradictis
2599 2603 2818 2669 electis,
2845 2604 2943 2657 sed
2971 2603 3195 2672 rejectis
3222 2610 3459 2675 propter
3479 2605 3579 2658 ab-

1931 2691 2234 2750 sentiam,u
2249 2691 2475 2745 rediens
2496 2691 2568 2745 ab
2588 2689 2998 2761 Hierosolymis
3023 2696 3260 2745 Romam
3291 2691 3582 2762 pervenit;

1931 2787 2106 2850 atque
2133 2781 2202 2834 de
2233 2779 2588 2835 Grossulano
2640 2782 2762 2849 jam
2797 2779 2932 2834 inde
2993 2796 3253 2851 regresso
3314 2778 3520 2833 didicit
3555 2802 3581 2827 ››

1932 2869 2037 2938 (uti
2060 2869 2249 2939 legere
2271 2869 2434 2923 estin
2459 2867 2854 2922 Monumentis
2876 2867 3279 2921 Ambrosianis
3301 2884 3433 2938 pag.
3455 2868 3582 2937 596)

1935 2981 1961 3007 ‹‹
1996 2975 2108 3012 non
2137 2956 2328 3012 solum
2361 2957 2514 3028 quod
2558 2962 2752 3011 actum
2789 2957 2973 3010 fuerat
2999 2953 3311 3009 Mediolani
3349 2960 3581 3026 propter

1932 3046 2421 3101 concertationem
2481 3045 2800 3118 presbyteri
2859 3047 2915 3098 et
2971 3042 3351 3098 Grossulani:
3388 3044 3491 3098 sed
3523 3048 3579 3098 et

1933 3151 2112 3206 quam
2147 3135 2486 3189 solemniter
2519 3139 2813 3188 Romanus
2845 3132 3100 3204 pontifex
3134 3136 3265 3203 post
3294 3131 3408 3185 alia
3432 3131 3582 3186 facta

177 3207 396 3280 Etcum
428 3225 544 3280 illis
598 3227 902 3283 videbatur
929 3207 1238 3295 sufficere,
1281 3231 1507 3284 addidit
1540 3248 1552 3285 :
1589 3207 1714 3302 θεά,
1749 3233 1818 3286 ad
1853 3207 1894 3273 C
1929 3223 2356 3280 Grossulanum
2381 3227 2884 3293 susceperat.......
2908 3221 3017 3276 Sed
3043 3225 3238 3275 tamen
3264 3219 3587 3275 Landult‘us

177 3313 452 3372 fiduciam
488 3315 756 3371 maleﬁcii
813 3323 914 3372 aut
946 3318 1362 3375 incantationis
1392 3319 1479 3375 vel
1524 3320 1826 3387 carminis,

179 3420 284 3458 non
321 3403 477 3459 intro
510 3405 616 3459 hoc
641 3405 959 3475 judicium.

239 3493 328 3547 12.
357 3516 386 3542 ‹‹
425 3493 598 3548 Facto
630 3494 738 3550 hoc
761 3501 1148 3563 sacramento,
1175 3497 1571 3553 Grossulanus
1599 3515 1830 3554 concor-

183 3579 329 3636 diter
387 3598 607 3653 equum
658 3585 939 3650 ascendit,
1002 3586 1071 3641 ad
1130 3586 1434 3642 ecclesiam
1495 3588 1552 3641 S.
1583 3588 1830 3643 Joannis

177 3685 297 3740 qua:
330 3669 552 3725 dicitur
580 3673 649 3726 ad
685 3673 975 3729 Concbam
1008 3676 1200 3742 venit;
1227 3675 1494 3730 Arialdus
1526 3693 1655 3731 vero
1687 3693 1828 3748 pras-

179 3756 364 3814 diclus
395 3760 469 3814 de
504 3759 867 3833 Meregrano,
903 3763 1206 3834 inquirens
1237 3768 1293 3818 et
1331 3770 1673 3836 exspectans
1708 3764 1830 3832 ple-

179 3844 505 3902 nitudinem
534 3847 709 3921 ignis,
769 3852 1172 3923 presbyterum
1210 3853 1434 3919 tenuit;
1464 3858 1519 3906 et
1557 3855 1827 3922 tenendo,

182 3950 416 3992 manum
453 3955 624 3993 suam
659 3938 859 3994 laesam
885 3942 954 3995 ab
987 3941 1112 4012 ipso
1146 3940 1333 3995 calore
1360 3942 1511 4013 ignis
1535 3942 1748 4008 sensit;
1777 3947 1833 3997 et

180 4025 366 4080 tamen
401 4027 474 4081 ad
509 4027 915 4100 presbyterum
948 4029 1174 4101 inquit:
1201 4029 1503 4101 Presbyter
1525 4030 1829 4101 Liprande,

175 4110 284 4166 vidi
319 4120 570 4170 mortem
596 4121 756 4172 tuam
783 4117 838 4171 in
861 4118 992 4188 igne
1021 4136 1034 4185 ;
1066 4123 1409 4174 convertere
1431 4119 1502 4174 ad
1527 4120 1833 4175 dominum

181 4214 370 4257 meum
399 4204 1140 4277 archiepiscopum,habita
1169 4208 1492 4262 sucuritate
1539 4207 1666 4262 vita:
1700 4212 1833 4274 tuae,

177 4285 391 4360 alioqui
412 4293 555 4349 vade
578 4299 634 4349 et
650 4295 847 4350 ardeto
865 4313 932 4350 cu
947 4315 998 4350 ιιι
1024 4295 1122 4352 Dei
1149 4296 1657 4352 maledictione.Et
1680 4315 1834 4368 pres-

181 4372 337 4446 byter
353 4382 426 4436 ad
453 4381 618 4437 illum
648 4401 660 4438 :
684 4384 1080 4454 Satana,retro
1109 4385 1380 4440 vade.lllo
1417 4387 1829 4454 retrocedente,

179 4468 474 4540 presbyter
504 4477 833 4542 prostratus
858 4491 891 4529 a
914 4479 1071 4530 terra
1093 4490 1156 4529 se
1175 4473 1419 4541 levavit;
1447 4479 1502 4529 et
1521 4474 1689 4546 signo
1707 4492 1834 4530 cru-

177 4551 252 4607 cis
284 4556 395 4612 sibi
428 4561 718 4631 apposito,
754 4563 959 4634 ingens
993 4563 1231 4618 flamma
1253 4563 1405 4634 ignis
1431 4563 1485 4616 in
1524 4563 1825 4620 meridiem
1859 4578 1902 4641 Ι)

184 4644 234 4693 et
263 4649 717 4717 septentrionem
755 4669 815 4706 se
845 4652 1062 4719 divisit,
1094 4657 1149 4706 et
1196 4653 1288 4707 via
1351 4652 1623 4724 apparuit
1648 4670 1826 4724 quam

184 4732 482 4806 presbyter
509 4737 766 4795 intravit.
800 4741 869 4795 Et
898 4740 1189 4796 transiens
1222 4758 1325 4812 per
1347 4741 1506 4812 ipsos
1540 4742 1825 4798 carbones

179 4813 346 4902 ἧεῐιίε,
378 4840 484 4880 ceu
517 4843 754 4883 arenam
805 4829 1071 4896 calcaret,
1102 4829 1287 4885 sensit
1333 4849 1345 4896 ;
1408 4835 1464 4885 et
1521 4831 1661 4884 dum
1724 4849 1826 4902 per

178 4901 359 4990 ipsam
407 4913 561 4970 viam
593 4917 902 4985 transibat,
937 4919 1174 4973 ﬂamma
1223 4923 1353 4990 post
1385 4919 1576 4989 ipsum
1609 4901 1821 4976 coibat.

180 4989 238 5046 Et
267 4994 392 5067 ipse
424 5002 568 5058 mihi
622 5005 790 5072 dixit,
825 5011 881 5061 et
911 5006 1059 5062 bene
1110 4989 1360 5062 intellexi
1395 5007 1577 5062 donec
1628 5007 1684 5061 in
1731 5007 1824 5061 via

180 5076 350 5175 hujus
381 5088 502 5160 igni
537 5092 638 5158 fui,
666 5093 815 5149 hanc
839 5095 1163 5151 orationem
1193 5096 1306 5151 Deo
1331 5094 1544 5166 protuli
1583 5113 1594 5150 :
1635 5096 1825 5150 «Deus

181 5181 234 5221 In
265 5177 500 5235 nomine
527 5184 626 5236 tuo
649 5182 874 5238 salvum
894 5201 986 5238 me
1014 5185 1189 5249 fac,et
1210 5184 1268 5238 in
1292 5183 1502 5238 virtute
1525 5188 1623 5239 tua
1646 5184 1828 5239 libera

185 5269 306 5328 me;
343 5263 496 5322 Deus
531 5268 589 5323 in
625 5273 860 5326 nomine
915 5276 1017 5327 tuo
1074 5272 1300 5327 salvum
1361 5288 1452 5326 me
1503 5273 1611 5335 fac,
1673 5277 1726 5327 et
1768 5273 1825 5327 in

185 5343 388 5406 virtute
417 5358 520 5412 tua
542 5357 724 5413 libera
755 5377 846 5414 me
872 5378 883 5414 :
920 5360 1074 5416 Deus
1103 5360 1163 5415 in
1198 5359 1434 5416 nomine
1472 5366 1572 5416 tuo
1601 5361 1826 5416 salvum

188 5445 271 5522 Ehe
297 5437 406 5508 fac,
439 5448 496 5499 et
526 5445 584 5502 in
616 5447 827 5504 virtute
856 5452 957 5504 tua
982 5448 1169 5506 libera
1201 5466 1294 5505 me
1325 5450 1499 5522 (Psal.
1546 5467 1664 5519 Lm,
1694 5451 1771 5522 3).
1798 5470 1826 5500 ››

187 5517 250 5576 Et
304 5527 445 5586 dum
502 5535 672 5593 tertio
731 5537 1017 5610 proferret
1066 5538 1175 5595 hoc
1228 5517 1470 5596 verbum
1528 5541 1617 5612 fac
1651 5517 1680 5607 7;
1732 5517 1827 5597 ise

188 5614 563 5694 extraignem
621 5625 802 5699 vidit;
837 5641 940 5686 nec
971 5626 1031 5686 in
1063 5643 1148 5704 se,
1181 5643 1288 5691 nec
1343 5627 1404 5687 in
1449 5629 1541 5688 sui
1634 5643 1826 5692 sacer-

1938 3314 2034 3369 ille
2056 3313 2361 3384 Vareglate
2380 3313 2617 3368 veniens
2631 3309 3167 3380 Mediolanum,non
3189 3309 3588 3381 presbyterum

1940 3420 2043 3459 nec
2071 3403 2200 3472 ejus
2251 3403 2436 3472 legem
2471 3401 2684 3454 directe
2731 3398 3260 3470 comtempsit;sed
3322 3397 3476 3452 clero
3535 3403 3593 3452 et

1939 3491 2152 3564 populo
2173 3489 2585 3546 Mediolanensi
2612 3488 2959 3560 promittens
2977 3487 3264 3558 deponere
3287 3485 3592 3541 Grossula-

1940 3597 2080 3635 num
2118 3579 2190 3632 ab
2233 3577 2392 3632 omni
2432 3575 2822 3631 ecclesiastico
2854 3573 3065 3641 officio,
3095 3575 3265 3642 juxta
3295 3589 3589 3629 canonum

1939 3669 2244 3730 rationem,
2279 3666 2470 3737 inquit
2505 3684 2516 3720 :
2551 3665 2665 3718 Cur
2697 3665 2767 3718 de
2799 3663 2922 3734 lege
2948 3661 3276 3734 presbyteri
3309 3662 3590 3732 Liprandi

1939 3761 1997 3812 et
2026 3754 2367 3811 Grossulani
2400 3752 2770 3813 contenditis.
2792 3756 2848 3806 et
2880 3750 3079 3822 praelia
3101 3756 3156 3805 et
3188 3748 3501 3805 homicidia
3530 3750 3590 3806 in

1940 3845 2104 3900 vobis
2136 3844 2324 3898 facitis
2345 3843 2372 3897 ?
2399 3845 2464 3897 Et
2487 3841 2648 3897 vobis
2672 3840 2994 3894 certissime
3019 3840 3171 3905 dico,
3206 3844 3261 3894 et
3285 3855 3386 3910 per
3413 3839 3590 3895 Joan-

1942 3951 2073 3989 nem
2090 3933 2653 3987 Vicomereatensem
2672 3927 3028 3983 Grossulano
3053 3928 3286 3995 mando,
3304 3928 3458 3997 quod
3485 3944 3590 3998 ego

1941 4023 2096 4095 apud
2129 4021 2413 4076 domnum
2447 4036 2659 4091 papam
2687 4016 3043 4082 Paschalem,
3079 4017 3334 4086 ejusque
3365 4015 3588 4071 curiam

1943 4112 2029 4166 vel
2061 4109 2370 4182 synodum,
2394 4107 2566 4163 certis
2587 4125 2719 4162 cum
2752 4104 3072 4160 rationibus
3099 4109 3155 4158 et
3177 4103 3363 4173 justis
3384 4106 3439 4158 et
3457 4119 3589 4158 san-

1945 4200 2052 4256 ctis
2107 4199 2430 4254 canonibus
2463 4197 2852 4268 comprobabo
2905 4191 3071 4247 illum
3109 4208 3222 4247 non
3255 4208 3427 4264 posse
3455 4191 3592 4246 sub-

1944 4290 2147 4345 sistere
2179 4288 2234 4342 in
2260 4303 2503 4342 numero
2523 4284 2928 4356 episcoporum
2961 4281 3048 4338 vel
3093 4282 3593 4355 presbyterorum,

1941 4383 2042 4434 aut
2071 4377 2244 4432 etiam
2277 4376 2330 4429 in
2367 4373 2562 4444 aliquo
2594 4374 2797 4428 ordine
2827 4371 3196 4428 clericorum.
3231 4370 3430 4426 Clerus
3458 4387 3590 4424 vero

1941 4474 1997 4524 et
2025 4466 2274 4540 populus
2296 4464 2430 4519 huic
2453 4461 2810 4531 authentico,
2837 4465 2893 4517 et
2917 4460 3240 4517 secundum
3273 4457 3590 4530 quamdam

1941 4558 2252 4613 novitatem
2286 4551 2560 4609 canonice
2583 4551 2643 4606 S.
2678 4550 2908 4605 Nazarii
2928 4549 3261 4621 przeposito,
3280 4551 3337 4602 et
3351 4546 3590 4616 majoris

1938 4645 2196 4702 ecclesim
2226 4638 2644 4698 Mediolanensi
2667 4638 2963 4694 ordinario
2991 4635 3282 4701 credulus,
3309 4651 3425 4689 una
3453 4651 3586 4690 cum

1937 4733 2294 4792 Grossulano
2310 4738 2379 4787 ad
2397 4735 2718 4786 Romanam
2734 4726 3023 4798 synodum
3050 4723 3346 4796 pervenire
3370 4723 3587 4780 studet.

1934 4825 2097 4880 Unde
2127 4823 2351 4895 rigidus
2375 4818 2678 4890 etsapiens
2695 4815 3036 4887 capitaneus
3052 4811 3574 4868 Mediolanensium

1935 4915 2134 4968 Amizo
2182 4912 2252 4966 de
2284 4908 2630 4972 Landriano,
2666 4905 2747 4959 ait
2779 4921 2791 4958 :
2827 4907 2943 4958 Vos
2975 4902 3251 4957 ludriam.
3308 4924 3327 4949 υ
3364 4900 3444 4971 (id
3497 4905 3588 4956 est

1934 5001 2177 5066 lutram,
2227 4997 2594 5070 amphibium
2645 4991 2909 5063 animal.)
2961 5015 2988 5041 «
3040 4991 3096 5044 in
3130 5007 3282 5062 aqua
3315 5005 3527 5062 negare
3557 5012 3584 5038 ››

1938 5091 2062 5162 (seu
2096 5088 2375 5162 mergere)
2411 5109 2438 5136 ‹‹
2472 5084 2666 5150 vultis,
2707 5106 2725 5131 ι
2761 5082 2820 5137 id
2844 5087 2948 5147 est,
2985 5080 3200 5134 frustra
3246 5078 3546 5134 laboratis.

2011 5181 2097 5233 14.
2146 5200 2173 5228 α
2204 5179 2314 5233 Sed
2347 5173 2763 5236 Grossulanus,
2798 5171 2867 5224 ad
2900 5169 3073 5241 pedes
3113 5167 3417 5240 apostolici
3450 5184 3581 5239 pro-

1935 5267 2190 5335 volutus,
2225 5266 2338 5320 sibi
2361 5269 2417 5320 et
2439 5264 2562 5319 suis
2594 5263 2802 5317 iterum
2827 5257 3116 5329 refugium
3140 5256 3420 5328 suscepit.
3449 5259 3582 5310 Pre.

1938 5357 2136 5428 sbyter
2166 5372 2298 5410 vero
2331 5353 2580 5425 Liprand
2593 5369 2679 5419 us,
2699 5366 2830 5406 cum
2846 5349 2969 5417 jam
2992 5362 3170 5401 senex
3191 5350 3366 5412 esset,
3391 5349 3446 5401 et
3468 5345 3582 5400 duo

1938 5445 2073 5502 anni
2096 5449 2231 5516 post
2253 5443 2439 5515 legem
2467 5442 2538 5498 ab
2564 5441 2688 5513 ipso
2711 5441 2916 5494 factam
2949 5435 3324 5507 transissent,
3353 5457 3379 5485 »
3411 5434 3579 5490 adeo-

1937 5550 2050 5608 que
2079 5549 2232 5588 anno
2266 5532 2426 5600 4103,
2460 5554 2488 5580 ‹‹
2542 5532 2886 5602 provocatus
2929 5530 2985 5581 et
3015 5525 3188 5597 quasi
3241 5523 3582 5598 compulsus

1937 5625 2182 5687 Romam
2203 5622 2275 5684 ad
2305 5620 2597 5699 synodum
2631 5618 2820 5692 venit;
2853 5615 2915 5676 in
2946 5632 3063 5696 qua
3091 5615 3415 5696 praedictus
3443 5613 3586 5678 Lan-
