3960 6216
363 319 521 381 ῐῠη

1478 322 1588 382 SS.
1636 315 1953 382 ARIALDI
2000 316 2103 380 ET
2145 315 2656 382 ERLEMBALDI

3615 310 3780 379 me

360 453 621 527 dulphus
650 452 725 507 de
749 449 1070 522 Vareglate,
1092 450 1192 521 qui
1220 452 1553 523 postipsam
1577 451 1863 522 synodum
1899 450 2012 504 fuit
2033 445 2091 517 Α
2119 458 2176 512 S.
2209 452 2524 518 Ambrosii,
2548 457 2606 507 et
2621 452 2859 508 Andreae
2874 446 3325 507 Mediolane'nsis
3340 445 3690 521 primicerii,
3712 451 3771 505 et

360 542 622 599 Astensis
657 540 989 611 episcopus,
1027 563 1052 587 ››
1086 557 1252 611 prece
1285 540 1548 596 fortassis
1589 539 1678 595 vel
1730 539 1910 611 pretio
1942 540 1998 593 in

362 632 616 686 favorem
636 629 714 682 rei
738 633 1069 699 corruptus,
1095 651 1122 678 »
1150 647 1335 700 neque
1367 633 1499 684 ante
1520 645 1731 700 papam
1764 627 1851 682 vel
1873 629 2004 697 ejus

359 721 581 775 curiam
600 734 701 772 seu
718 718 1002 788 synodum
1017 719 1296 774 adversus
1318 718 1742 773 Grossulanum
1760 717 2001 771 verbum

358 809 544 864 ullum
576 807 1035 880 ignominiosum
1061 808 1302 879 protulit
1331 826 1342 863 :
1382 830 1410 856 »
1442 813 1644 862 contra
1675 822 1851 878 quam
1884 805 2002 860 Me-

357 897 573 953 diolani
599 895 976 968 promiserat;
1005 917 1032 944 α
1056 897 1154 951 sed
1181 897 1480 968 presbyter
1504 895 1831 966 Liprandus
1865 910 1999 948 cau-

358 1002 506 1052 sam,
531 1000 709 1057 quam
731 985 1011 1040 adversus
1035 985 1458 1040 Grossulanum
1487 984 1712 1050 habuit,
1739 999 1880 1054 pure
1907 999 2000 1036 no-

357 1074 598 1130 tiﬁoavit
623 1092 635 1141 ;
660 1078 717 1128 et
747 1073 1102 1144 apostolicus
1123 1090 1240 1129 non
1271 1073 1480 1144 legem,
1512 1089 1616 1144 per
1641 1073 1835 1143 ipsum
1868 1087 2000 1142 pre-

356 1165 654 1234 sbyterum
686 1163 906 1228 datam,
939 1167 997 1218 et
1043 1167 1405 1218 sacramento
1455 1167 1511 1216 et
1555 1163 1685 1233 igne
1717 1163 1996 1225 notatam,

356 1251 629 1316 laudavit,
665 1251 764 1305 sed
797 1251 1044 1321 gratiam
1073 1257 1130 1305 et
1161 1252 1418 1305 officium
1465 1251 1898 1322 presbyteratus
1939 1248 1996 1301 in

355 1340 456 1395 illo
486 1339 742 1394 firmavit
787 1345 844 1394 et
883 1340 1028 1394 dixit
1061 1358 1073 1394 :
1119 1339 1177 1394 Si
1209 1340 1300 1394 hic
1351 1339 1652 1411 presbyter
1685 1339 1910 1408 juraret
1941 1340 1998 1390 et

354 1428 661 1483 duodecim
696 1429 1024 1483 sacerdotes
1049 1445 1183 1483 cum
1215 1428 1312 1483 illo
1335 1426 1724 1498 jurejurando
1746 1425 1998 1479 affirma-

354 1523 502 1583 rent,
536 1517 691 1589 quod
707 1516 1102 1572 Grossulanus
1129 1518 1316 1588 coegit
1357 1517 1552 1587 ipsum
1590 1514 1995 1586 presbyterum

357 1607 438 1660 ire
451 1606 780 1678 perignem,
806 1605 1122 1661 sustineret
1139 1605 1532 1660 Grossulanus
1546 1602 1992 1675 depositionem:

355 1700 529 1766 atque
579 1709 756 1766 super
813 1694 920 1749 hoc
961 1695 1216 1766 spatium
1264 1694 1604 1749 consulendi
1656 1709 1757 1764 per
1814 1706 1992 1747 unam

357 1788 583 1838 noctem
615 1782 794 1837 dedit.
819 1783 993 1838 Nocte
1013 1788 1206 1838 autem
1239 1783 1340 1836 illa
1369 1786 1680 1846 transacta,
1724 1779 1996 1851 apostoli-

356 1889 460 1927 cus
491 1888 681 1928 coram
706 1871 925 1942 synodo
953 1889 986 1925 a
1011 1870 1367 1926 Grossulano
1389 1870 1646 1942 suscepit
1668 1883 1997 1924 sacramen-

357 1967 506 2024 tum,
536 1959 597 2014 in
631 1976 745 2031 quo
778 1964 1143 2014 sacramento
1182 1958 1578 2014 Grossulanus
1612 1958 1696 2012 sic
1729 1958 1845 2011 ait:
1879 1957 1998 2026 Ego

355 2048 748 2106 Grossulanus
778 2048 966 2120 gratia
1005 2047 1102 2102 Dei
1141 2047 1638 2118 archiepiscopus,
1672 2062 1786 2101 non
1837 2044 1997 2115 coegi

355 2138 579 2192 dictum
639 2137 992 2208 Liprandum
1054 2137 1458 2208 presbyterum
1519 2135 1601 2190 ire
1660 2135 1730 2189 ad
1777 2134 1996 2205 ignem.

354 2225 1260 2291 TuncetArdericus,Laudensis
1278 2223 1998 2296 episcopusjurejurando

354 2314 606 2370 ﬁrmavit
650 2313 708 2368 id
757 2313 984 2384 ipsum;
1017 2314 1192 2368 Azoni
1232 2330 1364 2368 vero
1411 2312 1668 2384 Aqueusi
1701 2312 1993 2383 episcopo,

353 2402 668 2475 proferenti
699 2401 755 2456 id
787 2402 980 2473 ipsum
1007 2403 1208 2474 jurare
1238 2419 1304 2457 ex
1339 2407 1497 2474 parte
1528 2401 1892 2465 Grossulani,
1923 2402 1993 2456 ab

353 2491 672 2564 apostolico
696 2490 804 2545 fuit
829 2492 1242 2546 condonatum.
1265 2490 1659 2545 Grossulanus
1679 2491 1872 2560 itaque
1902 2506 1994 2544 ac-

353 2581 529 2636 cessit
559 2586 621 2635 ut
653 2579 937 2652 acciperet
957 2581 1202 2652 gratiam
1231 2579 1646 2645 restitutionis;
1679 2583 1736 2632 et
1764 2595 1895 2633 cum
1921 2579 1991 2633 ad

351 2669 751 2741 accipiendam
810 2669 1246 2724 restitutionem
1295 2669 1615 2734 accederet,
1674 2668 1890 2738 gabuta
1937 2670 1995 2723 et

352 2758 657 2828 pastoralis
687 2757 868 2830 virga,
888 2775 1065 2830 quam
1091 2758 1240 2812 idem
1266 2756 1661 2812 Grossulanus
1693 2773 1800 2811 sua
1831 2761 1990 2810 tene-

348 2847 449 2900 bat
478 2863 678 2912 manu,
711 2862 906 2900 coram
938 2847 1158 2918 synodo
1190 2847 1261 2901 ad
1293 2853 1508 2901 terram
1535 2845 1756 2900 corruit
1783 2864 1800 2897 :
1833 2846 1988 2916 quod

349 2934 584 3005 signum
617 2934 1069 3006 quampluribus
1101 2936 1211 2990 fuit
1250 2935 1530 2990 indicium
1590 2935 1740 3006 quod
1803 2950 1992 2989 sacra-

351 3029 612 3078 mentum
626 3025 754 3093 ejus
769 3023 879 3076 fuit
891 3029 1323 3078 sacramentum
1339 3024 1988 3078 mortis.Verumtamen

356 3129 461 3168 nec
495 3128 664 3183 papa,
699 3127 803 3166 nec
835 3112 962 3181 ejus
994 3113 1252 3183 synodus
1285 3113 1355 3167 ad
1389 3112 1494 3166 hoc
1526 3117 1664 3166 tunc
1697 3113 1987 3182 respexit;

2115 547 2363 603 aliorum
2384 541 2703 597 multorum
2721 541 3075 612 prudentum
3090 544 3209 595 tam
3221 539 3574 595 clericorum
3587 554 3776 609 quam

2111 637 2417 699 laicorum,
2473 647 2577 686 nec
2622 631 2842 694 sedem,
2898 645 3002 684 nec
3062 628 3320 700 aliquam
3373 625 3770 683 munitionem

2114 722 2672 794 archiepiSCOpatus,
2710 723 2840 790 post
2861 717 3048 789 legem
3080 718 3334 789 primam
3363 734 3396 772 a
3421 716 3778 789 presbytero

2113 813 2346 877 factam,
2397 809 2516 864 sive
2563 807 2998 863 restitutionem
3051 824 3085 861 a
3124 806 3346 878 synodo
3386 804 3770 873 celebratam,

2115 901 2338 956 habuit.
2402 899 2566 953 Meus
2607 913 2739 952 vero
2795 913 2946 967 saepe
3006 895 3201 950 dictus
3232 893 3583 962 avunculus,
3612 894 3780 950 infra.

2113 991 2288 1045 unius
2318 988 2454 1043 anni
2487 991 2544 1042 et
2577 985 2804 1040 dimidii
2837 985 3124 1056 spatium,
3170 983 3465 1050 homines,
3513 982 3619 1055 qui
3649 999 3768 1039 non

2110 1095 2214 1152 pro
2246 1092 2442 1132 amore
2473 1073 2678 1128 divinae
2713 1071 2857 1143 legis
2897 1075 2954 1126 et
2986 1069 3392 1127 ecclesiastica
3437 1067 3762 1140 disciplinae

2110 1162 2702 1238 litigabant,dimisit,
2731 1167 3002 1216 eteorum
3025 1161 3318 1215 civitatem
3365 1158 3560 1224 exivit,
3588 1161 3766 1231 atque

2108 1254 2480 1310 Valtellinam
2511 1250 2744 1315 vallem,
2779 1268 2811 1303 a
2835 1248 3181 1305 Mediollano
3209 1247 3364 1304 ultra
3385 1247 3765 1320 septuaginta

2109 1344 2383 1399 milliaria
2414 1341 2752 1405 distantem,
2786 1337 3090 1392 habitavit.
3143 1359 3169 1385 »
3209 1336 3358 1402 Quid
3391 1341 3587 1393 autem
3623 1336 3766 1392 hinc

2108 1438 2238 1505 post
2267 1431 2640 1501 aliquantum
2685 1432 2916 1498 tempus
2960 1426 3268 1482 revertenti
3305 1425 3588 1481 acciderit
3618 1433 3755 1498 pag.

2107 1523 2208 1578 417
2249 1522 2331 1576 sic
2381 1522 2578 1574 narrat
2608 1517 2761 1588 apud
2793 1514 3144 1571 Puricellum
3193 1513 3544 1570 Landulfu’s.
3583 1537 3603 1563 ι
3649 1516 3758 1569 A-s-

2105 1617 2342 1682 sumpto
2359 1625 2508 1680 equo
2533 1605 2704 1662 Ansel
2717 1607 2792 1660 mi
2831 1628 2850 1654 ιο
2890 1603 3086 1659 fratris
3115 1628 3140 1652 «
3167 1609 3223 1660 et
3245 1619 3396 1668 meo,
3425 1620 3544 1658 una
3565 1619 3704 1659 cum
3724 1622 3753 1656 ο

2105 1700 2258 1755 diclo
2291 1723 2317 1748 «
2353 1699 2527 1753 fratre
2559 1712 2684 1750 meo
2716 1695 2787 1750 ad
2818 1693 3010 1764 ipsum
3047 1709 3244 1748 meum
3298 1697 3611 1764 patron-um
3647 1692 3759 1748 fes-

2107 1789 2308 1844 tinavi.
2342 1789 2411 1842 Et
2439 1803 2572 1840 cum
2593 1783 3009 1856 processissem
3040 1781 3248 1854 viginti
3266 1781 3526 1853 quinque
3541 1780 3757 1837 millia.

2110 1879 2237 1944 riis,
2273 1875 2415 1933 mihi
2447 1873 2694 1946 angelus
2725 1871 2999 1940 occurrit,
3044 1871 3252 1926 dicens
3280 1886 3292 1925 :
3330 1870 3646 1942 Presbyter
3675 1868 3762 1924 Lis

2110 1966 2290 2039 prand
2305 1981 2372 2020 us
2402 1962 2633 2018 rediens
2665 1959 3044 2025 aValtellina,
3064 1958 3504 2029 inﬁrmusjacet
3530 1957 3603 2012 ad
3638 1974 3759 2014 mo-

2110 2054 2433 2111 nasterium
2455 2053 2526 2107 de
2548 2051 2782 2106 Clivate.
2805 2048 3371 2121 Citiusigiturquam
3395 2052 3779 2119 sperassem,‘

2109 2143 2299 2198 inveni
2335 2141 2498 2196 illum
2533 2139 2591 2192 in
2623 2138 2772 2193 lecto
2797 2138 3095 2192 sedentem
3119 2141 3176 2192 et
3204 2135 3296 2192 lac
3324 2135 3752 2192 comedentem.

2107 2232 2212 2298 Qui
2246 2247 2380 2286 cum
2414 2246 2504 2284 me
2523 2227 2689 2294 vidit,
2722 2226 2926 2282 ambas
2956 2225 3163 2281 levavit
3183 2241 3413 2286 manus,
3447 2227 3503 2278 et
3531 2223 3756 2295 gratias

2105 2319 2220 2374 Deo
2250 2319 2414 2373 dixit.
2461 2313 2737 2370 Arialdus
2783 2330 2916 2368 vero
2966 2312 3123 2368 illius
3176 2311 3516 2368 monasterii
3547 2311 3756 2378 abbas,

2106 2414 2415 2480 postquam
2452 2404 2674 2461 audivit
2704 2419 2796 2457 me
2821 2403 3149 2468 advenisse,
3174 2400 3762 2473 consolationemun

2105 2497 2214 2570 ipsi
2261 2500 2474 2567 aegroto
2517 2493 2776 2558 dedisse;
2816 2508 2909 2547 me
2955 2505 3268 2562 meumque
3300 2491 3542 2545 fratrem
3591 2494 3755 2545 extra

2103 2602 2394 2641 cameram
2429 2583 2693 2648 vocavit;
2719 2586 2778 2637 et
2807 2597 2908 2652 per
2945 2580 3112 2652 plura
3143 2580 3320 2635 verba
3367 2589 3429 2634 9e
3459 2579 3755 2650 trepidare

2105 2674 2466 2740 fidelitatem,
2500 2688 2676 2744 quam
2701 2673 3002 2741 juraverat
3032 2668 3412 2735 Grossulano,
3445 2668 3617 2724 nobis
3648 2685 3750 2724 no-

2101 2764 2244 2817 tavit
2275 2781 2286 2816 :
2313 2767 2482 2833 atque
2518 2759 2912 2815 nescientibus
2945 2757 3270 2824 monachis,
3303 2774 3410 2813 nos
3441 2757 3754 2812 admonuit

2102 2856 2167 2906 ut
2224 2851 2419 2922 ipsum
2484 2850 2928 2920 deportaremus
2959 2851 3240 2919 acgrotum
3289 2864 3322 2902 a
3370 2845 3748 2902 monasterio.

2100 2939 2304 2995 saltem
2331 2939 2562 2993 duobus
2586 2935 2960 2991 milliaribus.

2171 3029 2256 3082 17.
2295 3050 2321 3076 ‹‹
2356 3027 2630 3082 Infirmus
2651 3031 2845 3080 autem
2875 3029 2938 3079 ut
2969 3024 3172 3092 sensit,
3190 3041 3282 3080 me
3306 3033 3624 3095 meumque
3642 3023 3753 3079 fra-

2102 3122 2246 3172 trem
2282 3115 2582 3172 sollicitari
2617 3132 2794 3186 super
2822 3131 2930 3170 sua
2957 3113 3304 3169 inﬁrmitate
3331 3117 3390 3168 et
3420 3111 3750 3184 portatiouo

348 3200 450 3256 sed
483 3181 676 3272 ipsum
700 3181 1123 3256 Grossulanum
1157 3200 1332 3257 Azoni
1353 3201 1609 3272 Aquensi
1643 3205 1699 3256 et
1721 3181 1992 3256 Arderico
2023 3181 2065 3248 (ἶ
2104 3206 2184 3260 ait
2215 3221 2226 3258 :
2256 3204 2440 3260 Nolite
2471 3181 2717 3268 turbari,
2741 3203 2879 3273 quia
2901 3219 3002 3273 per
3021 3202 3270 3273 gratiam
3288 3200 3389 3257 Dei
3412 3181 3566 3256 nunc
3598 3200 3748 3255 mihi

354 3289 668 3356 Laudensi,
690 3294 863 3360 atque
882 3288 1137 3344 Jordano
1170 3291 1241 3345 de
1270 3289 1430 3355 Clivi,
1463 3296 1518 3344 et
1535 3289 1756 3344 caeteris
1780 3290 1991 3345 Medio-

348 3378 689 3433 lanensibus
713 3382 832 3432 tam
863 3376 1089 3432 clericis
1122 3395 1299 3450 quam
1342 3378 1527 3444 laicis,
1575 3396 1777 3434 verum
1809 3379 1987 3434 etiam

346 3467 635 3539 episcopis
651 3466 915 3538 ejusdem
936 3465 1204 3522 Ecclesiaa
1218 3467 1624 3539 sutfraganeis,
1659 3468 1989 3524 volentibus

345 3573 479 3612 eum
498 3556 784 3611 baberein
804 3554 1333 3627 archiepiscopum,
1349 3555 1483 3611 licet
1499 3557 1964 3623 otiose,restituit

422 3647 502 3700 15.
539 3666 566 3695 ‹‹
599 3643 1024 3716 Presbyterille
1043 3644 1388 3713 Landulfus,
1413 3644 1548 3700 licet
1565 3644 1866 3700 occasione
1889 3645 1989 3700 hu-

342 3737 441 3807 jus
466 3734 852 3790 restitutionis
878 3733 1021 3788 foret
1033 3742 1306 3805 suspectu
1317 3734 1704 3789 sGrossulano
1724 3735 1990 3789 restituto

347 3829 404 3878 et
435 3821 770 3877 restitutum
801 3820 1279 3894 suscipientibus,
1312 3827 1507 3878 tamen
1549 3823 1606 3876 in
1654 3821 1900 3877 ecclesia
1931 3823 1987 3877 S.

348 3911 510 3966 Pauli
542 3927 764 3982 suaque
794 3911 990 3978 domo,
1032 3911 1142 3966 fuit
1197 3912 1467 3966 sacerdos
1499 3912 1746 3966 idoneus
1775 3912 1834 3966 in
1884 3929 1990 3967 suo

345 4001 536 4056 officio
571 4016 673 4072 per
702 4004 920 4072 septem
957 4016 1144 4056 annos
1175 4004 1304 4071 post
1336 4000 1523 4070 ipsam
1556 3998 1988 4055 restitutionem

348 4105 536 4161 usque
552 4093 686 4160 post
705 4106 925 4144 annum
960 4088 1120 4144 4115.
1157 4110 1183 4136 ‹‹
1216 4091 1413 4144 Cum»
1443 4093 1637 4143 autem
1666 4087 1751 4143 sic
1783 4111 1811 4138 «
1845 4087 1993 4143 alter

351 4177 600 4233 alterum
612 4182 951 4248 suspectum
965 4177 1334 4244 haberet,con
1345 4177 1382 4231 ti
1390 4176 1640 4247 gitquod
1655 4179 1784 4231 Heri
1795 4178 1991 4233 bertus

347 4268 418 4321 de
449 4267 734 4333 Bruzano,
756 4265 921 4321 valde
952 4270 1306 4338 aggravatus
1326 4265 1608 4332 febribus,
1627 4266 1783 4320 venit
1812 4267 1884 4320 ad
1911 4267 1990 4321 di-

345 4360 506 4410 ctum
540 4354 968 4426 presbyterum,
1011 4354 1395 4426 supplicando
1427 4359 1491 4408 ut
1519 4355 1798 4409 adversus
1829 4353 1990 4408 infir-

346 4443 423 4497 mi
434 4447 613 4498 tatem
633 4443 796 4498 daret
812 4443 926 4498 sibi
948 4442 1290 4497 remedium.
1317 4442 1566 4497 Ministri
1587 4459 1720 4498 vero
1751 4443 1989 4515 presby-

2101 3293 2284 3349 multo
2316 3297 2403 3348 est
2427 3292 2659 3358 melius,
2693 3296 2749 3346 et
2787 3292 2845 3345 in
2877 3291 3152 3358 crastino,
3186 3291 3301 3346 Deo
3334 3293 3650 3359 annuente,
3685 3288 3751 3344 in

2100 3383 2391 3439 civitatem
2441 3381 2550 3436 iter
2588 3380 2956 3435 habebimus.
3009 3379 3079 3434 Et
3108 3395 3278 3434 mane
3310 3379 3456 3434 facto
3492 3378 3744 3434 ocruda-

2100 3476 2190 3527 tas
2221 3471 2404 3544 quasd
2415 3487 2508 3526 am
2523 3487 2662 3524 suas
2679 3473 2868 3524 vestes
2889 3469 3083 3524 induit
3098 3473 3154 3522 et
3179 3467 3373 3522 cibum
3392 3466 3668 3537 sumpsit,
3684 3471 3748 3522 et

2103 3559 2270 3632 quasi
2302 3575 2482 3615 sanus
2516 3559 2701 3614 factus
2749 3569 2926 3630 super
2952 3556 3168 3612 mulam
3210 3556 3379 3611 sedit.
3414 3559 3568 3609 Puer
3598 3562 3751 3626 quo-3

2101 3667 2213 3721 que
2242 3649 2394 3719 ejus,
2420 3648 2640 3702 habens
2668 3663 2843 3702 suum
2874 3646 3109 3702 asinum
3128 3648 3432 3700 oneratum
3467 3642 3753 3715 pellibus,

2099 3739 2236 3794 licet
2265 3739 2334 3793 de
2364 3736 2534 3793 solito
2569 3737 2659 3790 bis
2691 3739 2792 3791 aut
2822 3740 2907 3789 ter
2935 3735 2993 3789 in
3014 3734 3108 3789 die
3137 3737 3506 3805 torqueretur
3530 3733 3754 3787 caduco

2102 3828 2327 3894 morbo,
2357 3832 2549 3881 tamen
2603 3825 2939 3896 presbytero
2987 3825 3223 3879 sedente
3268 3829 3445 3894 super
3502 3821 3752 3889 mulam,

2102 3934 2246 3988 puer
2274 3917 2427 3970 idem
2454 3914 2610 3970 venit
2650 3913 2956 3968 nobiscum
3006 3913 3066 3968 in
3097 3930 3217 3968 una
3243 3912 3340 3967 die
3369 3927 3559 3982 usque
3587 3910 3662 3966 ad
3693 3911 3752 3966 8.

2103 4005 2451 4061 Damianum
2485 4004 2555 4059 de
2586 4004 2826 4070 Baraza,
2852 4002 3076 4072 absque
3115 4000 3234 4056 ullo
3264 4000 3426 4056 illius
3445 3999 3770 4054 inﬁrmita-'

2102 4094 2179 4150 tis
2210 4094 2652 4165 impedimento.
2680 4091 2763 4146 Ibi
2810 4090 3000 4163 gratia
3029 4090 3131 4147 Dei
3161 4094 3220 4145 et
3255 4087 3592 4145 beatissimi
3621 4089 3760 4144 Am-

2103 4182 2302 4250 brosii,
2338 4181 2507 4252 cujus
2537 4180 2702 4236 locus
2731 4181 2842 4235 iste
2872 4178 3018 4236 cella
3048 4183 3160 4246 est,
3192 4179 3341 4235 bene
3369 4177 3593 4250 recepti
3625 4193 3756 4248 per‘

2103 4271 2498 4338 noctavimus;
2551 4273 2607 4324 et
2658 4268 2902 4324 alteram
2949 4269 3108 4324 diem
3159 4267 3640 4335 dimidiavimus;
3699 4268 3763 4322 et

2103 4365 2235 4416 ante
2265 4359 2407 4416 solis
2433 4373 2707 4414 occasum
2739 4356 3044 4414 ecclesiam
3085 4357 3143 4412 S.
3178 4355 3342 4412 Pauli
3392 4357 3757 4426 domumque

2103 4454 2365 4506 nostram
2417 4448 2787 4513 intravimus,
2814 4451 2989 4518 atque
3011 4445 3321 4513 familiam,
3355 4462 3486 4517 quae
3506 4444 3588 4500 ibi
3619 4444 3759 4500 ade-

343 4531 452 4587 teri
487 4531 966 4587 ministraverunt
996 4530 1192 4586 cibum
1223 4534 1279 4586 et
1309 4531 1525 4587 lectum
1550 4531 1990 4588 convenientem
2026 4552 2070 4616 Ι)
2103 4542 2192 4595 rat
2221 4541 2503 4602 nostram,
2539 4535 2730 4591 laetam
2761 4535 3028 4591 fecimus.
3062 4557 3089 4584 »
3125 4533 3351 4590 Bellum
3384 4539 3525 4589 tunc
3551 4536 3772 4588 contra;

343 4621 428 4675 illi
479 4620 803 4693 aegrotanti,
837 4621 1021 4674 donec
1043 4619 1327 4676 Dominus
1348 4621 1651 4687 virtutum,
1680 4637 1780 4692 per
1808 4621 1992 4693 impo-

341 4709 614 4766 sitionem
641 4725 928 4764 manuum
959 4703 1086 4779 ejus
1127 4709 1467 4782 presbyteri,
1513 4709 1764 4782 prmbuit
1792 4710 1991 4766 saluti-

342 4800 531 4854 ferum
564 4797 891 4854 remedium
913 4799 1237 4870 aegrotanti.
1271 4799 1433 4855 Unde
1461 4798 1858 4855 Grossulanus
1889 4801 1986 4855 sti-

342 4887 624 4954 mulatus,
676 4887 757 4941 ait
797 4885 868 4942 ad
917 4888 1323 4960 presbyterum
1374 4906 1386 4943 :
1430 4888 1577 4952 Quia
1623 4888 1986 4960 participasti

343 4977 666 5043 Heriberto,
717 4992 846 5032 meo
903 4977 1426 5045 excommunicato,
1465 4976 1734 5049 praecipio
1778 4977 1885 5032 tibi
1926 4982 1990 5032 ut

345 5067 591 5122 missam
608 5079 722 5120 non
736 5071 1272 5136 cantes,quousque
1287 5065 1686 5137 pmnitentiam
1711 5065 1844 5120 inde
1858 5083 1986 5121 sus-

345 5154 590 5226 ceperis,
608 5152 870 5224 mihique
890 5153 1264 5209 satisfeceris.
1291 5153 1672 5224 Etpresbyter
1687 5154 1760 5208 ad
1789 5153 1985 5209 illum:

345 5242 507 5305 Quod
541 5241 649 5296 feci
679 5241 738 5296 in
766 5241 1086 5307 Heriberto,
1111 5242 1328 5297 bonum
1362 5243 1490 5309 fuit,
1516 5247 1574 5297 et
1604 5258 1636 5297 a
1669 5243 1783 5298 Deo
1813 5243 1988 5311 venit;

344 5335 523 5401 atque
543 5329 614 5384 de
642 5330 794 5384 bono
825 5332 882 5384 et
910 5329 1012 5384 Dei
1034 5347 1204 5402 opere
1236 5349 1352 5387 non
1378 5331 1510 5388 novi
1535 5333 1834 5403 paenitere.
1869 5333 1991 5388 Etsi

345 5433 463 5472 non
505 5414 688 5470 habes
745 5431 924 5486 super
971 5433 1062 5473 me
1111 5423 1483 5489 potestatem,
1537 5424 1727 5476 tamen
1759 5425 1996 5493 prOpter

345 5500 692 5560 scandalum
721 5503 1048 5572 vitandum,
1081 5507 1187 5562 tibi
1218 5509 1648 5580 optemperabo.
1689 5533 1709 5558 ιο

420 5587 511 5645 16.
541 5587 718 5649 Porro
747 5611 769 5639 ι
795 5590 1209 5666 Gmssulanus,
1233 5597 1421 5676 gratia
1450 5597 1746 5660 Guillelmi
1767 5599 1996 5663 abbatis

2102 4627 2438 4682 Laudenses
2451 4623 2984 4680 Mediolanensibus
3001 4627 3155 4691 erat;
3174 4623 3244 4678 de
3268 4638 3384 4694 quo
3403 4635 3586 4694 agens
3608 4621 3760 4677 Lan-

2099 4715 2298 4771 dulfus
2329 4714 2484 4786 apud
2518 4712 2866 4768 Puricellum
2893 4713 2959 4767 in
2992 4711 3390 4767 Monumentis
3438 4727 3568 4782 pag.
3621 4708 3761 4776 529,

2097 4805 2452 4859 «innumera
2469 4801 2623 4860 mala
2640 4819 2767 4873 quas
2786 4804 3026 4873 operata
3037 4805 3174 4856 sunt
3190 4816 3294 4873 per
3305 4803 3765 4872 quatuorannos

2097 4894 2298 4964 inipsa
2313 4908 2523 4964 guerra
2543 4907 2658 4946 non
2674 4906 2975 4957 enumero,
2994 4889 3210 4961 inquit,
3234 4889 3336 4946 sed
3362 4892 3614 4945 mortem
3641 4889 3761 4944 Ana-

2098 4981 2264 5037 selmi
2285 4980 2546 5052 germani
2572 4979 2704 5049 mei,
2720 4984 2776 5035 et
2789 4979 3037 5034 aliorum
3059 4979 3381 5035 multorum
3401 4978 3766 5050 propinquo-'-

2099 5087 2230 5126 rum
2264 5085 2528 5124 meorum
2561 5085 2625 5124 ac
2655 5068 2902 5134 civium,
2937 5085 3040 5140 per
3072 5067 3234 5124 illam
3263 5083 3537 5140 guerram
3570 5067 3764 5122 mani-

2101 5162 2368 5215 festatam
2387 5157 2959 5230 lugeo;necccnptum
2980 5157 3090 5212 iter
3108 5155 3343 5228 penitus
3358 5157 3586 5212 desero.
3609 5155 3763 5220 Qui:

2102 5249 2242 5302 dum
2266 5246 2469 5301 civitas
2491 5245 2592 5301 illa
2623 5244 2946 5300 Laudensis
2973 5245 3165 5301 adhuc
3206 5249 3407 5313 staret,
3432 5248 3490 5299 et
3519 5244 3759 5300 resisteb-

2101 5341 2212 5403 ret,
2255 5333 2790 5391 Mediolanensibus
2849 5334 3198 5390 conantibus
3252 5350 3382 5390 eam
3430 5333 3758 5401 destruere,

2102 5423 2498 5481 Grossulanus
2561 5439 2598 5477 a
2665 5421 2992 5480 Mediolano
3066 5421 3394 5490 exsulabat,
3473 5425 3532 5476 et
3608 5421 3760 5478 Laur-

2105 5515 2304 5576 densis
2335 5513 2429 5571 ille
2461 5511 2778 5568 Ardericus
2819 5520 2990 5570 suam
3040 5512 3335 5571 civitatem
3385 5525 3625 5584 perraro
3669 5511 3761 5567 in-

2105 5603 2320 5679 trabat,
2364 5602 2466 5662 sed
2516 5600 2914 5662 Mediolanum
2957 5603 3407 5680 frequentabat:
3456 5601 3770 5683 presbyter
