3960 6216
176 290 334 360 me

1769 287 2000 362 AO’I‘A.
2083 257 2090 260 ’

3433 291 3594 364 ιεειι

175 444 317 496 vero
345 423 704 502 Liprandus,
737 425 799 499 in
829 444 936 486 sua
965 428 1142 488 domo
1177 446 1403 504 suaque
1443 431 1689 489 ecclesia
1736 432 1836 504 [vi-
1862 433 1918 503 Α
1947 431 2174 488 litatem
2206 445 2332 504 quae
2363 426 2686 498 videbatur,
2734 425 2793 487 in
2833 425 3168 490 animarum
3198 430 3257 486 et
3283 442 3594 502 corporum

175 518 422 590 cina]S.
483 518 649 574 Pauli
707 519 982 588 ecclesiis,
1043 519 1502 577 consolationem
1556 522 1719 594 regni
1774 525 1832 577 et

174 606 442 664 Ecclesia!
470 608 862 680 exspectabat.
898 631 927 658 ››

249 697 335 751 18.
366 700 486 751 Nec
509 696 726 752 frustra
755 697 1146 769 exspectavit:
1182 714 1336 754 anno
1368 697 1660 770 siquidem
1693 698 1826 754 1111

174 785 410 840 Octobri
446 801 647 841 mense
664 786 970 842 occasione
990 786 1075 842 sic
1096 787 1554 842 excrescentium
1575 803 1678 858 per
1696 803 1830 842 cons

170 874 406 941 tinuum
437 873 696 946 pluviam
732 874 1069 941 fluminum,
1103 898 1130 926 «
1165 876 1318 947 quod
1351 893 1468 932 non
1499 875 1692 931 solum
1719 874 1828 930 vil-

170 961 282 1029 las,
317 964 420 1019 sed
453 967 510 1019 et
537 964 723 1035 ipsam
755 963 1050 1020 civitatem
1080 964 1294 1020 mirum
1328 965 1388 1020 in
1420 965 1659 1020 modum
1692 981 1826 1037 per-

169 1051 519 1120 turbarent;
549 1074 576 1102 ››
607 1057 668 1108 et
696 1053 937 1125 quidam
989 1053 1270 1119 dicerent,
1316 1075 1343 1104 ‹‹
1373 1053 1726 1109 discordiam
1758 1053 1828 1109 de

171 1139 538 1198 Grossulano
567 1157 698 1198 esse
727 1141 1014 1197 malitiam
1045 1141 1228 1198 altero
1250 1142 1468 1199 diluvio
1499 1142 1771 1214 dignam;
1799 1164 1825 1194 η

169 1230 241 1286 ad
277 1246 408 1288 eam
445 1229 762 1286 ﬁniendam
793 1229 962 1286 electi
992 1231 1316 1290 octodecim
1345 1231 1474 1298 viri,
1509 1246 1713 1286 omnes
1743 1229 1827 1286 sic

160 1320 472 1390 jurarunt:
507 1342 534 1368 α
557 1318 848 1392 Usque'ad
871 1319 1022 1375 istas
1044 1319 1331 1375 Kalendas
1348 1319 1596 1392 proximi
1616 1323 1830 1374 Janua-

169 1408 238 1464 rii
271 1408 642 1464 concorditer
671 1409 947 1470 dabimus
971 1409 1200 1478 justam
1231 1413 1288 1464 et
1325 1412 1544 1464 rectam
1593 1413 1829 1464 senten-

168 1495 316 1554 tiam
349 1498 676 1553 secundum
702 1514 975 1565 canones,
1003 1498 1074 1553 de
1094 1498 1388 1553 discordia
1415 1496 1757 1553 Grossulani
1777 1497 1828 1556 si

166 1587 361 1658 possit
389 1602 518 1642 esse
557 1585 1038 1659 archiepiscopus
1066 1586 1399 1652 Mediolani,
1433 1586 1553 1642 sive
1583 1603 1698 1642 non
1724 1603 1738 1653 ;
1771 1589 1828 1641 et

166 1675 212 1730 si
250 1692 375 1737 non
405 1675 619 1747 poterit
649 1691 797 1742 esse,
829 1677 901 1731 de
932 1676 1050 1731 alia
1083 1692 1332 1747 persona
1377 1675 1660 1730 faciemus
1689 1691 1825 1730 con-

167 1764 431 1820 corditer
449 1763 797 1820 catholicam
817 1763 1156 1820 electionem
1180 1763 1240 1819 in
1261 1764 1464 1819 eodem
1478 1763 1602 1819 die:
1625 1786 1647 1812 ι
1673 1779 1827 1819 eam-
1854 1801 1904 1876 Β

171 1869 282 1876 ---Α
383 1853 733 1876 -__A-_L:-_.
768 1857 960 1876 1-..---
1009 1874 1014 1876 .
1056 1851 1327 1876 -;....;1;ι-..
1375 1853 1645 1876 ζ---....--..ι.
1725 1851 1818 1876 ...με

167 1869 286 1926 qua
318 1876 346 1904 α
382 1853 738 1908 sententiam
768 1857 966 1908 tenere
993 1874 1020 1903 ››
1055 1851 1328 1908 similiter
1366 1853 1669 1923 jurarunt,
1721 1851 1826 1924 qui

165 1942 413 1998 fuerunt
442 1942 514 1996 ab
553 1941 637 1996 eis
664 1941 1012 1997 nominatim
1037 1942 1108 1996 ad
1129 1941 1237 1997 hoc
1259 1940 1446 2012 petiti,
1469 1941 1822 2008 sacerdotes,

167 2029 412 2086 milites.
450 2030 613 2085 «Sed
647 2047 779 2084 cum
813 2029 872 2084 in
905 2028 1112 2084 ultimo
1143 2029 1237 2084 die
1268 2028 1625 2095 Decembris,
1663 2051 1690 2077 ››
1733 2027 1822 2084 in-

170 2119 303 2192 quit
334 2118 658 2175 Landulfus
688 2117 745 2173 in
780 2118 1040 2174 Monum.
1067 2135 1124 2190 p.
1147 2117 1274 2184 541,
1301 2141 1327 2168 ‹‹
1350 2117 1661 2173 Ardericus
1693 2117 1822 2173 ille»

166 2207 469 2264 relictusa
497 2205 878 2273 Grossulano,
930 2205 1392 2278 Hierosolymam
1441 2206 1716 2278 profecto,
1762 2205 1824 2260 in

166 2296 402 2352 civitate
445 2295 720 2362 vicarius,
781 2319 808 2344 ‹‹
843 2300 899 2350 et
929 2295 1346 2366 septemdecim
1391 2293 1487 2350 alii
1535 2300 1730 2350 essent
1761 2294 1820 2349 in

165 2385 480 2442 concordia
509 2383 761 2457 eligendi
791 2384 1150 2450 Jordanum;
1183 2398 1289 2454 ego
1331 2383 1509 2454 jussu
1556 2384 1820 2452 Andreae,

167 2473 492 2546 primicerii
516 2473 987 2545 presbyterorum
1020 2476 1486 2527 Decumanorum
1518 2476 1575 2527 et
1595 2471 1825 2528 clerico-

166 2579 303 2618 rum
334 2560 884 2625 Mediolanensium,
907 2561 978 2614 ad
1001 2576 1099 2615 eos
1117 2559 1247 2615 veni
1278 2577 1292 2626 ;
1315 2565 1373 2615 et
1393 2565 1458 2616 ut
1477 2561 1601 2634 ipse
1626 2561 1824 2634 primi-

166 2651 363 2708 cerius
394 2649 538 2705 mihi
572 2648 860 2722 praecepit,
889 2648 973 2703 eis
1007 2648 1149 2715 dixi,
1175 2649 1329 2720 quod
1365 2647 1516 2705 male
1535 2649 1825 2705 consiliati

167 2743 356 2795 erant.
383 2738 797 2792 Verumtamen
821 2735 933 2808 ipsi
957 2735 1267 2792 consilium
1291 2753 1406 2790 non
1428 2741 1820 2805 mutaverunt;

168 2828 273 2884 sed
307 2842 480 2881 mane
518 2825 688 2892 facto,
723 2823 992 2882 videlicet
1022 2823 1295 2888 Kalendis
1324 2823 1634 2886 Januarii»
1684 2824 1828 2891 anni

170 2918 333 2981 1112,
375 2914 460 2969 uti
493 2929 662 2986 porro
696 2912 910 2984 legitur
966 2913 1120 2984 apud
1170 2911 1521 2967 Puricellum
1555 2928 1623 2967 ex
1671 2913 1823 2968 Lan-

168 3003 334 3060 dulfo
366 3003 424 3058 in
480 3003 615 3058 Vita
672 3000 1062 3056 Herlemhaldi
1111 3017 1243 3072 pag.
1297 3000 1420 3054 412.
1454 3023 1481 3050 ‹‹
1514 3001 1824 3057 Ardericus

165 3094 326 3150 idem
358 3107 493 3146 cum
526 3089 887 3146 vicedomino
917 3095 974 3145 et
1021 3089 1241 3145 caeteris
1285 3089 1401 3144 sibi
1432 3089 1819 3161 cenjuratis...

1937 521 2155 578 damna
2183 537 2544 578 conversam.
2573 543 2601 572 »
2653 520 2890 576 Peracta
2927 518 3106 591 igitur
3157 519 3596 580 consecratione

1935 609 2196 679 Jordani,
2221 632 2249 660 «
2273 610 2618 666 Mamardus
2630 607 3010 664 Taurinensis
3031 606 3186 663 illico
3215 607 3460 665 Romam
3493 608 3594 665 ad.

1939 697 2058 766 ivit,
2084 703 2140 756 et
2162 698 2372 754 stolam
2402 699 2570 772 petiit
2591 715 2606 766 ;
2625 701 2680 753 et
2703 698 2936 754 rediens
2959 696 3094 754 inde
3116 695 3327 752 stolam
3350 700 3407 752 et
3429 695 3597 752 char-

1938 791 2080 855 tam,
2107 788 2501 843 continentem
2523 790 2956 844 sacramentum
2973 786 3128 857 quod
3153 801 3302 856 papa
3314 785 3593 857 poscebat

1939 877 2276 943 aJordano,
2337 875 2572 942 attulit;
2629 874 2846 946 alioqui
2894 874 3103 931 stolam
3151 873 3278 930 dari
3333 873 3590 933 Jordano

1936 979 2085 1034 papa
2115 963 2436 1036 prohibuit,
2469 963 2622 1020 sicut
2651 964 2806 1019 idem
2853 962 3196 1020 Mamardus
3245 962 3482 1020 notavit.
3518 964 3592 1022 At

1935 1051 2231 1110 Jordanus
2263 1069 2364 1124 per
2394 1069 2494 1108 sex
2519 1067 2756 1108 menses
2809 1052 3044 1123 jejunus
3096 1051 3225 1117 fuit,
3275 1055 3331 1106 et
3374 1049 3585 1108 stolam

1939 1157 2050 1196 non
2085 1141 2311 1197 habuit.
2345 1163 2371 1192 »
3261 1127 3264 1138 ’

2006 1231 2095 1284 20.
2129 1231 2314 1298 Tunc,
2343 1234 2408 1284 ut
2438 1231 2687 1285 refertur
2726 1245 2860 1301 pag.
2916 1230 3034 1294 145,
3083 1251 3114 1280 ‹‹
3144 1228 3444 1300 presbyter
3493 1228 3588 1284 Li-

1939 1318 2220 1388 prandus,
2247 1320 2302 1373 in
2334 1334 2570 1374 summa
2588 1335 2697 1374 sua
2718 1322 3014 1375 senectute
3044 1317 3292 1389 positus,
3329 1340 3356 1366 ››
3394 1317 3590 1388 inquit

1938 1407 2066 1476 ejus
2099 1423 2277 1476 nepos
2305 1406 2648 1475 Landulfus,
2680 1407 2871 1467 «mihi
2895 1407 3010 1462 ait:
3042 1405 3223 1461 Video
3252 1414 3305 1462 te
3327 1405 3590 1477 aliquan-

1939 1494 2132 1550 tulum
2164 1511 2342 1567 super
2367 1513 2460 1552 me
2491 1497 2832 1553 erubescere
2862 1500 3096 1568 propter
3132 1512 3200 1550 ea
3225 1512 3352 1566 quae
3384 1496 3584 1554 adver-

1939 1599 2072 1640 sum
2105 1583 2530 1642 Grossulanum
2551 1585 2678 1654 ,dixi
2701 1589 2757 1639 et
2802 1584 2926 1639 feci.
2973 1585 3085 1640 Sed
3113 1588 3178 1638 ut
3205 1584 3401 1640 minus
3430 1584 3586 1640 idem

1937 1672 2270 1742 erubescas,
2302 1689 2434 1728 vere
2485 1674 2616 1730 dico
2644 1672 2772 1740 tibi,
2805 1672 2958 1744 quod
2993 1687 3098 1744 ego
3150 1671 3313 1728 illam
3353 1687 3590 1736 causam

1936 1775 2164 1822 reservo
2188 1761 2298 1816 soli
2320 1761 2437 1818 Deo
2461 1761 2870 1832 omnipotenti,
2894 1765 2951 1816 et
2968 1761 3110 1818 dum
3134 1763 3402 1831 superest
3431 1774 3591 1832 spes,

1935 1848 2190 1906 multum
2222 1849 2488 1914 desidero
2522 1849 2701 1920 hujus
2731 1848 2939 1906 mundi
2971 1848 3151 1904 vitam
3182 1864 3374 1906 meam
3424 1847 3592 1906 ﬁnire

1932 1937 1991 1993 in
2025 1938 2296 1994 manibus
2326 1954 2550 2007 eorum,
2585 1954 2836 2009 quorum
2868 1937 3230 2008 protectione
3275 1953 3488 2008 corpus
3536 1941 3594 1998 et

1933 2027 2148 2094 anima,
2183 2031 2492 2099 praestante
2521 2027 2721 2085 divina
2749 2026 2956 2098 gratia,
2981 2029 3369 2098 protegatura
3399 2025 3589 2080 mani-

1932 2113 2042 2168 bus
2075 2130 2297 2183 eorum,
2333 2113 2431 2185 qui
2459 2114 2816 2185 protegendo
2841 2110 3292 2178 Grossulanum,
3323 2110 3587 2166 volunta-

1931 2206 2050 2258 tem
2082 2202 2182 2257 Dei
2213 2202 2504 2257 occultare
2533 2201 2844 2257 voluerunt
2873 2205 2929 2258 et
2957 2200 3179 2258 volunt.
3219 2203 3293 2258 De
3340 2199 3589 2261 ecclesia

1932 2294 2126 2346 autem
2151 2290 2262 2345 ista
2281 2290 2717 2357 Mediolanensi,
2759 2291 2817 2345 in
2842 2308 2957 2362 qua
2990 2289 3249 2345 consulis
3282 2286 3424 2343 mihi
3458 2306 3586 2344 ma-

1932 2395 2070 2435 nere
2100 2384 2156 2435 et
2185 2380 2363 2436 vitam
2416 2379 2604 2450 finire,
2634 2379 2784 2446 dico,
2820 2380 2974 2450 quod
3006 2377 3107 2434 illa
3135 2383 3224 2434 est
3262 2377 3428 2445 mihi,
3478 2393 3586 2433 cu-

1933 2468 2111 2538 pienti
2139 2467 2602 2540 Hierosolymam
2633 2469 2814 2534 adire,
2849 2484 2953 2522 ceu
2986 2466 3150 2522 navis
3181 2467 3308 2522 sine
3330 2471 3512 2521 nauta
3531 2471 3590 2521 et

1933 2557 2152 2630 remige
2183 2557 2240 2614 in
2275 2562 2444 2629 portu
2475 2565 2813 2628 putrescens
2838 2574 2850 2623 ;
2878 2556 3032 2627 quod
3062 2555 3111 2610 si
3133 2555 3343 2610 vixeris
3373 2571 3583 2610 secun-

1931 2647 2073 2701 dum
2105 2650 2329 2701 aetatem
2362 2649 2546 2712 tuam,
2594 2661 2723 2700 eam
2773 2644 2949 2700 talem
2997 2644 3329 2715 experieris.
3392 2643 3584 2713 Hujus

1933 2733 2047 2790 mei
2077 2735 2340 2806 magistri
2371 2733 2680 2789 consilium
2713 2750 2986 2804 sequens,
3011 2749 3146 2788 cum
3173 2731 3377 2787 vellem
3410 2747 3584 2803 pror-

1933 2840 2036 2879 sus
2069 2823 2365 2880 dimittere
2383 2822 2625 2880 Jordani
2647 2820 3213 2880 administrationem
3243 2819 3472 2876 delatus
3492 2825 3583 2877 est

1932 2913 2057 2984 ipse
2082 2912 2382 2984 presbyter
2422 2912 2494 2966 ad
2540 2910 2793 2966 Pontidii
2833 2909 3279 2976 monasterium,
3328 2924 3424 2963 me
3481 2924 3581 2964 ne-

1933 3001 2167 3056 sciente.
2201 3024 2228 3051 »
2265 3005 2364 3056 Est
2393 3000 2560 3066 illud,
2586 3003 2734 3055 teste
2765 2997 3048 3080 Puricelio
3080 3014 3213 3070 pag.
3260 2999 3382 3064 419,
3416 3002 3580 3052 trans

1931 3091 2196 3146 Adduam
2257 3089 2524 3157 fluvium,
2575 3089 2633 3144 S.
2676 3087 2892 3144 Jacobo
2939 3091 3361 3158 nuncupatum,
3412 3087 3581 3158 cujus

167 3180 466 3255 pulpitum
494 3178 776 3244 ascendit;
795 3184 853 3234 et
870 3178 1019 3234 facto
1041 3177 1272 3234 silentio
1295 3177 1350 3232 in
1368 3178 1604 3250 populo,
1624 3195 1819 3234 coram
1851 3167 1894 3234 C
1933 3178 2116 3234 solius
2143 3179 2380 3233 nomine
2411 3181 2647 3232 notatur
2688 3176 2747 3231 in
2793 3175 3021 3248 mappis
3053 3176 3122 3230 ad
3155 3176 3226 3230 30
3256 3191 3334 3230 m.
3367 3191 3424 3246 p.
3457 3173 3578 3229 Me-

164 3271 267 3326 illa
299 3268 557 3324 maxima
577 3266 953 3323 multitudine
973 3267 1239 3338 loquens,
1271 3266 1454 3321 dixit:
1487 3267 1622 3331 Nos,
1657 3267 1817 3323 salva

167 3357 492 3416 reverentia
516 3372 700 3428 papas,
733 3356 1058 3411 secundum
1107 3355 1514 3410 auctoritatem
1546 3359 1603 3411 et
1637 3353 1817 3427 justi-

164 3448 308 3504 tiam
343 3461 656 3512 canonum,
688 3443 942 3500 dicimus
971 3445 1125 3516 quod
1157 3443 1550 3500 Grossulanus
1570 3461 1682 3499 non
1717 3461 1817 3517 po-

167 3541 282 3593 test
301 3551 434 3590 esse
455 3532 930 3606 archiepiscopus
952 3531 1420 3602 Mediolani,th
1443 3532 1595 3587 dicto
1616 3536 1672 3590 et
1692 3549 1821 3590 con-

167 3625 425 3689 firmato,
449 3621 602 3677 illico
624 3622 1029 3694 presbyterum
1047 3620 1371 3677 Jordanum
1394 3619 1464 3675 de
1484 3618 1623 3675 Clivi
1645 3619 1822 3692 elegit

167 3714 225 3768 in
259 3711 788 3783 archiepiscopum.

239 3801 333 3858 49.
399 3823 426 3850 ‹‹
465 3803 585 3855 Hoc
643 3815 776 3855 cum
837 3799 1139 3872 presbyter
1194 3798 1524 3872 Liprandus
1579 3797 1823 3866 audivit,

170 3895 428 3964 aegrotus
458 3906 489 3945 e
519 3888 668 3944 lecto
689 3888 962 3956 surrexit,
994 3892 1052 3944 et
1099 3888 1158 3943 in
1190 3887 1373 3944 altera
1401 3888 1494 3944 die
1525 3887 1612 3942 illi
1641 3885 1824 3943 electo

171 3979 400 4052 piscem
452 3977 684 4045 obtulit,
738 3975 1236 4040 dicenszGratias
1289 3981 1424 4042 Deo,
1483 3975 1637 4049 quod
1671 3991 1827 4032 nunc

175 4067 324 4124 mihi
342 4064 1101 4137 testimoniumfperhibetis.
1123 4065 1236 4120 Sed
1254 4064 1312 4119 hi
1337 4066 1439 4136 qui
1456 4069 1511 4120 te
1532 4063 1830 4136 elegerunt

173 4156 236 4212 in
262 4155 794 4228 archiepiscopum,
819 4153 970 4209 male
993 4153 1270 4220 fecerunt,
1293 4157 1350 4209 et
1377 4154 1531 4209 Deus
1570 4151 1690 4208 illis
1721 4153 1832 4207 mi-

176 4250 464 4313 sereatur;
484 4244 623 4316 quia
642 4247 704 4298 tu
723 4259 927 4315 posses
939 4257 1066 4298 esse
1081 4259 1236 4298 unus
1248 4242 1438 4297 bonus
1452 4243 1751 4315 presbyter
1763 4242 1834 4297 de

176 4333 621 4402 claustro,nunc
638 4337 833 4388 autem
856 4330 1155 4386 masculus
1173 4331 1448 4403 (sic)esto.
1473 4329 1618 4386 Cum
1640 4336 1838 4404 autem

179 4424 408 4481 electus
432 4421 550 4494 ille,
574 4437 678 4477 nec
710 4419 923 4492 aliquis
945 4435 1013 4476 ex
1042 4423 1128 4474 tot
1147 4419 1688 4486 circumstantibus,
1721 4419 1835 4490 ipsi

179 4513 523 4588 presbytero
548 4509 966 4583 respondisset,
989 4508 1292 4581 presbyter
1305 4508 1430 4581 ipse
1451 4507 1837 4581 propinquius
1867 4529 1916 4594 Β

180 4599 456 4666 accessit,
489 4602 547 4653 et
578 4595 878 4652 osculatus
918 4595 1266 4661 Jordanum,
1315 4595 1467 4652 sicut
1521 4612 1706 4654 unum
1766 4597 1836 4664 de

182 4687 416 4746 cceteris
446 4685 871 4750 sacerdotibus,
904 4683 1161 4755 reliquit.
1192 4705 1220 4732 »
1270 4683 1583 4740 Februario
1631 4684 1841 4740 deinde

187 4793 415 4850 mense,
438 4775 732 4830 Jordanus
756 4791 790 4829 a
815 4773 1200 4845 sutfraganeis
1223 4772 1565 4844 Landulpho
1587 4773 1848 4846 Astensi,

190 4866 431 4928 Arialdo
461 4862 746 4920 Januensi
779 4867 836 4917 et
862 4861 1161 4916 Mamardo
1182 4860 1527 4917 Taurinensi
1549 4877 1849 4917 consecra-

189 4963 291 5014 tus
313 4954 446 5021 fuit,
479 4951 680 5024 utique
701 4951 1050 5006 assentiente
1068 4949 1327 5005 Paschale
1346 4966 1516 5022 papa,
1535 4953 1592 5005 et
1609 4951 1848 5006 tandem

190 5045 253 5100 in
287 5040 609 5098 Grossulani
637 5036 1058 5110 depositionem
1116 5037 1513 5094 consentiente
1561 5053 1664 5109 per
1719 5054 1851 5093 sen-

193 5132 467 5197 tentiam,
497 5143 616 5200 qua
638 5150 665 5176 «
691 5125 990 5198 prohibuit
1009 5125 1434 5182 Grossulanum
1466 5124 1853 5182 Mediolanen-

195 5238 322 5278 sem
357 5216 677 5276 Ecclesium
707 5214 1055 5286 inquietare,
1091 5219 1147 5271 et
1177 5215 1248 5271 ad
1279 5213 1621 5288 episcopum
1654 5237 1682 5264 »
1714 5215 1853 5271 Sao-

200 5325 468 5377 nensem,
493 5307 663 5378 cujus
680 5305 818 5360 olim
840 5308 1176 5376 sumpserat
1196 5304 1653 5376 possessionem,
1668 5326 1694 5353 «
1712 5303 1858 5358 dixit

200 5417 334 5456 eum
370 5397 598 5464 redire;
634 5415 663 5444 »
697 5395 900 5450 addita
927 5393 1174 5459 ratione,
1202 5394 1355 5465 quod
1381 5409 1514 5448 cum
1550 5415 1578 5444 ‹‹
1609 5392 1858 5448 transla-

202 5489 391 5546 tiones
426 5484 838 5558 episcoporum
869 5483 1102 5540 duobus
1150 5483 1277 5539 ﬁeri
1309 5482 1500 5538 modis
1529 5505 1558 5533 ››
1613 5482 1858 5555 possint,

203 5578 518 5656 appareret
546 5573 856 5631 manifeste
885 5571 1231 5632 Grossulani
1261 5594 1290 5626 ‹‹
1322 5571 1725 5632 translationis
1755 5571 1864 5630 uti.

529 5702 796 5766 Pareas.
840 5699 1101 5768 CXLIII.

1925 3267 2178 3322 diolano.
2222 3266 2518 3321 Fundator
2537 3267 2664 3338 ejus
2693 3265 2960 3320 Albertus
2991 3281 3143 3320 anno
3162 3264 3301 3318 1095
3328 3263 3575 3331 obierat,

1927 3357 2190 3432 adeoque
2218 3371 2418 3410 recens
2448 3354 2528 3409 ibi
2550 3354 2743 3408 adhuc
2765 3351 3074 3424 disciplina
3104 3356 3244 3406 erat.
3270 3375 3298 3401 ‹‹
3333 3351 3576 3423 Presby-

1926 3449 2050 3499 tero
2081 3448 2275 3499 autem
2302 3442 2592 3514 Liprando
2627 3441 2816 3513 posito
2839 3441 2897 3494 in
2920 3439 3172 3494 Pontidii
3194 3439 3574 3508 monasterio,

1929 3533 2086 3592 fama
2105 3532 2175 3590 de
2193 3529 2854 3598 Grossulano,redeunte
2872 3528 2942 3582 ab
2961 3527 3578 3598 Hierosolymis,aures

1927 3620 2244 3676 Jordaniet
2273 3618 2700 3674 ordinariorum
2736 3617 2864 3687 ejus
2895 3613 3195 3688 implevit;
3241 3619 3298 3670 et
3327 3615 3577 3670 Mamar-

1932 3709 2044 3764 dus
2068 3707 2451 3764 Taurinensis
2474 3706 2784 3777 episcopus
2807 3703 3018 3759 iterum
3058 3702 3453 3758 Mediolanum
3483 3719 3579 3758 ve-

1933 3798 2056 3865 nit;
2105 3799 2280 3870 atque
2330 3794 2564 3860 stolam,
2617 3810 2797 3865 quam
2845 3793 2903 3847 in
2954 3792 3298 3864 praecedenti
3343 3791 3519 3848 Junio
3551 3814 3581 3842 η

1934 3887 2038 3957 (ita
2066 3883 2404 3957 legendum,
2437 3900 2552 3938 non
2579 3887 2776 3938 autem
2824 3885 2890 3936 ut
2935 3881 3112 3937 habet
3159 3898 3270 3937 ms.
3318 3897 3410 3936 res
3453 3880 3585 3952 ipsa

1935 3972 2217 4046 loquitur)
2250 3994 2271 4020 σι
2308 3973 2435 4038 sine
2467 3974 2832 4040 sacramento
2882 3970 3136 4046 Jordano
3186 3971 3324 4025 dare
3371 3967 3584 4036 noluit,

1937 4079 2125 4134 neque
2156 4062 2350 4129 dedit;
2399 4077 2576 4127 nunc,
2629 4059 2898 4115 videlicet
2942 4059 3002 4114 in
3056 4059 3202 4114 festo
3250 4058 3308 4113 S.
3342 4055 3585 4124 Nicolai,

1939 4151 2172 4224 quando
2219 4150 2525 4222 presbyter
2573 4149 2900 4220 Liprandus
2945 4146 3279 4203 Pontidium
3327 4145 3587 4214 intravit,

1941 4256 2117 4312 super
2145 4237 2324 4294 altare
2347 4238 2406 4292 S.
2437 4237 2731 4293 Ambrosii
2755 4237 2986 4309 posuit:
3022 4259 3048 4286 ‹‹
3079 4239 3136 4291 et
3163 4235 3482 4302 Jordanus,
3504 4250 3596 4290 os-

1943 4328 2150 4398 culans
2189 4342 2318 4382 eam
2351 4326 2421 4381 de
2450 4325 2578 4397 ipso
2608 4325 2780 4382 altari
2812 4324 3103 4398 sumpsit:
3138 4341 3265 4397 quae
3298 4323 3505 4397 positio
3536 4327 3596 4379 et

1944 4413 2293 4488 assumptio,
2349 4414 2694 4470 absentibus
2752 4414 3064 4470 ordinariis
3121 4419 3178 4469 et
3221 4409 3593 4484 primiceriis,

1948 4505 2098 4562 facta
2127 4501 2256 4561 fuit.

2015 4593 2107 4650 21.
2142 4615 2170 4644 ‹‹
2205 4591 2509 4664 Presbyter
2538 4612 2565 4639 ››
2610 4594 2803 4646 autem
2864 4615 2891 4641 «
2927 4590 3269 4663 Liprandus,
3321 4588 3378 4643 in
3412 4610 3439 4638 ››
3484 4587 3599 4644 isto

1959 4703 1986 4737 α
2015 4680 2390 4748 monasterio,
2410 4695 2603 4734 coram
2632 4679 2934 4735 monachis
2966 4684 3023 4734 et
3052 4679 3350 4746 fratribus,
3383 4694 3416 4733 a
3454 4678 3600 4734 festo

1953 4776 2010 4838 S.
2042 4769 2268 4830 Nicolai
2297 4785 2484 4840 usque
2532 4769 2602 4823 ad
2651 4767 2867 4822 festum
2916 4767 3253 4840 Epiphaniae
3284 4766 3537 4832 Domini,
3570 4789 3600 4816 ››

1957 4877 2110 4916 anno
2140 4859 2297 4924 1113,
2331 4881 2358 4907 «
2383 4856 2705 4929 splendide,
2730 4877 2757 4905 ››
2782 4855 2838 4910 id
2857 4860 2946 4911 est
2967 4872 3098 4910 cum
3124 4872 3338 4927 magna
3358 4853 3615 4913 edifice:

1960 4948 2138 5018 tione,
2177 4968 2204 5000 α
2234 4947 2396 5014 vixit,
2430 4950 2603 5017 atque
2633 4946 2689 4999 in
2721 4944 2984 5015 ejusdem
3035 4944 3366 5000 festivitatis
3413 4947 3602 5012 nocte,

1961 5038 2197 5110 quando
2228 5035 2503 5108 spiritum
2526 5031 2741 5102 emisit,
2766 5047 3016 5104 magnus
3037 5036 3094 5087 et
3113 5031 3310 5088 suavis
3331 5031 3608 5104 splendor

1962 5125 2204 5181 domum
2239 5124 2298 5179 in
2322 5122 2704 5196 quajacebat,
2723 5119 3148 5176 admirantibus
3169 5120 3608 5175 circumstanti-

1963 5214 2099 5282 bus,
2120 5212 2454 5281 illustravit,
2502 5215 2558 5268 et
2577 5212 2663 5268 sic
2693 5211 2816 5282 ipse
2839 5210 3181 5282 przedixerat
3212 5209 3511 5264 fratribus.
3547 5210 3612 5265 In

1967 5301 2066 5357 illa
2095 5302 2258 5368 hora,
2293 5301 2528 5372 quando
2559 5317 2770 5372 corpus
2801 5301 2927 5369 ejus
2959 5300 3304 5354 efferebatur
3325 5299 3394 5353 ad
3423 5297 3615 5371 sepul-

1967 5408 2154 5454 crum,
2188 5390 2331 5445 solis
2365 5389 2640 5461 splendor
2670 5404 2860 5444 aerem
2907 5387 3289 5454 illuminavit;
3336 5392 3394 5443 et
3430 5389 3616 5442 nubes

1972 5497 2100 5536 cum
2126 5479 2253 5533 nive
2283 5478 2550 5532 cessavit.
2577 5478 2708 5550 Ipso
2731 5494 2962 5550 quoque
2982 5477 3314 5550 presbytero
3337 5477 3620 5534 existente

1970 5571 2030 5632 in
2059 5567 2197 5638 vita,
2231 5581 2366 5625 cum
2403 5564 2799 5627 Grossulanus
2841 5570 2900 5626 et
2947 5567 3136 5626 centeri
3175 5565 3621 5628 Grossulaniste

3221 5694 3301 5767 48
