3960 6216
374 278 532 342 1515

1610 278 1675 342 S.
1709 279 2030 343 ARIALDI
2074 278 2528 345 CONCIONES.

3614 275 3780 340 1516

368 412 883 469 calumniabantur
909 426 1043 468 eum
1075 416 1133 468 et
1156 427 1323 469 suam
1346 413 1533 486 legem
1560 432 1572 481 ;
1606 415 1817 469 nobilis
1842 416 2009 472 miles
2039 421 2093 486 Α
2122 418 2358 487 quidem
2389 420 2445 471 et
2473 415 2588 470 luci
2624 418 2853 486 paratae,
2890 412 2991 470 sed
3022 428 3328 485 nunquam
3369 412 3563 481 edita,
3613 413 3776 485 quod

370 500 742 557 Placentinus
773 502 842 557 de
882 501 1151 558 faucibus
1199 502 1426 569 mortis,
1479 503 1547 558 ad
1592 503 1828 559 laudem
1888 506 2014 575 ejus

368 594 604 663 ereptus
634 594 742 647 est.
774 591 942 658 Quia,
974 608 1108 646 cum
1169 591 1339 648 miles
1395 591 1494 647 ille
1551 597 1704 647 esset
1754 594 1919 664 quasi
1954 593 2011 647 in

367 696 597 747 somno,
632 680 817 736 sensit
857 680 1015 735 hunc
1062 681 1466 752 presbyterum
1526 681 1761 754 palpare
1814 686 2016 753 guttur

370 785 546 824 suum
575 786 588 835 ;
621 772 677 823 et
702 768 898 823 statim
921 769 1177 824 evomuit
1198 786 1262 825 os
1293 770 1490 841 piscis,
1515 771 1671 841 quod
1694 770 2016 825 sull‘ocabat

368 873 526 913 eum.
560 857 774 912 Eodem
797 858 969 912 etiam
1000 862 1262 929 tempore
1292 875 1424 913 cum
1461 859 1671 914 domus
1703 859 2009 929 cujusdam

369 944 563 1001 afﬁnis
594 950 649 1001 et
678 944 790 1001 sibi
834 946 1195 1017 attingentis,
1244 948 1493 1012 arderet,
1543 952 1776 1019 repente
1826 948 2014 1001 imber

368 1033 499 1105 fuit,
533 1039 588 1090 et
619 1033 846 1105 paleam
877 1039 932 1089 et
962 1036 1201 1090 domum
1234 1036 1419 1107 ipsius
1443 1036 1761 1108 presbyteri
1793 1036 2014 1107 integre

368 1124 638 1179 servavit.
670 1123 834 1188 Quod
868 1124 916 1179 si
950 1120 1244 1181 currerem
1277 1142 1379 1197 per
1427 1124 1661 1197 singula
1697 1142 1823 1196 quae
1858 1125 2010 1191 fecit,

368 1213 439 1267 ad
463 1211 694 1268 laudem
718 1214 869 1284 ejus,
896 1213 1165 1269 deﬁceret
1187 1214 1428 1285 spiritus
1452 1230 1685 1269 meus...
1705 1215 1809 1269 Sed
1837 1215 2010 1280 Deus,

367 1300 467 1372 qui
500 1316 603 1373 per
631 1301 830 1356 omnia
858 1301 1067 1357 sazcula
1095 1302 1233 1357 vivit
1264 1307 1320 1357 et
1349 1307 1570 1374 regnat,
1604 1320 1759 1358 nunc
1790 1309 1845 1358 et
1867 1321 2014 1358 sem-

365 1406 489 1462 per,
521 1389 729 1445 animas
759 1390 887 1462 ejus
916 1391 1239 1447 benedicat.
1271 1397 1478 1447 Amen.
1514 1414 1541 1441 ››

435 1481 524 1533 22.
559 1479 853 1535 Hactenus
886 1479 1205 1535 Landull‘us
1255 1504 1283 1529 «
1314 1481 1588 1552 Liprandi
1629 1483 1946 1553 presbyteri
1982 1507 2003 1534 ι

364 1586 434 1624 ex
464 1584 661 1624 sorore
693 1585 893 1641 nepos,
916 1587 951 1625 a
970 1568 1253 1624 Puricello
1276 1570 1685 1641 transcriptus,
1717 1572 1926 1641 partim
1954 1571 2007 1624 in

364 1658 762 1713 Monumentis
790 1658 1184 1713 Ambrosianaa
1215 1657 1490 1726 basilicae,
1526 1659 1737 1729 partim
1770 1676 1834 1713 ac
1866 1677 2006 1730 prae-

363 1746 531 1819 cipue
560 1746 620 1801 in
652 1745 755 1802 lib.
810 1763 866 1801 1v
896 1747 974 1802 De
1034 1748 1131 1802 SS.
1191 1746 1424 1802 Arialdo
1463 1752 1519 1802 et
1575 1747 2004 1815 Herlembaldo,

362 1852 614 1907 quorum
644 1835 926 1891 librorum
958 1835 1127 1891 citavi
1158 1836 1425 1909 paginas,
1450 1837 1726 1907 quoniam
1755 1837 1877 1907 ipse
1909 1854 2005 1891 au-

361 1929 486 1979 ctor
513 1924 1078 1980 bactenusineditus
1127 1928 1344 1991 manet,
1405 1941 1566 1995 aeque
1615 1942 1681 1980 ac
1736 1926 2005 1982 Historia:

357 2013 614 2070 Senioris
646 2013 912 2070 Landulﬁ
943 2017 999 2069 et
1028 2013 1275 2080 Arnulﬁ,
1312 2031 1347 2069 a
1391 2013 1672 2071 Puricello
1702 2015 2004 2085 promissae

2122 505 2393 577 equidem
2426 505 2628 560 sciam.
2662 504 2945 559 Caeterum
2979 520 3083 559 nec
3113 503 3239 575 ipse
3281 519 3386 558 nec
3418 500 3571 559 alius
3603 501 3779 574 quis-

2124 611 2300 664 quam
2334 592 2602 647 meminit
2628 592 2804 647 ullius
2828 592 3021 647 cultus
3045 593 3336 665 Liprando
3361 596 3428 648 ut
3446 592 3618 647 beato
3641 593 3785 662 post.

2124 686 2369 737 mortem
2401 682 2649 752 impcnsi
2677 700 2689 748 ;
2724 682 2823 735 sed
2874 698 3061 751 neque
3107 697 3417 752 superesse
3445 680 3682 735 videtur
3712 678 3773 733 in

2124 770 2366 826 ecclesia
2390 770 2748 825 Pontidiensi
2781 770 2933 824 intra
2959 770 3045 825 vel
3065 771 3237 841 juxta
3259 786 3437 842 quam
3467 767 3775 840 sepultum

2123 860 2345 929 opinari
2374 858 2528 920 licet,
2550 862 2993 913 monumentum
3012 857 3270 913 defuncti
3289 857 3475 912 ullum
3497 874 3510 923 ;
3535 856 3777 928 quando

2123 946 2268 1001 nihil
2301 946 2642 1018 hujusmodi
2669 946 2909 1001 adducit
2928 944 3273 1014 Puricellus,
3295 944 3625 1001 omniahuc
3649 960 3778 1015 spe-

2122 1036 2339 1091 ctantia
2360 1036 2790 1092 studiosissime
2808 1038 3124 1090 scrutatus.
3145 1034 3289 1090 Mihi
3306 1038 3500 1089 tamen
3518 1033 3592 1088 ad
3612 1032 3773 1088 diem

2121 1126 2559 1195 przecedentem,
2624 1125 2721 1180 ubi
2781 1128 2975 1180 actum
3027 1125 3096 1179 de
3153 1124 3211 1178 S.
3245 1123 3461 1178 Davide
3509 1120 3772 1177 solitario

2120 1213 2885 1285 Thessalonicensi,Papiam
2898 1230 3032 1268 vero
3045 1211 3777 1278 similitertranslato,con-

2114 1304 2343 1372 jectura
2356 1302 2530 1372 venit,
2547 1302 2684 1357 illuc
2702 1302 2967 1357 Pontidio
2984 1301 3335 1357 translatum
3354 1301 3531 1356 etiam
3556 1315 3773 1372 corpus

2120 1398 2221 1447 aut
2241 1410 2375 1447 ossa
2394 1392 2658 1464 quaedam
2687 1414 2713 1440 ‹‹
2740 1390 3015 1463 Liprandi
3040 1388 3361 1463 presbyteri
3386 1407 3399 1456 ;
3426 1411 3454 1439 »
3473 1388 3772 1460 siquidem

2120 1481 2271 1536 inter
2300 1481 2597 1552 reliquias,
2624 1480 2754 1535 istic
2783 1483 3040 1551 repertas
3070 1478 3225 1550 apud
3255 1477 3592 1550 sepulcrum
3613 1476 3772 1549 regis

2120 1570 2482 1641 Luitprandi,
2517 1586 2668 1624 anno
2698 1570 2831 1623 1514
2863 1568 2955 1623 die
2984 1569 3053 1622 24
3097 1566 3264 1633 Julii,
3314 1570 3522 1638 praeter
3568 1588 3599 1616 «
3633 1582 3775 1622 ossa

2120 1664 2173 1712 et
2205 1659 2429 1713 cineres
2460 1657 2645 1728 ipsius
2677 1659 2734 1712 S.
2768 1656 2967 1725 David,
3004 1678 3030 1705 »
3063 1659 3336 1711 censetur
3364 1654 3539 1710 etiam
3570 1654 3773 1726 aliqua

2123 1770 2149 1796 ‹‹
2183 1747 2239 1802 S.
2276 1748 2511 1801 Tbomce
2546 1746 2819 1818 martyris
2847 1750 2904 1800 et
2931 1746 2988 1800 S.
3024 1744 3320 1816 Liprandi,
3356 1765 3383 1794 ››
3438 1759 3545 1799 nec
3598 1741 3771 1798 facile

2113 1841 2199 1891 est
2222 1835 2399 1890 alium
2424 1836 2599 1906 hujus
2624 1834 2880 1891 nominis
2901 1833 3181 1901 invenire,
3200 1832 3294 1889 cui
3310 1833 3567 1906 potuerit
3587 1831 3769 1887 datus

2115 1926 2295 1980 fuisse
2322 1924 2530 1980 titulus
2562 1924 2769 1980 sancti.

1333 2364 1947 2467 same-r1
2058 2366 2772 2510 amamur

1608 2589 2325 2685 CONCIONES
2422 2590 2510 2682 II

1022 2832 1181 2937 AD
1292 2830 1900 2939 CLEBICOS
1994 2828 3080 2938 MEDIOLANENSES.

1591 3051 1681 3113 De
1725 3052 2080 3113 continentia
2123 3050 2515 3113 sacerdotum.

1822 3218 2240 3231 —_

1749 3365 2220 3460 CONCIO
2292 3367 2361 3457 Ι.

1277 3544 1489 3616 (Exstat
1517 3561 1633 3617 cap.
1668 3545 1722 3613 4,
1752 3562 1907 3601 num.
1932 3548 1986 3615 8,
2026 3546 2159 3603 Vita
2194 3543 2423 3602 Arialdi
2448 3560 2621 3616 supra
2646 3543 2832 3601 editae.

1732 3830 2199 3927 CONCIO
2250 3832 2368 3923 II.

928 4011 1085 4084 (Vide
1114 4013 1171 4068 in
1198 4010 1460 4069 Chronico
1490 4011 1744 4087 Landulﬁ
1774 4011 2040 4082 Senioris,
2070 4010 2393 4082 Patr-elogia
2420 4011 2549 4066 tam.
2586 4008 2823 4079 CXLVII,
2853 4008 2955 4065 col.
2988 4006 3136 4080 935).

1791 4296 2259 4394 CONCIO

402 4472 509 4541 Ad
538 4473 1037 4544 Alexandrum
1067 4494 1362 4564 papam,
1398 4474 1696 4544 natione
1742 4432 2388 4556 Mediolanensem,
2425 4475 2503 4541 ut
2543 4470 3139 4541 Herlembaldum
3178 4468 3698 4541 Vexilliferum

1724 4591 2069 4661 Ecclesiae
2118 4591 2362 4660 faciat.

1637 4788 1804 4862 (Vide
1834 4790 1933 4845 ubi
1958 4803 2146 4862 supra,
2176 4788 2279 4845 col.
2308 4786 2459 4860 917).
