3960 6216
326 230 481 305 1523

1438 232 1503 306 Β.
1548 236 1887 306 ANNONIS
1929 234 2294 306 ARCHIEP.
2338 238 2612 306 GOLON.

3571 231 3742 304 ιαμ

324 374 973 458 dissimilein‘bcuitatis
997 375 1960 458 suisretributionemmtille,sicet
1988 383 2041 449 Α
2070 376 2434 458 impendens.
2467 376 2613 458 Cum
2642 373 2799 458 enim
2841 376 2997 432 esset
3035 388 3177 448 erga
3218 373 3465 458 cunctus
3517 373 3735 458 inopes

321 445 418 502 hic
442 448 583 518 proh
600 446 762 503 dolor
786 446 1163 502 lconsecutus
1184 452 1291 501 est.
1317 447 1531 501 Verum
1552 447 1643 501 his
1666 447 1958 518 sepositis,

325 519 396 573 ad
427 517 548 572 vita:
568 520 692 587 ejus
716 520 981 573 instituta
1002 520 1383 573 describenda
1406 517 1620 589 stylum
1645 517 1958 573 vertamus.

398 590 542 644 V111.
578 591 771 644 Crebro
802 592 1173 644 concionatur.
1228 592 1379 644 Μαίη
1424 592 1705 658 conﬂuunt
1742 591 1809 643 (ul
1862 608 1961 643 au-

324 660 855 732 dicnilurconcz'ones
886 665 1019 729 ejus.
1053 664 1098 714 A
1151 662 1357 732 primis
1399 662 1786 715 ordinationis
1843 678 1961 715 sua:

325 731 707 802 temporibus,
739 748 1060 803 congruum
1092 731 1309 787 et'vere
1341 734 1584 803 dignum
1618 733 1805 786 oflicio
1856 749 1962 786 suo

326 819 474 873 opus
496 803 799 874 arripiens,
817 805 985 874 juxta
1006 805 1265 858 docentis
1286 803 1541 874 Apostoli
1569 803 1787 857 monita
1812 820 1823 856 :
1846 827 1871 852 ‹‹
1900 805 1961 858 1n

328 875 603 928 omnibus
625 875 842 938 labora,
867 892 1013 944 Opus
1045 878 1131 929 fac
1158 876 1542 945 evangelista},
1568 875 1962 928 ministerium

326 951 495 999 tuum
552 945 730 1016 imple
791 948 860 1015 (II
896 950 1025 1000 Tim.
1070 948 1178 1013 iv):
1220 972 1244 994 ››
1299 964 1531 999 omnem
1593 947 1962 1016 episcopatus

326 1016 416 1069 sui
450 1017 785 1085 parochiam
816 1018 1206 1088 perlustravit,
1242 1017 1509 1071 homines
1542 1018 1671 1071 fidei
1704 1034 1769 1071 ac
1822 1034 1961 1086 pene

325 1089 505 1141 totius
538 1088 835 1159 religionis
864 1089 1118 1159 ignaros,
1153 1089 1274 1141 solo
1300 1096 1492 1143 autem
1536 1088 1769 1142 nomine
1800 1088 1960 1142 Chri-

324 1159 577 1231 stianos,
603 1160 857 1215 assiduis
879 1160 1387 1231 praedicationibus
1414 1161 1483 1213 ad
1517 1160 1816 1213 catholicae
1849 1160 1962 1231 pie-

325 1230 461 1284 tatis
492 1230 716 1286 cultum
750 1229 1094 1297 informans,
1123 1232 1366 1285 breviter
1398 1237 1454 1285 et
1486 1238 1681 1301 aperte
1714 1229 1963 1300 comple-

321 1318 452 1367 xus,
483 1302 624 1373 quid
657 1303 831 1367 credi,
866 1303 1006 1373 quid
1042 1304 1287 1373 sperari,
1312 1302 1524 1371 quidve
1557 1301 1741 1355 amari
1793 1317 1960 1371 Opor-

320 1379 456 1445 teat.
478 1372 558 1427 1m
569 1372 931 1445 peravitdein
946 1372 1284 1428 auctoritate
1300 1372 1641 1445 pontificali,
1657 1372 1882 1445 suasitq
1894 1388 1963 1445 ue

319 1444 533 1515 pietate
557 1443 816 1516 paterna,
834 1445 1100 1516 singulos
1116 1443 1547 1516 auditoresth
1569 1443 1961 1516 eademdomi

320 1512 439 1587 sua:
468 1512 879 1587 evangelizarc,
914 1512 1123 1569 b'onam
1146 1515 1259 1569 illis
1293 1531 1393 1586 pro
1417 1515 1523 1569 hoc
1555 1531 1587 1568 a
1610 1514 1723 1587 Deo
1748 1512 1963 1587 vicissif

320 1585 1127 1665 tudinempollicensulnquo
1147 1585 1404 1656 eousque
1430 1586 1689 1665 profecit,
1716 1590 1777 1638 ut
1802 1585 1962 1665 pueri

322 1673 555 1726 quoque
584 1663 811 1711 teneros
841 1657 1097 1710 infantiae
1130 1674 1314 1711 annos
1343 1657 1593 1710 necdum
1630 1659 1869 1725 egressi,
1899 1657 1962 1709 fi-

325 1729 480 1808 dem,
513 1732 578 1781 ut
609 1734 902 1820 usserunt,
928 1728 1359 1820 beatiAnnpnis
1381 1728 1627 1820 invieein
1650 1728 1960 1820 disicereut,
1998 1756 2043 1820 Β

326 1799 572 1852 invicem
604 1800 875 1853 docerent
897 1804 953 1853 et
978 1816 1045 1853 ex
1079 1800 1204 1869 ipsa
1228 1799 1361 1853 boni
1394 1799 1571 1853 studii
1596 1799 1963 1863 assiduitate,

325 1869 577 1941 singulis
606 1886 806 1924 eorum
839 1886 1170 1941 eamumane
1194 1870 1277 1924 vel
1320 1886 1555 1941 vespere
1600 1886 1795 1923 coram
1852 1870 1965 1924 Deo

369 1939 743 1995 roiiuntiandi
775 1941 941 2011 quasi
977 1939 1064 1995 lex
1088 1939 1714 1995 inoleveritfHabebat
1771 1944 1964 1996 autem

324 1958 434 2065 ξοδ
457 2010 684 2065 insigne
707 2013 1046 2065 meritorum
1075 2029 1316 2065 suorum
1341 2012 1492 2065 anud
1526 2011 1792 2065 homines
1816 2012 1964 2065 indi-

368 2028 434 2065 oc
457 2010 684 2083 insigne
707 2010 1046 2066 meritorum
1075 2029 1316 2067 suorum
1341 2012 1492 2083 apud
1526 2011 1792 2065 homines
1816 2012 1964 2065 indi-

324 2084 503 2155 cium,
536 2082 690 2153 quod
725 2084 951 2155 quoties
983 2082 1399 2155 praedicaturus
1424 2084 1479 2136 in
1505 2082 1805 2153 publicum
1830 2100 1966 2153 pro-

327 2154 619 2219 cessisset,
654 2154 829 2209 tan’tis
861 2155 1055 2209 subito
1083 2155 1353 2227 lacrymis
1382 2154 1711 2215 immaduit,
1739 2158 1803 2207 ut
1841 2171 1964 2227 om-

325 2226 421 2279 niu
434 2242 488 2279 m
504 2228 679 2280 corda
693 2228 761 2280 ad
782 2225 1639 2280 miserationem'commovisset
1661 2243 1670 2276 τ
1688 2230 1811 2278 tum
1829 2225 1967 2279 mel-

326 2297 580 2377 liflua,et
610 2298 1055 2379 eonmpunclione
1081 2298 1251 2379 plena
1268 2298 1440 2377 verba
1464 2297 1832 2379 profundere,
1858 2296 1965 2351 cle-

323 2369 605 2439 mentiam
662 2369 759 2423 Dei
817 2385 1159 2439 proponere,
1205 2369 1498 2437 justitiam
1560 2384 1674 2421 non
1736 2373 1959 2439 tacere:

324 2438 541 2493 hortari
573 2440 777 2508 bonos,
804 2438 867 2493 ut
897 2438 966 2493 ad
1004 2440 1243 2493 meliora
1274 2440 1651 2509 proficerent:
1689 2438 1967 2504 malos,ut

320 2510 392 2563 ad
429 2516 752 2581 perpetrata
783 2518 1099 2571 cessarent,
1124 2527 1327 2564 omnes
1361 2512 1417 2563 in
1450 2525 1783 2573 commune,
1820 2516 1881 2563 ut
1903 2528 1965 2564 se

323 2597 451 2636 reos
482 2580 821 2647 clamarent,
855 2599 921 2635 ac
954 2598 1054 2652 pro
1085 2583 1263 2635 totius
1290 2582 1493 2636 mundi
1521 2581 1965 2636 necessitatibus

322 2668 694 2707 communem
728 2654 1042 2708 Dominum
1067 2653 1416 2707 invocarent.
1433 2654 1572 2717 Quis
1595 2669 1853 2722 unquam
1876 2652 1962 2706 vel

324 2724 479 2778 saxei
510 2725 703 2779 cordis
736 2730 1039 2779 Annonem
1071 2724 1130 2778 in
1172 2723 1414 2779 ecclesia
1467 2723 1801 2793 loquentem
1860 2740 1961 2777 au-

321 2794 508 2860 diens,
540 2813 573 2850 a
594 2795 869 2867 lacrymis
902 2796 1080 2850 valuit
1106 2801 1427 2867 temperare
1446 2795 1473 2849 ?
1496 2795 1756 2867 Denique
1778 2795 1849 2849 ab
1872 2812 1961 2867 ex-

322 2868 460 2937 teris
490 2868 665 2920 etiam
697 2865 753 2921 et
774 2867 1183 2921 remotioribus
1217 2866 1545 2937 provinciis.
1574 2867 1646 2919 ob
1670 2865 1853 2921 solam
1872 2866 1960 2919 in-

322 2936 697 3007 dulgentizect
714 2938 987 3007 doctrinm
1010 2938 1136 3006 ejus
1161 2936 1397 2999 famam,
1413 2937 1649 3007 plurimi
1670 2937 1959 2992 conﬂuxe-

320 3006 764 3078 runt,omnibus
785 3006 1010 3078 deliciis
1024 3010 1388 3077 praeferentes
1411 3006 1709 3061 Annonem
1736 3008 1958 3078 audire,

321 3077 553 3134 divitias
568 3077 1053 3149 incomparabiles
1068 3078 1578 3149 aestimanti-scius
1598 3077 1959 3147 indulgentia

318 3149 584 3215 relaxari,
618 3151 747 3218 ejus
806 3149 1206 3203 benedictione
1257 3149 1615 3219 praemuniri.
1681 3149 1959 3204 Praeterea

318 3220 531 3290 pietate
562 3226 617 3274 et
649 3220 1057 3274 misericordia:
1091 3220 1365 3288 operibus
1415 3219 1573 3273 nullo
1630 3227 1754 3273 erat
1813 3221 1957 3274 infe-

320 3291 456 3345 rior.
489 3292 634 3346 Nam
658 3290 1309 3363 agricolasetdebitores
1325 3290 1680 3363 reddituum,
1698 3296 1959 3346 anteces-

317 3379 515 3417 sorum
548 3362 792 3418 suorum
817 3362 1115 3417 nimietate
1147 3362 1233 3416 vel
1265 3362 1667 3432 superﬂuitate
1690 3368 1959 3430 gravatos

314 3440 371 3488 ut
402 3450 579 3505 prope
611 3434 861 3489 nudatos
893 3433 1245 3505 intelligens,
1279 3434 1644 3505 exactoribus
1667 3439 1729 3487 ut
1760 3450 1955 3504 parce-

314 3510 444 3560 rent
465 3504 666 3576 jussit,
701 3505 951 3577 singulis
983 3504 1067 3560 vel
1102 3511 1308 3569 totum,
1344 3504 1429 3559 vel
1460 3521 1527 3559 ex
1559 3510 1740 3577 parte;
1787 3509 1959 3576 prout

313 3594 460 3647 opus
492 3583 635 3644 erat,
663 3576 987 3633 remittens.
1030 3577 1379 3647 Pauperum,
1405 3576 1843 3647 peregrinorum
1901 3582 1959 3631 et

316 3618 685 3703 irifirmoruin
719 3618 1298 3720 primaillietpelrpes
1326 3618 1449 3702 ei'art
1474 3618 1957 3720 sollicitudo,imi-

262 3770 273 3783 κ
314 3720 463 3774 tanti
493 3736 650 3783 eum,
674 3718 775 3790 qui
808 3719 990 3790 dixit:
1026 3742 1052 3768 ‹‹
1081 3719 1272 3773 Estote
1317 3718 1743 3784 misericordes,
1804 3719 1957 3790 sicut

273 3838 279 3845 .
314 3796 371 3845 et
402 3797 565 3861 pater
591 3788 841 3845 cmlestis
892 3789 1223 3844 misericors
1274 3795 1362 3844 est
1408 3791 1559 3861 (Luc.
1591 3792 1691 3858 Vi).
1727 3811 1753 3861 ξ»
1818 3788 1951 3844 Illu-

312 3858 575 3917 ces'cente
602 3862 756 3916 enim
782 3861 967 3932 primo
991 3861 1285 3931 surgentis
1308 3860 1418 3915 diei
1442 3858 1803 3932 crepusculo,
1824 3877 1953 3916 ecce

313 3932 471 3987 velut
498 3948 737 3989 examen
762 3931 962 4003 apum,
993 3933 1166 3986 turba
1195 3948 1515 4003 egenorum,
1566 3931 1954 4003 undecunque

312 4004 647 4064 convolans.
682 4001 814 4075 ejus
842 4004 1100 4074 quotidie
1124 4004 1273 4075 fores
1320 4001 1954 4075 obsedit,_sufficientia

310 4075 589 4131 alimenta
619 4073 762 4130 hora
790 4073 1009 4131 statuta
1040 4073 1253 4145 singuli
1276 4073 1785 4145 percepturi.lnter
1805 4090 1952 4144 quos

310 4164 515 4202 omnes
546 4147 861 4201 miserrimi
893 4148 1111 4217 quique
1142 4144 1397 4217 numero
1456 4144 1659 4215 viginti
1702 4150 1953 4214 quatuor

311 4234 547 4289 perscru
559 4219 655 4271 tati
667 4259 679 4282 ,
700 4235 904 4289 rseorsu
915 4216 968 4271 m
985 4216 1505 4289 congregabantur.
1531 4222 1573 4266 Α
1584 4219 1677 4269 nte
1699 4232 1731 4286 q
1743 4232 1950 4289 uorum

308 4286 485 4359 pedes
526 4287 852 4359 humillime
884 4286 1273 4359 procumbens
1294 4286 1545 4357 pontifex
1566 4287 1957 4359 summus“):

306 4358 616 4431 postquam
651 4358 789 4413 lavit
818 4375 882 4412 ac
914 4360 1097 4425 tersit,
1132 4358 1402 4431 osculum
1435 4374 1666 4431 quoque
1689 4358 1951 4431 cordiset

305 4428 998 4502 orisimprmsitmecnon
1024 4429 1297 4502 manibus
1318 4444 1532 4499 aquam
1552 4428 1785 4502 infudit.
1802 4440 1946 4483 Uou-

303 4499 597 4557 suinmalo
630 4500 955 4557 ministerio
985 4499 1356 4565 humilitatis,
1390 4516 1591 4571 versus
1605 4505 1693 4554 est
1711 4500 1781 4554 ad
1800 4516 1947 4571 opus

2074 446 2408 502 misericors
2432 453 2490 503 et
2519 447 2904 519 compatiens,
2938 463 3079 519 erga
3107 446 3499 519 pauperculae
3520 446 3729 506 tanien

2072 526 2125 574 et
2158 536 2356 572 earum
2394 518 2710 572 infantulos
2744 518 2977 589 speciali
3004 518 3284 589 fquadam
3343 520 3734 578 miseratione

2074 593 2412 644 ducebatur.
2455 590 2616 655 Quod
2658 588 3013 662 hujusmodi
3044 588 3276 644 femina:
3323 591 3737 662 experimento

2073 667 2514 734 cognoscentes,
2545 659 2841 734 explorato
2869 678 3298 734 nonnunquam
3344 659 3635 734 tempore,
3666 665 3733 720 in

2073 730 2280 803 plateis
2307 748 2434 787 sese
2462 730 2749 805 gregatim
2779 730 3152 805 obtulerunt,
3170 732 3444 805 parvulos
3468 730 3521 789 ei
3580 730 3731 792 suos

2073 802 2207 884 cum
2232 802 2487 884 clamore
2504 802 2801 884 supplices
2822 802 3186 884 objicientesi
3202 804 3501 884 Interdum
3524 810 3734 884 trans-

2075 875 2219 939 iens,
2244 882 2299 929 et
2330 892 2443 945 pra:
2475 874 2817 955 lassitudine
2848 874 3087 956 diutina:
3110 876 3529 956 espectationis
3554 878 3616 932 in
3635 895 3733 934 so-

2074 963 2269 1017 porem
2293 963 2488 1018 versos
2518 946 2887 1018 conspiciens
2909 946 3200 1016 ejusmodi
3226 947 3729 1018 puerulosexesos

2075 1016 2131 1071 et
2161 1017 2534 1092 seminudos,
2558 1016 2811 1092 aliquem
2846 1016 3415 1092 eor_um,_quem_nec
3473 1018 3730 1092 dignum

2073 1088 2258 1142 oculis
2291 1088 2422 1159 quis
2455 1088 2858 1159 arbitraretur,
2895 1089 2987 1159 pie
3018 1088 3091 1143 ad
3119 1106 3181 1143 se
3231 1088 3566 1158 adhibens;
3599 1108 3733 1148 ma-

2071 1164 2237 1234 terna
2260 1158 2379 1234 vice
2396 1158 2716 1234 exosculari
2736 1158 2929 1234 cmpit.
2956 1158 3232 1234 Quadam
3256 1161 3431 1234 etiam
3456 1163 3731 1234 proprios

2074 1247 2184 1315 pen
2217 1231 2517 1315 habentes,
2545 1230 2765 1283 alienos
2788 1230 3113 1312 infantulos
3134 1230 3517 1315 expetierunt,
3545 1230 3606 1289 in
3621 1234 3734 1315 du-

2074 1302 2234 1356 bium
2266 1301 2548 1355 habentes
2582 1311 2882 1373 annonem
2917 1317 3055 1372 erga
3099 1300 3259 1373 ipsis
3294 1300 3731 1373 imisericordia

2075 1379 2298 1452 motum
2324 1373 2415 1437 iri,
2451 1373 2497 1425 si
2530 1370 2746 1457 talibus
2774 1370 3010 1457 onusta:—
3049 1370 3386 1457 sarcinulis,
3412 1376 3559 1457 ejus.
3582 1393 3729 1432 con-

2074 1443 2296 1515 spectui
2333 1448 2841 1513 praesentarentur.
2877 1444 3033 1498 Inter
3057 1442 3179 1515 hzec
3208 1442 3491 1501 solemnis
3509 1446 3562 1502 ei
3594 1464 3730 1504 mos

2073 1514 2199 1568 erat
2228 1519 2483 1568 vertente
2516 1530 2746 1584 semper
2774 1530 2948 1585 anno,
2973 1530 3008 1569 a
3028 1514 3224 1585 vigilia
3255 1516 3466 1572 natalis
3487 1517 3729 1574 Domini

2076 1601 2262 1662 usque
2292 1586 2361 1638 ad
2387 1587 2612 1662 intactae
2642 1583 2954 1662 genetricis
2974 1583 3109 1655 ejus
3124 1585 3730 1662 pu_r_i_ﬁcati_onem,per

2074 1657 2383 1737 continuos
2407 1656 2808 1737 quadraginta
2854 1656 2979 1710 dies
3020 1656 3376 1737 quamlibet_
3404 1656 3727 1717 laetantem

2076 1727 2307 1807 habere,
2327 1728 2497 1797 cujus
2519 1727 2793 1807 manibus
2816 1744 3028 1807 aquam
3052 1728 3615 1807 praebens,_ips_emet
3631 1748 3731 1807 pe-

2079 1800 2181 1853 des
2213 1815 2277 1852 ac
2302 1814 2511 1852 manus
2535 1797 2757 1869 parvuli
2780 1797 2942 1864 lavit,
2966 1797 3213 1870 moxque
3234 1797 3727 1870 datis—alimentis,

2079 1871 2334 1940 solidum
2358 1886 2541 1923 unum
2568 1870 2838 1940 porrexit.
2869 1870 2945 1924 Su
2957 1886 3056 1940 per
3074 1870 3194 1925 haec
3217 1875 3273 1926 et
3291 1872 3727 1930 xenodochium

2078 1939 2326 1995 Coloniae
2357 1939 2699 2007 construxit,
2734 1939 3066 2011 languidos,
3099 1947 3156 1997 et
3199 1942 3441 2010 debiles,
3475 1949 3534 2000 et
3561 1945 3722 2001 omni

2076 2012 2385 2066 destitutos
2414 2011 2619 2066 solatio
2644 2011 2782 2065 illuc
2808 2012 3083 2083 inferens,
3107 2012 3402 2083 deputatis
3423 2015 3494 2070 ad
3518 2032 3726 2072 eorum

2076 2084 2340 2159 subsidia
2354 2083 2712 2159 quotidianis
2725 2082 3383 2159 stipendii_s.Nunquam
3404 2103 3725 2159 pauperem

2076 2171 2138 2208 se
2189 2154 2600 2229 inclamantem
2665 2155 2887 2229 absque
2945 2154 3345 2229 misericordia
3392 2154 3727 2229 praeterivit,

2078 2242 2386 2306 numquam
2414 2226 2651 2306 veniens
2674 2225 2743 2279 ad
2768 2224 3030 2306 invisend
3042 2243 3138 2306 um
3160 2224 3726 2298 egenosfmonachos

2075 2298 2162 2351 vel
2184 2295 2744 2369 canonicos,absque
2764 2295 3065 2369 charitatis
3094 2295 3257 2369 larga
3291 2315 3467 2355 manu
3508 2318 3729 2358 remea-

2079 2368 2178 2421 vit.
2204 2368 2352 2443 sane
2384 2369 2442 2421 in
2474 2367 2647 2421 Cmna
2687 2366 2990 2422 Dominica
3018 2366 3499 2443 quam'prodigus
3520 2373 3718 2441 fuerit,

2074 2441 2443 2514 superfluum
2477 2445 2566 2493 est
2596 2454 3097 2514 memora_re,-cum
3121 2456 3225 2495 nec
3244 2441 3454 2514 parcus
3477 2443 3729 2514 quilibet

2074 2508 2255 2564 ea’die
2280 2526 2520 2583 manum
2544 2510 2799 2564 retrahat
2814 2510 2885 2583 ab
2907 2508 3295 2583 eleemosyna.
3321 2512 3422 2568 His
3443 2508 3724 2572 omnibus

2074 2580 2430 2656 antecellunt
2452 2585 2776 2656 numerget
2792 2580 3199 2656 admiratione,
3216 2599 3347 2656 quae
3368 2601 3471 2656 per
3489 2591 3725 2642 noctur-

2075 2669 2179 2706 nas
2212 2654 2503 2719 tenebras,
2529 2650 2653 2706 solo
2676 2651 2790 2706 Deo
2812 2656 2980 2717 teste,
3005 2650 3322 2710 rarissimis
3344 2650 3721 2714 secretalium

2072 2740 2315 2801 suorum
2347 2725 2638 2801 duntaxat
2667 2722 2944 2801 exceptis,
2975 2728 3250 2795 Operatus
3280 2730 3555 2801 cst_,_cum
3585 2729 3720 2801 qui-

2072 2795 2203 2859 bus,
2238 2801 2302 2849 ut
2338 2795 2564 2849 dictum
2612 2797 2722 2857 est,
2768 2800 2944 2849 noctu
2997 2801 3334 2852 sanctorum
3365 2797 3574 2856 limina
3603 2795 3725 2857 cir-

2071 2865 2297 2929 cuiens,
2331 2865 2668 2937 peregrinos
2690 2869 2755 2937 et
2784 2865 2999 2937 quibus
3030 2882 3144 2921 non
3187 2874 3312 2923 erat
3352 2875 3593 2935 tectum,
3656 2871 3718 2927 in

2071 2934 2415 3013 porticibus,
2443 2934 2497 2990 in
2530 2934 2763 3013 angulis
2788 2934 3069 3013 vasisque
3089 2937 3331 2995 vinariis
3360 2956 3463 3012 per
3494 2934 3723 3013 plateas

2067 3008 2366 3095 expositis,
2390 3012 2691 3095 scrutatus
2720 3010 2843 3062 est:
2878 3024 3024 3095 quos
3055 3008 3322 3095 inventos
3354 3008 3514 3095 pavit
3540 3017 3723 3095 atque

2068 3077 2318 3151 vestivit,
2350 3078 2535 3151 allato
2564 3095 2761 3151 secum
2789 3077 3031 3151 pro'boc
3062 3079 3189 3151 ipso
3217 3077 3371 3137 victu
3403 3088 3457 3139 et
3485 3077 3723 3141 vestitu.

2139 3150 2627 3226 1X.Lamerztabile
2674 3150 2964 3220 cujusdam
3016 3150 3381 3226 parturientis
3432 3163 3721 3226 spectacu-

2068 3221 2200 3294 lum.
2235 3224 2496 3294 Cumque
2524 3236 2683 3294 more
2709 3229 2983 3294 consueto
3016 3238 3118 3293 per
3167 3221 3481 3294 cujusdam
3525 3227 3719 3284 noctis

2068 3291 2302 3375 silentia
2332 3290 2690 3373 pronegotio
2710 3290 2899 3375 simili
2922 3290 3086 3375 esset
3119 3290 3411 3375 egressus,
3436 3296 3725 3375 lamenta-

2070 3362 2183 3417 bile
2212 3368 2267 3418 et
2297 3362 2456 3417 omni
2490 3362 2860 3434 miseratione
2885 3362 3122 3434 plenum
3154 3362 3211 3420 in
3238 3366 3440 3422 itinere
3470 3368 3721 3425 offendit

2067 3433 2491 3508 spectaculum,
2525 3432 2854 3508 mulierem,
2886 3432 3063 3508 quam
3084 3436 3156 3491 ob
3186 3437 3445 3508 inopiam
3505 3437 3712 3496 nullus

2066 3505 2319 3577 hospitio
2350 3505 2722 3577 dignabatur,
2756 3504 3000 3560 recentis
3039 3512 3097 3561 et
3116 3508 3243 3577 ipsa
3272 3504 3416 3564 hora
3443 3508 3588 3564 editi
3618 3509 3716 3568 in-

2066 3576 2209 3631 fanti
2229 3581 2395 3648 partu
2414 3575 2892 3648 periclitatam,su
2903 3593 3003 3646 per
3016 3575 3231 3633 nudam
3245 3578 3497 3634 humum
3513 3597 3643 3637 sese
3659 3581 3718 3639 la

2064 3646 2847 3720 erymabilitervolutantem.
2866 3648 3001 3702 Erat
3021 3664 3157 3720 ergo
3178 3649 3371 3705 videre
3384 3651 3711 3709 miseriam.

2063 3718 2183 3797 Nox
2218 3718 2488 3797 tenebris
2517 3718 2715 3772 densis
2737 3724 3043 3797 vagantem
3074 3718 3474 3797 occupaverat,
3505 3723 3717 3797 fatiga-

2063 3793 2183 3865 tam
2211 3788 2395 3865 tellus
2412 3806 2642 3865 cmnpsa
2658 3805 2723 3842 ac
2746 3788 2976 3865 petrosa
2993 3788 3362 3865 seminudam
3388 3788 3715 3865 exceperat,

2062 3859 2214 3915 fame
2227 3866 2287 3933 et
2304 3859 2733 3933 siticonfectam
2759 3859 2944 3932 frigus
2958 3861 3213 3933 amplius
3242 3859 3716 3932 vexabat,nullus

2062 3930 2399 4009 mortalium
2444 3932 2671 4009 aderat,
2686 3935 2747 4009 et
2775 3930 2926 3998 ecce,
2961 3930 3203 4009 urgente
3251 3930 3497 4009 natura,
3531 3938 3719 4009 ‘cmpit

2064 4002 2331 4074 cruciari,
2364 4019 2532 4057 voces
2561 4001 2842 4066 emittere,
2876 4001 3130 4074 suspiria
3177 4005 3380 4062 crebra
3436 4001 3710 4065 trahere:

2057 4072 2415 4155 tandemque
2432 4074 2679 4155 enixam
2708 4072 3023 4155 prolemin
3073 4074 3367 4155 pulverem
3425 4079 3709 4155 fundens,

2060 4143 2185 4217 ipsa
2218 4143 2478 4213 disjectis
2509 4144 2615 4198 bac
2633 4143 2839 4199 etillac
2870 4143 3284 4203 miserabiliter
3305 4143 3709 4217 membris,ni1

2060 4214 2213 4291 ultra
2244 4221 2451 4291 praeter
2482 4220 2725 4291 mortem
2754 4218 3146 4291 exspectabat.
3170 4218 3287 4275 Hac
3306 4236 3444 4291 ergo
3466 4214 3711 4280 miseria

2059 4286 2198 4356 quid
2225 4286 2497 4361 miserius
2517 4285 2544 4339 ?
2575 4285 2921 4361 Superven'it
2950 4287 3148 4361 igitur,
3188 4295 3253 4345 ut
3272 4285 3533 4361 -dictum
3590 4297 3702 4361 est,

2056 4374 2221 4434 sacer
2250 4357 2483 4434 praesul,
2516 4373 2581 4411 ac
2606 4356 2870 4434 protinus
2899 4356 3059 4414 velut
3086 4360 3201 4434 ictu
3234 4356 3462 4434 sagittae
3514 4356 3707 4434 trans;

2054 4429 2409 4502 verberatus,
2435 4444 2698 4502 represso
2730 4430 2939 4499 gradu,
2975 4447 3090 4502 prae
3117 4429 3356 4489 horrore
3377 4437 3434 4489 et
3464 4432 3709 4492 miseria

2054 4499 2316 4575 substitit
2345 4498 2657 4575 attonitus:
2694 4516 2828 4575 eum
2860 4498 2994 4575 ecce
3047 4502 3329 4574 gravitate
3375 4504 3708 4575 pontiﬁcali

302 4573 627 4651 charitatis,
659 4590 791 4651 eum
825 4572 1041 4651 cibo_et
1075 4576 1208 4651 potu
1261 4570 1586 4651 unicuique
1631 4568 1940 4651 nummum
1980 4648 2005 4651 ᾗ
2052 4571 2397 4651 postposita,
2432 4571 2616 4651 instar
2632 4568 2982 4651 velocissimi
2999 4568 3255 4651 cursoris
3287 4568 3706 4651 reproperavit,

302 4646 624 4718 porrigens.
656 4645 688 4701 J
695 4661 789 4700 am
810 4661 942 4718 vero
967 4643 1308 4718 imminente
1332 4642 1474 4696 hora
1497 4646 1553 4697 et
1577 4642 1941 4718 necessitate,
1978 4648 2021 4711 D
2055 4641 2448 4718 impositotu
2482 4641 2744 4696 humeris
2765 4642 2890 4698 suis
2914 4644 3165 4718 grabato
3182 4662 3315 4701 cum
3338 4641 3706 4718 stramentis,

303 4712 401 4772 ubi
432 4712 492 4772 et
517 4718 642 4789 ipse
672 4715 935 4772 consedit
955 4716 1024 4789 ad
1059 4730 1345 4789 mensam,
1380 4729 1539 4768 more
1570 4712 1943 4789 solito,quot-

296 4794 438 4861 quot
467 4786 941 4861 supervenerant,
966 4786 1486 4861 introducebantur
1513 4788 1815 4861 antaeum
1868 4786 1939 4839 ad

290 4854 756 4936 c-onvescendum
792 4859 1098 4936 peregrini.
1144 4858 1298 4936 Tum
1357 4872 1426 4911 ex
1479 4854 1750 4936 singulis,
1812 4873 1938 4936 qua;

293 4950 506 4988 mensa:
538 4926 1013 5002 erantimposita,
1032 4933 1253 5002 partem
1271 4944 1445 4998 prope
1470 4926 1759 5002 decimam
1780 4926 1935 5002 colli-

288 5021 452 5085 gens,
488 5021 590 5075 pro
617 4998 944 5059 reficiendis
975 4998 1081 5085 hac
1110 5005 1165 5085 et
1188 4998 1317 5085 il_lac
1352 5015 1451 5069 per
1474 4998 1677 5052 urbem
1704 4998 1936 5085 aegro-tis

290 5070 347 5130 in
363 5070 554 5130 Ιοωυίιι
581 5092 762 5129 unum
784 5074 1090 5148 separavit.
1110 5072 1406 5125 Postremo
1422 5085 1625 5148 mensa
1639 5070 1933 5148 submota,

286 5148 537 5202 surrexit
560 5163 689 5201 vere
722 5141 886 5217 pater
914 5145 1341 5217 orphanorum,
1366 5142 1689 5217 verejudex
1719 5141 1931 5217 vidua-

286 5236 439 5283 rum,
472 5225 529 5273 et
560 5210 835 5288 tanquam
870 5210 1125 5272 diceret:
1161 5237 1187 5262 «
1222 5213 1405 5268 Sinite
1439 5210 1932 5288 paruulosvenire

283 5291 354 5344 ad
389 5282 502 5358 me,
532 5282 737 5342 talium
768 5294 856 5343 est
885 5288 1038 5343 enim
1075 5301 1346 5358 regnum‘
1379 5282 1657 5358 cmiorum
1716 5282 1925 5358 (Matth.

282 5362 398 5431 xm)
424 5378 436 5416 :
469 5354 497 5409 ii
527 5358 823 5431 acclinans
844 5376 926 5431 se,
953 5376 1130 5431 manu
1143 5354 1388 5427 propria
1412 5354 1625 5431 cibavit
1649 5354 1927 5431 pupillos,

283 5425 487 5487 refecit
510 5429 826 5501 orphanos,
859 5425 1172 5485 aluitfilios
1196 5425 1544 5501 pauperum,
1572 5425 1924 5501 delicatiori-

281 5503 390 5559 bus
419 5497 662 5558 escis'ex
688 5517 893 5572 mensa
924 5519 1023 5572 per
1055 5497 1396 5572 seipsuniin
1422 5497 1534 5572 hoc
1572 5497 1920 5572 reservatis;

280 5578 557 5641 praeterea
589 5570 874 5624 matribus
903 5566 1511 5641 e'orum,'familiarius
1536 5584 1678 5641 suas
1702 5567 1924 5641 illipmi-

278 5634 461 5695 serias
513 5641 1027 5707 conquerentibus,
1091 5634 1421 5693 necessaria
1469 5637 1924 5693 misericorditer

2054 4712 2496 4785 celeritate'qua
2515 4712 3081 4785 ivenerat,precurrit.
3116 4717 3246 4771 Mox
3274 4718 3500 4785 abjecto
3523 4735 3559 4773 a
3579 4712 3707 4777 cer;

2051 4783 2274 4859 vicibus
2296 4782 2488 4851 onere,
2510 4782 2831 4859 incurvavit
2847 4801 2910 4859 se
2932 4788 3280 4859 quantocius
3292 4782 3363 4843 ad
3380 4789 3708 4859 jacentem,

2051 4854 2364 4935 puerulum
2394 4854 2605 4935 pan‘uis
2636 4854 2907 4935 obvolvit,
2933 4854 3123 4935 ipsam
3155 4876 3190 4914 a
3216 4854 3705 4935 terra'sublatam

2050 4924 2411 5000 inlectulum
2436 4924 2755 5000 collocavit,
2791 4942 2857 4982 ac
2891 4924 3142 5000 propriis
3189 4930 3458 4986 extractis
3512 4933 3697 4988 vesti-

2045 4997 2176 5062 bus,
2212 5002 2492 5068 utrosquc
2522 4996 2832 5068 diligenter
2867 4996 3140 5055 contexit.
3194 5002 3254 5056 In
3304 5002 3509 5058 eodem
3569 5003 3700 5061 loco

2045 5067 2348 5145 dispositis
2381 5067 2484 5138 pro
2517 5067 2938 5145 sustentatione
2968 5071 3117 5145 ejus,
3143 5088 3453 5145 quousque
3482 5090 3700 5131 conva-

2043 5138 2301 5205 lesceret,
2328 5139 2698 5214 necessariis,
2726 5138 3014 5214 processit
3031 5138 3421 5214 vere—precum
3446 5161 3699 5203 suarum

2040 5216 2467 5298 consecuturus
2496 5212 2791 5278 effectum,
2820 5212 2919 5283 qui
2949 5217 3067 5298 tam
3087 5212 3297 5298 humili
3323 5220 3381 5298 et
3408 5215 3505 5298 pio
3524 5217 3703 5273 mini-

2040 5284 2216 5337 sterio
2249 5299 2352 5353 per
2369 5281 2682 5353 horrorem
2706 5281 2864 5337 caeca?
2897 5284 3084 5339 noctis
3114 5285 3171 5339 in
3204 5281 3465 5343 minimis
3496 5304 3692 5346 mem-

2038 5353 2168 5430 _b_ris_
2191 5352 2315 5409 suis
2346 5352 2428 5430 illi
2460 5353 3421 5430 obseeutusest,que‘mpquondam
3453 5375 3558 5430 pro
3584 5377 3694 5416 no-

2034 5424 2126 5480 bis
2157 5425 2544 5496 inearnatum,
2572 5423 2752 5496 Virgo
2786 5423 2968 5481 Mater
2996 5423 3213 5483 vilibus
3269 5451 3291 5479 ι
3348 5423 3700 5488 obvolutum

2035 5496 2271 5571 pannis,
2302 5494 2612 5571 reclinavit
2641 5494 2707 5550 in
2736 5496 3086 5571 praesepium
3118 5498 3269 5570 (Luc.
3304 5500 3394 5571 ιι).
3430 5523 3459 5571 υ

2103 5567 2170 5622 Χ.
2206 5567 2553 5644 S._t_lrsu(am
2579 5570 2631 5622 et
2653 5569 2834 5644 socias
2847 5567 3100 5644 yirgines
3127 5567 3507 5644 invisitjAlia
3544 5588 3703 5644 quas-

2030 5637 2166 5692 dam
2198 5638 2461 5694 subierat
2481 5653 2616 5706 nox,
2648 5642 2706 5694 et
2725 5638 2814 5693 vir
2846 5638 2963 5695 Deo
2984 5640 3249 5710 devotus,
3284 5637 3699 5703 aestimationis

344 5779 421 5847 (4)
454 5774 710 5828 Observa
736 5777 948 5833 lector:
982 5778 1076 5833 hic
1109 5777 1367 5845 pontifex
1397 5791 1690 5843 summus,
1722 5793 1825 5847 pro
1857 5778 2298 5850 archiepiscopo
2333 5779 2568 5836 dicitur.
