3960 6216
149 232 294 322 mea

1541 237 1750 306 VITA.
1774 273 1853 288 —
1883 240 2030 304 LIB.
2064 237 2142 304 II.

3385 249 3538 342 i566

147 372 254 450 bat,
290 367 695 450 singularitate
718 369 1134 450 (lelectabatur,
1155 371 1391 450 assidue
1415 375 1579 450 (lens,
1603 375 1775 450 asssi-
1805 383 1856 448 Α
1888 375 2102 450 quibus
2134 390 2366 438 nomen,
2391 392 2507 430 non
2548 375 2685 450 vita,
2720 374 3092 450 sacerdotum
3125 381 3233 434 est.
3271 379 3339 433 Et
3369 355 3540 450 grave

146 444 250 496 due
283 456 549 497 moerens.
574 439 686 494 Nec
719 442 818 496 diu
851 443 1055 496 militis
1079 443 1170 496 sui
1193 445 1433 499 sudores
1457 439 1641 500 bon'us
1665 447 1774 501 Do-

145 512 811 586 minusirremuneratos
842 514 1171 584 praeterivit,
1206 532 1392 584 neque
1435 534 1642 586 passus
1691 523 1778 571 cst

144 599 268 638 eum
301 582 508 658 tentari
541 600 720 658 supra
749 582 1004 654 id,'quod
1046 586 1285 640 sulferre
1301 582 1524 656 poterat.
1564 591 1607 658 (Ι
1656 590 1774 641 Cor.

143 658 192 720 x)
227 670 238 707 :
273 654 632 727 verumghinc'
648 671 779 727 eum
805 660 1140 726 erupturus,
1165 654 1422 727 ante—per
1441 654 1617 712 altam
1641 676 1776 713 con-

144 725 530 800 templationis
562 727 699 800 vim,
727 725 1053 781 futurorum
1080 725 1366 800 malorum
1392 728 1777 800 inspectorem

143 795 275 851 esse
291 795 472 850 voluit
506 812 518 850 :
554 814 623 852 ne
655 797 947 867 ignoraret
978 800 1211 868 quantis
1239 816 1271 853 a
1310 799 1424 854 Deo
1481 795 1779 855 beneﬁciis

142 869 469 931 donaretur,
501 868 548 921 si
591 869 993 922 necessitatem
1046 869 1259 925 talibus
1306 872 1776 926 communicandi

145 938 390 1012 moriens
421 939 708 1012 evaderet.
742 940 1087 1012 ld_subjecta
1108 942 1319 1012 pagina
1337 941 1617 1011 loquitur,
1655 943 1778 997 sola

143 1009 434 1082 sufficier
469 1011 742 1065 meritum
766 1010 867 1064 viri
890 1009 1325 1082 declararquui
1351 1009 1533 1067 in'hac
1559 1020 1777 1068 morta-

143 1080 313 1135 litatis
335 1080 526 1152 adhuc
566 1082 782 1152 degens
803 1082 1156 1152 lsubstantia
1205 1080 1560 1138 secretorum
1609 1085 1776 1139 cmle-

146 1152 322 1224 stium
335 1151 657 1224 particeps
675 1153 800 1224 fuit.

207 1221 369 1295 XXVI
463 1221 743 1295 Stupenda
800 1224 854 1277 S.
922 1223 1165 1278 Annonis
1199 1225 1382 1295 ivisio.
1449 1224 1776 1281 Gravissima

139 1293 323 1347 morbo
351 1293 666 1364 corripitur.
703 1295 936 1362 Exponit
975 1294 1301 1364 quibusdam
1341 1298 1641 1364 generatim
1695 1299 1776 1350 vi-

141 1365 339 1437 sionem
365 1380 554 1437 suam.
574 1365 709 1437 Post
735 1381 860 1419 eam
893 1366 1162 1437 superius
1207 1367 1557 1437 descriptam
1614 1366 1777 1421 Colo-

141 1435 426 1509 n‘iens‘ium
461 1435 740 1509 nefariam
771 1435 1279 1509 conspirationem,
1304 1435 1530 1491 hiberni
1552 1441 1775 1509 tempo-

144 1505 216 1560 ris
245 1506 487 1560 aderant
517 1505 664 1572 dies,
696 1512 751 1560 et
781 1505 985 1561 beatus
1019 1508 1262 1561 antistes
1292 1524 1392 1578 pro
1426 1505 1774 1578 quodam'le-

141 1578 362 1632 vamine
394 1578 638 1631 sauciati
671 1579 862 1632 cordis
909 1579 1110 1632 urbem
1159 1578 1479 1648 egrediens,
1532 1579 1775 1633 Salevelt

142 1648 412 1720 devenit:
441 1653 504 1702 ut
524 1648 665 1720 visis
688 1649 802 1720 illic
830 1648 1079 1720 filiorum
1102 1666 1342 1720 suorum
1368 1650 1772 1720 spiritualibus

142 1717 444 1798 exercitiis,
471 1719 636 1798 quasi
663 1719 930 1811 salptaris
955 1720 1196 1811 antidoti
1221 1717 1441 1811 haustu!
1456 1725 1767 1811 recreatus,
1807 1746 1852 1811 B

143 1789 232 1860 sui
254 1789 522 1860 maeroris
550 1790 1004 1844 amaritudinem
1033 1795 1401 1860 temperaret.
1425 1791 1559 1845 Inde
1580 1797 1776 1846 exacto

141 1858 716 1932 visitationis_oflicio
763 1861 1103 1932 discedens,
1136 1858 1345 1932 fcstum
1397 1860 1560 1927 illud,
1622 1864 1775 1932 quod

142 1931 473 2002 Hypapante
490 1930 721 1985 Domini
744 1931 973 1996 dicitur,
992 1932 1048 1984 in
1067 1931 1419 1986 Heresfeldia
1441 1930 1779 1987 solemniter

144 2001 253 2072 egit
283 2002 725 2126 :imgerataque
757 2003 1130 2071 profectione,
1162 2002 1312 2055 viam
1363 2019 1489 2072 qua:
1538 2005 1776 2057 tenden-

144 2072 292 2126 tibus
314 2072 374 2125 in
452 2073 684 2126 igeberg
715 2073 910 2126 pervia
931 2077 1041 2126 est.
1076 2089 1246 2126 curru
1279 2074 1607 2126 subvectus.
1643 2090 1776 2126 cum

142 2072 292 2152 tibus
314 2072 374 2125 in
409 2072 684 2152 Sigeberg
715 2073 910 2152 pervia
931 2077 1041 2136 est,
1076 2089 1246 2152 curru
1279 2074 1607 2152 subvectus,
1643 2090 1776 2152 cum

143 2142 256 2214 suis
275 2142 540 2197 incessit.
565 2142 827 2213 Cumque
849 2143 941 2196 die
959 2144 1210 2214 quadam
1236 2143 1479 2214 psalmis
1495 2149 1552 2198 et
1572 2145 1779 2198 oratio-

144 2213 306 2296 nibus
339 2229 572 2276 vacans,
606 2213 869 2294 animum
893 2213 949 2266 in
962 2213 1219 2296 superna
1239 2213 1505 2295 levasset,
1527 2216 1779 2296 instante

137 2285 251 2353 jam
275 2284 422 2338 hora
439 2300 611 2349 nona,
633 2301 747 2339 non
771 2285 828 2338 in
854 2284 1088 2347 exstasi,
1110 2300 1214 2338 nec
1236 2284 1293 2337 in
1318 2285 1538 2340 visione
1565 2289 1776 2349 somni,

142 2355 233 2408 sed
265 2355 434 2428 sicut,
452 2357 678 2428 carneis
708 2355 1123 2428 oculis_aspici
1163 2355 1325 2428 solet,
1377 2357 1551 2411 caelos
1602 2373 1780 2428 super

141 2440 197 2506 se
225 2425 437 2506 aperiri
471 2425 616 2480 vidit
649 2443 661 2482 :
697 2432 752 2481 et
785 2431 848 2480 ut
878 2425 1025 2480 olim’
1065 2425 1480 2506 prOphetarum
1530 2425 1779 2506 eximius

142 2495 350 2562 Daniel,
402 2496 638 2551 horrore
687 2513 1009 2551 concussus
1059 2495 1123 2551 ac
1172 2495 1444 2563 tremore,
1497 2499 1777 2552 membris

141 2568 406 2638 omnibus
423 2567 746 2622 dissolutus
778 2571 865 2621 est
893 2569 1052 2636 (Dan.
1076 2569 1134 2636 x)
1169 2585 1181 2621 :
1219 2567 1398 2622 animi
1427 2585 1656 2638 quoque
1688 2586 1776 2624 ro-

143 2637 246 2720 bur
273 2653 449 2720 omne
479 2639 748 2720 concidit.
786 2639 1176 2720 Tran‘smissis
1207 2637 1646 2720 viae_proposit§n
1690 2640 1778 2720 in-

149 2708 424 2774 tervallis,
459 2725 559 2779 per
588 2709 831 2763 biduum
874 2707 953 2762 nil
1001 2707 1359 2780 incommodi
1412 2707 1670 2780 pertulit,
1720 2712 1778 2764 in

148 2784 336 2833 monte
353 2780 598 2850 degens,
622 2785 830 2850 praeter
849 2780 998 2850 quod
1019 2779 1334 2842 nonnullis,
1355 2779 1522 2850 quasi
1537 2782 1635 2850 qui
1652 2797 1781 2836 sese

143 2850 502 2914 excessisset,
536 2850 594 2904 in
647 2850 834 2904 verbis
880 2850 1126 2904 subinde
1175 2851 1545 2905 admirationi
1605 2857 1776 2906 esset.

144 2921 329 2975 Tertia
359 2936 495 2976 vero
528 2926 656 2992 post
687 2921 793 2976 hoc
809 2922 1236 2976 diecmnantem
1261 2921 1451 2975 valida
1471 2923 1782 2977 infirmitas

147 2995 254 3045 tam
277 2992 556 3046 atrociter
581 2992 812 3058 invasit,
850 2997 912 3045 ut
941 3008 1073 3061 spes
1104 2994 1295 3046 omnis
1317 2994 1660 3058 auferretur,
1686 3010 1783 3048 no-

145 3067 280 3134 ctem
307 3062 472 3117 illam
502 3079 632 3116 eum
668 3063 1153 3133 supervicturum.
1191 3063 1325 3116 Erat
1355 3071 1547 3117 autem
1577 3080 1778 3134 crepu-

145 3133 360 3187 sculum
377 3133 795 3205 vespertinum,
814 3134 1150 3205 fratresque,
1165 3134 1194 3185 li
1208 3133 1775 3205 nitisCompletor’iis,

148 3219 263 3258 sese
286 3204 692 3274 receperantin
711 3204 1138 3258 dormitorium.
1162 3205 1289 3258 Mox
1304 3205 1479 3274 igitur
1497 3204 1558 3260 ut
1577 3206 1778 3274 hujus-

147 3276 291 3329 mcdi
308 3275 554 3329 nuntius
567 3275 792 3330 abbatis
806 3292 876 3329 au
887 3292 975 3328 res
992 3275 1185 3345 percu]
1197 3277 1205 3327 i
1217 3282 1328 3339 t,eo
1347 3277 1782 3344 perturbatione

147 3361 448 3409 concusso,
475 3362 566 3399 res
597 3363 698 3416 per
717 3363 920 3400 omnes
952 3345 1194 3414 angulos
1227 3347 1469 3400 cmnobii
1493 3347 1779 3401 diffunde-

151 3417 654 3488 batur,ﬁebatque
675 3433 992 3471 concursus
1017 3417 1152 3470 hinc
1168 3417 1300 3470 inde
1315 3417 1778 3488 fratrum,signo,

148 3502 252 3556 quo
265 3487 1123 3558 colligerentur,vehementius
1143 3493 1504 3558 perurgente.
1521 3487 1782 3558 Angebat

149 3574 343 3613 omnes
367 3557 548 3629 pavor
577 3557 976 3629 intolerabilis,
1001 3563 1056 3612 et
1075 3557 1351 3628 tanquam
1375 3557 1777 3613 universorum

147 3630 255 3700 vita
286 3627 563 3700 penderet
595 3629 653 3681 in
694 3627 975 3700 ancipiti,_
1002 3627 1418 3682 monasterium
1463 3629 1774 3698 petierunt,

103 3729 106 3732 ~
145 3698 486 3754 illud—corde
520 3698 884 3758 meditantes.
920 3698 1062 3752 illud
1094 3716 1190 3753 ore
1208 3700 1565 3754 ruminantes
1587 3717 1599 3753 :
1625 3700 1777 3755 «Do-

148 3771 314 3836 mine,
350 3770 511 3825 salva
543 3786 648 3824 nos
681 3786 692 3822 :
730 3770 1210 3840 perimus(zllatlh.
1239 3771 1378 3839 vm).
1416 3791 1444 3818 »
1467 3771 1568 3824 His
1620 3786 1774 3836 vero,

146 3841 354 3910 quibus
383 3840 1071 3912 egrediendiiclaustrnm
1104 3841 1499 3912 undecunque
1547 3840 1778 3896 licentia

147 3911 848 3976 oﬁ‘erebatur,cubiculum
863 3911 1115 3982 episcopi
1130 3911 1391 3965 certatim
1405 3912 1775 3982 adeuntibus,

147 3983 324 4052 caeteri
361 3983 606 4037 chorum
640 3981 1296 4052 irrumpentes,septem
1338 3981 1594 4052 psalmos
1643 4000 1776 4038 cum

147 4051 360 4108 litaniis
408 4053 673 4107 luctuose
718 4051 1234 4124 prosequebantur,
1288 4051 1489 4107 omnes
1549 4060 1779 4124 pectora

149 4125 480 4189 tundentes,
513 4123 921 4178 omnesﬂetus’
948 4128 1002 4178 et
1033 4123 1286 4194 suspiria
1327 4123 1673 4194 amittentes,
1723 4129 1780 4180 et

147 4199 360 4264 quanta
391 4195 675 4250 charitate
702 4211 839 4266 erga
877 4198 1099 4266 patrem
1144 4193 1623 4249 amantissimum
1675 4195 1778 4250 filii

145 4266 531 4337 afficerentur,
554 4266 666 4337 sibi
697 4265 841 4337 ipsis
863 4265 1504 4337 singulitestimonium
1527 4269 1777 4337 existen-

145 4340 242 4408 tes.
278 4338 436 4392 Inter
459 4336 580 4391 haec
609 4336 707 4391 ille
722 4335 930 4392 'dolore
944 4335 1104 4408 gravi
1121 4335 1470 4403 laborantes,
1495 4336 1780 4393 clamores

147 4407 406 4479 insolitos
437 4408 624 4479 magis
647 4425 712 4463 ac
743 4409 929 4479 magis
952 4407 1184 4463 edebat.
1220 4408 1329 4462 Sed
1371 4425 1504 4462 cum
1549 4414 1781 4479 postera

145 4477 232 4533 die
258 4478 481 4534 doloris
501 4477 869 4534 vehementia
889 4496 1001 4534 non
1024 4479 1467 4549 adeojacentem
1491 4477 1780 4549 crucians,

144 4550 520 4674 recuperandi
538 4550 685 4605 vires
709 4551 920 4606 mentis
941 4550 1366 4620 aliquantulam
1381 4551 1430 4604 ei
1448 4551 1780 4606 facultatem

144 4621 275 4674 indu
305 4622 504 4674 sisset.
538 4621 732 4674 Abbas
755 4627 872 4674 tres
902 4621 1092 4674 proba:
1112 4620 1238 4674 vitae
1273 4623 1476 4674 fratres
1525 4623 1596 4674 ad
1646 4639 1779 4674 eum

143 4617 504 4692 indulsisset,
538 4621 732 4676 Abbas
755 4627 872 4677 tres
902 4617 1092 4692 proba:
1112 4620 1238 4674 vitae
1273 4623 1476 4676 fratres
1525 4623 1596 4676 ad
1646 4639 1779 4676 eum

144 4691 315 4758 misit,
351 4692 478 4762 qui,
507 4693 659 4748 sicut
685 4694 746 4746 in
775 4709 842 4747 ea
868 4691 1210 4747 necessitate
1236 4693 1485 4762 expedit,
1533 4693 1603 4746 ad
1644 4709 1780 4747 con-

142 4761 471 4834 fessionem,
514 4768 569 4818 et
599 4763 668 4818 ad
700 4780 894 4819 rerum
917 4780 1157 4819 suarum
1173 4761 1614 4834 dispositionem
1645 4780 1779 4818 eum

139 4829 530 4899 hortarentur,
569 4841 746 4906 utque
780 4835 1014 4890 novellae
1046 4852 1162 4889 sua}
1195 4829 1637 4906 constructioni,
1692 4835 1781 4888 in-

176 4911 422 4978 uentum
453 4910 592 4960 tunc
626 4905 904 4973 licuisset,
936 4907 1265 4978 prospicere
1297 4922 1408 4978 non
1442 4905 1778 4978 ncgligeret.

176 4919 422 4960 uentum
453 4919 592 4960 tunc
626 4919 904 4973 licuisset,
936 4922 1265 4978 prospicere
1297 4922 1408 4959 non
1442 4919 1776 4976 ncgugeret.

138 4919 352 5047 auibus
376 4977 548 5047 juxta
577 4993 813 5032 sensum
834 4978 1009 5042 hunc,
1034 4994 1166 5032 cum
1188 4976 1394 5031 lectulo
1431 4977 1776 5043 assiderent,

137 5043 522 5118 hortamentis
553 5048 680 5102 suis
701 5064 834 5102 eum
863 5048 1276 5116 mulcentibus,
1309 5048 1482 5118 idque
1517 5064 1780 5117 quaeren-

137 5117 290 5174 tibus
321 5120 515 5185 unice,
551 5135 655 5173 cur
684 5119 818 5174 filiis
851 5120 995 5186 suis,
1029 5119 1247 5190 quibus
1268 5117 1553 5190 alia’post
1599 5118 1779 5190 Deum

137 5194 338 5256 praater
369 5206 507 5245 eum
534 5206 666 5260 spes
688 5207 799 5244 non
817 5196 990 5257 esset,
1013 5188 1253 5244 minime
1275 5188 1610 5260 loqueretur
1646 5207 1658 5243 :
1684 5188 1780 5260 ille

137 5261 544 5331 tenuissimam
569 5259 794 5326 vocem,
855 5266 918 5315 ut
968 5265 1209 5331 poterat,
1258 5259 1588 5331 exprimens
1649 5259 1774 5314 ait:

135 5327 291 5402 Unde
314 5331 594 5402 loquendi
617 5349 846 5387 sumam
871 5327 1106 5386 exordia
1129 5327 1352 5398 fratres,
1373 5330 1459 5385 vel
1481 5348 1624 5402 quas
1637 5347 1776 5384 moe-

136 5401 353 5457 stitiam
380 5401 632 5457 vestram
665 5403 1018 5458 relevaturas
1050 5402 1212 5456 triste
1235 5419 1330 5456 cor
1361 5418 1555 5456 meum
1598 5401 1778 5456 dicta-

136 5470 214 5527 bit
243 5473 570 5529 sententias
595 5475 622 5528 ?
651 5478 744 5527 Vae
777 5475 988 5528 misero
1021 5473 1278 5527 mundo:
1311 5489 1392 5526 va:
1425 5473 1649 5527 cunctis
1670 5472 1776 5526 hu-

135 5557 312 5617 manas
345 5545 527 5600 sortis
567 5545 798 5617 angulis
828 5546 900 5600 ab
933 5544 1024 5617 iis,
1058 5543 1157 5617 qui
1181 5544 1461 5617 dicuntur
1499 5542 1776 5617 episcopi,

136 5616 264 5683 mei,
279 5616 604 5690 peccatoris
619 5614 1298 5689 u'tique,similitudinem
1315 5614 1777 5686 praeferentibus,

195 5756 311 5838 (20)
336 5757 473 5820 Haec
492 5772 625 5821 vere
656 5758 728 5823 ad
765 5756 1010 5821 verbum
1036 5772 1105 5818 ex
1135 5753 1685 5834 Sohafnaburgensi.

1889 447 2207 516 suspirium
2231 463 2264 500 a
2296 452 2524 518 pectore
2557 448 2820 508 trahens,
2850 449 3108 501 attonitis
3140 455 3196 503 et
3239 447 3544 508 ardc—ntius

1888 518 2064 585 hujus
2117 519 2269 570 verbi
2323 520 2574 572 radicem
2629 519 3140 585 investigantibus,
3191 523 3538 590 respondit:

1887 591 1976 641 Sol
2008 590 2060 640 in
2099 605 2308 641 nonam
2338 591 2706 663 janijamque
2733 590 3007 663 vergebat
3031 590 3257 658 horam,
3285 599 3460 663 (:tego
3487 597 3541 649 in

1887 675 2061 712 curru
2106 677 2231 713 meo
2267 661 2554 727 residens,
2592 664 2699 713 iter
2731 661 3141 714 accelerabam.
3168 661 3433 718 luat-rem
3451 682 3542 720 me

1887 730 2074 801 visum
2104 732 2487 800 expandente,
2512 731 2716 785 scissis
2755 749 2820 784 ex
2848 732 3160 801 improviso
3194 733 3380 799 cmlis,
3417 752 3542 790 om-

1888 800 1982 854 nia
2011 802 2260 870 desuper
2289 808 2506 872 aperta,
2539 802 2834 872 oculisque
2851 800 2992 856 meis
3017 819 3131 856 non
3164 805 3336 858 modo
3357 807 3539 860 mein-

1887 873 1984 936 tis,
2022 874 2119 926 sed
2154 879 2210 925 et
2239 873 2764 946 corporis,_pcr_via
2815 880 3220 928 remanserunt
3287 878 3540 946 expavit-

1888 959 2000 1013 que
2031 960 2130 996 cor
2163 960 2377 1011 meum,
2415 950 2468 998 et
2501 944 2822 998 dissolutus
2854 961 3008 1010 sum,
3036 961 3136 998 nec
3173 944 3452 1001 remansit
3481 951 3540 1003 in

1889 1030 1982 1088 me
2000 1015 2346 1088 quidquam
2377 1015 2588 1088 virium
2626 1033 2662 1088 εΔ
2689 1021 2998 1088 certusque
3035 1032 3199 1088 sum,
3241 1019 3541 1088 languoris

1887 1083 2069 1157 hujus
2106 1083 2535 1157 immanitatem
2569 1085 2704 1140 inde
2734 1102 2825 1139 me
2843 1083 3164 1157 collegisse.
3190 1083 3405 1144 Atvero
3423 1107 3540 1145 non

1889 1154 2060 1210 aliter
2088 1156 2246 1240 iliam
2273 1157 2590 1240 terribilem
2616 1154 3169 1240 visionem‘intuitus
3186 1174 3340 1240 sum,
3359 1176 3538 1240 quam

1886 1242 1986 1303 vos
2015 1228 2192 1282 modo
2219 1227 2602 1303 contemplor,
2654 1228 2988 1298 corporales
3028 1228 3084 1281 in
3129 1247 3228 1303 vos
3283 1227 3540 1303 dirigens

1887 1298 2041 1374 acies
2077 1313 2225 1374 :_nec
2253 1315 2388 1374 reor
2417 1299 2736 1369 quidquam
2789 1315 2986 1352 eorum
3029 1299 3313 1354 malorum
3348 1319 3360 1367 ;
3400 1298 3541 1374 quae

1889 1368 2060 1445 terris
2097 1369 2413 1422 imminent
2444 1385 2546 1445 per
2574 1368 2775 1422 Omnes
2797 1376 3097 1424 secuturas
3118 1376 3334 1445 aetates,
3354 1377 3408 1426 et
3432 1368 3538 1445 per

1889 1439 2085 1508 ipsum
2116 1455 2333 1513 par-vum,
2374 1439 2952 1513 oculorummeorum
2974 1439 3540 1513 acuminalatuis'se,

1887 1510 2332 1592 precordiis‘que‘
2383 1511 2824 1592 palpitantibus,
2884 1511 3060 1592 altius
3119 1510 3539 1592 ingemiscens,

1883 1581 2071 1634 denuo
2104 1581 2417 1651 replicabat
2449 1598 2459 1633 :
2502 1585 2591 1633 Va:
2625 1582 2836 1635 misero
2869 1583 3085 1635 mundo
3119 1600 3130 1635 ε
3161 1581 3239 1636 vis
3293 1601 3400 1639 cun
3430 1586 3537 1642 ctis

1885 1651 2594 1728 h-umaiizesortisangulis
2625 1652 2698 1728 ab
2734 1652 2938 1728 iis,_qui
2959 1653 3400 1728 dicunturepisc
3426 1657 3540 1728 opi.

1887 1721 1998 1794 Nec
2025 1728 2248 1794 poterat
2282 1722 2400 1776 ulla
2431 1721 2794 1794 precantium
2819 1721 3380 1794 importunitate'ad
3440 1721 3548 1782 hoc

1886 1793 2117 1857 adduci,
2146 1799 2206 1846 ut
2229 1809 2428 1847 eorum
2462 1810 2590 1862 quae
2639 1793 2884 1856 viderat,
2914 1793 3030 1847 ivel
3084 1794 3395 1849 minimum
3463 1798 3547 1853 eis

1887 1864 2370 1936 communicaret.
2401 1863 2724 1936 llocsolum
2742 1865 2811 1917 ad
2835 1881 3070 1936 omnem
3095 1865 3550 1936 inquisitionem

1886 1949 2085 1988 eorum
2111 1935 2311 1988 dolens
2330 1935 2568 2004 protulit
2601 1952 2612 1988 :
2639 1938 2754 1997 Vae,
2773 1951 2850 1986 vae
2869 1934 3332 1989 miseremundo.
3363 1938 3545 1993 Porro

1887 2008 2178 2058 crescente
2212 2021 2310 2074 per
2333 2005 2455 2058 dies
2488 2005 2991 2068 inﬁrmitate,cum
3011 2012 3162 2060 esset
3185 2005 3296 2060 sibi
3331 2009 3546 2064 mortis

1887 2075 2139 2144 suspicio
2166 2075 2835 2146 quotidiana,primates
2869 2075 3002 2129 cleri
3036 2076 3358 2132 Coloniensi
3389 2095 3414 2130 s
3467 2081 3540 2134 ad

1888 2162 1947 2200 se
1977 2147 2325 2208 accersicns,
2357 2145 2690 2215 postulavit,
2722 2149 2778 2200 et
2800 2147 2907 2200 sub
2930 2147 3332 2215 testificatione
3360 2148 3541 2204 divini

1889 2216 2793 2285 noministerribilitera‘ljuravit
2817 2234 2885 2271 ne
2909 2233 3258 2272 consensum
3279 2221 3542 2276 suumiis

1888 2303 2144 2357 unquam
2179 2287 2701 2352 accommodarent,
2735 2288 2951 2358 quibus
2999 2291 3330 2343 conveniret
3377 2289 3540 2358 alibi,

1889 2374 2065 2430 quam
2097 2358 2154 2410 in
2187 2357 2463 2430 Sigeberg
2488 2358 2748 2430 corporis
2777 2359 2905 2430 ejus
2939 2359 3240 2429 repositio,
3275 2360 3477 2415 dicens
3514 2379 3527 2416 :

1886 2429 1942 2481 Si
1974 2429 2244 2482 desiderii
2265 2428 2574 2499 'meivobis
2604 2428 3384 2499 insistentibusprocesserit
3404 2432 3540 2486 effe-

1889 2504 2037 2564 ctus,
2071 2499 2280 2569 hicque
2312 2498 2454 2553 mihi
2487 2499 2788 2570 sepultura
2817 2498 3076 2564 cesserit,
3101 2501 3332 2555 tametsi
3354 2502 3532 2556 meri-

1887 2575 2076 2623 torum
2115 2586 2374 2624 meorum
2391 2585 2569 2640 pensa
2586 2569 2919 2638 reluctetur,
2941 2587 3040 2640 per
3070 2572 3532 2626 misericordiam

1888 2641 2069 2694 nostri
2103 2641 2505 2707 Redemptoris
2536 2641 2902 2694 excedentem
2924 2642 3138 2703 omnia,
3194 2647 3413 2701 vestrm,
3463 2648 3531 2696 ut

1889 2726 2081 2791 spero,
2110 2712 2179 2790 de
2207 2728 2296 2790 me
2320 2711 2589 2791 hauriant
2605 2711 3014 2791 adhucaures,
3038 2713 3191 2791 quod
3217 2712 3271 2767 in
3302 2728 3531 2791 magna:

1890 2782 2320 2844 consolationis,
2355 2782 2412 2834 in
2447 2798 2669 2853 magna:
2702 2782 2822 2853 spei
2859 2782 3244 2852 patrocinium
3277 2782 3438 2837 vobis
3470 2789 3529 2838 et

1890 2852 2134 2906 Colonia:
2157 2857 2356 2906 vestrae
2379 2857 2510 2906 ante
2534 2852 2718 2906 Deum
2743 2852 3192 2923 proficiat.Fidei
3215 2871 3330 2907 sua":
3348 2870 3524 2923 spon-

1891 2923 2113 2978 sionem
2147 2939 2321 2993 super
2353 2923 2456 2976 hac
2479 2940 2538 2978 re
2583 2923 2830 2993 singulis
2859 2923 2910 2977 ei
2941 2923 3240 2988 dantibus,
3275 2925 3528 2978 dicesse-

1893 2999 2046 3074 runt.
2087 2994 2181 3048 llle
2209 3010 2342 3073 vero
2367 2995 2584 3074 sensim
2617 2994 2954 3074 recolligens
2977 2994 3528 3074 vires,debilitatem

1895 3065 2051 3119 illam
2086 3065 2345 3136 corporis
2366 3069 2567 3126 evasit,
2589 3064 2931 3120 memoriam
2954 3069 3148 3119 autem
3173 3064 3380 3119 mentis
3415 3082 3531 3120 non

1892 3153 2018 3190 eam
2047 3153 2223 3206 quam
2248 3139 2400 3198 ante,
2427 3152 2527 3206 per
2547 3136 2786 3206 longum
2813 3142 3041 3206 tempus
3057 3136 3287 3206 assequi
3310 3136 3491 3190 valuit
3515 3154 3526 3190 :

1891 3206 1972 3260 ita
2001 3207 2070 3260 ad
2107 3206 2345 3260 visionis
2371 3206 2527 3261 illius
2561 3207 2924 3276 majestatem
2947 3207 3273 3272 exterritus,
3297 3212 3352 3261 et
3374 3211 3534 3261 extra

1889 3294 1949 3331 se
1983 3278 2170 3331 factus
2201 3283 2340 3330 erat.
2371 3277 2427 3330 id
2461 3294 2527 3330 ex
2553 3294 2617 3332 eo
2651 3277 2932 3340 innuitur,
2955 3278 3108 3346 quod
3133 3293 3265 3331 cum
3288 3277 3424 3331 olim
3459 3278 3532 3332 ab

1892 3348 2179 3418 Egilberto
2197 3348 2667 3401 Mindonensium
2685 3349 2955 3417 episcopo
2981 3349 3297 3417 quamdam
3329 3364 3530 3417 perpe-

1890 3424 1988 3472 tuo
2003 3418 2308 3472 dicendam
2333 3421 2633 3472 confessor
2662 3418 2712 3471 ei
2745 3419 2927 3471 factus
2960 3418 3279 3487 accepisset
3316 3420 3530 3471 oratio-

1890 3489 2263 3558 nem,adejus
2285 3488 2552 3542 notitiam
2577 3487 2734 3541 nullo
2779 3493 2998 3557 poterat
3043 3487 3272 3555 ingenio
3318 3488 3531 3556 pertin-

1888 3575 2041 3631 gere,
2075 3557 2254 3613 donec
2269 3559 2500 3612 directis
2523 3559 2591 3631 ad_
2616 3575 2747 3612 eum
2773 3557 2999 3631 litteris,
3025 3558 3286 3612 ordinem
3303 3560 3428 3627 ejus
3462 3574 3533 3613 ex

1889 3628 2302 3697 rescriptorum
2335 3629 2707 3682 annotatione
2737 3628 3051 3697 colligeret.

1958 3699 2145 3754 XXVI.
2187 3701 2452 3754 Visionem
2479 3700 2697 3753 cuidam
2725 3715 2818 3753 suo
2845 3699 3123 3768 familiari
3150 3700 3390 3768 exponit.
3419 3701 3526 3753 Ex-

1884 3773 2076 3895 positio
2105 3771 2240 3840 ejus.
2278 3771 2388 3850 (2Q)
2417 3771 2546 3824 Jam
2579 3770 3028 3850 Septuagesimae
3061 3769 3286 3849 diebus,
3321 3770 3528 3854 inqui-

1931 3859 1996 3895 us
2028 3842 2145 3894 haec
2183 3843 2390 3895 obtigit
2437 3840 2728 3895 revelatio.
2783 3839 3325 3895 Ouadragesmiales
3376 3844 3528 3895 lenae

1931 3859 1996 3895 us
2028 3839 2145 3894 haec
2183 3839 2390 3912 obtigit
2437 3839 2728 3912 revelatio.
2783 3839 3325 3912 Quadragesimales
3376 3839 3529 3896 feriae

1887 3917 2272 3973 succeserant,
2301 3909 2357 3966 et
2413 3909 2659 3968 dilectus
2702 3911 2928 3966 Domini
2978 3909 3274 3982 prmterita:
3317 3912 3533 3967 valetu-

1885 3982 2038 4037 dinis
2059 3983 2349 4036 defectum
2366 3983 2610 4037 necdum
2633 3983 2794 4053 plene
2817 3987 3188 4052 superaverat
3220 3998 3390 4053 :cum
3437 3999 3530 4036 ec-

1885 4069 1949 4108 ce
1973 4053 2195 4124 positus
2218 4054 2275 4107 in
2310 4054 2500 4124 quiete
2523 4052 2710 4108 noctis
2731 4054 3058 4124 cujusdam,
3078 4052 3373 4124 somnium
3408 4069 3531 4106 suae

1887 4123 2234 4179 felicissima}
2254 4123 2657 4178 diesolutionis
2677 4139 3022 4195 praesagum,
3043 4123 3100 4176 in
3117 4123 3272 4178 hunc
3287 4124 3530 4195 modum

1887 4195 2108 4265 aspexit
2139 4212 2152 4248 :
2188 4196 2359 4250 Visus
2390 4200 2478 4249 est
2499 4196 2610 4250 sibi
2631 4194 3232 4266 domum’quamdam,
3255 4194 3534 4250 omnide-

1887 4282 2015 4321 core
2045 4266 2203 4321 intus
2233 4270 2290 4320 et
2320 4267 2459 4320 foris
2488 4265 2975 4337 resplendentem,
3011 4265 3226 4320 intrare
3252 4282 3264 4318 ε
3290 4270 3346 4320 et
3401 4282 3534 4322 ecce

1888 4338 1944 4391 in
1977 4337 2269 4392 subselliis
2286 4336 2985 4407 judicialib’us,tanquam
3009 4337 3078 4391 ad
3101 4336 3412 4391 concilium
3437 4353 3532 4391 so-

1886 4407 2155 4463 lemniter
2184 4407 2422 4476 evocati,
2447 4409 2780 4462 residebant
2802 4407 3138 4463 Heribertus
3169 4407 3534 4462 Coloniensis

1814 4477 1859 4542 D
1890 4479 2382 4559 archiepiscopus,
2418 4479 3012 4559 Barquoguntinus
3035 4478 3532 4559 archiepiscopus,

1894 4549 2103 4628 Boppo'
2117 4557 2172 4604 et
2182 4549 2561 4628 Everhardus
2574 4549 2849 4628 _Trev.iren
2858 4566 2952 4604 ses
2967 4549 3403 4628 archiepiscopi,
3425 4551 3532 4628 ᾼΓ-

1893 4618 2148 4692 nulphus
2181 4621 2621 4692 Wormatiensis
2641 4621 2969 4691 epiSOOpus,
2995 4624 3061 4692 et
3089 4618 3184 4692 alii
3227 4618 3536 4692 quamplu-

1892 4709 1983 4746 res
1999 4690 2336 4748 'Galliarum
2368 4691 2641 4762 episcopi,
2675 4690 2925 4762 quorum
2957 4690 3100 4762 alios
3130 4690 3254 4760 ipse
3290 4690 3343 4744 in
3360 4707 3534 4746 carne

1889 4768 2142 4830 noverat,
2167 4763 2310 4817 alios
2332 4763 2486 4816 fama
2506 4761 2732 4817 tantum
2751 4763 2838 4832 vel
2863 4761 3488 4832 lectionecompererat
3509 4778 3523 4816 :

1888 4834 2084 4889 amicti
2115 4850 2317 4888 omnes
2349 4833 2513 4888 stolis
2544 4831 3066 4904 pontiﬁcalibus,et
3113 4831 3532 4904 habenteshve-

1888 4912 2034 4960 stem
2070 4906 2252 4959 instar
2283 4905 2428 4958 nivis
2451 4902 2775 4958 candidam.
2803 4904 2930 4974 Ipse
2977 4919 3208 4974 quoque
3263 4902 3531 4974 candidis

1888 4977 2204 5030 admodum
2239 4981 2411 5047 atque
2445 4976 2707 5047 pretiosis
2741 4973 3009 5047 vestibus,
3037 4973 3280 5028 indutus
3303 4973 3412 5047 sibi
3444 4973 3528 5027 vi-

1889 5048 2172 5102 debatur:
2231 5045 2333 5101 sed
2379 5045 2599 5117 partem
2658 5045 2958 5100 candentis
3006 5045 3358 5117 vestimenti,
3401 5060 3530 5100 eam

1890 5117 2128 5185 scilicet,
2164 5136 2280 5188 qua
2313 5116 2510 5187 pectus
2543 5118 2859 5188 tegebatur,
2895 5116 3133 5171 sordida
3163 5117 3428 5188 quaedam
3465 5133 3531 5171 ac

1891 5190 2036 5243 fzeda
2061 5185 2245 5260 caligo
2264 5185 2688 5260 obduxeratfac
2710 5188 3183 5260 caeterumcultus
3195 5187 3320 5255 ejus
3339 5185 3532 5256 splen-

1888 5260 2086 5314 dorem
2120 5257 2226 5314 sua
2262 5260 2515 5314 fceditatc
2561 5259 2878 5330 plurimum
2923 5257 3285 5330 offuscahat:
3345 5272 3522 5327 quam

1888 5335 2083 5385 tamen
2111 5330 2234 5401 ipse
2267 5331 2445 5402 nimio
2479 5329 2688 5386 rubore
2736 5330 3025 5402 perlusus,
3056 5329 3299 5402 gobjecta
3346 5344 3526 5402 manu

1890 5417 2086 5472 regere
2113 5398 2177 5455 ac
2210 5401 2413 5468 celare,
2449 5419 2519 5473 ne
2544 5398 2976 5473 inspicientium
3009 5398 3527 5473 offenderet‘obtu-

1887 5469 2033 5538 tum,
2067 5473 2415 5544 conabatur.
2436 5472 2614 5544 iVidit
2641 5469 2913 5544 praeterea
2952 5473 3100 5526 inter
3121 5485 3218 5524 eos
3247 5469 3527 5540 sibiquo-

1887 5559 1999 5616 que
2029 5542 2391 5628 sedem‘omiri
2416 5542 2948 5628 decoris—paratam.
2973 5561 2984 5599 :
3009 5557 3184 5614 quam
3206 5556 3338 5596 cum
3363 5556 3530 5628 oceu-

1886 5612 2041 5690 pare,
2075 5612 2287 5688 gaudio
2318 5617 2375 5671 et
2419 5612 2806 5675 exsultatione
2853 5612 3127 5683 metuens,
3169 5615 3524 5689 properaret,
