4062 5508
232 501 267 508 ..
328 494 863 507 __...._._...._.....t--
927 487 1655 501 ..___.._....._...__._.._.._..-
1752 484 2089 497 .._...--_.--.-..
2144 486 2269 491 μ.--
2342 483 2736 495 M..-.__-._...___._
2794 485 2831 497 κ
2878 484 2939 495 ,η
2996 486 3009 496 ,
3132 478 3289 491 κα..-

1486 614 1653 659 ANNO
1698 610 1930 657 DOMINI
1972 613 2145 656 )ILIV.

519 785 1673 1025 nithNNrs
1873 716 3138 1023 CONTﬂlCTUS

1350 1122 1731 1186 MONACHUS
1769 1123 2008 1185 AUGle
2056 1123 2323 1180 DlVlTlS.

211 1303 711 1400 NOTITIA
789 1298 1436 1393 HISTORICA
1554 1298 1678 1385 IN
1753 1290 2528 1426 HERMANNUM
2603 1254 3450 1386 CONTBACTUM.

476 1492 588 1567 (Ex
604 1490 814 1550 Joanne
850 1491 1057 1563 Egone,
1089 1487 1183 1545 lib.
1214 1487 1292 1542 De
1320 1487 1443 1541 uiris
1475 1483 1768 1540 illustribus
1795 1482 1980 1554 Augite
2005 1482 2215 1549 Divitis,
2244 1482 2381 1553 apud
2408 1482 2537 1549 Pez,
2572 1482 2829 1537 Thesmtr.
2852 1482 2892 1549 1,
2920 1499 3001 1550 m,
3031 1483 3183 1557 688.)

1734 1658 2072 1681 ο--ι-ι-ά

270 1786 615 1879 Bel-manuus
643 1816 967 1875 Contractus
991 1815 1093 1887 (sic
1121 1830 1153 1870 a
1188 1813 1556 1870 membrorum
1586 1808 1783 1866 debili-
1818 1794 1870 1855 Α
1897 1801 2148 1877 scripsit;
2185 1817 2241 1861 et
2281 1807 2498 1863 demum
2540 1815 2894 1880 posteaquam
2935 1811 3227 1869 virtutibus
3263 1816 3482 1884 quidem

213 1924 310 1971 tate
338 1913 612 1983 vocatus),
637 1909 926 1982 Augicnsis
953 1906 1188 1964 emnobii
1223 1904 1500 1976 singulare
1535 1902 1701 1958 decus
1739 1908 1794 1957 et
1897 1897 2148 1955 omnibus
2173 1898 2389 1971 egregie
2420 1896 2672 1968 invaluit,
2703 1915 2929 1969 corpore
2957 1911 3135 1959 tamen
3159 1906 3248 1962 vix
3284 1907 3482 1966 debilia

213 2006 366 2061 totius
402 2003 751 2060 Benedictini
782 2000 990 2057 ordinis
1018 1992 1617 2063 lucidissimumjnbar,
1651 2007 1795 2047 anno

216 2097 401 2152 Christi
429 2095 596 2158 lOl5,
626 2110 694 2147 xv
727 2091 846 2148 Kal.
898 2090 1147 2162 Augusti,
1172 2098 1328 2158 patre
1354 2096 1513 2142 natus
1543 2093 1628 2139 est
1650 2080 1795 2137 ιγυιο

211 2187 411 2257 ferado,
432 2187 640 2242 comite
665 2183 1003 2257 Veringensi,
1021 2191 1193 2237 matre
1214 2187 1395 2234 autem
1422 2177 1682 2233 lliltrudc.
1702 2173 1800 2230 llic

210 2293 335 2345 puer
379 2256 432 2332 in
474 2276 709 2346 Augiam
751 2256 964 2336 ductus,
999 2287 1122 2326 cum
1157 2269 1312 2333 bona:
1343 2267 1561 2338 quidem
1605 2264 1801 2320 indolis

215 2376 368 2430 esset,
390 2365 675 2436 ingenium
701 2373 882 2418 tamen
904 2346 1110 2424 radius.
1130 2357 1431 2427 litterisque
1456 2354 1800 2411 addiscendis

216 2455 381 2510 minus
418 2455 681 2509 idoneum
719 2460 979 2523 expertus
1011 2460 1113 2505 est.
1146 2449 1326 2517 Quare
1362 2447 1533 2502 beata:
1562 2442 1801 2513 Virginis

214 2564 384 2618 opem,
411 2547 577 2617 cujus
606 2545 864 2618 singulari
902 2543 1205 2615 patrocinio
1234 2543 1345 2612 jam
1386 2554 1446 2597 se
1474 2538 1682 2612 pridem
1711 2537 1803 2591 de-

218 2648 451 2704 voverat,
486 2638 793 2694 inclamare
816 2636 1003 2706 coepit,
1037 2650 1157 2704 qua:
1187 2632 1396 2688 felicius
1424 2629 1698 2702 ingenium
1726 2626 1805 2682 illi

217 2730 544 2800 quantocius
573 2714 901 2798 impetravit.
938 2716 1076 2781 illinc
1102 2722 1251 2778 brevi
1288 2732 1527 2792 tempore
1561 2719 1803 2803 linguam

149 2845 157 2850 ν
218 2820 475 2887 Latinam,
515 2819 761 2877 Grazcam
788 2815 1186 2886 Arabieamqne
1213 2816 1284 2868 ita
1316 2812 1556 2885 perfecte
1590 2809 1803 2866 addidi-

217 2911 305 2975 cit,
334 2919 392 2966 ut
421 2905 733 2982 quamlibet
764 2922 949 2963 carum
983 2905 1145 2962 veluti
1187 2900 1528 2960 vernaculam
1567 2916 1805 2972 pronun-

222 3003 392 3058 liaret.
424 3000 603 3057 Poeta
634 2999 717 3056 sui
745 2999 1005 3070 temporis
1035 2996 1138 3052 fuit
1168 2994 1481 3068 praeclarus,
1510 2992 1806 3049 historicus

213 3093 523 3160 excellens,
581 3092 827 3147 musicus
878 3089 1136 3161 insignis,
1190 3086 1546 3160 philosophus
1601 3083 1807 3140 theolo-

214 3200 412 3255 gusque
466 3192 765 3255 praestans,
821 3181 1240 3237 mathematicus
1273 3177 1621 3235 doctissimus
1654 3190 1807 3244 teque

223 3292 284 3331 ac
327 3276 829 3351 ingeniosissimus,
865 3275 938 3331 ita
991 3283 1052 3329 ut
1090 3274 1303 3331 laudem
1351 3271 1428 3326 illi
1481 3279 1607 3325 tunc
1646 3282 1806 3323 uenio

221 3369 564 3442 praeripuisse
591 3369 860 3425 videatur.
886 3362 1060 3423 Tanta
1083 3352 1226 3421 enim
1259 3361 1458 3435 ingenii
1484 3360 1809 3417 dexteritate

224 3460 284 3514 de
324 3460 632 3517 astrolabio
673 3459 914 3529 scripsit,
944 3467 1063 3513 uta
1095 3456 1278 3511 multis
1322 3453 1491 3525 ipsius
1529 3450 1808 3508 astrolabii

228 3555 472 3611 inventor
514 3556 835 3611 haberetur.
882 3551 1196 3621 Composuit
1241 3549 1415 3621 primo
1459 3562 1649 3620 magna
1685 3562 1809 3602 cum

225 3646 496 3718 diligentia
524 3646 843 3701 Cbronicon
885 3644 1225 3699 succinctum
1264 3650 1319 3695 et
1348 3638 1502 3695 valde
1537 3646 1811 3710 apertum,

225 3740 358 3807 quod
398 3738 469 3792 ab
510 3738 744 3792 exordio
786 3736 973 3791 mundi
1007 3735 1077 3790 ad
1103 3748 1280 3791 :evum
1314 3747 1484 3803 usque
1528 3747 1706 3795 suum,
1742 3732 1810 3786 ad

1900 1987 2145 2045 membra
2176 1999 2488 2046 sustentans
2516 1991 2756 2047 animam
2782 1992 3027 2049 Creatori
3057 2009 3177 2062 suo,
3210 2000 3297 2053 cui
3324 2002 3485 2056 unica

1901 2080 1955 2136 in
2005 2081 2107 2137 hac
2145 2082 2250 2135 vita
2288 2080 2504 2153 placere
2549 2083 2787 2148 studuit,
2834 2083 3065 2140 reddidit
3108 2096 3230 2156 post
3268 2098 3484 2159 partum

1902 2173 2142 2244 Virginis
2169 2188 2313 2230 anno
2348 2174 2500 2237 1054,
2530 2184 2586 2231 et
2616 2176 2668 2230 in
2700 2177 2905 2246 prmdio
2942 2186 3227 2249 parentum
3264 2195 3489 2238 suorum

1902 2263 2241 2320 Adclsbusen
2270 2264 2561 2320 translatus
2589 2276 2691 2321 est.

1885 2415 1889 2419 _
1974 2355 2216 2412 Tametsi
2248 2370 2378 2412 vero
2423 2356 2510 2412 bic
2546 2356 2855 2428 prolubium
2896 2358 3029 2429 mihi
3057 2369 3203 2419 esset
3229 2377 3487 2433 superse~

1904 2447 2033 2503 dere
2079 2449 2582 2507 concertationibus
2616 2467 2723 2507 non
2765 2449 3112 2520 necessariis,
3142 2454 3268 2525 quia
3308 2463 3490 2515 tamen

1904 2540 2148 2609 quotidie
2185 2540 2278 2596 alii
2308 2550 2472 2613 atque
2501 2542 2594 2597 alii
2625 2543 2884 2600 historias
2919 2558 3086 2611 novas
3116 2561 3332 2617 semper
3356 2549 3496 2609 scri-

1905 2631 2061 2699 bunt,
2100 2631 2298 2703 quibus
2342 2648 2441 2704 pro
2481 2633 2750 2688 arbitratu
2792 2649 2891 2690 suo
2938 2636 3237 2703 sententias
3275 2638 3496 2708 quasvis

1905 2724 2073 2778 ctiam
2120 2724 2410 2781 manifeste
2452 2724 2616 2782 falsas
2663 2727 2731 2782 ad
2776 2727 3119 2786 rumusculos
3169 2730 3351 2800 populi
3398 2745 3493 2788 ca-

1908 2815 2138 2885 ptandos
2184 2817 2493 2883 venditant,
2530 2820 2785 2876 existimo
2829 2821 3002 2877 satius
3048 2820 3287 2881 futurum
3336 2825 3383 2881 si
3429 2839 3495 2881 ea

1909 2904 2119 2972 saltem,
2145 2923 2264 2976 quae
2281 2908 2346 2963 de
2375 2907 2684 2964 llermanno
2711 2920 2902 2969 nostm
2924 2912 2992 2967 ab
3026 2913 3093 2969 iis
3120 2913 3256 2971 falso
3285 2925 3496 2973 asserta

1909 3005 2054 3062 sunt,
2100 2998 2262 3054 etiam
2301 3015 2463 3070 quam
2508 3000 2828 3059 brevissime
2855 3004 3174 3073 rel'utarem,
3203 3024 3293 3074 ne,
3327 3009 3373 3065 si
3406 3018 3493 3065 ta-

1910 3101 2112 3155 cerem,
2142 3088 2347 3145 nullum
2372 3101 2690 3162 argumenta
2724 3102 2912 3149 nostra
2943 3096 3129 3162 robur,
3153 3112 3261 3169 quo
3284 3109 3499 3159 nosmet

1835 3154 1881 3214 Β
1909 3191 2031 3232 cum
2052 3154 2345 3237 Contracta
2373 3154 2668 3251 tueremur,
2693 3184 2839 3239 credi
2862 3195 3085 3255 possent
3110 3154 3333 3246 babere.

1983 3266 2316 3326 Tritbemius
2340 3272 2590 3344 proinde,
2614 3275 2900 3332 monachis
2918 3275 3282 3348 Augieusibus
3307 3280 3502 3341 imme-

1911 3358 2017 3415 rito
2070 3360 2329 3437 iniquior,
2379 3363 2626 3435 pluribus
2671 3365 2806 3427 locis
2858 3369 3076 3439 scripsit
3128 3368 3540 3443 Hermannum,

1914 3462 2159 3510 nostrum
2189 3454 2632 3515 San-Gallcnsem
2678 3457 2864 3528 fuisse,
2903 3475 3063 3531 quem
3103 3463 3219 3534 ejus
3258 3479 3504 3523 errorem

1918 3542 2010 3598 alii
2056 3546 2231 3602 secuti
2276 3547 2331 3603 in
2382 3548 2653 3619 turpiores
2689 3550 2855 3607 etiam
2889 3552 3027 3624 lapsi
3068 3565 3214 3614 sunt.
3262 3557 3396 3616 Nam
3444 3567 3506 3616 ut

1915 3644 2236 3706 conceptam
2254 3638 2420 3694 semel
2446 3639 2630 3696 animo
2648 3639 2842 3697 falsam
2867 3644 3175 3714 opinionem
3202 3657 3504 3719 tuerentur,

1918 3740 2165 3783 asserere
2206 3730 2324 3785 ausi
2361 3739 2489 3787 sunt
2518 3730 2862 3803 Helpericum
2907 3734 2968 3791 ὃ.
3002 3735 3166 3803 Galli,
3213 3745 3507 3815 casteroqui

226 3842 422 3883 annum
458 3843 664 3898 nempe
697 3825 902 3883 Christi
932 3825 1094 3891 1054,
1138 3821 1413 3895 perduxit,
1444 3823 1591 3894 quod
1621 3823 1816 3894 sapius
1891 3817 2345 3876 eruditissimum
2383 3824 2709 3880 monachum
2731 3864 2746 3892 ,
2782 3823 3078 3883 Hermanni
3116 3840 3505 3901 praeceptorem

231 3916 552 3988 impressum
580 3917 799 3972 auctius
824 3915 895 3971 ab
921 3915 1154 3972 llenrico
1174 3914 1394 3971 Canisio
1424 3922 1555 3970 tum.
1589 3914 1604 3968 l
1631 3915 1815 3984 Antiq.
1888 3935 1891 3938 ·
1921 3909 2090 3967 fuisse
2118 3926 2185 3969 ac
2214 3913 2564 3986 magistrum;
2594 3916 2753 3987 eique
2791 3932 2822 3973 e
2861 3918 2973 3974 vita
3010 3920 3228 3976 abeunti
3269 3923 3322 3977 in
3364 3925 3506 3980 San-

232 4006 377 4064 Lect.
422 4010 639 4064 editum
688 4016 795 4074 est,
845 4008 1217 4078 insertumque
1262 4015 1391 4062 tom.
1442 4004 1513 4061 Xl
1560 4005 1814 4061 Biblioth.
1920 4000 2159 4059 Gallensi
2178 4004 2460 4074 gymnasio
2481 4003 2852 4062 llermannum
2875 4009 3511 4079 substitutum,utnimi-

232 4096 481 4164 Patrnm;
516 4101 588 4155 de
612 4100 817 4155 musica
846 4098 934 4155 lib.
961 4115 1010 4167 1;
1035 4101 1112 4156 De
1141 4098 1509 4155 monocbordo
1539 4097 1631 4153 lib.
1667 4116 1711 4166 ι;
1746 4099 1821 4154 De
1923 4106 2064 4158 rum,
2095 4092 2140 4147 si
2167 4095 2348 4150 umnia
2384 4103 2494 4150 tam
2530 4095 2671 4163 belle
2696 4098 3052 4163 convenirent
3080 4107 3242 4170 atque
3271 4103 3511 4163 cohaere-

230 4189 525 4266 eclipsibus
571 4191 668 4245 lib.
700 4207 751 4256 t;
802 4190 876 4245 De
923 4193 1251 4261 quadratum
1290 4189 1477 4246 circuli
1521 4190 1619 4247 lib.
1653 4208 1701 4257 t;
1747 4191 1823 4245 De
1926 4191 2067 4248 rem.
2116 4198 2275 4240 nemo
2318 4185 2548 4256 amplius
2588 4185 2881 4243 Hermanni
2933 4191 3314 4248 monacbatum
3366 4184 3509 4251 San-

238 4292 488 4361 computo
506 4281 608 4336 lib.
644 4297 690 4344 ις
718 4280 793 4335 De
825 4281 1357 4362 pliysiogttomia_lib.
1387 4297 1438 4348 ις
1467 4281 1545 4338 De
1571 4281 1823 4339 conﬂictu
1926 4274 2234 4333 Gallensem
2274 4278 2328 4334 in
2366 4279 2588 4336 dubium
2632 4288 3149 4349 revocareazedum
3195 4288 3512 4362 impugnare

239 4372 729 4441 rbytbmomacbiae
764 4370 859 4449 lib.
908 4387 957 4435 I;
1004 4372 1080 4428 De
1123 4371 1457 4427 astronomia
1492 4382 1826 4429 commenta-

240 4461 369 4528 rius,
387 4472 447 4519 et
475 4462 551 4518 de
582 4461 979 4532 compositione
1017 4462 1294 4521 astrolabii
1328 4462 1418 4516 lib.
1440 4478 1542 4541 in;
1572 4463 1647 4518 De
1677 4463 1823 4518 utili-

1933 4378 2184 4427 tentaret.
2210 4370 2289 4429 Ne
2313 4383 2495 4429 autem
2517 4374 2708 4432 videar
2731 4376 2937 4433 nullum
2966 4377 3192 4450 hujusce
3216 4383 3513 4439 commenti

1930 4470 2211 4519 auctorem
2239 4464 2413 4521 citare
2441 4481 2620 4537 posse,
2634 4467 2801 4539 jubeo
2824 4469 3080 4527 lectorem
3103 4468 3291 4529 Jacobi
3316 4469 3510 4531 ΜεριῙὶ

240 4561 341 4610 tate
380 4554 675 4610 astrolabii
716 4554 810 4609 lib.
854 4570 902 4620 I;
947 4554 1023 4610 De
1066 4555 1203 4635 Vitis
1243 4538 1478 4624 plurium
1514 4565 1824 4611 sanctorum
1851 4536 1898 4601 C
1929 4553 2168 4611 libellum
2216 4557 2290 4613 De
2318 4536 2586 4629 episcopis
2620 4536 3137 4621 Constantiensibus
3182 4563 3510 4624 Germanico

238 4644 327 4698 lib.
382 4661 432 4711 ις
504 4644 784 4700 Historias
851 4647 963 4702 sive
1032 4644 1208 4703 cilicia
1264 4646 1708 4702 Annuntiationis
1758 4648 1820 4701 Β.

240 4734 467 4807 Virginis
490 4745 550 4791 ct
574 4735 633 4789 S.
658 4734 843 4790 Mariae
894 4735 1253 4807 Magdalente;
1310 4736 1601 4792 Historiam
1652 4736 1819 4791 etiam

241 4826 302 4878 de
344 4825 445 4881 SS.
484 4826 721 4897 angelis,
766 4828 1072 4896 sequentias
1106 4828 1182 4894 de
1222 4827 1541 4883 ascensione
1589 4826 1825 4896 Domini,

240 4915 344 4972 Rex
377 4918 736 4988 omnipotens,
769 4927 899 4984 etc.;
938 4919 1014 4976 De
1041 4921 1428 4991 Assumptione
1469 4919 1530 4974 Β.
1570 4921 1822 4991 Virginis,

244 5012 363 5076 Are,
392 5009 660 5081 pra'claru
684 5012 851 5065 maris
885 5010 1072 5078 Stella,
1100 5022 1232 5079 etc.;
1261 5016 1336 5070 De
1366 5015 1573 5085 Spiritu
1595 5024 1783 5071 sancto
1808 5033 1822 5071 :

255 5095 400 5168 Veni,
445 5108 635 5154 sancte
675 5097 925 5169 Spiritus,
960 5114 1008 5157 et
1043 5106 1220 5159 emitte
1256 5105 1476 5162 celius.
1520 5105 1828 5176 Responso-

245 5189 402 5257 rium,
452 5190 652 5250 Simon
710 5190 975 5261 Barjoun,
1016 5206 1144 5265 etc.;
1178 5199 1495 5269 sequentias
1544 5206 1828 5267 praeterea,

1933 4645 2191 4707 idiomate
2231 4650 2458 4705 editum
2516 4651 2704 4717 adire.
2773 4653 2863 4710 ubi
2926 4655 3014 4711 ille
3076 4655 3218 4713 hanc
3278 4659 3515 4715 fabulam

1930 4738 2184 4803 rotunde,
2213 4737 2389 4810 deque
2416 4742 2648 4798 veritate
2672 4743 2792 4814 ejus
2819 4745 2954 4801 nihil
2981 4746 3243 4805 sollicitus
3266 4760 3515 4817 enarrat,

1932 4836 2153 4900 tamque
2176 4843 2382 4888 certam
2408 4844 2464 4891 et
2492 4843 2674 4891 notam
2706 4837 3003 4905 existimat,
3034 4847 3093 4894 ut
3114 4839 3279 4896 etiam
3309 4841 3515 4898 nullum
3550 4913 3557 4917 .

1929 4936 2029 4993 pro
2053 4935 2114 4979 se
2141 4938 2319 4996 neque
2342 4937 2722 4999 argumentum
2749 4945 2926 5002 neque
2954 4940 3234 4990 auctorem
3259 4936 3516 4995 adducat.

1936 5011 2090 5072 Unde
2137 5006 2268 5074 vero
2313 5019 2457 5077 hunc
2498 5034 2741 5076 errorem
2791 5024 3054 5091 hauserit,
3094 5025 3231 5087 mihi
3278 5028 3516 5089 nondum

1933 5104 2121 5178 liquet.
2145 5106 2401 5180 Optarem
2423 5124 2555 5164 vero
2571 5118 2629 5164 ut
2648 5114 2946 5184 scriptores
2968 5124 3027 5171 et
3052 5115 3360 5178 historiculi
3384 5116 3521 5175 tales

1934 5212 2056 5267 qua:
2091 5199 2195 5256 sibi
2235 5201 2570 5273 incomperta
2604 5212 2731 5258 sunt
2769 5204 2986 5262 silentio
3021 5210 3383 5278 praeterirent,
3420 5225 3524 5265 nec

251 5282 629 5372 responsorias
679 5283 1087 5358 cantilenasque
1123 5288 1384 5360 plurimas
1423 5287 1668 5353 dictavit,
1695 5304 1832 5360 quas
1934 5305 2058 5345 cum
2094 5300 2247 5349 tanto
2271 5295 2505 5351 aliorum
2533 5296 2847 5367 praeiudicio
2868 5312 3123 5372 magnam
3147 5300 3525 5359 vanibon'oris

252 5370 387 5418 into]-
423 5373 808 5418 epleherrimm
849 5386 901 5418 nt
947 5381 1039 5418 ιηιί
1088 5380 1343 5418 Ιΐιιηιοαςω
1382 5380 1544 5418 nlian
1588 5378 1735 5418 ἰιηιο
1776 5392 1828 5418 nl

2431 5392 2485 5418 Δ.
2532 5386 2670 5418 ηΠΙΙΙ¹
2722 5388 2934 5418 ξηΑΑᾌΛΩ
2981 5390 3228 5418 ..ηυξ-αλκ
3269 5383 3520 5418 ..ι-ιιρσθοζι
