  <div class='ocr_page' id='page_1' title='image "/cluster/home/n/w/nwhite01/storage/ocr_20150623/143/hvd.32044015471816/011.png"; bbox 0 0 4062 5508; ppageno 0'>
   <div class='ocr_carea' id='block_1_1' title="bbox 525 325 2133 425">
    <p class='ocr_par' dir='ltr' id='par_1_1' title="bbox 525 325 2133 425">
     <span class='ocr_line' id='line_1_1' title="bbox 525 325 2133 425; baseline 0.001 -8"><span class='ocrx_word' id='word_1_1' title='bbox 525 364 606 418; x_wconf 67' lang='lat' dir='ltr'><strong>i:</strong></span> <span class='ocrx_word' id='word_1_2' title='bbox 734 346 739 349; x_wconf 85' lang='grc'><em>’</em></span> <span class='ocrx_word' id='word_1_3' title='bbox 987 383 998 405; x_wconf 72' lang='grc' dir='ltr'><strong>ι</strong></span> <span class='ocrx_word' id='word_1_4' title='bbox 1362 357 1792 425; x_wconf 72' lang='lat' dir='ltr'><strong>llEmtAi‘iNUS</strong></span> <span class='ocrx_word' id='word_1_5' title='bbox 1830 325 2133 425; x_wconf 63' lang='lat' dir='ltr'><strong>conrasi</strong></span> 
     </span>
    </p>
   </div>
   <div class='ocr_carea' id='block_1_2' title="bbox 2231 325 3796 425">
    <p class='ocr_par' dir='ltr' id='par_1_2' title="bbox 2231 354 3796 425">
     <span class='ocr_line' id='line_1_2' title="bbox 2231 354 3796 425; baseline 0.003 -5"><span class='ocrx_word' id='word_1_6' title='bbox 2231 362 2289 420; x_wconf 62' lang='lat' dir='ltr'><strong>ES</strong></span> <span class='ocrx_word' id='word_1_7' title='bbox 2314 363 2630 419; x_wconf 64' lang='lat' dir='ltr'><strong>&#39;MONACII.</strong></span> <span class='ocrx_word' id='word_1_8' title='bbox 2671 354 2984 420; x_wconf 73' lang='lat' dir='ltr'><strong>AUGIENS.</strong></span> <span class='ocrx_word' id='word_1_9' title='bbox 3729 371 3796 425; x_wconf 64' lang='grc' dir='ltr'><strong><em>η</em></strong></span> 
     </span>
    </p>
   </div>
   <div class='ocr_carea' id='block_1_3' title="bbox 540 464 3791 555">
    <p class='ocr_par' dir='ltr' id='par_1_3' title="bbox 540 464 3791 555">
     <span class='ocr_line' id='line_1_3' title="bbox 540 464 3791 555; baseline 0.003 -24"><span class='ocrx_word' id='word_1_10' title='bbox 540 475 665 542; x_wconf 84' lang='lat' dir='ltr'><strong>rici,</strong></span> <span class='ocrx_word' id='word_1_11' title='bbox 697 485 792 531; x_wconf 89' lang='lat' dir='ltr'><strong>aut</strong></span> <span class='ocrx_word' id='word_1_12' title='bbox 832 476 998 546; x_wconf 85' lang='lat' dir='ltr'><strong>ipsius</strong></span> <span class='ocrx_word' id='word_1_13' title='bbox 1029 471 1346 544; x_wconf 87' lang='lat' dir='ltr'><strong>iiermanni,</strong></span> <span class='ocrx_word' id='word_1_14' title='bbox 1384 488 1477 533; x_wconf 91' lang='lat' dir='ltr'><strong>aut</strong></span> <span class='ocrx_word' id='word_1_15' title='bbox 1501 495 1566 534; x_wconf 83' lang='lat' dir='ltr'><strong>ex</strong></span> <span class='ocrx_word' id='word_1_16' title='bbox 1599 481 1863 551; x_wconf 81' lang='lat' dir='ltr'><strong>scriptura</strong></span> <span class='ocrx_word' id='word_1_17' title='bbox 1891 480 1993 536; x_wconf 87' lang='lat' dir='ltr'><strong>alia</strong></span> <span class='ocrx_word' id='word_1_18' title='bbox 2020 494 2112 534; x_wconf 82' lang='lat' dir='ltr'><strong>ve-</strong></span> <span class='ocrx_word' id='word_1_19' title='bbox 2144 478 2191 540; x_wconf 80' lang='grc' dir='ltr'>Α</span> <span class='ocrx_word' id='word_1_20' title='bbox 2222 476 2403 547; x_wconf 79' lang='lat' dir='ltr'><strong>igitur,</strong></span> <span class='ocrx_word' id='word_1_21' title='bbox 2434 478 2575 548; x_wconf 85' lang='lat' dir='ltr'><strong>quod</strong></span> <span class='ocrx_word' id='word_1_22' title='bbox 2619 478 2929 533; x_wconf 76' lang='lat' dir='ltr'><strong>meminisse</strong></span> <span class='ocrx_word' id='word_1_23' title='bbox 2971 487 3146 549; x_wconf 87' lang='lat' dir='ltr'><strong>potest</strong></span> <span class='ocrx_word' id='word_1_24' title='bbox 3170 464 3368 547; x_wconf 82' lang='lat' dir='ltr'><strong>lector,</strong></span> <span class='ocrx_word' id='word_1_25' title='bbox 3398 496 3558 552; x_wconf 82' lang='lat' dir='ltr'><strong>supra</strong></span> <span class='ocrx_word' id='word_1_26' title='bbox 3589 487 3791 555; x_wconf 81' lang='lat' dir='ltr'><strong>proba-</strong></span> 
     </span>
    </p>
   </div>
   <div class='ocr_carea' id='block_1_4' title="bbox 540 566 2120 642">
    <p class='ocr_par' dir='ltr' id='par_1_4' title="bbox 540 566 2120 642">
     <span class='ocr_line' id='line_1_4' title="bbox 540 566 2120 642; baseline 0 -19"><span class='ocrx_word' id='word_1_27' title='bbox 540 567 644 623; x_wconf 80' lang='lat' dir='ltr'><strong>teri</strong></span> <span class='ocrx_word' id='word_1_28' title='bbox 692 575 748 621; x_wconf 86' lang='lat' dir='ltr'><strong>et</strong></span> <span class='ocrx_word' id='word_1_29' title='bbox 818 566 1166 631; x_wconf 80' lang='lat' dir='ltr'><strong>authentica?</strong></span> <span class='ocrx_word' id='word_1_30' title='bbox 1225 566 1518 635; x_wconf 89' lang='lat' dir='ltr'><strong>Ostendat,</strong></span> <span class='ocrx_word' id='word_1_31' title='bbox 1573 569 1617 624; x_wconf 92' lang='lat' dir='ltr'><strong>si</strong></span> <span class='ocrx_word' id='word_1_32' title='bbox 1668 571 1809 641; x_wconf 88' lang='lat' dir='ltr'><strong>quod</strong></span> <span class='ocrx_word' id='word_1_33' title='bbox 1857 568 2120 642; x_wconf 83' lang='lat' dir='ltr'><strong>ejusmodi</strong></span> 
     </span>
    </p>
   </div>
   <div class='ocr_carea' id='block_1_5' title="bbox 542 657 2123 728">
    <p class='ocr_par' dir='ltr' id='par_1_5' title="bbox 542 657 2123 728">
     <span class='ocr_line' id='line_1_5' title="bbox 542 657 2123 728; baseline 0.001 -16"><span class='ocrx_word' id='word_1_34' title='bbox 542 657 761 728; x_wconf 82' lang='lat' dir='ltr'><strong>reperit,</strong></span> <span class='ocrx_word' id='word_1_35' title='bbox 793 664 848 714; x_wconf 90' lang='lat' dir='ltr'><strong>et</strong></span> <span class='ocrx_word' id='word_1_36' title='bbox 880 657 1129 713; x_wconf 78' lang='lat' dir='ltr'><strong>veritatis</strong></span> <span class='ocrx_word' id='word_1_37' title='bbox 1155 658 1366 713; x_wconf 83' lang='lat' dir='ltr'><strong>radium</strong></span> <span class='ocrx_word' id='word_1_38' title='bbox 1391 660 1548 715; x_wconf 89' lang='lat' dir='ltr'><strong>nobis</strong></span> <span class='ocrx_word' id='word_1_39' title='bbox 1569 676 1674 715; x_wconf 90' lang='lat' dir='ltr'><strong>non</strong></span> <span class='ocrx_word' id='word_1_40' title='bbox 1701 661 1955 725; x_wconf 87' lang='lat' dir='ltr'><strong>invideat,</strong></span> <span class='ocrx_word' id='word_1_41' title='bbox 1986 669 2043 715; x_wconf 91' lang='lat' dir='ltr'><strong>ut</strong></span> <span class='ocrx_word' id='word_1_42' title='bbox 2068 668 2123 714; x_wconf 89' lang='lat' dir='ltr'><strong>et</strong></span> 
     </span>
    </p>
   </div>
   <div class='ocr_carea' id='block_1_6' title="bbox 544 749 2122 821">
    <p class='ocr_par' dir='ltr' id='par_1_6' title="bbox 544 749 2122 821">
     <span class='ocr_line' id='line_1_6' title="bbox 544 749 2122 821; baseline 0.002 -19"><span class='ocrx_word' id='word_1_43' title='bbox 544 749 667 819; x_wconf 83' lang='lat' dir='ltr'><strong>ipsi,</strong></span> <span class='ocrx_word' id='word_1_44' title='bbox 714 749 857 821; x_wconf 90' lang='lat' dir='ltr'><strong>quod</strong></span> <span class='ocrx_word' id='word_1_45' title='bbox 898 763 1110 817; x_wconf 85' lang='lat' dir='ltr'><strong>aequum</strong></span> <span class='ocrx_word' id='word_1_46' title='bbox 1141 759 1248 816; x_wconf 75' lang='grc' dir='ltr'><strong>εει,</strong></span> <span class='ocrx_word' id='word_1_47' title='bbox 1293 750 1609 817; x_wconf 84' lang='lat' dir='ltr'><strong>credamus;</strong></span> <span class='ocrx_word' id='word_1_48' title='bbox 1650 752 1943 815; x_wconf 78' lang='lat' dir='ltr'><strong>siautem,</strong></span> <span class='ocrx_word' id='word_1_49' title='bbox 1979 749 2122 821; x_wconf 88' lang='lat' dir='ltr'><strong>quod</strong></span> 
     </span>
    </p>
   </div>
   <div class='ocr_carea' id='block_1_7' title="bbox 544 828 2124 916">
    <p class='ocr_par' dir='ltr' id='par_1_7' title="bbox 544 828 2124 916">
     <span class='ocr_line' id='line_1_7' title="bbox 544 828 2124 916; baseline 0.003 -23"><span class='ocrx_word' id='word_1_50' title='bbox 544 847 786 905; x_wconf 86' lang='lat' dir='ltr'><strong>autumo,</strong></span> <span class='ocrx_word' id='word_1_51' title='bbox 823 839 953 895; x_wconf 88' lang='lat' dir='ltr'><strong>nihil</strong></span> <span class='ocrx_word' id='word_1_52' title='bbox 990 839 1097 916; x_wconf 83' lang='lat' dir='ltr'><strong>tale</strong></span> <span class='ocrx_word' id='word_1_53' title='bbox 1136 830 1361 905; x_wconf 84' lang='lat' dir='ltr'><strong>invenit,</strong></span> <span class='ocrx_word' id='word_1_54' title='bbox 1389 841 1517 912; x_wconf 61' lang='lat' dir='ltr'><strong>Quid</strong></span> <span class='ocrx_word' id='word_1_55' title='bbox 1555 851 1660 897; x_wconf 89' lang='lat' dir='ltr'><strong>tam</strong></span> <span class='ocrx_word' id='word_1_56' title='bbox 1694 844 1950 898; x_wconf 73' lang='lat' dir='ltr'><strong>audacter</strong></span> <span class='ocrx_word' id='word_1_57' title='bbox 1978 828 2124 913; x_wconf 76' lang='lat' dir='ltr'><strong>quod</strong></span> 
     </span>
    </p>
   </div>
   <div class='ocr_carea' id='block_1_8' title="bbox 542 928 2125 1001">
    <p class='ocr_par' dir='ltr' id='par_1_8' title="bbox 542 928 2125 1001">
     <span class='ocr_line' id='line_1_8' title="bbox 542 928 2125 1001; baseline 0 -16"><span class='ocrx_word' id='word_1_58' title='bbox 542 930 719 986; x_wconf 83' lang='lat' dir='ltr'><strong>nescit</strong></span> <span class='ocrx_word' id='word_1_59' title='bbox 773 928 1040 986; x_wconf 79' lang='lat' dir='ltr'><strong>afﬁrmat?</strong></span> <span class='ocrx_word' id='word_1_60' title='bbox 1090 929 1196 986; x_wconf 89' lang='lat' dir='ltr'><strong>Sed</strong></span> <span class='ocrx_word' id='word_1_61' title='bbox 1245 932 1373 1001; x_wconf 89' lang='lat' dir='ltr'><strong>quid</strong></span> <span class='ocrx_word' id='word_1_62' title='bbox 1429 933 1679 989; x_wconf 78' lang='lat' dir='ltr'><strong>acerbius</strong></span> <span class='ocrx_word' id='word_1_63' title='bbox 1743 933 1796 989; x_wconf 92' lang='lat' dir='ltr'><strong>in</strong></span> <span class='ocrx_word' id='word_1_64' title='bbox 1855 933 2125 987; x_wconf 88' lang='lat' dir='ltr'><strong>hominem</strong></span> 
     </span>
    </p>
   </div>
   <div class='ocr_carea' id='block_1_9' title="bbox 543 1010 2126 1093">
    <p class='ocr_par' dir='ltr' id='par_1_9' title="bbox 543 1010 2126 1093">
     <span class='ocr_line' id='line_1_9' title="bbox 543 1010 2126 1093; baseline 0.001 -19"><span class='ocrx_word' id='word_1_65' title='bbox 543 1018 790 1088; x_wconf 87' lang='lat' dir='ltr'><strong>invebor,</strong></span> <span class='ocrx_word' id='word_1_66' title='bbox 821 1035 980 1093; x_wconf 86' lang='lat' dir='ltr'><strong>quem</strong></span> <span class='ocrx_word' id='word_1_67' title='bbox 1007 1020 1200 1091; x_wconf 83' lang='lat' dir='ltr'><strong>opinor</strong></span> <span class='ocrx_word' id='word_1_68' title='bbox 1227 1036 1413 1078; x_wconf 87' lang='lat' dir='ltr'><strong>errore</strong></span> <span class='ocrx_word' id='word_1_69' title='bbox 1444 1038 1542 1078; x_wconf 90' lang='lat' dir='ltr'><strong>suo</strong></span> <span class='ocrx_word' id='word_1_70' title='bbox 1570 1010 1703 1077; x_wconf 80' lang='lat' dir='ltr'><strong>nihil</strong></span> <span class='ocrx_word' id='word_1_71' title='bbox 1733 1023 1888 1078; x_wconf 90' lang='lat' dir='ltr'><strong>nobis</strong></span> <span class='ocrx_word' id='word_1_72' title='bbox 1917 1022 2126 1078; x_wconf 90' lang='lat' dir='ltr'><strong>incom-</strong></span> 
     </span>
    </p>
   </div>
   <div class='ocr_carea' id='block_1_10' title="bbox 545 1112 2124 1187">
    <p class='ocr_par' dir='ltr' id='par_1_10' title="bbox 545 1112 2124 1187">
     <span class='ocr_line' id='line_1_10' title="bbox 545 1112 2124 1187; baseline 0.003 -20"><span class='ocrx_word' id='word_1_73' title='bbox 545 1112 913 1179; x_wconf 90' lang='lat' dir='ltr'><strong>modaturum,</strong></span> <span class='ocrx_word' id='word_1_74' title='bbox 938 1115 1031 1169; x_wconf 86' lang='lat' dir='ltr'><strong>sed</strong></span> <span class='ocrx_word' id='word_1_75' title='bbox 1057 1113 1399 1184; x_wconf 83' lang='lat' dir='ltr'><strong>profuturum</strong></span> <span class='ocrx_word' id='word_1_76' title='bbox 1428 1116 1753 1184; x_wconf 88' lang='lat' dir='ltr'><strong>plurimum?</strong></span> <span class='ocrx_word' id='word_1_77' title='bbox 1776 1117 1830 1173; x_wconf 85' lang='lat' dir='ltr'><strong>Si</strong></span> <span class='ocrx_word' id='word_1_78' title='bbox 1856 1117 2000 1173; x_wconf 76' lang='lat' dir='ltr'><strong>enim</strong></span> <span class='ocrx_word' id='word_1_79' title='bbox 2025 1131 2124 1187; x_wconf 81' lang='lat' dir='ltr'><strong>ego</strong></span> 
     </span>
    </p>
   </div>
   <div class='ocr_carea' id='block_1_11' title="bbox 550 1204 2128 1277">
    <p class='ocr_par' dir='ltr' id='par_1_11' title="bbox 550 1204 2128 1277">
     <span class='ocr_line' id='line_1_11' title="bbox 550 1204 2128 1277; baseline 0.004 -20"><span class='ocrx_word' id='word_1_80' title='bbox 550 1204 927 1259; x_wconf 83' lang='lat' dir='ltr'><strong>demonstrare</strong></span> <span class='ocrx_word' id='word_1_81' title='bbox 965 1204 1306 1275; x_wconf 89' lang='lat' dir='ltr'><strong>liclpericum</strong></span> <span class='ocrx_word' id='word_1_82' title='bbox 1352 1206 1506 1277; x_wconf 87' lang='lat' dir='ltr'><strong>longe</strong></span> <span class='ocrx_word' id='word_1_83' title='bbox 1541 1216 1828 1277; x_wconf 82' lang='lat' dir='ltr'><strong>antequam</strong></span> <span class='ocrx_word' id='word_1_84' title='bbox 1863 1209 2128 1263; x_wconf 85' lang='lat' dir='ltr'><strong>llerman-</strong></span> 
     </span>
    </p>
   </div>
   <div class='ocr_carea' id='block_1_12' title="bbox 547 1294 2126 1372">
    <p class='ocr_par' dir='ltr' id='par_1_12' title="bbox 547 1294 2126 1372">
     <span class='ocr_line' id='line_1_12' title="bbox 547 1294 2126 1372; baseline 0.004 -26"><span class='ocrx_word' id='word_1_85' title='bbox 547 1309 649 1349; x_wconf 93' lang='lat' dir='ltr'><strong>nus</strong></span> <span class='ocrx_word' id='word_1_86' title='bbox 693 1295 746 1348; x_wconf 91' lang='lat' dir='ltr'><strong>in</strong></span> <span class='ocrx_word' id='word_1_87' title='bbox 792 1294 967 1350; x_wconf 88' lang='lat' dir='ltr'><strong>lucem</strong></span> <span class='ocrx_word' id='word_1_88' title='bbox 1015 1303 1176 1351; x_wconf 90' lang='lat' dir='ltr'><strong>natus</strong></span> <span class='ocrx_word' id='word_1_89' title='bbox 1215 1297 1318 1362; x_wconf 91' lang='lat' dir='ltr'><strong>sit,</strong></span> <span class='ocrx_word' id='word_1_90' title='bbox 1359 1306 1588 1354; x_wconf 88' lang='lat' dir='ltr'><strong>mortem</strong></span> <span class='ocrx_word' id='word_1_91' title='bbox 1630 1299 1849 1365; x_wconf 87' lang='lat' dir='ltr'><strong>obiisse,</strong></span> <span class='ocrx_word' id='word_1_92' title='bbox 1884 1296 2126 1372; x_wconf 83' lang='lat' dir='ltr'><strong>nunquid</strong></span> 
     </span>
    </p>
   </div>
   <div class='ocr_carea' id='block_1_13' title="bbox 534 1386 2126 1455">
    <p class='ocr_par' dir='ltr' id='par_1_13' title="bbox 534 1386 2126 1455">
     <span class='ocr_line' id='line_1_13' title="bbox 534 1386 2126 1455; baseline 0.002 -15"><span class='ocrx_word' id='word_1_93' title='bbox 534 1401 657 1441; x_wconf 70' lang='lat' dir='ltr'><strong>&#39;non</strong></span> <span class='ocrx_word' id='word_1_94' title='bbox 704 1386 954 1441; x_wconf 85' lang='lat' dir='ltr'><strong>concidet</strong></span> <span class='ocrx_word' id='word_1_95' title='bbox 1007 1395 1178 1441; x_wconf 89' lang='lat' dir='ltr'><strong>totum</strong></span> <span class='ocrx_word' id='word_1_96' title='bbox 1229 1386 1347 1455; x_wconf 88' lang='lat' dir='ltr'><strong>ejus</strong></span> <span class='ocrx_word' id='word_1_97' title='bbox 1393 1387 1840 1444; x_wconf 81' lang='lat' dir='ltr'><strong>fundamentum?</strong></span> <span class='ocrx_word' id='word_1_98' title='bbox 1891 1390 1956 1444; x_wconf 83' lang='lat' dir='ltr'><strong>Et</strong></span> <span class='ocrx_word' id='word_1_99' title='bbox 2003 1404 2126 1443; x_wconf 90' lang='lat' dir='ltr'><strong>cum</strong></span> 
     </span>
    </p>
   </div>
   <div class='ocr_carea' id='block_1_14' title="bbox 529 1476 2125 1548">
    <p class='ocr_par' dir='ltr' id='par_1_14' title="bbox 529 1476 2125 1548">
     <span class='ocr_line' id='line_1_14' title="bbox 529 1476 2125 1548; baseline 0.002 -19"><span class='ocrx_word' id='word_1_100' title='bbox 529 1476 741 1532; x_wconf 62' lang='lat' dir='ltr'><strong>falsum</strong></span> <span class='ocrx_word' id='word_1_101' title='bbox 774 1492 896 1532; x_wconf 77' lang='lat' dir='ltr'><strong>esse</strong></span> <span class='ocrx_word' id='word_1_102' title='bbox 928 1478 1233 1548; x_wconf 85' lang='lat' dir='ltr'><strong>probavero</strong></span> <span class='ocrx_word' id='word_1_103' title='bbox 1268 1478 1635 1534; x_wconf 87' lang='lat' dir='ltr'><strong>liermaunum</strong></span> <span class='ocrx_word' id='word_1_104' title='bbox 1668 1479 1936 1548; x_wconf 81' lang='lat' dir='ltr'><strong>Hclperici</strong></span> <span class='ocrx_word' id='word_1_105' title='bbox 1961 1479 2125 1534; x_wconf 82' lang='lat' dir='ltr'><strong>disci—</strong></span> 
     </span>
    </p>
   </div>
   <div class='ocr_carea' id='block_1_15' title="bbox 554 1570 2127 1644">
    <p class='ocr_par' dir='ltr' id='par_1_15' title="bbox 554 1570 2127 1644">
     <span class='ocr_line' id='line_1_15' title="bbox 554 1570 2127 1644; baseline 0.004 -20"><span class='ocrx_word' id='word_1_106' title='bbox 554 1570 737 1639; x_wconf 79' lang='lat' dir='ltr'><strong>pulum</strong></span> <span class='ocrx_word' id='word_1_107' title='bbox 787 1571 984 1636; x_wconf 88' lang='lat' dir='ltr'><strong>fuisse,</strong></span> <span class='ocrx_word' id='word_1_108' title='bbox 1032 1588 1211 1627; x_wconf 90' lang='lat' dir='ltr'><strong>annon</strong></span> <span class='ocrx_word' id='word_1_109' title='bbox 1288 1572 1598 1643; x_wconf 81' lang='lat' dir='ltr'><strong>languescet</strong></span> <span class='ocrx_word' id='word_1_110' title='bbox 1643 1588 1873 1644; x_wconf 90' lang='lat' dir='ltr'><strong>quoque,</strong></span> <span class='ocrx_word' id='word_1_111' title='bbox 1922 1575 1967 1629; x_wconf 92' lang='lat' dir='ltr'><strong>si</strong></span> <span class='ocrx_word' id='word_1_112' title='bbox 2023 1592 2127 1630; x_wconf 87' lang='lat' dir='ltr'><strong>non</strong></span> 
     </span>
    </p>
   </div>
   <div class='ocr_carea' id='block_1_16' title="bbox 546 1660 2124 1732">
    <p class='ocr_par' dir='ltr' id='par_1_16' title="bbox 546 1660 2124 1732">
     <span class='ocr_line' id='line_1_16' title="bbox 546 1660 2124 1732; baseline 0.001 -17"><span class='ocrx_word' id='word_1_113' title='bbox 546 1660 952 1731; x_wconf 79' lang='lat' dir='ltr'><strong>exstinguatur,</strong></span> <span class='ocrx_word' id='word_1_114' title='bbox 986 1663 1196 1732; x_wconf 87' lang='lat' dir='ltr'><strong>opinio,</strong></span> <span class='ocrx_word' id='word_1_115' title='bbox 1223 1663 1365 1732; x_wconf 88' lang='lat' dir='ltr'><strong>quod</strong></span> <span class='ocrx_word' id='word_1_116' title='bbox 1396 1672 1549 1732; x_wconf 88' lang='lat' dir='ltr'><strong>putat</strong></span> <span class='ocrx_word' id='word_1_117' title='bbox 1583 1663 1949 1718; x_wconf 88' lang='lat' dir='ltr'><strong>Hermannum</strong></span> <span class='ocrx_word' id='word_1_118' title='bbox 1985 1664 2035 1718; x_wconf 88' lang='lat' dir='ltr'><strong>in</strong></span> <span class='ocrx_word' id='word_1_119' title='bbox 2067 1664 2124 1719; x_wconf 93' lang='lat' dir='ltr'><strong>S.</strong></span> 
     </span>
    </p>
   </div>
   <div class='ocr_carea' id='block_1_17' title="bbox 544 1747 2129 1821">
    <p class='ocr_par' dir='ltr' id='par_1_17' title="bbox 544 1747 2129 1821">
     <span class='ocr_line' id='line_1_17' title="bbox 544 1747 2129 1821; baseline -0.001 -13"><span class='ocrx_word' id='word_1_120' title='bbox 544 1747 686 1808; x_wconf 83' lang='lat' dir='ltr'><strong>Galli</strong></span> <span class='ocrx_word' id='word_1_121' title='bbox 728 1750 979 1806; x_wconf 70' lang='lat' dir='ltr'><strong>cmnohio</strong></span> <span class='ocrx_word' id='word_1_122' title='bbox 1017 1752 1342 1806; x_wconf 88' lang='lat' dir='ltr'><strong>monachmn</strong></span> <span class='ocrx_word' id='word_1_123' title='bbox 1385 1752 1588 1807; x_wconf 84' lang='lat' dir='ltr'><strong>fuisse?</strong></span> <span class='ocrx_word' id='word_1_124' title='bbox 1618 1752 1695 1807; x_wconf 90' lang='lat' dir='ltr'><strong>ita</strong></span> <span class='ocrx_word' id='word_1_125' title='bbox 1728 1753 1971 1821; x_wconf 86' lang='lat' dir='ltr'><strong>profecto</strong></span> <span class='ocrx_word' id='word_1_126' title='bbox 2001 1768 2129 1808; x_wconf 85' lang='lat' dir='ltr'><strong>con—</strong></span> 
     </span>
    </p>
   </div>
   <div class='ocr_carea' id='block_1_18' title="bbox 546 1823 2201 1912">
    <p class='ocr_par' dir='ltr' id='par_1_18' title="bbox 546 1823 2201 1912">
     <span class='ocr_line' id='line_1_18' title="bbox 546 1823 2201 1912; baseline 0.002 -20"><span class='ocrx_word' id='word_1_127' title='bbox 546 1839 717 1910; x_wconf 84' lang='lat' dir='ltr'><strong>tinget</strong></span> <span class='ocrx_word' id='word_1_128' title='bbox 745 1857 758 1893; x_wconf 89' lang='lat'><strong>:</strong></span> <span class='ocrx_word' id='word_1_129' title='bbox 792 1855 900 1910; x_wconf 89' lang='lat' dir='ltr'><strong>quo</strong></span> <span class='ocrx_word' id='word_1_130' title='bbox 926 1839 1072 1894; x_wconf 88' lang='lat' dir='ltr'><strong>enim</strong></span> <span class='ocrx_word' id='word_1_131' title='bbox 1106 1833 1349 1910; x_wconf 77' lang='lat' dir='ltr'><strong>fragilior</strong></span> <span class='ocrx_word' id='word_1_132' title='bbox 1378 1841 1752 1912; x_wconf 88' lang='lat' dir='ltr'><strong>infirmiorque</strong></span> <span class='ocrx_word' id='word_1_133' title='bbox 1783 1843 1968 1897; x_wconf 65' lang='lat' dir='ltr'><strong>istbrec.</strong></span> <span class='ocrx_word' id='word_1_134' title='bbox 2013 1843 2126 1912; x_wconf 86' lang='lat' dir='ltr'><strong>opi-</strong></span> <span class='ocrx_word' id='word_1_135' title='bbox 2159 1823 2201 1882; x_wconf 74' lang='grc' dir='ltr'><strong><em>Β</em></strong></span> 
     </span>
    </p>
   </div>
   <div class='ocr_carea' id='block_1_19' title="bbox 532 1932 2127 2005">
    <p class='ocr_par' dir='ltr' id='par_1_19' title="bbox 532 1932 2127 2005">
     <span class='ocr_line' id='line_1_19' title="bbox 532 1932 2127 2005; baseline -0.001 -18"><span class='ocrx_word' id='word_1_136' title='bbox 532 1932 644 1987; x_wconf 82' lang='lat' dir='ltr'><strong>&#39;nio</strong></span> <span class='ocrx_word' id='word_1_137' title='bbox 674 1932 883 1987; x_wconf 87' lang='lat' dir='ltr'><strong>reddita</strong></span> <span class='ocrx_word' id='word_1_138' title='bbox 915 1932 1099 1999; x_wconf 87' lang='lat' dir='ltr'><strong>fuerit,</strong></span> <span class='ocrx_word' id='word_1_139' title='bbox 1129 1948 1193 1988; x_wconf 86' lang='lat' dir='ltr'><strong>co</strong></span> <span class='ocrx_word' id='word_1_140' title='bbox 1225 1945 1409 1989; x_wconf 76' lang='lat' dir='ltr'><strong>nostra</strong></span> <span class='ocrx_word' id='word_1_141' title='bbox 1442 1933 1635 1991; x_wconf 81' lang='lat' dir='ltr'><strong>fortior</strong></span> <span class='ocrx_word' id='word_1_142' title='bbox 1666 1935 1974 2005; x_wconf 84' lang='lat' dir='ltr'><strong>certiorque</strong></span> <span class='ocrx_word' id='word_1_143' title='bbox 2001 1950 2127 1988; x_wconf 86' lang='lat' dir='ltr'><strong>eva-</strong></span> 
     </span>
    </p>
   </div>
   <div class='ocr_carea' id='block_1_20' title="bbox 547 2023 2125 2094">
    <p class='ocr_par' dir='ltr' id='par_1_20' title="bbox 547 2023 2125 2094">
     <span class='ocr_line' id='line_1_20' title="bbox 547 2023 2125 2094; baseline 0 -17"><span class='ocrx_word' id='word_1_144' title='bbox 547 2024 661 2078; x_wconf 89' lang='lat' dir='ltr'><strong>det.</strong></span> <span class='ocrx_word' id='word_1_145' title='bbox 693 2023 971 2093; x_wconf 77' lang='lat' dir='ltr'><strong>Siquidem</strong></span> <span class='ocrx_word' id='word_1_146' title='bbox 1004 2039 1128 2079; x_wconf 91' lang='lat' dir='ltr'><strong>cum</strong></span> <span class='ocrx_word' id='word_1_147' title='bbox 1171 2024 1362 2079; x_wconf 84' lang='lat' dir='ltr'><strong>falsum</strong></span> <span class='ocrx_word' id='word_1_148' title='bbox 1408 2023 1722 2094; x_wconf 85' lang='lat' dir='ltr'><strong>apparuerit</strong></span> <span class='ocrx_word' id='word_1_149' title='bbox 1758 2023 2125 2078; x_wconf 88' lang='lat' dir='ltr'><strong>licrmannum</strong></span> 
     </span>
    </p>
   </div>
   <div class='ocr_carea' id='block_1_21' title="bbox 546 2112 2128 2184">
    <p class='ocr_par' dir='ltr' id='par_1_21' title="bbox 546 2112 2128 2184">
     <span class='ocr_line' id='line_1_21' title="bbox 546 2112 2128 2184; baseline 0 -15"><span class='ocrx_word' id='word_1_150' title='bbox 546 2113 834 2184; x_wconf 82' lang='lat' dir='ltr'><strong>Iielperico</strong></span> <span class='ocrx_word' id='word_1_151' title='bbox 857 2114 910 2169; x_wconf 88' lang='lat' dir='ltr'><strong>in</strong></span> <span class='ocrx_word' id='word_1_152' title='bbox 940 2115 1125 2169; x_wconf 83' lang='lat' dir='ltr'><strong>schola</strong></span> <span class='ocrx_word' id='word_1_153' title='bbox 1161 2112 1536 2170; x_wconf 87' lang='lat' dir='ltr'><strong>San-Gallensi</strong></span> <span class='ocrx_word' id='word_1_154' title='bbox 1573 2115 1921 2178; x_wconf 73' lang='lat' dir='ltr'><strong>successisse,</strong></span> <span class='ocrx_word' id='word_1_155' title='bbox 1950 2114 2128 2169; x_wconf 86' lang='lat' dir='ltr'><strong>minus</strong></span> 
     </span>
    </p>
   </div>
   <div class='ocr_carea' id='block_1_22' title="bbox 549 2204 2127 2275">
    <p class='ocr_par' dir='ltr' id='par_1_22' title="bbox 549 2204 2127 2275">
     <span class='ocr_line' id='line_1_22' title="bbox 549 2204 2127 2275; baseline -0.002 -13"><span class='ocrx_word' id='word_1_156' title='bbox 549 2207 675 2262; x_wconf 87' lang='lat' dir='ltr'><strong>dein</strong></span> <span class='ocrx_word' id='word_1_157' title='bbox 709 2207 873 2262; x_wconf 89' lang='lat' dir='ltr'><strong>etiam</strong></span> <span class='ocrx_word' id='word_1_158' title='bbox 900 2222 1089 2262; x_wconf 87' lang='lat' dir='ltr'><strong>verum</strong></span> <span class='ocrx_word' id='word_1_159' title='bbox 1122 2206 1406 2275; x_wconf 76' lang='lat' dir='ltr'><strong>apparebit</strong></span> <span class='ocrx_word' id='word_1_160' title='bbox 1436 2204 1584 2260; x_wconf 87' lang='lat' dir='ltr'><strong>illum</strong></span> <span class='ocrx_word' id='word_1_161' title='bbox 1616 2206 1669 2260; x_wconf 92' lang='lat' dir='ltr'><strong>in</strong></span> <span class='ocrx_word' id='word_1_162' title='bbox 1699 2205 1755 2260; x_wconf 89' lang='lat' dir='ltr'><strong>S.</strong></span> <span class='ocrx_word' id='word_1_163' title='bbox 1785 2204 1920 2261; x_wconf 88' lang='lat' dir='ltr'><strong>Galli</strong></span> <span class='ocrx_word' id='word_1_164' title='bbox 1947 2219 2127 2260; x_wconf 87' lang='lat' dir='ltr'><strong>mona-</strong></span> 
     </span>
    </p>
   </div>
   <div class='ocr_carea' id='block_1_23' title="bbox 548 2295 2131 2367">
    <p class='ocr_par' dir='ltr' id='par_1_23' title="bbox 548 2295 2131 2367">
     <span class='ocr_line' id='line_1_23' title="bbox 548 2295 2131 2367; baseline -0.001 -15"><span class='ocrx_word' id='word_1_165' title='bbox 548 2297 719 2353; x_wconf 82' lang='lat' dir='ltr'><strong>sterio</strong></span> <span class='ocrx_word' id='word_1_166' title='bbox 777 2297 1104 2353; x_wconf 76' lang='lat' dir='ltr'><strong>ctenobitam</strong></span> <span class='ocrx_word' id='word_1_167' title='bbox 1158 2295 1343 2351; x_wconf 86' lang='lat' dir='ltr'><strong>fuisse.</strong></span> <span class='ocrx_word' id='word_1_168' title='bbox 1391 2295 1464 2350; x_wconf 90' lang='lat' dir='ltr'><strong>Ut</strong></span> <span class='ocrx_word' id='word_1_169' title='bbox 1511 2304 1640 2367; x_wconf 84' lang='lat' dir='ltr'><strong>ergo</strong></span> <span class='ocrx_word' id='word_1_170' title='bbox 1694 2303 1936 2349; x_wconf 79' lang='lat' dir='ltr'><strong>errorem</strong></span> <span class='ocrx_word' id='word_1_171' title='bbox 1986 2295 2131 2350; x_wconf 87' lang='lat' dir='ltr'><strong>hunc</strong></span> 
     </span>
    </p>
   </div>
   <div class='ocr_carea' id='block_1_24' title="bbox 550 2385 2132 2457">
    <p class='ocr_par' dir='ltr' id='par_1_24' title="bbox 550 2385 2132 2457">
     <span class='ocr_line' id='line_1_24' title="bbox 550 2385 2132 2457; baseline -0.003 -14"><span class='ocrx_word' id='word_1_172' title='bbox 550 2389 715 2444; x_wconf 84' lang='lat' dir='ltr'><strong>citius</strong></span> <span class='ocrx_word' id='word_1_173' title='bbox 737 2387 1227 2457; x_wconf 81' lang='lat' dir='ltr'><strong>deprehendamus,</strong></span> <span class='ocrx_word' id='word_1_174' title='bbox 1258 2385 1628 2441; x_wconf 86' lang='lat' dir='ltr'><strong>necessarium</strong></span> <span class='ocrx_word' id='word_1_175' title='bbox 1656 2393 1737 2440; x_wconf 87' lang='lat' dir='ltr'><strong>est</strong></span> <span class='ocrx_word' id='word_1_176' title='bbox 1765 2385 2132 2457; x_wconf 78' lang='lat' dir='ltr'><strong>pervestigare</strong></span> 
     </span>
    </p>
   </div>
   <div class='ocr_carea' id='block_1_25' title="bbox 548 2476 2129 2549">
    <p class='ocr_par' dir='ltr' id='par_1_25' title="bbox 548 2476 2129 2549">
     <span class='ocr_line' id='line_1_25' title="bbox 548 2476 2129 2549; baseline -0.002 -16"><span class='ocrx_word' id='word_1_177' title='bbox 548 2478 703 2549; x_wconf 89' lang='lat' dir='ltr'><strong>prius</strong></span> <span class='ocrx_word' id='word_1_178' title='bbox 728 2493 835 2548; x_wconf 90' lang='lat' dir='ltr'><strong>quo</strong></span> <span class='ocrx_word' id='word_1_179' title='bbox 864 2493 980 2533; x_wconf 68' lang='lat' dir='ltr'><strong>atro</strong></span> <span class='ocrx_word' id='word_1_180' title='bbox 1010 2488 1262 2548; x_wconf 87' lang='lat' dir='ltr'><strong>uterque,</strong></span> <span class='ocrx_word' id='word_1_181' title='bbox 1294 2484 1402 2532; x_wconf 90' lang='lat' dir='ltr'><strong>tam</strong></span> <span class='ocrx_word' id='word_1_182' title='bbox 1436 2476 1748 2547; x_wconf 83' lang='lat' dir='ltr'><strong>Heipericus</strong></span> <span class='ocrx_word' id='word_1_183' title='bbox 1778 2492 1937 2547; x_wconf 84' lang='lat' dir='ltr'><strong>quam</strong></span> <span class='ocrx_word' id='word_1_184' title='bbox 1966 2479 2129 2531; x_wconf 89' lang='lat' dir='ltr'><strong>etiam</strong></span> 
     </span>
    </p>
   </div>
   <div class='ocr_carea' id='block_1_26' title="bbox 523 2568 2131 2639">
    <p class='ocr_par' dir='ltr' id='par_1_26' title="bbox 523 2568 2131 2639">
     <span class='ocr_line' id='line_1_26' title="bbox 523 2568 2131 2639; baseline -0.001 -16"><span class='ocrx_word' id='word_1_185' title='bbox 523 2568 914 2635; x_wconf 80' lang='lat' dir='ltr'><strong>-ilermannns,</strong></span> <span class='ocrx_word' id='word_1_186' title='bbox 962 2568 1226 2625; x_wconf 84' lang='lat' dir='ltr'><strong>ﬂoruerit.</strong></span> <span class='ocrx_word' id='word_1_187' title='bbox 1274 2568 1351 2623; x_wconf 87' lang='lat' dir='ltr'><strong>De</strong></span> <span class='ocrx_word' id='word_1_188' title='bbox 1400 2569 1666 2639; x_wconf 88' lang='lat' dir='ltr'><strong>ilelperici</strong></span> <span class='ocrx_word' id='word_1_189' title='bbox 1711 2569 1927 2638; x_wconf 74' lang='lat' dir='ltr'><strong>quidem</strong></span> <span class='ocrx_word' id='word_1_190' title='bbox 1971 2576 2131 2623; x_wconf 66' lang='lat' dir='ltr'><strong>celate</strong></span> 
     </span>
    </p>
   </div>
   <div class='ocr_carea' id='block_1_27' title="bbox 554 2655 2132 2729">
    <p class='ocr_par' dir='ltr' id='par_1_27' title="bbox 554 2655 2132 2729">
     <span class='ocr_line' id='line_1_27' title="bbox 554 2655 2132 2729; baseline -0.003 -14"><span class='ocrx_word' id='word_1_191' title='bbox 554 2660 690 2715; x_wconf 91' lang='lat' dir='ltr'><strong>nihil</strong></span> <span class='ocrx_word' id='word_1_192' title='bbox 726 2660 929 2715; x_wconf 89' lang='lat' dir='ltr'><strong>certius</strong></span> <span class='ocrx_word' id='word_1_193' title='bbox 959 2674 1178 2729; x_wconf 88' lang='lat' dir='ltr'><strong>possum</strong></span> <span class='ocrx_word' id='word_1_194' title='bbox 1219 2659 1460 2715; x_wconf 77' lang='lat' dir='ltr'><strong>scribere</strong></span> <span class='ocrx_word' id='word_1_195' title='bbox 1484 2673 1653 2729; x_wconf 77' lang='lat' dir='ltr'><strong>quam</strong></span> <span class='ocrx_word' id='word_1_196' title='bbox 1693 2658 1835 2727; x_wconf 89' lang='lat' dir='ltr'><strong>quod</strong></span> <span class='ocrx_word' id='word_1_197' title='bbox 1871 2655 2132 2712; x_wconf 74' lang='lat' dir='ltr'><strong>Sun-Gai-</strong></span> 
     </span>
    </p>
   </div>
   <div class='ocr_carea' id='block_1_28' title="bbox 554 2747 2127 2820">
    <p class='ocr_par' dir='ltr' id='par_1_28' title="bbox 554 2747 2127 2820">
     <span class='ocr_line' id='line_1_28' title="bbox 554 2747 2127 2820; baseline -0.001 -18"><span class='ocrx_word' id='word_1_198' title='bbox 554 2749 734 2805; x_wconf 89' lang='lat' dir='ltr'><strong>lenses</strong></span> <span class='ocrx_word' id='word_1_199' title='bbox 773 2750 875 2819; x_wconf 84' lang='lat' dir='ltr'><strong>ipsi</strong></span> <span class='ocrx_word' id='word_1_200' title='bbox 916 2750 1206 2820; x_wconf 87' lang='lat' dir='ltr'><strong>scriptorcs</strong></span> <span class='ocrx_word' id='word_1_201' title='bbox 1256 2749 1506 2815; x_wconf 78' lang='lat' dir='ltr'><strong>tradunt,</strong></span> <span class='ocrx_word' id='word_1_202' title='bbox 1538 2748 1769 2803; x_wconf 78' lang='lat' dir='ltr'><strong>maxime</strong></span> <span class='ocrx_word' id='word_1_203' title='bbox 1795 2762 1925 2803; x_wconf 87' lang='lat' dir='ltr'><strong>vero</strong></span> <span class='ocrx_word' id='word_1_204' title='bbox 1962 2747 2027 2803; x_wconf 78' lang='lat' dir='ltr'><strong>it.</strong></span> <span class='ocrx_word' id='word_1_205' title='bbox 2070 2748 2127 2800; x_wconf 86' lang='lat' dir='ltr'><strong>P.</strong></span> 
     </span>
    </p>
   </div>
   <div class='ocr_carea' id='block_1_29' title="bbox 546 2837 2131 2910">
    <p class='ocr_par' dir='ltr' id='par_1_29' title="bbox 546 2837 2131 2910">
     <span class='ocr_line' id='line_1_29' title="bbox 546 2837 2131 2910; baseline -0.004 -13"><span class='ocrx_word' id='word_1_206' title='bbox 546 2839 789 2897; x_wconf 82' lang='lat' dir='ltr'><strong>Jodocus</strong></span> <span class='ocrx_word' id='word_1_207' title='bbox 851 2839 1155 2906; x_wconf 83' lang='lat' dir='ltr'><strong>Mezlerus,</strong></span> <span class='ocrx_word' id='word_1_208' title='bbox 1214 2840 1596 2910; x_wconf 89' lang='lat' dir='ltr'><strong>antiquitatum</strong></span> <span class='ocrx_word' id='word_1_209' title='bbox 1664 2839 1744 2892; x_wconf 89' lang='lat' dir='ltr'><strong>sui</strong></span> <span class='ocrx_word' id='word_1_210' title='bbox 1814 2837 2131 2892; x_wconf 77' lang='lat' dir='ltr'><strong>monasterii</strong></span> 
     </span>
    </p>
   </div>
   <div class='ocr_carea' id='block_1_30' title="bbox 551 2930 2131 3004">
    <p class='ocr_par' dir='ltr' id='par_1_30' title="bbox 551 2930 2131 3004">
     <span class='ocr_line' id='line_1_30' title="bbox 551 2930 2131 3004; baseline -0.002 -15"><span class='ocrx_word' id='word_1_211' title='bbox 551 2934 787 3004; x_wconf 73' lang='lat' dir='ltr'><strong>scriptor</strong></span> <span class='ocrx_word' id='word_1_212' title='bbox 814 2942 869 2991; x_wconf 86' lang='lat' dir='ltr'><strong>et</strong></span> <span class='ocrx_word' id='word_1_213' title='bbox 903 2934 1202 2990; x_wconf 88' lang='lat' dir='ltr'><strong>illustrator</strong></span> <span class='ocrx_word' id='word_1_214' title='bbox 1228 2932 1502 3004; x_wconf 83' lang='lat' dir='ltr'><strong>egregius,</strong></span> <span class='ocrx_word' id='word_1_215' title='bbox 1531 2930 1623 3002; x_wconf 89' lang='lat' dir='ltr'><strong>qui</strong></span> <span class='ocrx_word' id='word_1_216' title='bbox 1653 2932 1704 2985; x_wconf 92' lang='lat' dir='ltr'><strong>in</strong></span> <span class='ocrx_word' id='word_1_217' title='bbox 1736 2931 1874 2986; x_wconf 87' lang='lat' dir='ltr'><strong>libro</strong></span> <span class='ocrx_word' id='word_1_218' title='bbox 1900 2931 1975 2985; x_wconf 90' lang='lat' dir='ltr'><strong>De</strong></span> <span class='ocrx_word' id='word_1_219' title='bbox 2000 2931 2131 2986; x_wconf 84' lang='lat' dir='ltr'><strong>viris</strong></span> 
     </span>
    </p>
   </div>
   <div class='ocr_carea' id='block_1_31' title="bbox 552 3023 2131 3089">
    <p class='ocr_par' dir='ltr' id='par_1_31' title="bbox 552 3023 2131 3089">
     <span class='ocr_line' id='line_1_31' title="bbox 552 3023 2131 3089; baseline -0.001 -8"><span class='ocrx_word' id='word_1_220' title='bbox 552 3027 855 3083; x_wconf 85' lang='lat' dir='ltr'><strong>illustribus</strong></span> <span class='ocrx_word' id='word_1_221' title='bbox 903 3028 1220 3083; x_wconf 86' lang='lat' dir='ltr'><strong>monasterii</strong></span> <span class='ocrx_word' id='word_1_222' title='bbox 1272 3026 1327 3081; x_wconf 90' lang='lat' dir='ltr'><strong>S.</strong></span> <span class='ocrx_word' id='word_1_223' title='bbox 1375 3025 1545 3089; x_wconf 89' lang='lat' dir='ltr'><strong>Galli,</strong></span> <span class='ocrx_word' id='word_1_224' title='bbox 1587 3026 1673 3081; x_wconf 90' lang='lat' dir='ltr'><strong>ubi</strong></span> <span class='ocrx_word' id='word_1_225' title='bbox 1726 3026 1791 3080; x_wconf 75' lang='lat' dir='ltr'><strong>de</strong></span> <span class='ocrx_word' id='word_1_226' title='bbox 1832 3023 2131 3079; x_wconf 74' lang='lat' dir='ltr'><strong>Walaf&#39;rido</strong></span> 
     </span>
    </p>
   </div>
   <div class='ocr_carea' id='block_1_32' title="bbox 526 3115 2128 3185">
    <p class='ocr_par' dir='ltr' id='par_1_32' title="bbox 526 3115 2128 3185">
     <span class='ocr_line' id='line_1_32' title="bbox 526 3115 2128 3185; baseline -0.003 -11"><span class='ocrx_word' id='word_1_227' title='bbox 526 3118 750 3175; x_wconf 71' lang='lat' dir='ltr'><strong>.Strabo</strong></span> <span class='ocrx_word' id='word_1_228' title='bbox 776 3126 1000 3183; x_wconf 81' lang='lat' dir='ltr'><strong>tractat,</strong></span> <span class='ocrx_word' id='word_1_229' title='bbox 1027 3118 1105 3173; x_wconf 90' lang='lat' dir='ltr'><strong>sic</strong></span> <span class='ocrx_word' id='word_1_230' title='bbox 1122 3119 1226 3171; x_wconf 86' lang='lat' dir='ltr'><strong>ait:</strong></span> <span class='ocrx_word' id='word_1_231' title='bbox 1261 3115 1486 3171; x_wconf 86' lang='lat' dir='ltr'><strong>Nostros</strong></span> <span class='ocrx_word' id='word_1_232' title='bbox 1512 3127 1646 3175; x_wconf 82' lang='lat' dir='ltr'><strong>certe</strong></span> <span class='ocrx_word' id='word_1_233' title='bbox 1673 3116 1860 3169; x_wconf 87' lang='lat' dir='ltr'><strong>Patres</strong></span> <span class='ocrx_word' id='word_1_234' title='bbox 1886 3115 2128 3185; x_wconf 76' lang='grc' dir='ltr'><strong>Πειρειοί-</strong></span> 
     </span>
    </p>
   </div>
   <div class='ocr_carea' id='block_1_33' title="bbox 2224 566 3791 641">
    <p class='ocr_par' dir='ltr' id='par_1_33' title="bbox 2224 566 3791 641">
     <span class='ocr_line' id='line_1_33' title="bbox 2224 566 3791 641; baseline 0.006 -20"><span class='ocrx_word' id='word_1_235' title='bbox 2224 568 2462 621; x_wconf 82' lang='lat' dir='ltr'><strong>verimus</strong></span> <span class='ocrx_word' id='word_1_236' title='bbox 2485 566 2822 641; x_wconf 76' lang='lat' dir='ltr'><strong>iiclpericum</strong></span> <span class='ocrx_word' id='word_1_237' title='bbox 2847 577 3030 624; x_wconf 89' lang='lat' dir='ltr'><strong>natttm</strong></span> <span class='ocrx_word' id='word_1_238' title='bbox 3053 569 3198 625; x_wconf 87' lang='lat' dir='ltr'><strong>circa</strong></span> <span class='ocrx_word' id='word_1_239' title='bbox 3223 586 3419 627; x_wconf 83' lang='lat' dir='ltr'><strong>annum</strong></span> <span class='ocrx_word' id='word_1_240' title='bbox 3444 572 3643 632; x_wconf 84' lang='lat' dir='ltr'><strong>Christi</strong></span> <span class='ocrx_word' id='word_1_241' title='bbox 3664 575 3791 639; x_wconf 77' lang='grc'><strong>827.</strong></span> 
     </span>
    </p>
   </div>
   <div class='ocr_carea' id='block_1_34' title="bbox 2224 646 3794 736">
    <p class='ocr_par' dir='ltr' id='par_1_34' title="bbox 2224 646 3794 736">
     <span class='ocr_line' id='line_1_34' title="bbox 2224 646 3794 736; baseline 0.006 -24"><span class='ocrx_word' id='word_1_242' title='bbox 2224 646 2491 726; x_wconf 78' lang='lat' dir='ltr'><strong>sequetur</strong></span> <span class='ocrx_word' id='word_1_243' title='bbox 2515 655 2662 711; x_wconf 87' lang='lat' dir='ltr'><strong>illum</strong></span> <span class='ocrx_word' id='word_1_244' title='bbox 2701 657 2840 712; x_wconf 90' lang='lat' dir='ltr'><strong>ultra</strong></span> <span class='ocrx_word' id='word_1_245' title='bbox 2870 657 2976 713; x_wconf 73' lang='lat'><strong>200</strong></span> <span class='ocrx_word' id='word_1_246' title='bbox 3005 676 3176 715; x_wconf 92' lang='lat' dir='ltr'><strong>annos</strong></span> <span class='ocrx_word' id='word_1_247' title='bbox 3214 661 3379 717; x_wconf 86' lang='lat' dir='ltr'><strong>vitam</strong></span> <span class='ocrx_word' id='word_1_248' title='bbox 3412 679 3563 719; x_wconf 88' lang='lat' dir='ltr'><strong>suam</strong></span> <span class='ocrx_word' id='word_1_249' title='bbox 3595 667 3794 736; x_wconf 88' lang='lat' dir='ltr'><strong>produ-</strong></span> 
     </span>
    </p>
   </div>
   <div class='ocr_carea' id='block_1_35' title="bbox 2222 746 3797 817">
    <p class='ocr_par' dir='ltr' id='par_1_35' title="bbox 2222 746 3797 817">
     <span class='ocr_line' id='line_1_35' title="bbox 2222 746 3797 817; baseline 0.006 -16"><span class='ocrx_word' id='word_1_250' title='bbox 2222 748 2390 811; x_wconf 80' lang='lat' dir='ltr'><strong>xisse,</strong></span> <span class='ocrx_word' id='word_1_251' title='bbox 2440 754 2494 801; x_wconf 91' lang='lat' dir='ltr'><strong>ut</strong></span> <span class='ocrx_word' id='word_1_252' title='bbox 2545 747 2658 817; x_wconf 88' lang='lat' dir='ltr'><strong>jam</strong></span> <span class='ocrx_word' id='word_1_253' title='bbox 2687 746 2978 802; x_wconf 88' lang='lat' dir='ltr'><strong>Germania</strong></span> <span class='ocrx_word' id='word_1_254' title='bbox 3030 749 3196 805; x_wconf 89' lang='lat' dir='ltr'><strong>etiam</strong></span> <span class='ocrx_word' id='word_1_255' title='bbox 3243 767 3436 806; x_wconf 86' lang='lat' dir='ltr'><strong>novum</strong></span> <span class='ocrx_word' id='word_1_256' title='bbox 3485 769 3545 809; x_wconf 91' lang='lat' dir='ltr'><strong>se</strong></span> <span class='ocrx_word' id='word_1_257' title='bbox 3592 754 3797 811; x_wconf 86' lang='lat' dir='ltr'><strong>habere</strong></span> 
     </span>
    </p>
   </div>
   <div class='ocr_carea' id='block_1_36' title="bbox 2224 828 3792 910">
    <p class='ocr_par' dir='ltr' id='par_1_36' title="bbox 2224 828 3792 910">
     <span class='ocr_line' id='line_1_36' title="bbox 2224 828 3792 910; baseline 0.009 -21"><span class='ocrx_word' id='word_1_258' title='bbox 2224 828 2451 891; x_wconf 71' lang='lat' dir='ltr'><strong>NestOra</strong></span> <span class='ocrx_word' id='word_1_259' title='bbox 2466 836 2699 908; x_wconf 69' lang='lat' dir='ltr'><strong>gloriari</strong></span> <span class='ocrx_word' id='word_1_260' title='bbox 2722 838 2915 907; x_wconf 85' lang='lat' dir='ltr'><strong>possit,</strong></span> <span class='ocrx_word' id='word_1_261' title='bbox 2942 854 3114 910; x_wconf 88' lang='lat' dir='ltr'><strong>neque</strong></span> <span class='ocrx_word' id='word_1_262' title='bbox 3133 856 3287 897; x_wconf 90' lang='lat' dir='ltr'><strong>suum</strong></span> <span class='ocrx_word' id='word_1_263' title='bbox 3311 842 3531 901; x_wconf 75' lang='lat' dir='ltr'><strong>Grtccite</strong></span> <span class='ocrx_word' id='word_1_264' title='bbox 3553 847 3792 904; x_wconf 81' lang='lat' dir='ltr'><strong>invidere</strong></span> 
     </span>
    </p>
   </div>
   <div class='ocr_carea' id='block_1_37' title="bbox 2225 926 2438 983">
    <p class='ocr_par' dir='ltr' id='par_1_37' title="bbox 2225 926 2438 983">
     <span class='ocr_line' id='line_1_37' title="bbox 2225 926 2438 983; baseline -0.005 -2"><span class='ocrx_word' id='word_1_265' title='bbox 2225 926 2438 983; x_wconf 82' lang='lat' dir='ltr'><strong>debeat.</strong></span> 
     </span>
    </p>
   </div>
   <div class='ocr_carea' id='block_1_38' title="bbox 2296 1008 3795 1097">
    <p class='ocr_par' dir='ltr' id='par_1_38' title="bbox 2296 1008 3795 1097">
     <span class='ocr_line' id='line_1_38' title="bbox 2296 1008 3795 1097; baseline 0.009 -27"><span class='ocrx_word' id='word_1_266' title='bbox 2296 1018 2363 1071; x_wconf 87' lang='lat' dir='ltr'><strong>Et</strong></span> <span class='ocrx_word' id='word_1_267' title='bbox 2408 1008 2534 1072; x_wconf 82' lang='lat' dir='ltr'><strong>licet</strong></span> <span class='ocrx_word' id='word_1_268' title='bbox 2579 1033 2719 1088; x_wconf 64' lang='lat' dir='ltr'><strong>scepe</strong></span> <span class='ocrx_word' id='word_1_269' title='bbox 2759 1020 2954 1074; x_wconf 90' lang='lat' dir='ltr'><strong>citatus</strong></span> <span class='ocrx_word' id='word_1_270' title='bbox 2998 1021 3230 1092; x_wconf 87' lang='lat' dir='ltr'><strong>scriptor</strong></span> <span class='ocrx_word' id='word_1_271' title='bbox 3270 1030 3479 1080; x_wconf 73' lang='lat' dir='ltr'><strong>atatem</strong></span> <span class='ocrx_word' id='word_1_272' title='bbox 3523 1018 3795 1097; x_wconf 55' lang='lat' dir='ltr'><strong>iii&#39;iperico</strong></span> 
     </span>
    </p>
   </div>
   <div class='ocr_carea' id='block_1_39' title="bbox 2225 1109 3793 1188">
    <p class='ocr_par' dir='ltr' id='par_1_39' title="bbox 2225 1109 3793 1188">
     <span class='ocr_line' id='line_1_39' title="bbox 2225 1109 3793 1188; baseline 0.004 -23"><span class='ocrx_word' id='word_1_273' title='bbox 2225 1110 2358 1165; x_wconf 85' lang='lat' dir='ltr'><strong>satis</strong></span> <span class='ocrx_word' id='word_1_274' title='bbox 2390 1109 2602 1179; x_wconf 86' lang='lat' dir='ltr'><strong>longam</strong></span> <span class='ocrx_word' id='word_1_275' title='bbox 2632 1111 2918 1176; x_wconf 84' lang='lat' dir='ltr'><strong>attribuat,</strong></span> <span class='ocrx_word' id='word_1_276' title='bbox 2950 1112 3197 1182; x_wconf 84' lang='lat' dir='ltr'><strong>dicatque</strong></span> <span class='ocrx_word' id='word_1_277' title='bbox 3228 1113 3371 1168; x_wconf 86' lang='lat' dir='ltr'><strong>illum</strong></span> <span class='ocrx_word' id='word_1_278' title='bbox 3403 1116 3467 1169; x_wconf 90' lang='lat' dir='ltr'><strong>ad</strong></span> <span class='ocrx_word' id='word_1_279' title='bbox 3507 1117 3793 1188; x_wconf 82' lang='lat' dir='ltr'><strong>nonagesi-</strong></span> 
     </span>
    </p>
   </div>
   <div class='ocr_carea' id='block_1_40' title="bbox 2226 1198 3792 1273">
    <p class='ocr_par' dir='ltr' id='par_1_40' title="bbox 2226 1198 3792 1273">
     <span class='ocr_line' id='line_1_40' title="bbox 2226 1198 3792 1273; baseline 0.006 -21"><span class='ocrx_word' id='word_1_280' title='bbox 2226 1218 2372 1258; x_wconf 89' lang='lat' dir='ltr'><strong>mum</strong></span> <span class='ocrx_word' id='word_1_281' title='bbox 2406 1200 2694 1271; x_wconf 74' lang='lat' dir='ltr'><strong>septitttttttt</strong></span> <span class='ocrx_word' id='word_1_282' title='bbox 2742 1217 2910 1272; x_wconf 87' lang='lat' dir='ltr'><strong>usque</strong></span> <span class='ocrx_word' id='word_1_283' title='bbox 2928 1198 3141 1257; x_wconf 78' lang='lat' dir='ltr'><strong>annum</strong></span> <span class='ocrx_word' id='word_1_284' title='bbox 3176 1206 3503 1273; x_wconf 88' lang='lat' dir='ltr'><strong>pervenisse,</strong></span> <span class='ocrx_word' id='word_1_285' title='bbox 3540 1217 3598 1262; x_wconf 93' lang='lat' dir='ltr'><strong>ut</strong></span> <span class='ocrx_word' id='word_1_286' title='bbox 3633 1206 3792 1272; x_wconf 88' lang='lat' dir='ltr'><strong>forte,</strong></span> 
     </span>
    </p>
   </div>
   <div class='ocr_carea' id='block_1_41' title="bbox 2222 1291 3792 1364">
    <p class='ocr_par' dir='ltr' id='par_1_41' title="bbox 2222 1291 3792 1364">
     <span class='ocr_line' id='line_1_41' title="bbox 2222 1291 3792 1364; baseline 0.004 -20"><span class='ocrx_word' id='word_1_287' title='bbox 2222 1293 2369 1362; x_wconf 71' lang='lat' dir='ltr'><strong>quod</strong></span> <span class='ocrx_word' id='word_1_288' title='bbox 2401 1291 2467 1345; x_wconf 87' lang='lat' dir='ltr'><strong>de</strong></span> <span class='ocrx_word' id='word_1_289' title='bbox 2504 1291 2799 1346; x_wconf 87' lang='lat' dir='ltr'><strong>iicrmanni</strong></span> <span class='ocrx_word' id='word_1_290' title='bbox 2831 1292 2932 1346; x_wconf 84' lang='lat' dir='ltr'><strong>sub</strong></span> <span class='ocrx_word' id='word_1_291' title='bbox 2960 1291 3241 1362; x_wconf 71' lang='lat' dir='ltr'><strong>Helpet‘ico</strong></span> <span class='ocrx_word' id='word_1_292' title='bbox 3270 1294 3586 1364; x_wconf 84' lang='lat' dir='ltr'><strong>discipulatu</strong></span> <span class='ocrx_word' id='word_1_293' title='bbox 3611 1295 3792 1360; x_wconf 56' lang='lat' dir='ltr'><strong>finxit;</strong></span> 
     </span>
    </p>
   </div>
   <div class='ocr_carea' id='block_1_42' title="bbox 2226 1383 3794 1454">
    <p class='ocr_par' dir='ltr' id='par_1_42' title="bbox 2226 1383 3794 1454">
     <span class='ocr_line' id='line_1_42' title="bbox 2226 1383 3794 1454; baseline 0.003 -15"><span class='ocrx_word' id='word_1_294' title='bbox 2226 1398 2358 1439; x_wconf 80' lang='lat' dir='ltr'><strong>vero</strong></span> <span class='ocrx_word' id='word_1_295' title='bbox 2389 1383 2621 1438; x_wconf 86' lang='lat' dir='ltr'><strong>similius</strong></span> <span class='ocrx_word' id='word_1_296' title='bbox 2662 1393 2946 1454; x_wconf 89' lang='lat' dir='ltr'><strong>appareat;</strong></span> <span class='ocrx_word' id='word_1_297' title='bbox 2982 1402 3087 1440; x_wconf 89' lang='lat' dir='ltr'><strong>non</strong></span> <span class='ocrx_word' id='word_1_298' title='bbox 3132 1394 3307 1441; x_wconf 84' lang='lat' dir='ltr'><strong>tamen</strong></span> <span class='ocrx_word' id='word_1_299' title='bbox 3354 1388 3485 1443; x_wconf 90' lang='lat' dir='ltr'><strong>satis</strong></span> <span class='ocrx_word' id='word_1_300' title='bbox 3534 1389 3704 1443; x_wconf 74' lang='lat' dir='ltr'><strong>finxit.</strong></span> <span class='ocrx_word' id='word_1_301' title='bbox 3739 1390 3794 1444; x_wconf 90' lang='lat' dir='ltr'><strong>Si</strong></span> 
     </span>
    </p>
   </div>
   <div class='ocr_carea' id='block_1_43' title="bbox 2228 1472 3800 1544">
    <p class='ocr_par' dir='ltr' id='par_1_43' title="bbox 2228 1472 3800 1544">
     <span class='ocr_line' id='line_1_43' title="bbox 2228 1472 3800 1544; baseline 0.003 -17"><span class='ocrx_word' id='word_1_302' title='bbox 2228 1473 2373 1528; x_wconf 83' lang='lat' dir='ltr'><strong>enim</strong></span> <span class='ocrx_word' id='word_1_303' title='bbox 2405 1472 2517 1525; x_wconf 85' lang='lat' dir='ltr'><strong>vult</strong></span> <span class='ocrx_word' id='word_1_304' title='bbox 2548 1481 2606 1526; x_wconf 93' lang='lat' dir='ltr'><strong>ut</strong></span> <span class='ocrx_word' id='word_1_305' title='bbox 2642 1473 2884 1528; x_wconf 84' lang='lat' dir='ltr'><strong>fabulosa</strong></span> <span class='ocrx_word' id='word_1_306' title='bbox 2915 1473 3033 1544; x_wconf 84' lang='lat' dir='ltr'><strong>ejus</strong></span> <span class='ocrx_word' id='word_1_307' title='bbox 3060 1475 3244 1544; x_wconf 81' lang='lat' dir='ltr'><strong>Opinio</strong></span> <span class='ocrx_word' id='word_1_308' title='bbox 3270 1475 3550 1543; x_wconf 80' lang='lat' dir='ltr'><strong>subsistat,</strong></span> <span class='ocrx_word' id='word_1_309' title='bbox 3578 1492 3800 1533; x_wconf 85' lang='lat' dir='ltr'><strong>necesse</strong></span> 
     </span>
    </p>
   </div>
   <div class='ocr_carea' id='block_1_44' title="bbox 2229 1560 3797 1637">
    <p class='ocr_par' dir='ltr' id='par_1_44' title="bbox 2229 1560 3797 1637">
     <span class='ocr_line' id='line_1_44' title="bbox 2229 1560 3797 1637; baseline 0.003 -21"><span class='ocrx_word' id='word_1_310' title='bbox 2229 1570 2313 1616; x_wconf 90' lang='lat' dir='ltr'><strong>cst</strong></span> <span class='ocrx_word' id='word_1_311' title='bbox 2348 1570 2406 1614; x_wconf 93' lang='lat' dir='ltr'><strong>ut</strong></span> <span class='ocrx_word' id='word_1_312' title='bbox 2444 1560 2510 1615; x_wconf 87' lang='lat' dir='ltr'><strong>ad</strong></span> <span class='ocrx_word' id='word_1_313' title='bbox 2549 1562 2840 1631; x_wconf 82' lang='lat' dir='ltr'><strong>nonaginta</strong></span> <span class='ocrx_word' id='word_1_314' title='bbox 2872 1576 2966 1617; x_wconf 82' lang='lat' dir='ltr'><strong>sex</strong></span> <span class='ocrx_word' id='word_1_315' title='bbox 2993 1578 3165 1619; x_wconf 92' lang='lat' dir='ltr'><strong>annos</strong></span> <span class='ocrx_word' id='word_1_316' title='bbox 3193 1574 3409 1619; x_wconf 86' lang='lat' dir='ltr'><strong>centum</strong></span> <span class='ocrx_word' id='word_1_317' title='bbox 3449 1574 3502 1621; x_wconf 92' lang='lat' dir='ltr'><strong>et</strong></span> <span class='ocrx_word' id='word_1_318' title='bbox 3539 1576 3797 1637; x_wconf 75' lang='lat' dir='ltr'><strong>quatuor-</strong></span> 
     </span>
    </p>
   </div>
   <div class='ocr_carea' id='block_1_45' title="bbox 2231 1652 3800 1728">
    <p class='ocr_par' dir='ltr' id='par_1_45' title="bbox 2231 1652 3800 1728">
     <span class='ocr_line' id='line_1_45' title="bbox 2231 1652 3800 1728; baseline 0.005 -21"><span class='ocrx_word' id='word_1_319' title='bbox 2231 1652 2403 1708; x_wconf 87' lang='lat' dir='ltr'><strong>dccim</strong></span> <span class='ocrx_word' id='word_1_320' title='bbox 2451 1653 2587 1708; x_wconf 88' lang='lat' dir='ltr'><strong>alios</strong></span> <span class='ocrx_word' id='word_1_321' title='bbox 2635 1652 2877 1724; x_wconf 87' lang='lat' dir='ltr'><strong>adjiciat.</strong></span> <span class='ocrx_word' id='word_1_322' title='bbox 2926 1654 3270 1725; x_wconf 85' lang='lat' dir='ltr'><strong>Perpendant</strong></span> <span class='ocrx_word' id='word_1_323' title='bbox 3313 1670 3442 1728; x_wconf 80' lang='lat' dir='ltr'><strong>ergo</strong></span> <span class='ocrx_word' id='word_1_324' title='bbox 3483 1658 3534 1712; x_wconf 91' lang='lat' dir='ltr'><strong>in</strong></span> <span class='ocrx_word' id='word_1_325' title='bbox 3568 1668 3800 1728; x_wconf 86' lang='lat' dir='ltr'><strong>quantos</strong></span> 
     </span>
    </p>
   </div>
   <div class='ocr_carea' id='block_1_46' title="bbox 2233 1746 3798 1817">
    <p class='ocr_par' dir='ltr' id='par_1_46' title="bbox 2233 1746 3798 1817">
     <span class='ocr_line' id='line_1_46' title="bbox 2233 1746 3798 1817; baseline 0.003 -16"><span class='ocrx_word' id='word_1_326' title='bbox 2233 1761 2449 1802; x_wconf 88' lang='lat' dir='ltr'><strong>errores</strong></span> <span class='ocrx_word' id='word_1_327' title='bbox 2478 1746 2764 1801; x_wconf 80' lang='lat' dir='ltr'><strong>contrariae</strong></span> <span class='ocrx_word' id='word_1_328' title='bbox 2794 1746 3061 1817; x_wconf 90' lang='lat' dir='ltr'><strong>opinionis</strong></span> <span class='ocrx_word' id='word_1_329' title='bbox 3090 1758 3341 1804; x_wconf 87' lang='lat' dir='ltr'><strong>auctores</strong></span> <span class='ocrx_word' id='word_1_330' title='bbox 3372 1750 3637 1817; x_wconf 87' lang='lat' dir='ltr'><strong>labantur,</strong></span> <span class='ocrx_word' id='word_1_331' title='bbox 3670 1752 3798 1807; x_wconf 61' lang='lat' dir='ltr'><strong>dum</strong></span> 
     </span>
    </p>
   </div>
   <div class='ocr_carea' id='block_1_47' title="bbox 2231 1831 3802 1914">
    <p class='ocr_par' dir='ltr' id='par_1_47' title="bbox 2231 1831 3802 1914">
     <span class='ocr_line' id='line_1_47' title="bbox 2231 1831 3802 1914; baseline 0.004 -23"><span class='ocrx_word' id='word_1_332' title='bbox 2231 1856 2391 1911; x_wconf 76' lang='lat' dir='ltr'><strong>quam</strong></span> <span class='ocrx_word' id='word_1_333' title='bbox 2456 1841 2622 1896; x_wconf 89' lang='lat' dir='ltr'><strong>semei</strong></span> <span class='ocrx_word' id='word_1_334' title='bbox 2675 1841 2741 1896; x_wconf 89' lang='lat' dir='ltr'><strong>de</strong></span> <span class='ocrx_word' id='word_1_335' title='bbox 2798 1839 3093 1896; x_wconf 78' lang='lat' dir='ltr'><strong>liermanni</strong></span> <span class='ocrx_word' id='word_1_336' title='bbox 3138 1831 3475 1913; x_wconf 71' lang='lat' dir='ltr'><strong>professione</strong></span> <span class='ocrx_word' id='word_1_337' title='bbox 3516 1844 3802 1914; x_wconf 80' lang='lat' dir='ltr'><strong>‘arripuerc</strong></span> 
     </span>
    </p>
   </div>
   <div class='ocr_carea' id='block_1_48' title="bbox 2230 1932 3803 2004">
    <p class='ocr_par' dir='ltr' id='par_1_48' title="bbox 2230 1932 3803 2004">
     <span class='ocr_line' id='line_1_48' title="bbox 2230 1932 3803 2004; baseline 0.004 -17"><span class='ocrx_word' id='word_1_338' title='bbox 2230 1933 2577 2002; x_wconf 87' lang='lat' dir='ltr'><strong>sententiam,</strong></span> <span class='ocrx_word' id='word_1_339' title='bbox 2606 1932 2879 1988; x_wconf 89' lang='lat' dir='ltr'><strong>mordicus</strong></span> <span class='ocrx_word' id='word_1_340' title='bbox 2904 1933 3270 1989; x_wconf 80' lang='lat' dir='ltr'><strong>connitunt‘ur.</strong></span> <span class='ocrx_word' id='word_1_341' title='bbox 3295 1934 3477 2004; x_wconf 85' lang='lat' dir='ltr'><strong>Neque</strong></span> <span class='ocrx_word' id='word_1_342' title='bbox 3499 1936 3803 2001; x_wconf 80' lang='lat' dir='ltr'><strong>vcrosimile</strong></span> 
     </span>
    </p>
   </div>
   <div class='ocr_carea' id='block_1_49' title="bbox 2230 2016 3807 2095">
    <p class='ocr_par' dir='ltr' id='par_1_49' title="bbox 2230 2016 3807 2095">
     <span class='ocr_line' id='line_1_49' title="bbox 2230 2016 3807 2095; baseline 0.003 -18"><span class='ocrx_word' id='word_1_343' title='bbox 2230 2033 2315 2077; x_wconf 89' lang='lat' dir='ltr'><strong>est</strong></span> <span class='ocrx_word' id='word_1_344' title='bbox 2363 2023 2503 2093; x_wconf 86' lang='lat' dir='ltr'><strong>quod</strong></span> <span class='ocrx_word' id='word_1_345' title='bbox 2554 2023 2750 2093; x_wconf 88' lang='lat' dir='ltr'><strong>aliquis</strong></span> <span class='ocrx_word' id='word_1_346' title='bbox 2794 2024 3003 2094; x_wconf 85' lang='lat' dir='ltr'><strong>cpinari</strong></span> <span class='ocrx_word' id='word_1_347' title='bbox 3048 2033 3251 2095; x_wconf 89' lang='lat' dir='ltr'><strong>posset,</strong></span> <span class='ocrx_word' id='word_1_348' title='bbox 3290 2018 3456 2080; x_wconf 76' lang='lat' dir='ltr'><strong>fuiSse</strong></span> <span class='ocrx_word' id='word_1_349' title='bbox 3503 2016 3638 2082; x_wconf 75' lang='lat' dir='ltr'><strong>forte</strong></span> <span class='ocrx_word' id='word_1_350' title='bbox 3668 2026 3807 2082; x_wconf 79' lang='lat' dir='ltr'><strong>duos</strong></span> 
     </span>
    </p>
   </div>
   <div class='ocr_carea' id='block_1_50' title="bbox 2232 2114 3803 2187">
    <p class='ocr_par' dir='ltr' id='par_1_50' title="bbox 2232 2114 3803 2187">
     <span class='ocr_line' id='line_1_50' title="bbox 2232 2114 3803 2187; baseline 0.001 -18"><span class='ocrx_word' id='word_1_351' title='bbox 2232 2114 2541 2185; x_wconf 79' lang='lat' dir='ltr'><strong>iielpet-icos</strong></span> <span class='ocrx_word' id='word_1_352' title='bbox 2580 2114 2718 2185; x_wconf 87' lang='lat' dir='ltr'><strong>apud</strong></span> <span class='ocrx_word' id='word_1_353' title='bbox 2757 2114 2814 2169; x_wconf 93' lang='lat' dir='ltr'><strong>S.</strong></span> <span class='ocrx_word' id='word_1_354' title='bbox 2857 2115 3092 2181; x_wconf 88' lang='lat' dir='ltr'><strong>Gallum,</strong></span> <span class='ocrx_word' id='word_1_355' title='bbox 3124 2124 3352 2187; x_wconf 86' lang='lat' dir='ltr'><strong>quorum</strong></span> <span class='ocrx_word' id='word_1_356' title='bbox 3394 2133 3531 2172; x_wconf 89' lang='lat' dir='ltr'><strong>unus</strong></span> <span class='ocrx_word' id='word_1_357' title='bbox 3561 2117 3660 2173; x_wconf 90' lang='lat' dir='ltr'><strong>sub</strong></span> <span class='ocrx_word' id='word_1_358' title='bbox 3694 2117 3803 2172; x_wconf 82' lang='lat' dir='ltr'><strong>Ra-</strong></span> 
     </span>
    </p>
   </div>
   <div class='ocr_carea' id='block_1_51' title="bbox 2229 2205 3808 2279">
    <p class='ocr_par' dir='ltr' id='par_1_51' title="bbox 2229 2205 3808 2279">
     <span class='ocr_line' id='line_1_51' title="bbox 2229 2205 3808 2279; baseline 0.001 -18"><span class='ocrx_word' id='word_1_359' title='bbox 2229 2205 2390 2270; x_wconf 88' lang='lat' dir='ltr'><strong>bano,</strong></span> <span class='ocrx_word' id='word_1_360' title='bbox 2410 2205 2546 2259; x_wconf 89' lang='lat' dir='ltr'><strong>alter</strong></span> <span class='ocrx_word' id='word_1_361' title='bbox 2566 2220 2686 2260; x_wconf 91' lang='lat' dir='ltr'><strong>cum</strong></span> <span class='ocrx_word' id='word_1_362' title='bbox 2711 2205 3019 2262; x_wconf 80' lang='lat' dir='ltr'><strong>Hermanno</strong></span> <span class='ocrx_word' id='word_1_363' title='bbox 3041 2206 3286 2262; x_wconf 90' lang='lat' dir='ltr'><strong>floruerit</strong></span> <span class='ocrx_word' id='word_1_364' title='bbox 3306 2206 3526 2277; x_wconf 87' lang='lat' dir='ltr'><strong>ejusque</strong></span> <span class='ocrx_word' id='word_1_365' title='bbox 3548 2209 3808 2279; x_wconf 73' lang='lat' dir='ltr'><strong>magister</strong></span> 
     </span>
    </p>
   </div>
   <div class='ocr_carea' id='block_1_52' title="bbox 2230 2290 3805 2368">
    <p class='ocr_par' dir='ltr' id='par_1_52' title="bbox 2230 2290 3805 2368">
     <span class='ocr_line' id='line_1_52' title="bbox 2230 2290 3805 2368; baseline -0.002 -15"><span class='ocrx_word' id='word_1_366' title='bbox 2230 2313 2351 2353; x_wconf 89' lang='lat' dir='ltr'><strong>esse</strong></span> <span class='ocrx_word' id='word_1_367' title='bbox 2382 2298 2638 2367; x_wconf 84' lang='lat' dir='ltr'><strong>potuerit.</strong></span> <span class='ocrx_word' id='word_1_368' title='bbox 2670 2298 2797 2353; x_wconf 85' lang='lat' dir='ltr'><strong>Dico</strong></span> <span class='ocrx_word' id='word_1_369' title='bbox 2821 2290 2973 2353; x_wconf 86' lang='lat' dir='ltr'><strong>enim</strong></span> <span class='ocrx_word' id='word_1_370' title='bbox 3001 2313 3086 2354; x_wconf 88' lang='lat' dir='ltr'><strong>me</strong></span> <span class='ocrx_word' id='word_1_371' title='bbox 3112 2298 3379 2367; x_wconf 80' lang='lat' dir='ltr'><strong>neminem</strong></span> <span class='ocrx_word' id='word_1_372' title='bbox 3404 2294 3587 2353; x_wconf 81' lang='lat' dir='ltr'><strong>adhuc</strong></span> <span class='ocrx_word' id='word_1_373' title='bbox 3607 2296 3805 2368; x_wconf 68' lang='lat' dir='ltr'><strong>legisse.</strong></span> 
     </span>
    </p>
   </div>
   <div class='ocr_carea' id='block_1_53' title="bbox 2231 2388 3806 2461">
    <p class='ocr_par' dir='ltr' id='par_1_53' title="bbox 2231 2388 3806 2461">
     <span class='ocr_line' id='line_1_53' title="bbox 2231 2388 3806 2461; baseline 0 -18"><span class='ocrx_word' id='word_1_374' title='bbox 2231 2389 2320 2461; x_wconf 90' lang='lat' dir='ltr'><strong>qui</strong></span> <span class='ocrx_word' id='word_1_375' title='bbox 2343 2390 2477 2445; x_wconf 88' lang='lat' dir='ltr'><strong>duos</strong></span> <span class='ocrx_word' id='word_1_376' title='bbox 2501 2391 2722 2460; x_wconf 88' lang='lat' dir='ltr'><strong>hujusce</strong></span> <span class='ocrx_word' id='word_1_377' title='bbox 2745 2390 2978 2444; x_wconf 90' lang='lat' dir='ltr'><strong>nominis</strong></span> <span class='ocrx_word' id='word_1_378' title='bbox 2998 2389 3248 2445; x_wconf 63' lang='lat' dir='ltr'><strong>do&#39;cto‘res</strong></span> <span class='ocrx_word' id='word_1_379' title='bbox 3271 2389 3450 2443; x_wconf 85' lang='lat' dir='ltr'><strong>faciat.</strong></span> <span class='ocrx_word' id='word_1_380' title='bbox 3473 2388 3806 2444; x_wconf 90' lang='lat' dir='ltr'><strong>Trithemius</strong></span> 
     </span>
    </p>
   </div>
   <div class='ocr_carea' id='block_1_54' title="bbox 2230 2472 3805 2553">
    <p class='ocr_par' dir='ltr' id='par_1_54' title="bbox 2230 2472 3805 2553">
     <span class='ocr_line' id='line_1_54' title="bbox 2230 2472 3805 2553; baseline -0.003 -17"><span class='ocrx_word' id='word_1_381' title='bbox 2230 2482 2417 2548; x_wconf 90' lang='lat' dir='ltr'><strong>etiam,</strong></span> <span class='ocrx_word' id='word_1_382' title='bbox 2450 2481 2604 2553; x_wconf 90' lang='lat' dir='ltr'><strong>cujus</strong></span> <span class='ocrx_word' id='word_1_383' title='bbox 2639 2481 2706 2535; x_wconf 87' lang='lat' dir='ltr'><strong>ab</strong></span> <span class='ocrx_word' id='word_1_384' title='bbox 2734 2479 3081 2535; x_wconf 65' lang='lat' dir='ltr'><strong>aditersariis</strong></span> <span class='ocrx_word' id='word_1_385' title='bbox 3103 2479 3236 2534; x_wconf 87' lang='lat' dir='ltr'><strong>fides</strong></span> <span class='ocrx_word' id='word_1_386' title='bbox 3277 2472 3364 2534; x_wconf 94' lang='lat' dir='ltr'><strong>hic</strong></span> <span class='ocrx_word' id='word_1_387' title='bbox 3406 2477 3673 2548; x_wconf 74' lang='lat' dir='ltr'><strong>mirop‘ere</strong></span> <span class='ocrx_word' id='word_1_388' title='bbox 3708 2486 3805 2532; x_wconf 78' lang='lat' dir='ltr'><strong>ex-</strong></span> 
     </span>
    </p>
   </div>
   <div class='ocr_carea' id='block_1_55' title="bbox 2234 2558 3801 2639">
    <p class='ocr_par' dir='ltr' id='par_1_55' title="bbox 2234 2558 3801 2639">
     <span class='ocr_line' id='line_1_55' title="bbox 2234 2558 3801 2639; baseline -0.005 -11"><span class='ocrx_word' id='word_1_389' title='bbox 2234 2574 2459 2636; x_wconf 84' lang='lat' dir='ltr'><strong>tollitur,</strong></span> <span class='ocrx_word' id='word_1_390' title='bbox 2523 2577 2688 2627; x_wconf 76' lang='lat' dir='ltr'><strong>tmitm</strong></span> <span class='ocrx_word' id='word_1_391' title='bbox 2743 2570 3082 2627; x_wconf 86' lang='lat' dir='ltr'><strong>solummodo</strong></span> <span class='ocrx_word' id='word_1_392' title='bbox 3136 2569 3472 2639; x_wconf 74' lang='lat' dir='ltr'><strong>iielpericum</strong></span> <span class='ocrx_word' id='word_1_393' title='bbox 3536 2558 3801 2632; x_wconf 88' lang='lat' dir='ltr'><strong>nominat,</strong></span> 
     </span>
    </p>
   </div>
   <div class='ocr_carea' id='block_1_56' title="bbox 2231 2658 3805 2735">
    <p class='ocr_par' dir='ltr' id='par_1_56' title="bbox 2231 2658 3805 2735">
     <span class='ocr_line' id='line_1_56' title="bbox 2231 2658 3805 2735; baseline -0.006 -16"><span class='ocrx_word' id='word_1_394' title='bbox 2231 2680 2393 2735; x_wconf 89' lang='lat' dir='ltr'><strong>quem</strong></span> <span class='ocrx_word' id='word_1_395' title='bbox 2430 2663 2747 2735; x_wconf 86' lang='lat' dir='ltr'><strong>plerumque</strong></span> <span class='ocrx_word' id='word_1_396' title='bbox 2783 2663 3094 2717; x_wconf 81' lang='lat' dir='ltr'><strong>lierman’ho</strong></span> <span class='ocrx_word' id='word_1_397' title='bbox 3122 2666 3280 2715; x_wconf 66' lang='lat' dir='ltr'><strong>aetate</strong></span> <span class='ocrx_word' id='word_1_398' title='bbox 3312 2658 3438 2715; x_wconf 84' lang='lat' dir='ltr'><strong>facit</strong></span> <span class='ocrx_word' id='word_1_399' title='bbox 3475 2671 3681 2730; x_wconf 89' lang='lat' dir='ltr'><strong>parem,</strong></span> <span class='ocrx_word' id='word_1_400' title='bbox 3712 2669 3805 2711; x_wconf 89' lang='lat' dir='ltr'><strong>aut</strong></span> 
     </span>
    </p>
   </div>
   <div class='ocr_carea' id='block_1_57' title="bbox 2232 2748 3803 2823">
    <p class='ocr_par' dir='ltr' id='par_1_57' title="bbox 2232 2748 3803 2823">
     <span class='ocr_line' id='line_1_57' title="bbox 2232 2748 3803 2823; baseline -0.005 -14"><span class='ocrx_word' id='word_1_401' title='bbox 2232 2754 2399 2809; x_wconf 89' lang='lat' dir='ltr'><strong>ctiam</strong></span> <span class='ocrx_word' id='word_1_402' title='bbox 2428 2768 2714 2823; x_wconf 78' lang='lat' dir='ltr'><strong>supparem</strong></span> <span class='ocrx_word' id='word_1_403' title='bbox 2741 2751 3107 2819; x_wconf 85' lang='lat' dir='ltr'><strong>e&#39;tjuniorcm,</strong></span> <span class='ocrx_word' id='word_1_404' title='bbox 3139 2749 3436 2820; x_wconf 70' lang='lat' dir='ltr'><strong>prmsertim</strong></span> <span class='ocrx_word' id='word_1_405' title='bbox 3468 2750 3521 2803; x_wconf 91' lang='lat' dir='ltr'><strong>in</strong></span> <span class='ocrx_word' id='word_1_406' title='bbox 3549 2748 3803 2816; x_wconf 78' lang='lat' dir='ltr'><strong>C‘atai0go</strong></span> 
     </span>
    </p>
   </div>
   <div class='ocr_carea' id='block_1_58' title="bbox 2232 2840 3804 2915">
    <p class='ocr_par' dir='ltr' id='par_1_58' title="bbox 2232 2840 3804 2915">
     <span class='ocr_line' id='line_1_58' title="bbox 2232 2840 3804 2915; baseline -0.005 -13"><span class='ocrx_word' id='word_1_407' title='bbox 2232 2846 2300 2902; x_wconf 90' lang='lat' dir='ltr'><strong>de</strong></span> <span class='ocrx_word' id='word_1_408' title='bbox 2340 2845 2698 2915; x_wconf 84' lang='lat' dir='ltr'><strong>scriptoribus</strong></span> <span class='ocrx_word' id='word_1_409' title='bbox 2733 2842 3134 2905; x_wconf 82' lang='lat' dir='ltr'><strong>ceciesiasticis,</strong></span> <span class='ocrx_word' id='word_1_410' title='bbox 3179 2851 3336 2911; x_wconf 86' lang='lat' dir='ltr'><strong>quem</strong></span> <span class='ocrx_word' id='word_1_411' title='bbox 3372 2851 3492 2912; x_wconf 89' lang='lat' dir='ltr'><strong>post</strong></span> <span class='ocrx_word' id='word_1_412' title='bbox 3527 2840 3696 2895; x_wconf 89' lang='lat' dir='ltr'><strong>libros</strong></span> <span class='ocrx_word' id='word_1_413' title='bbox 3729 2841 3804 2893; x_wconf 88' lang='lat' dir='ltr'><strong>De</strong></span> 
     </span>
    </p>
   </div>
   <div class='ocr_carea' id='block_1_59' title="bbox 2231 2932 3805 3004">
    <p class='ocr_par' dir='ltr' id='par_1_59' title="bbox 2231 2932 3805 3004">
     <span class='ocr_line' id='line_1_59' title="bbox 2231 2932 3805 3004; baseline -0.002 -14"><span class='ocrx_word' id='word_1_414' title='bbox 2231 2937 2365 2992; x_wconf 85' lang='lat' dir='ltr'><strong>viris</strong></span> <span class='ocrx_word' id='word_1_415' title='bbox 2399 2935 2698 2992; x_wconf 89' lang='lat' dir='ltr'><strong>illustribus</strong></span> <span class='ocrx_word' id='word_1_416' title='bbox 2728 2935 2934 2991; x_wconf 89' lang='lat' dir='ltr'><strong>ordinis</strong></span> <span class='ocrx_word' id='word_1_417' title='bbox 2969 2933 3141 2990; x_wconf 79' lang='lat' dir='ltr'><strong>nostri</strong></span> <span class='ocrx_word' id='word_1_418' title='bbox 3173 2935 3409 3004; x_wconf 82' lang='lat' dir='ltr'><strong>scripsit.</strong></span> <span class='ocrx_word' id='word_1_419' title='bbox 3442 2932 3519 2988; x_wconf 92' lang='lat' dir='ltr'><strong>ibi</strong></span> <span class='ocrx_word' id='word_1_420' title='bbox 3556 2934 3698 2988; x_wconf 89' lang='lat' dir='ltr'><strong>eniin</strong></span> <span class='ocrx_word' id='word_1_421' title='bbox 3729 2934 3805 2987; x_wconf 89' lang='lat' dir='ltr'><strong>ait</strong></span> 
     </span>
    </p>
   </div>
   <div class='ocr_carea' id='block_1_60' title="bbox 2232 3024 3803 3095">
    <p class='ocr_par' dir='ltr' id='par_1_60' title="bbox 2232 3024 3803 3095">
     <span class='ocr_line' id='line_1_60' title="bbox 2232 3024 3803 3095; baseline -0.004 -12"><span class='ocrx_word' id='word_1_422' title='bbox 2232 3027 2601 3085; x_wconf 82' lang='lat' dir='ltr'><strong>Ilermannum</strong></span> <span class='ocrx_word' id='word_1_423' title='bbox 2626 3027 2824 3082; x_wconf 83' lang='lat' dir='ltr'><strong>vixisse</strong></span> <span class='ocrx_word' id='word_1_424' title='bbox 2846 3025 2948 3081; x_wconf 89' lang='lat' dir='ltr'><strong>sub</strong></span> <span class='ocrx_word' id='word_1_425' title='bbox 2971 3024 3203 3081; x_wconf 78' lang='lat' dir='ltr'><strong>Henrico</strong></span> <span class='ocrx_word' id='word_1_426' title='bbox 3225 3024 3267 3079; x_wconf 86' lang='lat' dir='ltr'><strong>ll</strong></span> <span class='ocrx_word' id='word_1_427' title='bbox 3293 3026 3631 3095; x_wconf 82' lang='lat' dir='ltr'><strong>imperatore,</strong></span> <span class='ocrx_word' id='word_1_428' title='bbox 3661 3024 3803 3079; x_wconf 89' lang='lat' dir='ltr'><strong>circa</strong></span> 
     </span>
    </p>
   </div>
   <div class='ocr_carea' id='block_1_61' title="bbox 2233 3114 3802 3189">
    <p class='ocr_par' dir='ltr' id='par_1_61' title="bbox 2233 3114 3802 3189">
     <span class='ocr_line' id='line_1_61' title="bbox 2233 3114 3802 3189; baseline -0.004 -13"><span class='ocrx_word' id='word_1_429' title='bbox 2233 3138 2436 3176; x_wconf 91' lang='lat' dir='ltr'><strong>annum</strong></span> <span class='ocrx_word' id='word_1_430' title='bbox 2472 3114 2683 3176; x_wconf 86' lang='lat' dir='ltr'><strong>Domini</strong></span> <span class='ocrx_word' id='word_1_431' title='bbox 2713 3119 2879 3184; x_wconf 67' lang='lat'><strong>1040;</strong></span> <span class='ocrx_word' id='word_1_432' title='bbox 2908 3117 3247 3189; x_wconf 77' lang='lat' dir='ltr'><strong>Heipericum</strong></span> <span class='ocrx_word' id='word_1_433' title='bbox 3280 3132 3408 3173; x_wconf 91' lang='lat' dir='ltr'><strong>vero</strong></span> <span class='ocrx_word' id='word_1_434' title='bbox 3438 3119 3579 3172; x_wconf 84' lang='lat' dir='ltr'><strong>circa</strong></span> <span class='ocrx_word' id='word_1_435' title='bbox 3604 3124 3802 3171; x_wconf 85' lang='lat' dir='ltr'><strong>annum</strong></span> 
     </span>
    </p>
   </div>
   <div class='ocr_carea' id='block_1_62' title="bbox 552 3180 3804 3281">
    <p class='ocr_par' dir='ltr' id='par_1_62' title="bbox 552 3180 3804 3281">
     <span class='ocr_line' id='line_1_62' title="bbox 552 3180 3804 3281; baseline -0 -18"><span class='ocrx_word' id='word_1_436' title='bbox 552 3225 670 3264; x_wconf 85' lang='lat' dir='ltr'><strong>cum</strong></span> <span class='ocrx_word' id='word_1_437' title='bbox 704 3219 751 3262; x_wconf 83' lang='lat' dir='ltr'><strong>et</strong></span> <span class='ocrx_word' id='word_1_438' title='bbox 787 3180 1200 3262; x_wconf 71' lang='lat' dir='ltr'><strong>Werentbertum</strong></span> <span class='ocrx_word' id='word_1_439' title='bbox 1237 3207 1399 3277; x_wconf 76' lang='lat' dir='ltr'><strong>fuisse</strong></span> <span class='ocrx_word' id='word_1_440' title='bbox 1427 3204 1711 3275; x_wconf 80' lang='lat' dir='ltr'><strong>discipulos</strong></span> <span class='ocrx_word' id='word_1_441' title='bbox 1740 3180 2125 3275; x_wconf 32' lang='lat' dir='ltr'><strong>ejusdem‘Ra-</strong></span> <span class='ocrx_word' id='word_1_442' title='bbox 2157 3180 2199 3240; x_wconf 67' lang='grc' dir='ltr'><strong>Ο</strong></span> <span class='ocrx_word' id='word_1_443' title='bbox 2236 3208 2394 3281; x_wconf 69' lang='grc'><strong>1069,</strong></span> <span class='ocrx_word' id='word_1_444' title='bbox 2434 3214 2536 3268; x_wconf 86' lang='lat' dir='ltr'><strong>sub</strong></span> <span class='ocrx_word' id='word_1_445' title='bbox 2574 3211 2807 3266; x_wconf 79' lang='lat' dir='ltr'><strong>Henrico</strong></span> <span class='ocrx_word' id='word_1_446' title='bbox 2845 3180 2909 3264; x_wconf 86' lang='lat' dir='ltr'><strong>ili</strong></span> <span class='ocrx_word' id='word_1_447' title='bbox 2944 3180 3289 3280; x_wconf 47' lang='lat' dir='ltr'><strong>itu-peratOre.</strong></span> <span class='ocrx_word' id='word_1_448' title='bbox 3322 3208 3460 3265; x_wconf 85' lang='lat' dir='ltr'><strong>Ecce</strong></span> <span class='ocrx_word' id='word_1_449' title='bbox 3494 3224 3621 3280; x_wconf 83' lang='lat' dir='ltr'><strong>ergo</strong></span> <span class='ocrx_word' id='word_1_450' title='bbox 3663 3210 3804 3280; x_wconf 79' lang='lat' dir='ltr'><strong>quod</strong></span> 
     </span>
    </p>
   </div>
   <div class='ocr_carea' id='block_1_63' title="bbox 551 3296 2134 3370">
    <p class='ocr_par' dir='ltr' id='par_1_63' title="bbox 551 3296 2134 3370">
     <span class='ocr_line' id='line_1_63' title="bbox 551 3296 2134 3370; baseline -0.004 -16"><span class='ocrx_word' id='word_1_451' title='bbox 551 3301 677 3356; x_wconf 66' lang='grc' dir='ltr'><strong>(ναηί</strong></span> <span class='ocrx_word' id='word_1_452' title='bbox 714 3300 926 3364; x_wconf 84' lang='lat' dir='ltr'><strong>scimus,</strong></span> <span class='ocrx_word' id='word_1_453' title='bbox 955 3307 1061 3354; x_wconf 87' lang='lat' dir='ltr'><strong>etc.</strong></span> <span class='ocrx_word' id='word_1_454' title='bbox 1099 3298 1155 3354; x_wconf 92' lang='lat' dir='ltr'><strong>Si</strong></span> <span class='ocrx_word' id='word_1_455' title='bbox 1194 3314 1325 3370; x_wconf 85' lang='lat' dir='ltr'><strong>ergo</strong></span> <span class='ocrx_word' id='word_1_456' title='bbox 1364 3296 1679 3368; x_wconf 83' lang='lat' dir='ltr'><strong>Helpericus</strong></span> <span class='ocrx_word' id='word_1_457' title='bbox 1709 3296 2003 3367; x_wconf 90' lang='lat' dir='ltr'><strong>discipulus</strong></span> <span class='ocrx_word' id='word_1_458' title='bbox 2031 3297 2134 3349; x_wconf 71' lang='lat' dir='ltr'><strong>lia-</strong></span> 
     </span>
    </p>
   </div>
   <div class='ocr_carea' id='block_1_64' title="bbox 532 3388 2133 3459">
    <p class='ocr_par' dir='ltr' id='par_1_64' title="bbox 532 3388 2133 3459">
     <span class='ocr_line' id='line_1_64' title="bbox 532 3388 2133 3459; baseline -0.004 -11"><span class='ocrx_word' id='word_1_459' title='bbox 532 3394 679 3448; x_wconf 80' lang='lat' dir='ltr'><strong>&#39;bani</strong></span> <span class='ocrx_word' id='word_1_460' title='bbox 711 3393 833 3459; x_wconf 88' lang='lat' dir='ltr'><strong>fuit,</strong></span> <span class='ocrx_word' id='word_1_461' title='bbox 868 3407 1090 3451; x_wconf 89' lang='lat' dir='ltr'><strong>necesse</strong></span> <span class='ocrx_word' id='word_1_462' title='bbox 1125 3401 1210 3448; x_wconf 88' lang='lat' dir='ltr'><strong>est</strong></span> <span class='ocrx_word' id='word_1_463' title='bbox 1253 3390 1420 3446; x_wconf 81' lang='lat' dir='ltr'><strong>fuisse</strong></span> <span class='ocrx_word' id='word_1_464' title='bbox 1462 3398 1589 3444; x_wconf 88' lang='lat' dir='ltr'><strong>ante</strong></span> <span class='ocrx_word' id='word_1_465' title='bbox 1624 3404 1826 3443; x_wconf 90' lang='lat' dir='ltr'><strong>annum</strong></span> <span class='ocrx_word' id='word_1_466' title='bbox 1869 3388 1992 3455; x_wconf 67' lang='lat'><strong>847,</strong></span> <span class='ocrx_word' id='word_1_467' title='bbox 2025 3402 2133 3458; x_wconf 91' lang='lat' dir='ltr'><strong>quo</strong></span> 
     </span>
    </p>
   </div>
   <div class='ocr_carea' id='block_1_65' title="bbox 554 3478 2133 3551">
    <p class='ocr_par' dir='ltr' id='par_1_65' title="bbox 554 3478 2133 3551">
     <span class='ocr_line' id='line_1_65' title="bbox 554 3478 2133 3551; baseline -0.004 -13"><span class='ocrx_word' id='word_1_468' title='bbox 554 3482 837 3538; x_wconf 77' lang='lat' dir='ltr'><strong>Babanum</strong></span> <span class='ocrx_word' id='word_1_469' title='bbox 871 3481 1246 3538; x_wconf 73' lang='lat' dir='ltr'><strong>archidimcesi</strong></span> <span class='ocrx_word' id='word_1_470' title='bbox 1280 3480 1590 3551; x_wconf 80' lang='lat' dir='ltr'><strong>praefectum</strong></span> <span class='ocrx_word' id='word_1_471' title='bbox 1619 3495 1740 3535; x_wconf 89' lang='lat' dir='ltr'><strong>esse</strong></span> <span class='ocrx_word' id='word_1_472' title='bbox 1771 3480 1966 3535; x_wconf 84' lang='lat' dir='ltr'><strong>docent</strong></span> <span class='ocrx_word' id='word_1_473' title='bbox 1991 3478 2133 3533; x_wconf 87' lang='lat' dir='ltr'><strong>Con-</strong></span> 
     </span>
    </p>
   </div>
   <div class='ocr_carea' id='block_1_66' title="bbox 542 3572 2133 3639">
    <p class='ocr_par' dir='ltr' id='par_1_66' title="bbox 542 3572 2133 3639">
     <span class='ocr_line' id='line_1_66' title="bbox 542 3572 2133 3639; baseline -0.003 -9"><span class='ocrx_word' id='word_1_474' title='bbox 542 3586 767 3631; x_wconf 47' lang='lat' dir='ltr'><strong>vtractus</strong></span> <span class='ocrx_word' id='word_1_475' title='bbox 810 3576 864 3629; x_wconf 92' lang='lat' dir='ltr'><strong>in</strong></span> <span class='ocrx_word' id='word_1_476' title='bbox 908 3574 1200 3639; x_wconf 88' lang='lat' dir='ltr'><strong>Chronico,</strong></span> <span class='ocrx_word' id='word_1_477' title='bbox 1245 3574 1510 3628; x_wconf 88' lang='lat' dir='ltr'><strong>Baronius</strong></span> <span class='ocrx_word' id='word_1_478' title='bbox 1553 3572 1747 3627; x_wconf 86' lang='lat' dir='ltr'><strong>Annal.</strong></span> <span class='ocrx_word' id='word_1_479' title='bbox 1790 3581 1921 3626; x_wconf 90' lang='lat' dir='ltr'><strong>tom.</strong></span> <span class='ocrx_word' id='word_1_480' title='bbox 1952 3572 2032 3634; x_wconf 80' lang='grc' dir='ltr'>Χ,</span> <span class='ocrx_word' id='word_1_481' title='bbox 2068 3574 2133 3625; x_wconf 90' lang='lat' dir='ltr'><strong>ad</strong></span> 
     </span>
    </p>
   </div>
   <div class='ocr_carea' id='block_1_67' title="bbox 555 3662 2137 3736">
    <p class='ocr_par' dir='ltr' id='par_1_67' title="bbox 555 3662 2137 3736">
     <span class='ocr_line' id='line_1_67' title="bbox 555 3662 2137 3736; baseline -0.002 -17"><span class='ocrx_word' id='word_1_482' title='bbox 555 3665 877 3736; x_wconf 65' lang='lat' dir='ltr'><strong>praedictum</strong></span> <span class='ocrx_word' id='word_1_483' title='bbox 911 3664 1112 3719; x_wconf 90' lang='lat' dir='ltr'><strong>Christi</strong></span> <span class='ocrx_word' id='word_1_484' title='bbox 1147 3680 1371 3718; x_wconf 91' lang='lat' dir='ltr'><strong>annum.</strong></span> <span class='ocrx_word' id='word_1_485' title='bbox 1406 3662 1545 3718; x_wconf 87' lang='lat' dir='ltr'><strong>ilinc</strong></span> <span class='ocrx_word' id='word_1_486' title='bbox 1573 3678 1705 3717; x_wconf 86' lang='lat' dir='ltr'><strong>vero</strong></span> <span class='ocrx_word' id='word_1_487' title='bbox 1735 3663 1959 3718; x_wconf 85' lang='lat' dir='ltr'><strong>ulterius</strong></span> <span class='ocrx_word' id='word_1_488' title='bbox 1986 3662 2137 3716; x_wconf 86' lang='lat' dir='ltr'><strong>colli-</strong></span> 
     </span>
    </p>
   </div>
   <div class='ocr_carea' id='block_1_68' title="bbox 548 3753 2133 3828">
    <p class='ocr_par' dir='ltr' id='par_1_68' title="bbox 548 3753 2133 3828">
     <span class='ocr_line' id='line_1_68' title="bbox 548 3753 2133 3828; baseline -0.004 -14"><span class='ocrx_word' id='word_1_489' title='bbox 548 3772 683 3828; x_wconf 69' lang='lat' dir='ltr'><strong>gere</strong></span> <span class='ocrx_word' id='word_1_490' title='bbox 714 3757 841 3813; x_wconf 90' lang='lat' dir='ltr'><strong>licet</strong></span> <span class='ocrx_word' id='word_1_491' title='bbox 865 3756 1206 3825; x_wconf 82' lang='lat' dir='ltr'><strong>iielpericum</strong></span> <span class='ocrx_word' id='word_1_492' title='bbox 1234 3766 1416 3810; x_wconf 85' lang='lat' dir='ltr'><strong>natum</strong></span> <span class='ocrx_word' id='word_1_493' title='bbox 1442 3754 1606 3809; x_wconf 71' lang='lat' dir='ltr'><strong>fuiSse</strong></span> <span class='ocrx_word' id='word_1_494' title='bbox 1629 3764 1756 3809; x_wconf 91' lang='lat' dir='ltr'><strong>ante</strong></span> <span class='ocrx_word' id='word_1_495' title='bbox 1785 3753 1981 3808; x_wconf 84' lang='lat' dir='ltr'><strong>annum</strong></span> <span class='ocrx_word' id='word_1_496' title='bbox 2010 3755 2133 3819; x_wconf 67' lang='lat'><strong>8&#39;28,</strong></span> 
     </span>
    </p>
   </div>
   <div class='ocr_carea' id='block_1_69' title="bbox 549 3843 2139 3917">
    <p class='ocr_par' dir='ltr' id='par_1_69' title="bbox 549 3843 2139 3917">
     <span class='ocr_line' id='line_1_69' title="bbox 549 3843 2139 3917; baseline -0.004 -12"><span class='ocrx_word' id='word_1_497' title='bbox 549 3863 681 3906; x_wconf 83' lang='lat' dir='ltr'><strong>cum</strong></span> <span class='ocrx_word' id='word_1_498' title='bbox 704 3847 981 3917; x_wconf 87' lang='lat' dir='ltr'><strong>probabile</strong></span> <span class='ocrx_word' id='word_1_499' title='bbox 1003 3846 1094 3911; x_wconf 91' lang='lat' dir='ltr'><strong>sit,</strong></span> <span class='ocrx_word' id='word_1_500' title='bbox 1118 3844 1337 3915; x_wconf 85' lang='lat' dir='ltr'><strong>quando</strong></span> <span class='ocrx_word' id='word_1_501' title='bbox 1363 3844 1588 3899; x_wconf 82' lang='lat' dir='ltr'><strong>Fuldam</strong></span> <span class='ocrx_word' id='word_1_502' title='bbox 1610 3860 1640 3899; x_wconf 88' lang='lat' dir='ltr'><strong>e</strong></span> <span class='ocrx_word' id='word_1_503' title='bbox 1668 3844 1725 3899; x_wconf 91' lang='lat' dir='ltr'><strong>S.</strong></span> <span class='ocrx_word' id='word_1_504' title='bbox 1755 3843 1909 3899; x_wconf 86' lang='lat' dir='ltr'><strong>Gallo</strong></span> <span class='ocrx_word' id='word_1_505' title='bbox 1938 3846 2139 3899; x_wconf 89' lang='lat' dir='ltr'><strong>studio-</strong></span> 
     </span>
    </p>
   </div>
   <div class='ocr_carea' id='block_1_70' title="bbox 554 3937 2134 4007">
    <p class='ocr_par' dir='ltr' id='par_1_70' title="bbox 554 3937 2134 4007">
     <span class='ocr_line' id='line_1_70' title="bbox 554 3937 2134 4007; baseline -0.004 -9"><span class='ocrx_word' id='word_1_506' title='bbox 554 3957 678 3998; x_wconf 83' lang='lat' dir='ltr'><strong>rum</strong></span> <span class='ocrx_word' id='word_1_507' title='bbox 723 3957 885 3998; x_wconf 87' lang='lat' dir='ltr'><strong>causa</strong></span> <span class='ocrx_word' id='word_1_508' title='bbox 933 3940 1129 3995; x_wconf 88' lang='lat' dir='ltr'><strong>missus</strong></span> <span class='ocrx_word' id='word_1_509' title='bbox 1169 3948 1283 4005; x_wconf 87' lang='lat' dir='ltr'><strong>est,</strong></span> <span class='ocrx_word' id='word_1_510' title='bbox 1325 3938 1392 3993; x_wconf 91' lang='lat' dir='ltr'><strong>ad</strong></span> <span class='ocrx_word' id='word_1_511' title='bbox 1420 3937 1701 3991; x_wconf 85' lang='lat' dir='ltr'><strong>minimum</strong></span> <span class='ocrx_word' id='word_1_512' title='bbox 1749 3937 2134 4007; x_wconf 86' lang='lat' dir='ltr'><strong>septemdecim</strong></span> 
     </span>
    </p>
   </div>
   <div class='ocr_carea' id='block_1_71' title="bbox 556 4029 2139 4096">
    <p class='ocr_par' dir='ltr' id='par_1_71' title="bbox 556 4029 2139 4096">
     <span class='ocr_line' id='line_1_71' title="bbox 556 4029 2139 4096; baseline -0.004 -4"><span class='ocrx_word' id='word_1_513' title='bbox 556 4051 825 4092; x_wconf 88' lang='lat' dir='ltr'><strong>annorum</strong></span> <span class='ocrx_word' id='word_1_514' title='bbox 859 4034 1043 4096; x_wconf 85' lang='lat' dir='ltr'><strong>fuisse,</strong></span> <span class='ocrx_word' id='word_1_515' title='bbox 1076 4042 1131 4088; x_wconf 91' lang='lat' dir='ltr'><strong>ct</strong></span> <span class='ocrx_word' id='word_1_516' title='bbox 1172 4032 1381 4087; x_wconf 86' lang='lat' dir='ltr'><strong>duobus</strong></span> <span class='ocrx_word' id='word_1_517' title='bbox 1409 4039 1504 4085; x_wconf 92' lang='lat' dir='ltr'><strong>aut</strong></span> <span class='ocrx_word' id='word_1_518' title='bbox 1531 4030 1702 4085; x_wconf 87' lang='lat' dir='ltr'><strong>tribus</strong></span> <span class='ocrx_word' id='word_1_519' title='bbox 1734 4029 1955 4084; x_wconf 89' lang='lat' dir='ltr'><strong>circiter</strong></span> <span class='ocrx_word' id='word_1_520' title='bbox 1981 4030 2139 4085; x_wconf 87' lang='lat' dir='ltr'><strong>anuis</strong></span> 
     </span>
    </p>
   </div>
   <div class='ocr_carea' id='block_1_72' title="bbox 556 4121 2138 4208">
    <p class='ocr_par' dir='ltr' id='par_1_72' title="bbox 556 4121 2138 4208">
     <span class='ocr_line' id='line_1_72' title="bbox 556 4121 2138 4208; baseline -0.004 -26"><span class='ocrx_word' id='word_1_521' title='bbox 556 4127 755 4208; x_wconf 77' lang='lat' dir='ltr'><strong>ibidem</strong></span> <span class='ocrx_word' id='word_1_522' title='bbox 795 4126 1077 4182; x_wconf 79' lang='lat' dir='ltr'><strong>Rabanum</strong></span> <span class='ocrx_word' id='word_1_523' title='bbox 1117 4139 1305 4179; x_wconf 90' lang='lat' dir='ltr'><strong>sacras</strong></span> <span class='ocrx_word' id='word_1_524' title='bbox 1349 4122 1561 4178; x_wconf 90' lang='lat' dir='ltr'><strong>litteras</strong></span> <span class='ocrx_word' id='word_1_525' title='bbox 1594 4131 1949 4191; x_wconf 71' lang='lat' dir='ltr'><strong>ettponentem</strong></span> <span class='ocrx_word' id='word_1_526' title='bbox 1984 4121 2138 4176; x_wconf 88' lang='lat' dir='ltr'><strong>audi-</strong></span> 
     </span>
    </p>
   </div>
   <div class='ocr_carea' id='block_1_73' title="bbox 557 4211 2136 4289">
    <p class='ocr_par' dir='ltr' id='par_1_73' title="bbox 557 4211 2136 4289">
     <span class='ocr_line' id='line_1_73' title="bbox 557 4211 2136 4289; baseline -0.006 -14"><span class='ocrx_word' id='word_1_527' title='bbox 557 4219 726 4286; x_wconf 84' lang='lat' dir='ltr'><strong>visse,</strong></span> <span class='ocrx_word' id='word_1_528' title='bbox 757 4217 921 4289; x_wconf 90' lang='lat' dir='ltr'><strong>quod,</strong></span> <span class='ocrx_word' id='word_1_529' title='bbox 953 4226 1014 4272; x_wconf 92' lang='lat' dir='ltr'><strong>ut</strong></span> <span class='ocrx_word' id='word_1_530' title='bbox 1038 4216 1172 4282; x_wconf 69' lang='lat' dir='ltr'><strong>diri,</strong></span> <span class='ocrx_word' id='word_1_531' title='bbox 1223 4222 1351 4270; x_wconf 88' lang='lat' dir='ltr'><strong>ante</strong></span> <span class='ocrx_word' id='word_1_532' title='bbox 1377 4229 1577 4268; x_wconf 87' lang='lat' dir='ltr'><strong>annum</strong></span> <span class='ocrx_word' id='word_1_533' title='bbox 1608 4212 1711 4269; x_wconf 67' lang='grc'><strong>847</strong></span> <span class='ocrx_word' id='word_1_534' title='bbox 1736 4212 1976 4281; x_wconf 89' lang='lat' dir='ltr'><strong>oportuit</strong></span> <span class='ocrx_word' id='word_1_535' title='bbox 1999 4211 2136 4267; x_wconf 88' lang='lat' dir='ltr'><strong>fieri.</strong></span> 
     </span>
    </p>
   </div>
   <div class='ocr_carea' id='block_1_74' title="bbox 557 4302 2141 4373">
    <p class='ocr_par' dir='ltr' id='par_1_74' title="bbox 557 4302 2141 4373">
     <span class='ocr_line' id='line_1_74' title="bbox 557 4302 2141 4373; baseline -0.006 -8"><span class='ocrx_word' id='word_1_536' title='bbox 557 4307 695 4365; x_wconf 75' lang='lat' dir='ltr'><strong>Nam</strong></span> <span class='ocrx_word' id='word_1_537' title='bbox 727 4306 985 4364; x_wconf 91' lang='lat' dir='ltr'><strong>credibile</strong></span> <span class='ocrx_word' id='word_1_538' title='bbox 1026 4322 1131 4361; x_wconf 92' lang='lat' dir='ltr'><strong>non</strong></span> <span class='ocrx_word' id='word_1_539' title='bbox 1169 4313 1254 4360; x_wconf 88' lang='lat' dir='ltr'><strong>est</strong></span> <span class='ocrx_word' id='word_1_540' title='bbox 1293 4304 1600 4367; x_wconf 82' lang='lat' dir='ltr'><strong>Rabanum,</strong></span> <span class='ocrx_word' id='word_1_541' title='bbox 1631 4302 1744 4373; x_wconf 89' lang='lat' dir='ltr'><strong>jam</strong></span> <span class='ocrx_word' id='word_1_542' title='bbox 1775 4302 2141 4372; x_wconf 83' lang='lat' dir='ltr'><strong>archiepisco-</strong></span> 
     </span>
    </p>
   </div>
   <div class='ocr_carea' id='block_1_75' title="bbox 562 4392 2141 4472">
    <p class='ocr_par' dir='ltr' id='par_1_75' title="bbox 562 4392 2141 4472">
     <span class='ocr_line' id='line_1_75' title="bbox 562 4392 2141 4472; baseline -0.006 -16"><span class='ocrx_word' id='word_1_543' title='bbox 562 4414 692 4472; x_wconf 87' lang='lat' dir='ltr'><strong>pum</strong></span> <span class='ocrx_word' id='word_1_544' title='bbox 735 4399 1182 4471; x_wconf 80' lang='lat' dir='ltr'><strong>gravissimisque</strong></span> <span class='ocrx_word' id='word_1_545' title='bbox 1228 4397 1375 4452; x_wconf 87' lang='lat' dir='ltr'><strong>curis</strong></span> <span class='ocrx_word' id='word_1_546' title='bbox 1423 4396 1732 4457; x_wconf 86' lang='lat' dir='ltr'><strong>distentum,</strong></span> <span class='ocrx_word' id='word_1_547' title='bbox 1782 4392 1994 4448; x_wconf 87' lang='lat' dir='ltr'><strong>scholas</strong></span> <span class='ocrx_word' id='word_1_548' title='bbox 2042 4393 2141 4447; x_wconf 88' lang='lat' dir='ltr'><strong>ba-</strong></span> 
     </span>
    </p>
   </div>
   <div class='ocr_carea' id='block_1_76' title="bbox 560 4484 2137 4559">
    <p class='ocr_par' dir='ltr' id='par_1_76' title="bbox 560 4484 2137 4559">
     <span class='ocr_line' id='line_1_76' title="bbox 560 4484 2137 4559; baseline -0.006 -12"><span class='ocrx_word' id='word_1_549' title='bbox 560 4491 765 4547; x_wconf 88' lang='lat' dir='ltr'><strong>buisse.</strong></span> <span class='ocrx_word' id='word_1_550' title='bbox 789 4489 903 4546; x_wconf 85' lang='lat' dir='ltr'><strong>Hoc</strong></span> <span class='ocrx_word' id='word_1_551' title='bbox 918 4503 1050 4559; x_wconf 79' lang='lat' dir='ltr'><strong>ergo</strong></span> <span class='ocrx_word' id='word_1_552' title='bbox 1081 4488 1246 4544; x_wconf 86' lang='lat' dir='ltr'><strong>veluti</strong></span> <span class='ocrx_word' id='word_1_553' title='bbox 1276 4486 1629 4541; x_wconf 85' lang='lat' dir='ltr'><strong>fundamento</strong></span> <span class='ocrx_word' id='word_1_554' title='bbox 1657 4485 1954 4555; x_wconf 87' lang='lat' dir='ltr'><strong>supposito,</strong></span> <span class='ocrx_word' id='word_1_555' title='bbox 1986 4484 2137 4539; x_wconf 79' lang='lat' dir='ltr'><strong>&#39;vide-</strong></span> 
     </span>
    </p>
   </div>
   <div class='ocr_carea' id='block_1_77' title="bbox 563 4574 2139 4652">
    <p class='ocr_par' dir='ltr' id='par_1_77' title="bbox 563 4574 2139 4652">
     <span class='ocr_line' id='line_1_77' title="bbox 563 4574 2139 4652; baseline -0.006 -14"><span class='ocrx_word' id='word_1_556' title='bbox 563 4583 742 4638; x_wconf 87' lang='lat' dir='ltr'><strong>bimus</strong></span> <span class='ocrx_word' id='word_1_557' title='bbox 764 4592 1024 4652; x_wconf 77' lang='lat' dir='ltr'><strong>praeterea</strong></span> <span class='ocrx_word' id='word_1_558' title='bbox 1041 4596 1148 4651; x_wconf 90' lang='lat' dir='ltr'><strong>quo</strong></span> <span class='ocrx_word' id='word_1_559' title='bbox 1165 4591 1406 4649; x_wconf 88' lang='lat' dir='ltr'><strong>tempore</strong></span> <span class='ocrx_word' id='word_1_560' title='bbox 1428 4577 1764 4648; x_wconf 86' lang='lat' dir='ltr'><strong>Helpericus,</strong></span> <span class='ocrx_word' id='word_1_561' title='bbox 1783 4577 1826 4630; x_wconf 86' lang='lat' dir='ltr'><strong>si</strong></span> <span class='ocrx_word' id='word_1_562' title='bbox 1849 4574 2139 4630; x_wconf 85' lang='lat' dir='ltr'><strong>Hertnanni</strong></span> 
     </span>
    </p>
   </div>
   <div class='ocr_carea' id='block_1_78' title="bbox 565 4665 2142 4745">
    <p class='ocr_par' dir='ltr' id='par_1_78' title="bbox 565 4665 2142 4745">
     <span class='ocr_line' id='line_1_78' title="bbox 565 4665 2142 4745; baseline -0.004 -18"><span class='ocrx_word' id='word_1_563' title='bbox 565 4674 827 4745; x_wconf 80' lang='lat' dir='ltr'><strong>magister</strong></span> <span class='ocrx_word' id='word_1_564' title='bbox 863 4672 988 4739; x_wconf 84' lang='lat' dir='ltr'><strong>fuit,</strong></span> <span class='ocrx_word' id='word_1_565' title='bbox 1020 4672 1216 4727; x_wconf 85' lang='lat' dir='ltr'><strong>docere</strong></span> <span class='ocrx_word' id='word_1_566' title='bbox 1245 4670 1516 4725; x_wconf 88' lang='lat' dir='ltr'><strong>debuerit.</strong></span> <span class='ocrx_word' id='word_1_567' title='bbox 1550 4667 1819 4736; x_wconf 89' lang='lat' dir='ltr'><strong>imprimis</strong></span> <span class='ocrx_word' id='word_1_568' title='bbox 1847 4665 1989 4719; x_wconf 80' lang='lat' dir='ltr'><strong>enim</strong></span> <span class='ocrx_word' id='word_1_569' title='bbox 2031 4665 2142 4734; x_wconf 88' lang='lat' dir='ltr'><strong>ipsc</strong></span> 
     </span>
    </p>
   </div>
   <div class='ocr_carea' id='block_1_79' title="bbox 569 4757 2139 4825">
    <p class='ocr_par' dir='ltr' id='par_1_79' title="bbox 569 4757 2139 4825">
     <span class='ocr_line' id='line_1_79' title="bbox 569 4757 2139 4825; baseline -0.004 -5"><span class='ocrx_word' id='word_1_570' title='bbox 569 4767 910 4822; x_wconf 90' lang='lat' dir='ltr'><strong>llermannus</strong></span> <span class='ocrx_word' id='word_1_571' title='bbox 940 4766 992 4820; x_wconf 90' lang='lat' dir='ltr'><strong>in</strong></span> <span class='ocrx_word' id='word_1_572' title='bbox 1016 4764 1285 4820; x_wconf 88' lang='lat' dir='ltr'><strong>Chronico</strong></span> <span class='ocrx_word' id='word_1_573' title='bbox 1310 4762 1500 4818; x_wconf 89' lang='lat' dir='ltr'><strong>scribit</strong></span> <span class='ocrx_word' id='word_1_574' title='bbox 1524 4777 1582 4817; x_wconf 91' lang='lat' dir='ltr'><strong>se</strong></span> <span class='ocrx_word' id='word_1_575' title='bbox 1606 4768 1788 4815; x_wconf 91' lang='lat' dir='ltr'><strong>uatum</strong></span> <span class='ocrx_word' id='word_1_576' title='bbox 1816 4773 1956 4812; x_wconf 88' lang='lat' dir='ltr'><strong>anno</strong></span> <span class='ocrx_word' id='word_1_577' title='bbox 1983 4757 2139 4825; x_wconf 78' lang='lat' dir='ltr'><strong>l0i&#39;5,</strong></span> 
     </span>
    </p>
   </div>
   <div class='ocr_carea' id='block_1_80' title="bbox 568 4853 2144 4930">
    <p class='ocr_par' dir='ltr' id='par_1_80' title="bbox 568 4853 2144 4930">
     <span class='ocr_line' id='line_1_80' title="bbox 568 4853 2144 4930; baseline -0.008 -14"><span class='ocrx_word' id='word_1_578' title='bbox 568 4862 760 4917; x_wconf 85' lang='lat' dir='ltr'><strong>litteris</strong></span> <span class='ocrx_word' id='word_1_579' title='bbox 798 4875 928 4915; x_wconf 85' lang='lat' dir='ltr'><strong>vero</strong></span> <span class='ocrx_word' id='word_1_580' title='bbox 967 4868 1282 4930; x_wconf 83' lang='lat' dir='ltr'><strong>septennem</strong></span> <span class='ocrx_word' id='word_1_581' title='bbox 1328 4858 1585 4912; x_wconf 88' lang='lat' dir='ltr'><strong>traditmn</strong></span> <span class='ocrx_word' id='word_1_582' title='bbox 1631 4870 1774 4910; x_wconf 89' lang='lat' dir='ltr'><strong>anno</strong></span> <span class='ocrx_word' id='word_1_583' title='bbox 1817 4854 1974 4908; x_wconf 69' lang='grc'><strong>1020.</strong></span> <span class='ocrx_word' id='word_1_584' title='bbox 2003 4853 2144 4922; x_wconf 86' lang='lat' dir='ltr'><strong>Ergo</strong></span> 
     </span>
    </p>
   </div>
   <div class='ocr_carea' id='block_1_81' title="bbox 566 4945 2141 5025">
    <p class='ocr_par' dir='ltr' id='par_1_81' title="bbox 566 4945 2141 5025">
     <span class='ocr_line' id='line_1_81' title="bbox 566 4945 2141 5025; baseline -0.01 -13"><span class='ocrx_word' id='word_1_585' title='bbox 566 4964 692 5025; x_wconf 83' lang='lat' dir='ltr'><strong>post</strong></span> <span class='ocrx_word' id='word_1_586' title='bbox 712 4969 913 5009; x_wconf 88' lang='lat' dir='ltr'><strong>annum</strong></span> <span class='ocrx_word' id='word_1_587' title='bbox 932 4952 1069 5008; x_wconf 69' lang='lat'><strong>1020</strong></span> <span class='ocrx_word' id='word_1_588' title='bbox 1091 4952 1268 5007; x_wconf 85' lang='lat' dir='ltr'><strong>adhuc</strong></span> <span class='ocrx_word' id='word_1_589' title='bbox 1291 4952 1424 5006; x_wconf 74' lang='lat' dir='ltr'><strong>visit</strong></span> <span class='ocrx_word' id='word_1_590' title='bbox 1440 4949 1776 5019; x_wconf 83' lang='lat' dir='ltr'><strong>iicipericus,</strong></span> <span class='ocrx_word' id='word_1_591' title='bbox 1794 4947 1901 5001; x_wconf 90' lang='lat' dir='ltr'><strong>imo</strong></span> <span class='ocrx_word' id='word_1_592' title='bbox 1921 4945 2141 5008; x_wconf 87' lang='lat' dir='ltr'><strong>diutius,</strong></span> 
     </span>
    </p>
   </div>
   <div class='ocr_carea' id='block_1_82' title="bbox 570 5037 2146 5088">
    <p class='ocr_par' dir='ltr' id='par_1_82' title="bbox 570 5037 2146 5088">
     <span class='ocr_line' id='line_1_82' title="bbox 570 5037 2146 5088; baseline 0 0"><span class='ocrx_word' id='word_1_593' title='bbox 570 5047 1005 5088; x_wconf 64' lang='lat' dir='ltr'><strong>niinndnmnitinm</strong></span> <span class='ocrx_word' id='word_1_594' title='bbox 1035 5063 1061 5088; x_wconf 72' lang='grc' dir='ltr'>ει</span> <span class='ocrx_word' id='word_1_595' title='bbox 1086 5044 1344 5088; x_wconf 70' lang='lat' dir='ltr'><strong>mdinln</strong></span> <span class='ocrx_word' id='word_1_596' title='bbox 1369 5042 1636 5088; x_wconf 62' lang='lat' dir='ltr'><strong>scrinium</strong></span> <span class='ocrx_word' id='word_1_597' title='bbox 1658 5040 1856 5088; x_wconf 82' lang='lat' dir='ltr'><strong>dicitur</strong></span> <span class='ocrx_word' id='word_1_598' title='bbox 1880 5037 2146 5088; x_wconf 80' lang='lat' dir='ltr'><strong>Herman-</strong></span> 
     </span>
    </p>
   </div>
   <div class='ocr_carea' id='block_1_83' title="bbox 2170 4529 2217 4587">
    <p class='ocr_par' dir='ltr' id='par_1_83' title="bbox 2170 4529 2217 4587">
     <span class='ocr_line' id='line_1_83' title="bbox 2170 4529 2217 4587; baseline 0 0"><span class='ocrx_word' id='word_1_599' title='bbox 2170 4529 2217 4587; x_wconf 92' lang='lat' dir='ltr'><strong>D</strong></span> 
     </span>
    </p>
   </div>
   <div class='ocr_carea' id='block_1_84' title="bbox 2217 4654 3812 4743">
    <p class='ocr_par' dir='ltr' id='par_1_84' title="bbox 2217 4654 3812 4743">
     <span class='ocr_line' id='line_1_84' title="bbox 2217 4654 3812 4743; baseline -0.009 -17"><span class='ocrx_word' id='word_1_600' title='bbox 2217 4672 2382 4742; x_wconf 68' lang='lat' dir='ltr'><strong>‘giam</strong></span> <span class='ocrx_word' id='word_1_601' title='bbox 2416 4679 2647 4725; x_wconf 88' lang='lat' dir='ltr'><strong>nostram</strong></span> <span class='ocrx_word' id='word_1_602' title='bbox 2683 4670 2945 4743; x_wconf 81' lang='lat' dir='ltr'><strong>ingressus</strong></span> <span class='ocrx_word' id='word_1_603' title='bbox 2975 4676 3155 4718; x_wconf 82' lang='lat' dir='ltr'><strong>octavo</strong></span> <span class='ocrx_word' id='word_1_604' title='bbox 3184 4660 3310 4716; x_wconf 77' lang='lat' dir='ltr'><strong>Kal.</strong></span> <span class='ocrx_word' id='word_1_605' title='bbox 3348 4660 3501 4723; x_wconf 71' lang='lat' dir='ltr'><strong>Maii,</strong></span> <span class='ocrx_word' id='word_1_606' title='bbox 3537 4675 3718 4713; x_wconf 82' lang='lat' dir='ltr'><strong>novam</strong></span> <span class='ocrx_word' id='word_1_607' title='bbox 3754 4654 3812 4712; x_wconf 86' lang='lat'><strong>8.</strong></span> 
     </span>
    </p>
   </div>
   <div class='ocr_carea' id='block_1_85' title="bbox 2235 3294 3804 3374">
    <p class='ocr_par' dir='ltr' id='par_1_85' title="bbox 2235 3294 3804 3374">
     <span class='ocr_line' id='line_1_85' title="bbox 2235 3294 3804 3374; baseline -0.006 -14"><span class='ocrx_word' id='word_1_608' title='bbox 2235 3318 2410 3374; x_wconf 88' lang='lat' dir='ltr'><strong>neque</strong></span> <span class='ocrx_word' id='word_1_609' title='bbox 2457 3294 2753 3359; x_wconf 74' lang='lat' dir='ltr'><strong>secundum</strong></span> <span class='ocrx_word' id='word_1_610' title='bbox 2802 3301 3084 3356; x_wconf 75' lang='lat' dir='ltr'><strong>Tritbentii</strong></span> <span class='ocrx_word' id='word_1_611' title='bbox 3132 3300 3438 3371; x_wconf 86' lang='lat' dir='ltr'><strong>opinionem</strong></span> <span class='ocrx_word' id='word_1_612' title='bbox 3471 3301 3657 3371; x_wconf 86' lang='lat' dir='ltr'><strong>(quam</strong></span> <span class='ocrx_word' id='word_1_613' title='bbox 3707 3300 3804 3368; x_wconf 82' lang='lat' dir='ltr'><strong>ipsi</strong></span> 
     </span>
    </p>
   </div>
   <div class='ocr_carea' id='block_1_86' title="bbox 2235 3391 3805 3449">
    <p class='ocr_par' dir='ltr' id='par_1_86' title="bbox 2235 3391 3805 3449">
     <span class='ocr_line' id='line_1_86' title="bbox 2235 3391 3805 3449; baseline -0.004 -1"><span class='ocrx_word' id='word_1_614' title='bbox 2235 3396 2368 3449; x_wconf 89' lang='lat' dir='ltr'><strong>alias</strong></span> <span class='ocrx_word' id='word_1_615' title='bbox 2390 3395 2454 3449; x_wconf 90' lang='lat' dir='ltr'><strong>de</strong></span> <span class='ocrx_word' id='word_1_616' title='bbox 2475 3392 2766 3447; x_wconf 87' lang='lat' dir='ltr'><strong>Hermanni</strong></span> <span class='ocrx_word' id='word_1_617' title='bbox 2789 3391 3113 3448; x_wconf 75' lang='lat' dir='ltr'><strong>monacham</strong></span> <span class='ocrx_word' id='word_1_618' title='bbox 3137 3391 3366 3446; x_wconf 88' lang='lat' dir='ltr'><strong>libenter</strong></span> <span class='ocrx_word' id='word_1_619' title='bbox 3388 3400 3445 3444; x_wconf 89' lang='lat' dir='ltr'><strong>ttt</strong></span> <span class='ocrx_word' id='word_1_620' title='bbox 3469 3391 3805 3444; x_wconf 79' lang='lat' dir='ltr'><strong>verissimam</strong></span> 
     </span>
    </p>
   </div>
   <div class='ocr_carea' id='block_1_87' title="bbox 2236 3478 3805 3555">
    <p class='ocr_par' dir='ltr' id='par_1_87' title="bbox 2236 3478 3805 3555">
     <span class='ocr_line' id='line_1_87' title="bbox 2236 3478 3805 3555; baseline -0.006 -14"><span class='ocrx_word' id='word_1_621' title='bbox 2236 3484 2677 3555; x_wconf 81' lang='lat' dir='ltr'><strong>amplectuntur),</strong></span> <span class='ocrx_word' id='word_1_622' title='bbox 2722 3482 3005 3552; x_wconf 71' lang='lat' dir='ltr'><strong>ilciperido</strong></span> <span class='ocrx_word' id='word_1_623' title='bbox 3034 3481 3119 3535; x_wconf 87' lang='lat' dir='ltr'><strong>ille</strong></span> <span class='ocrx_word' id='word_1_624' title='bbox 3148 3483 3198 3534; x_wconf 89' lang='lat' dir='ltr'><strong>in</strong></span> <span class='ocrx_word' id='word_1_625' title='bbox 3231 3480 3411 3535; x_wconf 89' lang='lat' dir='ltr'><strong>schola</strong></span> <span class='ocrx_word' id='word_1_626' title='bbox 3440 3478 3805 3535; x_wconf 79' lang='lat' dir='ltr'><strong>San-Gallensi</strong></span> 
     </span>
    </p>
   </div>
   <div class='ocr_carea' id='block_1_88' title="bbox 2237 3568 3810 3642">
    <p class='ocr_par' dir='ltr' id='par_1_88' title="bbox 2237 3568 3810 3642">
     <span class='ocr_line' id='line_1_88' title="bbox 2237 3568 3810 3642; baseline -0.005 -13"><span class='ocrx_word' id='word_1_627' title='bbox 2237 3575 2487 3630; x_wconf 86' lang='lat' dir='ltr'><strong>substitui</strong></span> <span class='ocrx_word' id='word_1_628' title='bbox 2521 3573 2776 3642; x_wconf 86' lang='lat' dir='ltr'><strong>potuerit.</strong></span> <span class='ocrx_word' id='word_1_629' title='bbox 2807 3571 2912 3625; x_wconf 88' lang='lat' dir='ltr'><strong>Sed</strong></span> <span class='ocrx_word' id='word_1_630' title='bbox 2945 3570 3074 3640; x_wconf 83' lang='lat' dir='ltr'><strong>quid</strong></span> <span class='ocrx_word' id='word_1_631' title='bbox 3119 3571 3235 3625; x_wconf 83' lang='lat' dir='ltr'><strong>istis</strong></span> <span class='ocrx_word' id='word_1_632' title='bbox 3264 3570 3534 3641; x_wconf 75' lang='lat' dir='ltr'><strong>figmentis</strong></span> <span class='ocrx_word' id='word_1_633' title='bbox 3556 3569 3666 3636; x_wconf 85' lang='lat' dir='ltr'><strong>jam</strong></span> <span class='ocrx_word' id='word_1_634' title='bbox 3698 3568 3810 3622; x_wconf 82' lang='lat' dir='ltr'><strong>suf-</strong></span> 
     </span>
    </p>
   </div>
   <div class='ocr_carea' id='block_1_89' title="bbox 2240 3658 3811 3733">
    <p class='ocr_par' dir='ltr' id='par_1_89' title="bbox 2240 3658 3811 3733">
     <span class='ocr_line' id='line_1_89' title="bbox 2240 3658 3811 3733; baseline -0.005 -13"><span class='ocrx_word' id='word_1_635' title='bbox 2240 3667 2485 3721; x_wconf 77' lang='lat' dir='ltr'><strong>ficienter</strong></span> <span class='ocrx_word' id='word_1_636' title='bbox 2540 3662 2859 3733; x_wconf 85' lang='lat' dir='ltr'><strong>improbatis</strong></span> <span class='ocrx_word' id='word_1_637' title='bbox 2910 3662 3111 3715; x_wconf 89' lang='lat' dir='ltr'><strong>diutius</strong></span> <span class='ocrx_word' id='word_1_638' title='bbox 3172 3660 3465 3712; x_wconf 78' lang='lat' dir='ltr'><strong>immorer?</strong></span> <span class='ocrx_word' id='word_1_639' title='bbox 3512 3658 3811 3712; x_wconf 83' lang='lat' dir='ltr'><strong>Prodamus</strong></span> 
     </span>
    </p>
   </div>
   <div class='ocr_carea' id='block_1_90' title="bbox 2238 3748 3809 3827">
    <p class='ocr_par' dir='ltr' id='par_1_90' title="bbox 2238 3748 3809 3827">
     <span class='ocr_line' id='line_1_90' title="bbox 2238 3748 3809 3827; baseline -0.006 -16"><span class='ocrx_word' id='word_1_640' title='bbox 2238 3756 2527 3827; x_wconf 89' lang='lat' dir='ltr'><strong>aliquando</strong></span> <span class='ocrx_word' id='word_1_641' title='bbox 2551 3753 2661 3822; x_wconf 89' lang='lat' dir='ltr'><strong>jam</strong></span> <span class='ocrx_word' id='word_1_642' title='bbox 2691 3769 2787 3806; x_wconf 89' lang='lat' dir='ltr'><strong>nos</strong></span> <span class='ocrx_word' id='word_1_643' title='bbox 2815 3766 2984 3822; x_wconf 82' lang='lat' dir='ltr'><strong>quare</strong></span> <span class='ocrx_word' id='word_1_644' title='bbox 3012 3751 3165 3805; x_wconf 80' lang='lat' dir='ltr'><strong>nobis</strong></span> <span class='ocrx_word' id='word_1_645' title='bbox 3195 3748 3483 3803; x_wconf 82' lang='lat' dir='ltr'><strong>llermanni</strong></span> <span class='ocrx_word' id='word_1_646' title='bbox 3516 3749 3809 3803; x_wconf 75' lang='lat' dir='ltr'><strong>monacha-</strong></span> 
     </span>
    </p>
   </div>
   <div class='ocr_carea' id='block_1_91' title="bbox 2241 3837 3809 3908">
    <p class='ocr_par' dir='ltr' id='par_1_91' title="bbox 2241 3837 3809 3908">
     <span class='ocr_line' id='line_1_91' title="bbox 2241 3837 3809 3908; baseline -0.006 -7"><span class='ocrx_word' id='word_1_647' title='bbox 2241 3856 2351 3901; x_wconf 89' lang='lat' dir='ltr'><strong>tum</strong></span> <span class='ocrx_word' id='word_1_648' title='bbox 2381 3844 2737 3907; x_wconf 87' lang='lat' dir='ltr'><strong>aseribanms,</strong></span> <span class='ocrx_word' id='word_1_649' title='bbox 2770 3852 2824 3897; x_wconf 90' lang='lat' dir='ltr'><strong>et</strong></span> <span class='ocrx_word' id='word_1_650' title='bbox 2848 3858 2946 3897; x_wconf 91' lang='lat' dir='ltr'><strong>cur</strong></span> <span class='ocrx_word' id='word_1_651' title='bbox 2966 3838 3441 3896; x_wconf 86' lang='lat' dir='ltr'><strong>Sau-Gailensibus</strong></span> <span class='ocrx_word' id='word_1_652' title='bbox 3464 3837 3809 3908; x_wconf 77' lang='lat' dir='ltr'><strong>abncgemus.</strong></span> 
     </span>
    </p>
   </div>
   <div class='ocr_carea' id='block_1_92' title="bbox 2240 3929 3808 4006">
    <p class='ocr_par' dir='ltr' id='par_1_92' title="bbox 2240 3929 3808 4006">
     <span class='ocr_line' id='line_1_92' title="bbox 2240 3929 3808 4006; baseline -0.008 -13"><span class='ocrx_word' id='word_1_653' title='bbox 2240 3938 2392 4006; x_wconf 86' lang='lat' dir='ltr'><strong>Quod</strong></span> <span class='ocrx_word' id='word_1_654' title='bbox 2429 3938 2496 3991; x_wconf 90' lang='lat' dir='ltr'><strong>ad</strong></span> <span class='ocrx_word' id='word_1_655' title='bbox 2535 3951 2634 3990; x_wconf 91' lang='lat' dir='ltr'><strong>nos</strong></span> <span class='ocrx_word' id='word_1_656' title='bbox 2672 3942 2900 4005; x_wconf 86' lang='lat' dir='ltr'><strong>spectat,</strong></span> <span class='ocrx_word' id='word_1_657' title='bbox 2939 3932 3168 3986; x_wconf 89' lang='lat' dir='ltr'><strong>dicimus</strong></span> <span class='ocrx_word' id='word_1_658' title='bbox 3200 3929 3452 3985; x_wconf 87' lang='lat' dir='ltr'><strong>solidiora</strong></span> <span class='ocrx_word' id='word_1_659' title='bbox 3494 3936 3808 3998; x_wconf 85' lang='lat' dir='ltr'><strong>argumenta</strong></span> 
     </span>
    </p>
   </div>
   <div class='ocr_carea' id='block_1_93' title="bbox 2218 4017 3809 4097">
    <p class='ocr_par' dir='ltr' id='par_1_93' title="bbox 2218 4017 3809 4097">
     <span class='ocr_line' id='line_1_93' title="bbox 2218 4017 3809 4097; baseline -0.009 -14"><span class='ocrx_word' id='word_1_660' title='bbox 2218 4030 2306 4084; x_wconf 71' lang='lat' dir='ltr'><strong>‘a&#39;d</strong></span> <span class='ocrx_word' id='word_1_661' title='bbox 2332 4028 2445 4097; x_wconf 89' lang='lat' dir='ltr'><strong>ejus</strong></span> <span class='ocrx_word' id='word_1_662' title='bbox 2469 4026 2859 4097; x_wconf 87' lang='lat' dir='ltr'><strong>professionem</strong></span> <span class='ocrx_word' id='word_1_663' title='bbox 2890 4023 2940 4076; x_wconf 93' lang='lat' dir='ltr'><strong>in</strong></span> <span class='ocrx_word' id='word_1_664' title='bbox 2981 4021 3147 4089; x_wconf 87' lang='lat' dir='ltr'><strong>Augia</strong></span> <span class='ocrx_word' id='word_1_665' title='bbox 3198 4018 3447 4074; x_wconf 87' lang='lat' dir='ltr'><strong>emissam</strong></span> <span class='ocrx_word' id='word_1_666' title='bbox 3479 4017 3809 4087; x_wconf 80' lang='lat' dir='ltr'><strong>probandam</strong></span> 
     </span>
    </p>
   </div>
   <div class='ocr_carea' id='block_1_94' title="bbox 2242 4108 3811 4191">
    <p class='ocr_par' dir='ltr' id='par_1_94' title="bbox 2242 4108 3811 4191">
     <span class='ocr_line' id='line_1_94' title="bbox 2242 4108 3811 4191; baseline -0.01 -14"><span class='ocrx_word' id='word_1_667' title='bbox 2242 4137 2347 4177; x_wconf 92' lang='lat' dir='ltr'><strong>non</strong></span> <span class='ocrx_word' id='word_1_668' title='bbox 2401 4134 2561 4191; x_wconf 90' lang='lat' dir='ltr'><strong>posse</strong></span> <span class='ocrx_word' id='word_1_669' title='bbox 2603 4117 2826 4187; x_wconf 89' lang='lat' dir='ltr'><strong>produci</strong></span> <span class='ocrx_word' id='word_1_670' title='bbox 2871 4130 3032 4186; x_wconf 89' lang='lat' dir='ltr'><strong>quam</strong></span> <span class='ocrx_word' id='word_1_671' title='bbox 3076 4127 3196 4182; x_wconf 74' lang='lat' dir='ltr'><strong>quae</strong></span> <span class='ocrx_word' id='word_1_672' title='bbox 3243 4113 3501 4167; x_wconf 88' lang='lat' dir='ltr'><strong>hactenus</strong></span> <span class='ocrx_word' id='word_1_673' title='bbox 3542 4108 3811 4164; x_wconf 78' lang='lat' dir='ltr'><strong>Arnobius</strong></span> 
     </span>
    </p>
   </div>
   <div class='ocr_carea' id='block_1_95' title="bbox 2243 4198 3812 4271">
    <p class='ocr_par' dir='ltr' id='par_1_95' title="bbox 2243 4198 3812 4271">
     <span class='ocr_line' id='line_1_95' title="bbox 2243 4198 3812 4271; baseline -0.01 -3"><span class='ocrx_word' id='word_1_674' title='bbox 2243 4213 2403 4269; x_wconf 88' lang='lat' dir='ltr'><strong>Wion</strong></span> <span class='ocrx_word' id='word_1_675' title='bbox 2459 4220 2513 4265; x_wconf 90' lang='lat' dir='ltr'><strong>et</strong></span> <span class='ocrx_word' id='word_1_676' title='bbox 2566 4208 2942 4271; x_wconf 81' lang='lat' dir='ltr'><strong>Christianus,</strong></span> <span class='ocrx_word' id='word_1_677' title='bbox 2990 4204 3254 4260; x_wconf 88' lang='lat' dir='ltr'><strong>Urstisius</strong></span> <span class='ocrx_word' id='word_1_678' title='bbox 3319 4202 3515 4270; x_wconf 89' lang='lat' dir='ltr'><strong>aliique</strong></span> <span class='ocrx_word' id='word_1_679' title='bbox 3567 4198 3812 4254; x_wconf 84' lang='lat' dir='ltr'><strong>veritatis</strong></span> 
     </span>
    </p>
   </div>
   <div class='ocr_carea' id='block_1_96' title="bbox 2243 4291 3811 4371">
    <p class='ocr_par' dir='ltr' id='par_1_96' title="bbox 2243 4291 3811 4371">
     <span class='ocr_line' id='line_1_96' title="bbox 2243 4291 3811 4371; baseline -0.013 -10"><span class='ocrx_word' id='word_1_680' title='bbox 2243 4312 2490 4361; x_wconf 87' lang='lat' dir='ltr'><strong>amantes</strong></span> <span class='ocrx_word' id='word_1_681' title='bbox 2534 4318 2601 4357; x_wconf 80' lang='lat' dir='ltr'><strong>ex</strong></span> <span class='ocrx_word' id='word_1_682' title='bbox 2634 4303 2883 4371; x_wconf 60' lang='lat' dir='ltr'><strong>&#39;ipsomet</strong></span> <span class='ocrx_word' id='word_1_683' title='bbox 2930 4297 3237 4352; x_wconf 74' lang='lat' dir='ltr'><strong>ilernzanno</strong></span> <span class='ocrx_word' id='word_1_684' title='bbox 3290 4295 3582 4366; x_wconf 83' lang='lat' dir='ltr'><strong>protulere,</strong></span> <span class='ocrx_word' id='word_1_685' title='bbox 3633 4291 3811 4360; x_wconf 82' lang='lat' dir='ltr'><strong>qualia</strong></span> 
     </span>
    </p>
   </div>
   <div class='ocr_carea' id='block_1_97' title="bbox 2243 4383 3804 4466">
    <p class='ocr_par' dir='ltr' id='par_1_97' title="bbox 2243 4383 3804 4466">
     <span class='ocr_line' id='line_1_97' title="bbox 2243 4383 3804 4466; baseline -0.012 -13"><span class='ocrx_word' id='word_1_686' title='bbox 2243 4406 2369 4453; x_wconf 88' lang='lat' dir='ltr'><strong>sunt</strong></span> <span class='ocrx_word' id='word_1_687' title='bbox 2394 4412 2514 4466; x_wconf 78' lang='lat' dir='ltr'><strong>qme</strong></span> <span class='ocrx_word' id='word_1_688' title='bbox 2542 4395 2704 4448; x_wconf 81' lang='lat' dir='ltr'><strong>habet</strong></span> <span class='ocrx_word' id='word_1_689' title='bbox 2732 4396 2784 4446; x_wconf 90' lang='lat' dir='ltr'><strong>in</strong></span> <span class='ocrx_word' id='word_1_690' title='bbox 2813 4390 3080 4447; x_wconf 89' lang='lat' dir='ltr'><strong>Chronico</strong></span> <span class='ocrx_word' id='word_1_691' title='bbox 3102 4391 3168 4444; x_wconf 86' lang='lat' dir='ltr'><strong>ad</strong></span> <span class='ocrx_word' id='word_1_692' title='bbox 3199 4403 3397 4442; x_wconf 87' lang='lat' dir='ltr'><strong>annmn</strong></span> <span class='ocrx_word' id='word_1_693' title='bbox 3431 4385 3627 4442; x_wconf 87' lang='lat' dir='ltr'><strong>Christi</strong></span> <span class='ocrx_word' id='word_1_694' title='bbox 3656 4383 3804 4446; x_wconf 57' lang='lat' dir='ltr'><strong>l0-i8,</strong></span> 
     </span>
    </p>
   </div>
   <div class='ocr_carea' id='block_1_98' title="bbox 2245 4474 3811 4556">
    <p class='ocr_par' dir='ltr' id='par_1_98' title="bbox 2245 4474 3811 4556">
     <span class='ocr_line' id='line_1_98' title="bbox 2245 4474 3811 4556; baseline -0.01 -12"><span class='ocrx_word' id='word_1_695' title='bbox 2245 4489 2337 4545; x_wconf 87' lang='lat' dir='ltr'><strong>ubi</strong></span> <span class='ocrx_word' id='word_1_696' title='bbox 2365 4490 2444 4545; x_wconf 84' lang='lat' dir='ltr'><strong>sic</strong></span> <span class='ocrx_word' id='word_1_697' title='bbox 2471 4488 2604 4544; x_wconf 84' lang='lat' dir='ltr'><strong>dicit</strong></span> <span class='ocrx_word' id='word_1_698' title='bbox 2627 4504 2641 4541; x_wconf 92' lang='lat'><strong>:</strong></span> <span class='ocrx_word' id='word_1_699' title='bbox 2667 4485 2965 4556; x_wconf 74' lang='lat' dir='ltr'><strong>Imperator</strong></span> <span class='ocrx_word' id='word_1_700' title='bbox 2988 4481 3272 4554; x_wconf 85' lang='lat' dir='ltr'><strong>(Henricus</strong></span> <span class='ocrx_word' id='word_1_701' title='bbox 3292 4482 3354 4551; x_wconf 91' lang='lat' dir='ltr'><strong>ll)</strong></span> <span class='ocrx_word' id='word_1_702' title='bbox 3382 4479 3689 4549; x_wconf 70' lang='lat' dir='ltr'><strong>Ratispona‘,</strong></span> <span class='ocrx_word' id='word_1_703' title='bbox 3727 4474 3811 4528; x_wconf 72' lang='lat' dir='ltr'><strong>ubi</strong></span> 
     </span>
    </p>
   </div>
   <div class='ocr_carea' id='block_1_99' title="bbox 2246 4568 3816 4650">
    <p class='ocr_par' dir='ltr' id='par_1_99' title="bbox 2246 4568 3816 4650">
     <span class='ocr_line' id='line_1_99' title="bbox 2246 4568 3816 4650; baseline -0.01 -15"><span class='ocrx_word' id='word_1_704' title='bbox 2246 4580 2452 4635; x_wconf 75' lang='lat' dir='ltr'><strong>Pascha</strong></span> <span class='ocrx_word' id='word_1_705' title='bbox 2474 4579 2595 4650; x_wconf 84' lang='lat' dir='ltr'><strong>egit,</strong></span> <span class='ocrx_word' id='word_1_706' title='bbox 2628 4576 2910 4647; x_wconf 82' lang='lat' dir='ltr'><strong>digressus,</strong></span> <span class='ocrx_word' id='word_1_707' title='bbox 2936 4572 3298 4629; x_wconf 79' lang='lat' dir='ltr'><strong>Alemanniam</strong></span> <span class='ocrx_word' id='word_1_708' title='bbox 3331 4572 3526 4639; x_wconf 87' lang='lat' dir='ltr'><strong>repetit,</strong></span> <span class='ocrx_word' id='word_1_709' title='bbox 3553 4579 3601 4623; x_wconf 83' lang='lat' dir='ltr'><strong>et</strong></span> <span class='ocrx_word' id='word_1_710' title='bbox 3629 4570 3680 4622; x_wconf 85' lang='lat' dir='ltr'><strong>in</strong></span> <span class='ocrx_word' id='word_1_711' title='bbox 3707 4568 3816 4621; x_wconf 82' lang='lat' dir='ltr'><strong>Au-</strong></span> 
     </span>
    </p>
   </div>
   <div class='ocr_carea' id='block_1_100' title="bbox 2247 4751 3815 4830">
    <p class='ocr_par' dir='ltr' id='par_1_100' title="bbox 2247 4751 3815 4830">
     <span class='ocr_line' id='line_1_100' title="bbox 2247 4751 3815 4830; baseline -0.01 -12"><span class='ocrx_word' id='word_1_712' title='bbox 2247 4763 2416 4818; x_wconf 78' lang='lat' dir='ltr'><strong>Marct</strong></span> <span class='ocrx_word' id='word_1_713' title='bbox 2460 4760 2786 4830; x_wconf 64' lang='lat' dir='ltr'><strong>evangelium</strong></span> <span class='ocrx_word' id='word_1_714' title='bbox 2810 4757 3017 4830; x_wconf 77' lang='lat' dir='ltr'><strong>patroni</strong></span> <span class='ocrx_word' id='word_1_715' title='bbox 3055 4756 3217 4809; x_wconf 81' lang='lat' dir='ltr'><strong>nostri</strong></span> <span class='ocrx_word' id='word_1_716' title='bbox 3242 4752 3528 4816; x_wconf 82' lang='lat' dir='ltr'><strong>basilicam,</strong></span> <span class='ocrx_word' id='word_1_717' title='bbox 3555 4768 3587 4804; x_wconf 82' lang='grc' dir='ltr'><em>α</em></span> <span class='ocrx_word' id='word_1_718' title='bbox 3607 4751 3815 4803; x_wconf 83' lang='lat' dir='ltr'><strong>domino</strong></span> 
     </span>
    </p>
   </div>
   <div class='ocr_carea' id='block_1_101' title="bbox 2234 4842 3813 4916">
    <p class='ocr_par' dir='ltr' id='par_1_101' title="bbox 2234 4842 3813 4916">
     <span class='ocr_line' id='line_1_101' title="bbox 2234 4842 3813 4916; baseline -0.011 -4"><span class='ocrx_word' id='word_1_719' title='bbox 2234 4854 2483 4912; x_wconf 23' lang='lat' dir='ltr'><strong>‘Bernone</strong></span> <span class='ocrx_word' id='word_1_720' title='bbox 2520 4855 2702 4909; x_wconf 86' lang='lat' dir='ltr'><strong>abbate</strong></span> <span class='ocrx_word' id='word_1_721' title='bbox 2734 4844 3114 4910; x_wconf 81' lang='lat' dir='ltr'><strong>constructam,</strong></span> <span class='ocrx_word' id='word_1_722' title='bbox 3147 4863 3201 4901; x_wconf 88' lang='lat' dir='ltr'><strong>se</strong></span> <span class='ocrx_word' id='word_1_723' title='bbox 3239 4856 3489 4916; x_wconf 70' lang='lat' dir='ltr'><strong>pra&#39;sente</strong></span> <span class='ocrx_word' id='word_1_724' title='bbox 3517 4862 3547 4898; x_wconf 92' lang='lat' dir='ltr'><strong>a</strong></span> <span class='ocrx_word' id='word_1_725' title='bbox 3581 4842 3813 4897; x_wconf 80' lang='lat' dir='ltr'><strong>Theodo—</strong></span> 
     </span>
    </p>
   </div>
   <div class='ocr_carea' id='block_1_102' title="bbox 2217 4931 3816 5007">
    <p class='ocr_par' dir='ltr' id='par_1_102' title="bbox 2217 4931 3816 5007">
     <span class='ocr_line' id='line_1_102' title="bbox 2217 4931 3816 5007; baseline -0.011 -7"><span class='ocrx_word' id='word_1_726' title='bbox 2217 4948 2352 5000; x_wconf 84' lang='lat' dir='ltr'><strong>&#39;rico</strong></span> <span class='ocrx_word' id='word_1_727' title='bbox 2379 4943 2765 4998; x_wconf 85' lang='lat' dir='ltr'><strong>Constantiensi</strong></span> <span class='ocrx_word' id='word_1_728' title='bbox 2794 4940 3027 5007; x_wconf 82' lang='lat' dir='ltr'><strong>episcapo</strong></span> <span class='ocrx_word' id='word_1_729' title='bbox 3063 4937 3296 4990; x_wconf 80' lang='lat' dir='ltr'><strong>dedicari</strong></span> <span class='ocrx_word' id='word_1_730' title='bbox 3330 4935 3471 5003; x_wconf 78' lang='lat' dir='ltr'><strong>fecit,</strong></span> <span class='ocrx_word' id='word_1_731' title='bbox 3502 4943 3550 4987; x_wconf 89' lang='lat' dir='ltr'><strong>ct</strong></span> <span class='ocrx_word' id='word_1_732' title='bbox 3585 4931 3816 5002; x_wconf 84' lang='lat' dir='ltr'><strong>ejusdem</strong></span> 
     </span>
    </p>
   </div>
   <div class='ocr_carea' id='block_1_103' title="bbox 2220 5019 3820 5088">
    <p class='ocr_par' dir='ltr' id='par_1_103' title="bbox 2220 5019 3820 5088">
     <span class='ocr_line' id='line_1_103' title="bbox 2220 5019 3820 5088; baseline -0.011 0"><span class='ocrx_word' id='word_1_733' title='bbox 2220 5034 2416 5088; x_wconf 75' lang='lat' dir='ltr'><strong>sancti</strong></span> <span class='ocrx_word' id='word_1_734' title='bbox 2453 5032 2584 5088; x_wconf 79' lang='lat' dir='ltr'><strong>festa</strong></span> <span class='ocrx_word' id='word_1_735' title='bbox 2618 5028 2759 5088; x_wconf 78' lang='lat' dir='ltr'><strong>apud</strong></span> <span class='ocrx_word' id='word_1_736' title='bbox 2794 5044 2885 5081; x_wconf 85' lang='lat' dir='ltr'><strong>nos</strong></span> <span class='ocrx_word' id='word_1_737' title='bbox 2912 5038 3054 5088; x_wconf 88' lang='lat' dir='ltr'><strong>octo,</strong></span> <span class='ocrx_word' id='word_1_738' title='bbox 3088 5025 3448 5078; x_wconf 81' lang='lat' dir='ltr'><strong>Ascensionent</strong></span> <span class='ocrx_word' id='word_1_739' title='bbox 3480 5021 3688 5076; x_wconf 83' lang='lat' dir='ltr'><strong>Domini</strong></span> <span class='ocrx_word' id='word_1_740' title='bbox 3716 5019 3820 5072; x_wconf 85' lang='lat' dir='ltr'><strong>Tu-</strong></span> 
     </span>
    </p>
   </div>
  </div>
