4062 5508
221 279 286 344 is
1588 282 1815 346 PROLE

1926 282 2134 342 .‘JENA.
3428 289 3496 346 ιι

216 403 524 475 assererei,
560 421 721 480 quam
761 406 975 480 quando
1019 386 1156 463 dixit
1197 426 1210 460 :
1253 404 1548 477 Imperator
1588 406 1810 475 Auginm
1844 406 1887 463 Α
1919 400 1984 454 de
2016 416 2156 455 novo
2186 401 2459 471 professos
2489 416 2630 468 esse,
2671 417 2776 457 non
2810 410 2986 458 tamen
3025 402 3145 459 ideo
3182 418 3307 459 mox
3350 417 3500 461 asse‘

218 496 457 553 uostmn‘s
492 500 778 571 ingressus,
813 499 871 555 δ.
910 499 1079 555 Marci
1106 499 1318 572 patroni
1344 499 1507 553 nostri
1542 498 1813 552 basilicam

218 589 457 643 dedicari
494 590 640 658 fecit.
678 588 894 644 Festum
925 588 988 645 S.
1038 589 1209 644 Marci
1243 591 1297 644 in
1331 588 1502 659 Argia
1549 588 1690 658 apud
1721 602 1814 641 nos

219 678 355 747 egit?
397 677 641 736 Rectene
682 678 1136 747 San-Gallenses,
1179 681 1307 737 dum
1350 693 1577 735 narrare
1615 676 1816 762 vellent

221 768 610 840 imperatorem
636 772 693 826 in
724 770 895 841 Augia
926 770 1120 826 festum
1152 771 1213 827 S.
1246 770 1409 826 Marci
1440 768 1812 841 evangelista),

218 858 334 928 ejus
368 858 475 914 loci
520 861 767 931 patroni,
812 861 1118 918 celebrasse
1140 902 1154 928 ,
1199 862 1439 917 dicerent
1473 876 1487 915 :
1519 861 1816 930 Imperator

217 950 356 1019 apud
397 965 501 1006 nos
538 947 739 1007 festum
778 946 838 1007 8.
885 951 1051 1008 Marci
1087 953 1303 1023 patroni
1346 952 1519 1007 nostri
1563 951 1815 1023 peregit?

162 1078 165 1081 λ
217 1039 273 1094 Si
302 1042 453 1097 enim
482 1042 560 1099 ita
590 1032 856 1111 dicerenl,
884 1045 1028 1115 quis,
1058 1046 1309 1111 obsecro,
1340 1061 1447 1100 non
1477 1045 1815 1101 existimaret

216 1132 609 1203 imperatorem
642 1135 837 1191 festum
868 1137 925 1193 S.
958 1137 1126 1194 Marci
1158 1139 1300 1209 apud
1335 1139 1397 1195 8.
1429 1138 1640 1195 Gallum
1671 1139 1815 1193 cele-

220 1224 436 1292 hrasse,
475 1243 600 1283 eum
634 1238 854 1284 econtra
883 1230 1227 1287 llermannus
1256 1232 1398 1287 dicat
1430 1232 1483 1286 in
1508 1230 1681 1301 Augia
1711 1233 1815 1287 hoc

219 1313 461 1372 factum!
494 1318 630 1387 Quis
672 1321 832 1375 etiam
865 1338 972 1377 non
1002 1322 1127 1377 inde
1163 1323 1441 1392 colligeret
1476 1323 1531 1379 8.
1572 1324 1811 1379 Marcum

215 1411 609 1481 evangelistam
657 1413 799 1482 apud
843 1412 1274 1470 Sun-Gallenses
1318 1430 1441 1471 esse
1482 1424 1769 1486 patronum
1795 1454 1811 1480 ,

219 1500 578 1573 ejusdemque
606 1512 803 1561 sacras
842 1505 1099 1576 reliquias
1144 1504 1213 1560 ab
1249 1507 1319 1561 iis
1354 1505 1659 1571 asservari;
1690 1520 1812 1561 cum

223 1601 397 1649 tamen
428 1592 775 1650 Hermannus
798 1596 863 1651 ad
890 1608 1090 1652 annum
1120 1594 1227 1653 850
1254 1595 1453 1652 referat
1479 1596 1814 1653 solummodo

223 1688 292 1743 ad
328 1687 607 1759 Augiense
657 1690 1049 1746 monasterium
1094 1690 1341 1745 delatas?
1369 1690 1640 1757 Quoniam
1684 1704 1813 1769 vero

1916 491 2144 546 tendum
2170 492 2338 547 etiam
2373 492 2739 548 llermannum
2767 508 2983 565 quoque
3012 502 3069 549 et
3098 493 3233 550 alios
3264 494 3315 550 id
3344 492 3501 551 faetid-

1919 588 2103 647 tasse,
2160 598 2284 637 cum
2336 584 2579 639 rationes
2630 596 2731 639 cur
2781 584 2960 639 denuo
3018 584 3120 640 hoc
3171 573 3502 642 allirmeums

1910 672 2124 741 possint
2151 673 2303 739 dari,
2333 689 2432 743 pro
2465 674 2572 731 alio
2599 690 2706 730 non
2737 675 2887 734 item.
2916 675 3024 733 Sed
3049 676 3094 732 si
3118 679 3282 734 etiam
3310 692 3503 736 conce-

1916 765 2169 819 deremus
2190 766 2290 821 hoe
2323 764 2558 833 factum,
2592 766 2943 835 nihilominus
2968 766 3306 825 Hermannus
3328 770 3503 841 magis

1916 858 1983 913 ad
2005 858 2303 930 Augienses
2323 876 2484 930 quam
2507 864 2572 917 ad
2598 861 3010 920 San-Gallenses
3026 864 3339 935 pertineret.
3364 863 3502 922 Cer-

1917 959 2030 1005 tum
2053 958 2135 1006 est
2164 953 2309 1006 enim
2344 952 2515 1017 illum,
2540 953 2586 1009 si
2617 969 2648 1008 e
2674 952 2730 1008 S.
2761 951 2916 1011 Gallo
2939 954 2991 1009 in
3011 954 3237 1026 Augiam
3266 956 3501 1020 transiit,

1917 1042 2101 1112 ibique
2139 1032 2487 1100 stabilitatem
2526 1046 2779 1112 ﬁrmavit,
2804 1032 2914 1117 iuri
2947 1061 3065 1113 suo,
3101 1047 3245 1117 quod
3280 1042 3349 1103 ad
3373 1042 3505 1102 illud

1917 1137 2306 1191 monasterium
2340 1138 2549 1205 habuit,
2580 1139 2734 1209 prius
2770 1140 3130 1207 renuntiasse,
3156 1131 3507 1210 vicissimque

1916 1228 2163 1285 abbatem
2205 1228 2650 1286 San-Gallenscm
2692 1246 2816 1285 cum
2858 1236 3130 1287 conventu
3159 1230 3406 1286 eumdem
3436 1220 3507 1286 ab

1916 1318 2226 1373 obedientia
2263 1333 2359 1373 sua
2398 1320 2697 1375 absolvisse
2731 1320 3070 1391 liberumque
3109 1309 3405 1377 dimisisse.
3444 1310 3506 1376 Si

1916 1422 2049 1478 ergo
2095 1423 2184 1463 res
2227 1408 2298 1463 ita
2341 1423 2463 1464 sese
2504 1409 2730 1476 habeat,
2772 1426 2871 1466 cur
2911 1409 3372 1477 San-Gallenses,
3411 1411 3507 1481 qui

1917 1498 2287 1554 Hermannnm
2320 1509 2447 1556 tunc
2476 1510 2667 1572 sponte
2698 1502 3040 1569 dimiserunt,
3068 1517 3213 1558 nunc
3252 1508 3527 1574 repetunt.

1913 1598 1974 1646 et
2002 1590 2067 1646 ad
2102 1605 2161 1646 se
2195 1591 2464 1648 nolentem
2498 1594 2795 1649 revocant?
2821 1593 3019 1650 Annon
3055 1593 3318 1651 Mezlerus
3348 1594 3509 1665 paulo

1916 1695 2083 1752 supra
2114 1682 2413 1738 concedere
2436 1681 2628 1750 jussus
2668 1692 2752 1739 est
2780 1682 3149 1739 Hermannum
3174 1725 3190 1749 ,
3220 1692 3509 1757 postquam

221 1768 337 1835 haec
360 1781 548 1835 omnia
578 1792 711 1836 sunt
738 1781 893 1838 valde
932 1782 1168 1837 absurda
1197 1791 1307 1838 et'a
1340 1784 1571 1839 veritate
1599 1766 1815 1838 alieniS-

1919 1769 1974 1824 in
2003 1771 2232 1843 Augiam
2270 1786 2302 1827 e
2331 1771 2390 1827 8.
2434 1771 2587 1829 Gallo
2625 1774 3013 1841 transmeavit,
3048 1764 3119 1830 ibi
3155 1772 3511 1831 stabilitatem

221 1870 356 1925 sima
379 1910 396 1938 ,
432 1872 681 1943 sequitur
723 1889 753 1926 a
786 1870 1001 1929 nemine
1035 1872 1141 1927 alio
1180 1873 1323 1929 istud
1361 1867 1673 1930 Chronicon
1715 1889 1812 1944 po-

223 1961 389 2015 tuisse
428 1963 597 2018 scribi
647 1972 810 2033 quam
842 1980 873 2019 a
916 1965 1184 2021 menacho
1226 1966 1500 2038 Angit-nsi.
1549 1966 1682 2022 Cum
1719 1977 1815 2022 au-

222 2058 332 2110 tem
359 2065 579 2111 constet
606 2056 976 2113 llertn'annum
1010 2058 1171 2129 hujus
1199 2058 1455 2115 Chronici
1485 2074 1604 2115 esse
1632 2069 1818 2115 aucto-

222 2151 338 2200 rem
364 2185 381 2209 ,
421 2145 677 2215 sequitur
716 2148 882 2201 etiam
919 2148 1200 2205 evidenter
1230 2149 1379 2204 illum
1424 2149 1592 2206 fuisse
1634 2151 1817 2222 Augite

226 2238 577 2293 monachum.
622 2237 985 2297 Nihilominus
1030 2249 1251 2309 tamen,
1299 2241 1516 2299 etiamsi
1555 2243 1660 2299 is1a
1708 2244 1819 2300 sint

222 2328 505 2382 verissima
528 2369 544 2394 ,
572 2320 859 2386 audiamus
888 2329 1019 2401 quid
1047 2342 1236 2388 contra
1268 2332 1617 2404 respondeat,
1646 2335 1817 2405 quali-

224 2428 410 2489 terque
430 2417 599 2473 verba
621 2433 685 2474 es
710 2418 1020 2478 ilermanrio
1044 2423 1274 2479 adducta
1296 2424 1529 2494 esplicet
1555 2426 1619 2481 Β.
1645 2425 1706 2480 Ρ.
1726 2424 1818 2482 Jo-

223 2509 391 2565 docus
421 2509 688 2567 Mezlerus
707 2552 722 2577 ,
751 2512 843 2583 qui
872 2520 993 2584 cap.
1023 2513 1097 2569 26
1123 2514 1218 2569 lib.
1252 2514 1330 2571 De
1356 2515 1490 2570 viris
1519 2516 1817 2573 illitsll‘iblis

226 2602 284 2656 S.
330 2592 504 2668 Galli,
553 2603 651 2657 'uhi
695 2604 763 2659 de
805 2603 1117 2661 llermanno
1159 2616 1390 2673 tractat,
1435 2609 1514 2665 sic
1554 2610 1815 2666 disserit:

226 2691 599 2747 Mucinantur
636 2700 754 2749 vero
799 2696 889 2765 qui
931 2702 1117 2767 putant
1166 2696 1534 2754 Hermmmum
1575 2698 1634 2755 S.
1676 2698 1817 2755 Galli

174 2848 181 2853 _
224 2786 538 2839 monachum
567 2800 673 2841 non
711 2786 891 2857 fuisse.
943 2787 1104 2843 Enim
1133 2805 1251 2844 vero
1293 2806 1360 2845 ea:
1391 2807 1451 2846 eo
1493 2792 1632 2863 quod
1673 2791 1815 2847 Her-

226 2888 472 2939 menius,
495 2892 617 2929 cum
640 2875 865 2946 Augiam
885 2879 1116 2933 nominet
1136 2896 1309 2947 suam,
1335 2899 1359 2934 ι
1380 2881 1551 2953 Augia
1575 2894 1809 2950 nostra,»

229 2972 255 3015 η
285 2965 574 3035 imperator
612 2966 837 3037 Aegium
866 2979 1101 3024 nostram
1129 2971 1392 3042 ingressus
1414 3015 1432 3042 ,
1463 2974 1524 3031 S.
1571 2975 1814 3031 Marcum

227 3054 495 3109 nobiscum
522 3057 644 3125 egit,
678 3075 696 3108 ι
728 3058 1086 3130 similibusque
1115 3062 1302 3127 utitur,
1328 3080 1437 3120 non
1460 3066 1579 3135 plus
1607 3066 1815 3122 elicitur

1916 1873 2072 1914 suam
2115 1858 2409 1917 ﬁrmasse?
2452 1852 2733 1929 Quomodo
2778 1872 2958 1918 autem
3003 1864 3245 1920 revocari
3288 1861 3507 1935 pOtes't,

1916 1951 2010 2022 qui
2041 1951 2292 2007 stabilem
2320 1968 2379 2009 se
2404 1953 2455 2007 in
2483 1952 2655 2025 Angia
2682 1943 2923 2011 futurum
2944 1954 3184 2025 juravit?
3204 1952 3401 2035 Noster
3424 1964 3511 2012 est

1917 2059 2068 2115 ergo,
2101 2054 2157 2100 et
2197 2044 2398 2099 frustra
2429 2056 2550 2115 post
2579 2055 2686 2101 tam
2722 2048 2934 2118 longam
2966 2046 3258 2104 multorum
3298 2056 3509 2117 tempo-

1919 2149 2041 2188 rum
2082 2135 2471 2206 usucapionem
2514 2138 2799 2209 repetitur,
2838 2138 2931 2208 qui
2973 2129 3136 2194 etiam
3176 2149 3367 2210 sponte
3410 2148 3510 2196 sua

1921 2232 2047 2279 ante
2072 2232 2361 2282 sexcentos
2388 2241 2561 2283 annos
2588 2228 2948 2284 indissolubili
2975 2244 3116 2284 nexu
3140 2245 3266 2286 cum
3282 2221 3508 2288 licentia

1918 2330 2136 2388 quoque
2174 2316 2642 2375 San-Gallensium
2670 2318 2856 2391 Angite
2883 2335 2943 2376 se
2979 2319 3238 2392 alligavit.
3285 2320 3356 2376 At
3395 2331 3511 2378 tan-

1919 2408 2042 2464 dem
2071 2407 2354 2474 Mezlerus,
2386 2408 2478 2465 ubi
2507 2423 2682 2479 neque
2708 2409 3008 2465 secundam
3038 2410 3178 2466 banc
3208 2410 3511 2482 responsim

1918 2512 2043 2553 nem
2100 2499 2485 2556 animadvertit
2528 2516 2627 2571 pro
2675 2499 3166 2557 San-Gallensibus
3213 2507 3399 2569 stare,
3448 2490 3508 2558 in

1917 2604 2038 2645 eam
2060 2590 2293 2663 denique
2317 2592 2627 2662 opinionem
2655 2594 2908 2650 inductus
2932 2602 3038 2661 est,
3063 2602 3122 2648 ut
3140 2594 3345 2651 diceret
3372 2584 3512 2652 liere-

1919 2695 2177 2736 mannum
2226 2682 2282 2737 in
2326 2682 2497 2754 Augia
2545 2683 2804 2754 quidem,
2852 2685 3069 2754 quando
3114 2684 3191 2740 ita
3244 2686 3508 2758 scripsit,

1918 2770 2105 2838 fuisse,
2134 2772 2378 2842 potuisse
2405 2781 2584 2829 tamen
2613 2775 2682 2829 ad
2707 2774 2766 2831 S.
2792 2774 3002 2831 Gallum
3045 2775 3223 2832 redire
3242 2818 3259 2844 ,
3292 2789 3512 2833 consta-

1919 2877 2085 2933 reque
2135 2878 2199 2919 ex
2250 2863 2550 2920 Trithemio
2598 2866 2891 2921 monachos
2935 2865 3065 2920 olim
3116 2882 3215 2937 pro
3264 2866 3511 2939 pleniore

1916 2953 2142 3009 scientia
2175 2955 2516 3025 assequenda
2550 2956 2617 3010 ad
2660 2956 2871 3012 diversa
2903 2957 3236 3011 monasteria
3278 2958 3506 3024 missos;

1918 3060 2151 3117 cumque
2184 3046 2290 3102 hoc
2328 3049 2396 3103 de
2432 3048 2713 3118 discipulis
2737 3049 2810 3104 sit
2844 3058 3053 3105 certum
3073 3089 3089 3114 ,
3129 3051 3200 3106 de
3232 3051 3510 3122 magistris

225 3156 380 3212 quam
414 3140 784 3200 Hennennum
806 3148 864 3203 in
889 3149 1061 3220 Augia
1086 3166 1146 3204 eo
1168 3168 1272 3222 quo
1299 3152 1584 3223 imperator
1608 3156 1814 3212 advenit

1920 3138 2077 3212 longe
2103 3137 2272 3196 fuisse
2309 3140 2695 3196 certissimum.

224 3245 449 3305 tempore
478 3236 643 3306 fuisse
662 3275 677 3301 ,
706 3237 787 3293 vel
811 3254 1072 3295 summum
1103 3241 1276 3310 illud,
1307 3242 1669 3300 Hermanmtm
1696 3247 1813 3317 jam

1988 3230 2253 3301 Opinatur
2282 3232 2444 3287 tertio
2469 3231 2840 3287 Hermannum
2865 3244 2897 3288 e
2925 3231 2982 3288 S.
3012 3220 3165 3289 Gallo
3195 3234 3247 3290 in
3272 3232 3505 3308 Augiam

224 3333 335 3380 ιω
368 3326 427 3380 ξπ
468 3326 696 3397 Λυσίαν).
738 3338 996 3398 "cepam
1017 3370 1033 3396 ,
1081 3332 1423 3389 “abimum”
1466 3352 1620 3390 nam
1664 3339 1719 3391 5,,
1750 3353 1815 3392 ια
1912 3319 2023 3390 jam
2058 3320 2315 3387 missum,
2347 3330 2408 3376 ut
2429 3322 2769 3393 juventntem
2800 3321 2958 3377 bonis
2988 3322 3188 3379 litteris
3216 3323 3506 3381 imbueret-

228 3413 452 3470 t‘ortasse
474 3416 741 3485 ﬂuitasse.
776 3417 920 3474 Bene
946 3422 1084 3475 enim
1116 3424 1286 3492 potuit
1312 3423 1648 3482 Hermannus
1672 3428 1728 3482 in
1752 3427 1812 3484 S.

223 3504 383 3562 Gallo
406 3507 710 3578 religionem
725 3510 781 3564 in
790 3510 1048 3581 principio
1056 3513 1295 3583 proﬁteri
1310 3524 1358 3569 et
1375 3515 1499 3571 dein
1517 3517 1574 3572 in
1590 3518 1816 3590 Augiam

221 3606 609 3663 transmeasse,
656 3609 767 3657 etc.
818 3599 1093 3658 Hactenus
1140 3603 1250 3659 ille.
1299 3605 1531 3662 Videsne
1554 3646 1571 3676 ,
1623 3606 1814 3676 lector,

224 3688 499 3755 quomodo
526 3689 726 3743 nodum
756 3690 902 3747 hunc
930 3690 1130 3762 duplici
1158 3692 1265 3749 telo
1294 3704 1523 3751 conetur
1553 3698 1819 3768 perstrin-

225 3790 376 3847 gere.
407 3778 770 3851 Posteaquam
812 3782 958 3840 enim
994 3784 1375 3842 animadvertit
1402 3787 1635 3857 primum
1666 3790 1818 3845 inﬁr-

230 3868 371 3924 mius
394 3884 542 3937 esse,
563 3872 731 3926 etiam
760 3872 1057 3928 secundum
1084 3875 1349 3932 adhibuit.
1374 3876 1546 3933 Ratus
1564 3886 1651 3934 est
1671 3879 1817 3935 enim

228 3959 405 4028 primo
444 3960 815 4017 ilermannum
852 3961 994 4020 forte
1032 3973 1142 4019 tum
1183 3965 1236 4021 in
1282 3964 1458 4039 Augia
1486 3968 1816 4040 bOSpitatum

227 4047 305 4102 illi
332 4048 658 4125 dedicationi
699 4066 824 4106 cum
862 4051 984 4109 aliis
1016 4055 1291 4112 extraneis
1337 4057 1666 4115 interfuisse.
1708 4058 1817 4116 Sed

229 4138 448 4195 etiamsi
499 4141 769 4213 ﬁngamus
817 4143 919 4200 hoc
966 4143 1170 4200 factum
1199 4186 1215 4212 ,
1254 4162 1362 4203 non
1415 4158 1595 4206 tamen
1630 4152 1817 4207 statim

232 4230 372 4287 hanc
397 4232 473 4288 ob
511 4247 734 4289 causam
765 4233 1107 4291 llermannus
1143 4235 1371 4309 Angiam
1400 4240 1585 4303 debuit
1619 4254 1818 4297 vocare

230 4334 488 4389 nostram,
522 4339 698 4395 neque
730 4323 789 4381 8.
824 4324 1064 4383 Marcum
1092 4336 1375 4398 patronum
1402 4340 1657 4385 nostrum.
1690 4329 1817 4386 Nul-

234 4416 317 4471 lus
351 4417 501 4472 enim
533 4418 732 4489 hospes
771 4427 827 4474 et
858 4419 1096 4487 advena,
1132 4421 1260 4475 dum
1295 4422 1385 4477 vix
1432 4424 1657 4479 alterius
1701 4442 1817 4481 mo-

1920 3412 2118 3469 Verum
2147 3422 2200 3470 et
2227 3415 2341 3471 base
2376 3414 2748 3486 improbabilis
2782 3415 3064 3485 responsio
3088 3429 3313 3487 prorsus
3337 3422 3396 3473 et
3421 3431 3511 3470 vos

1919 3507 2067 3563 ritati
2113 3516 2481 3565 consentanea
2530 3508 2754 3564 minime
2801 3517 2905 3564 est.
2957 3507 3092 3563 Nam
3140 3517 3507 3580 praeterquam

1918 3596 2062 3666 quod
2095 3605 2304 3653 tantum
2342 3598 2411 3652 ad
2440 3596 2549 3651 vim
2589 3597 2895 3668 argumenti
2931 3596 3098 3652 nostri
3130 3596 3508 3652 declinandam

1918 3688 1991 3745 sit
2006 3688 2335 3761 excogitata,
2358 3689 2687 3760 probarique
2711 3688 2895 3759 aliquo
2921 3676 3228 3744 testimonio
3250 3699 3505 3760 nequeat,

1919 3781 2236 3839 incredibile
2271 3782 2436 3838 etiam
2480 3790 2565 3838 est
2597 3768 2697 3837 hoc
2730 3780 3024 3851 contigisse
3064 3788 3176 3835 tum
3214 3781 3357 3850 quod
3390 3782 3506 3836 Au-

1917 3873 2104 3946 giense
2137 3875 2528 3932 monasterium
2560 3882 2687 3930 tunc
2728 3874 3028 3930 adventitio
3072 3873 3333 3945 magistro
3371 3889 3513 3944 opus

1920 3979 2027 4019 non
2056 3964 2312 4032 habebat,
2345 3979 2469 4020 cum
2498 3964 2601 4020 sub
2630 3963 2876 4019 Bernone
2911 3962 3132 4029 abbate,
3168 3962 3327 4018 editis
3355 3962 3511 4019 libris

1918 4052 2293 4119 celeberrimo,
2330 4053 2463 4109 viris
2496 4052 2825 4131 doctissimis
2864 4052 2939 4109 ita
2976 4052 3251 4135 floruerit,
3288 4059 3350 4109 ut
3389 4068 3512 4108 om-

1919 4149 2067 4205 nium
2095 4149 2448 4207 scientiarum
2491 4149 2706 4206 culmen
2748 4147 3133 4222 fastigiumque
3164 4148 3512 4229 transcende-

1921 4247 2035 4308 ret;
2073 4248 2184 4297 tum
2208 4241 2403 4306 etiam,
2433 4240 2479 4297 si
2509 4241 2699 4297 demus
2728 4240 2964 4311 aliquem
2992 4259 3023 4296 ει
3065 4240 3123 4296 8.
3155 4240 3309 4296 Gallo
3338 4242 3512 4313 magi—

1918 4342 2095 4389 strum
2133 4331 2331 4387 scitula}
2374 4332 2627 4403 Angieusi
2667 4332 2719 4386 in
2756 4330 3058 4387 subsidium
3101 4332 3361 4397 missum,
3398 4346 3509 4386 non

1923 4432 2103 4478 tamen
2124 4423 2336 4478 videtur
2356 4422 2699 4477 Hermannns
2721 4424 2959 4493 potuisse
2982 4423 3143 4489 mitti,
3165 4422 3257 4492 qui
3279 4436 3511 4495 corpore

233 4506 459 4562 uasterii
507 4507 675 4563 limen
718 4509 1036 4576 salutasset,
1069 4526 1194 4565 mox
1234 4512 1301 4565 ad
1339 4511 1468 4567 illud
1511 4515 1820 4584 aequireret
1848 4509 2138 4586 Dsemper
2170 4522 2227 4570 et
2266 4513 2575 4569 valetudine
2616 4513 2900 4579 inﬁrmus,
2944 4515 3295 4584 omniumque
3337 4527 3510 4568 mem-

230 4597 319 4668 ξω
350 4606 446 4665 ιιι,
466 4598 582 4671 jam
614 4602 818 4671 proprii
849 4604 1163 4659 monasterii
1203 4604 1430 4671 oblitus,
1467 4604 1597 4661 illud
1630 4608 1682 4662 in
1713 4624 1822 4679 quo

235 4689 602 4761 hospitaretur
629 4701 849 4747 vocaret
870 4709 1044 4748 suum.
1076 4693 1208 4761 Quis
1234 4709 1363 4767 ergo
1388 4711 1493 4751 non
1520 4697 1664 4753 videt
1692 4698 1822 4754 lier-

1918 4606 2139 4662 brorum
2170 4604 2342 4661 ferme
2368 4605 2660 4661 destitutus
2688 4613 2773 4661 est
2803 4621 2935 4670 usu,
2973 4608 3067 4661 sed
3104 4605 3241 4661 alius
3275 4616 3508 4674 corpore

1918 4696 2182 4768 vegetior,
2210 4703 2264 4751 et
2292 4695 2357 4752 iis
2381 4694 2632 4750 omnibus
2655 4694 2979 4751 suﬂ‘erendi‘s
3009 4692 3501 4757 accommodatior;

234 4798 493 4839 manuum
514 4825 532 4847 .
566 4784 697 4838 dum
729 4784 925 4840 talibus
950 4787 1184 4858 Auginm
1209 4788 1386 4844 verbis
1416 4788 1732 4861 descripsit,
1765 4807 1824 4849 se
1921 4798 2032 4843 tum
2059 4786 2292 4857 denique
2319 4787 2512 4850 etiam,
2549 4786 2694 4855 quod
2725 4802 2832 4843 non
2868 4786 3206 4850 existimem,
3237 4783 3506 4839 llerman-

235 4890 446 4946 quoque
504 4876 648 4929 inter
698 4874 882 4945 Angiae
930 4879 1226 4934 monachos
1276 4881 1636 4936 numerasse?
1686 4881 1821 4937 Cum

228 4967 451 5035 proinde
502 4964 771 5020 Mellerus
812 4968 1172 5038 perspexisset
1219 4968 1321 5026 hac
1366 4958 1541 5040 prima
1591 4986 1688 5025 sua
1733 4988 1823 5027 re-

223 5058 524 5129 sponsione
554 5057 859 5124 argnmenti
888 5058 995 5111 vim
1035 5060 1268 5115 nondum
1301 5059 1635 5124 labefactari,
1674 5063 1820 5133 adje-

218 5151 291 5205 cit
313 5150 583 5208 alteram,
613 5145 978 5215 divinavitque
1008 5148 1370 5206 ilermannum
1404 5149 1646 5220 potuisse
1670 5154 1820 5222 prius

213 5245 357 5317 apud
402 5236 845 5296 San-Gallenses
876 5238 1256 5307 professionem
1283 5244 1562 5303 emittere,
1594 5250 1649 5296 et
1673 5243 1816 5309 dein,

203 5336 431 5409 quando
456 5333 520 5389 in
549 5330 785 5399 Angiam
811 5333 1176 5399 transmeavit,
1204 5334 1399 5389 ibidem
1425 5329 1815 5402 professionem

204 5438 522 5486 renovasse
543 5420 1010 5491 stabilitatomque
1033 5423 1296 5482 ﬁrmasse.
1321 5426 1390 5480 At
1414 5438 1538 5479 cum
1564 5423 1665 5478 hoc
1695 5441 1819 5494 pro-

1921 4895 2049 4935 num
2073 4880 2154 4934 sui
2182 4878 2283 4934 :evi
2307 4874 3500 4944 facilescientissimum,eruditissimumque,

1917 4987 1951 5029 e
1987 4988 2086 5028 suo
2122 4972 2453 5041 monasterio
2494 4969 2598 5023 alio
2639 4971 2804 5025 fuisse
2835 4967 3340 5039 ablegatumncum
3377 4966 3515 5023 scia-

1922 5079 2042 5118 mus
2062 5063 2332 5131 hodieque
2354 5063 2640 5117 thesauros
2657 5062 2926 5128 pretiosos
2947 5067 3003 5113 et
3027 5076 3181 5117 raros
3201 5057 3515 5133 diligentius

1921 5154 2202 5208 custodiri.
2235 5152 2341 5207 Sed
2378 5149 2625 5205 attendat
2653 5148 2824 5205 lector
2865 5152 3011 5218 quod
3053 5153 3242 5207 ultimo
3283 5150 3515 5217 denique

1919 5253 2111 5300 contra
2145 5251 2461 5315 argumenta
2484 5249 2673 5294 nostra
2704 5241 2925 5313 abjieiat
2947 5240 3233 5300 Mezlerus.
3265 5244 3365 5299 llic
3388 5250 3513 5295 cum

1922 5331 2309 5403 pensiculatius
2348 5331 2512 5386 robur
2538 5333 2849 5386 eorumdem
2884 5334 3285 5400 examinassct,
3315 5328 3519 5388 sensise

1922 5434 2112 5495 sctque
2133 5427 2390 5481 humeros
2412 5438 2540 5480 suos
2561 5427 2799 5495 graviter
2823 5440 3092 5497 premere,
3118 5444 3295 5498 neque
3312 5425 3515 5483 ostium
