4062 5508
576 385 645 446 ὶὸ
1394 379 1825 443 HERMANNUS
1863 376 2323 442 CONTBACTUS
2363 378 2668 443 MONACH.
2705 380 3027 444 AUGIENS.
3745 386 3813 442 {6

574 514 728 560 ratus
761 516 954 574 negare
983 496 1201 570 incipit,
1236 517 1356 571 quae
1379 519 1444 559 ex
1477 504 1746 559 Chronico
1775 501 2030 570 praedicto
2061 502 2152 557 ad-
2180 506 2228 565 Α
2259 512 2492 557 nostrum
2533 505 2771 574 potuisse
2795 506 2998 570 dicere,
3045 505 3135 575 qui
3166 505 3469 577 patrimonii
3497 503 3614 574 ejus
3643 507 3818 577 portio

574 595 844 659 duximus,
873 594 1034 649 verba
1061 610 1180 649 esse
1208 594 1276 649 ab
1310 594 1619 650 Hermanno
1648 596 1879 664 scripta,
1910 595 2005 650 sed
2029 609 2148 650 esse

571 689 641 745 ab
669 688 847 759 aliquo
887 688 992 741 alio
1026 688 1336 758 appendicis
1381 688 1497 743 loco
1532 688 1740 757 adjecta
1762 729 1775 749 .
1825 688 2060 758 dicitque
2089 701 2149 742 se

552 780 626 834 'in
669 779 965 834 Annali-bus
994 780 1106 832 suis
1130 818 1146 844 ,
1177 792 1217 831 ~a
1257 792 1343 832 me
1380 793 1480 834 nec
1513 779 1641 833 visis
1682 791 1780 833 ncc
1822 777 2011 844 lectis,
2045 779 2147 834 hoc

569 878 990 931 demonstrasse.

551 992 557 999 ’
638 991 709 1045 At
738 989 781 1043 si
813 990 917 1043 huc
944 985 1159 1042 tandem
1188 985 1513 1041 veniendum
1544 994 1688 1051 erat,
1718 994 1958 1055 poteram
1981 984 2145 1040 omit;

474 1088 481 1093 '
570 1092 685 1137 tere
711 1097 778 1137 ea
802 1097 919 1151 qnze
945 1076 1598 1149 hactenusiprobavimus,
1630 1087 1839 1147 poterat
1863 1088 1917 1132 et
1944 1075 2143 1133 Mezle-

566 1189 663 1229 rus
694 1183 802 1229 tres
828 1189 859 1227 a
889 1180 947 1228 se
979 1185 1172 1242 magno
1198 1171 1374 1227 Studia
1404 1171 1733 1241 excogitatas
1769 1171 2147 1241 responsiones

560 1252 865 1335 prmterirc,
893 1271 947 1319 et
976 1263 1136 1318 unico
1186 1262 1403 1332 neganti
1438 1262 1602 1316 verbo
1631 1270 1802 1317 totum
1842 1262 2143 1332 argumenti

543 1342 732 1410 ’robur
757 1353 1009 1425 dejicere,
1042 1366 1365 1423 omnemque
1394 1351 1540 1405 litem
1571 1365 1915 1421 componere.
1948 1350 2144 1407 Verum

557 1454 648 1502 est
676 1445 820 1502 enim
841 1486 854 1508 ,
884 1444 928 1500 si
955 1460 1019 1499 ea
1051 1432 1218 1499 verba
1252 1440 1544 1498 Hermanni
1582 1458 1686 1497 non
1723 1450 1877 1509 sunt,
1910 1457 2008 1498 nos
2047 1442 2144 1498 ha-

534 1532 987 1606 Wctenus‘parum
1026 1534 1321 1606 probasse;
1370 1533 1414 1589 si
1456 1543 1633 1589 autem
1676 1533 1820 1599 sint,
1865 1543 1925 1589 ut
1966 1533 2143 1590 nullus

534 1616 805 1698 'ambigo,
838 1641 1023 1680 verum
1071 1639 1284 1695 quoque
1326 1632 1409 1679 est
1442 1639 1541 1679 nos
1584 1623 1949 1679 llermannum
1985 1624 2141 1679 nobis

533 1720 838 1774 ‘evidcntcr
874 1718 1187 1773 asscruisse.
1221 1715 1370 1771 Licet
1403 1730 1530 1770 vero
1568 1715 1659 1769 ille
1689 1717 1829 1771 dicat
1859 1730 1917 1771 se
1948 1716 2001 1770 in
2030 1715 2142 1771 suis

531 1808 535 1815 ’
557 1810 854 1865 Annalibus
876 1811 976 1864 huc
999 1800 1418 1874 demonstrasse,
1441 1807 1611 1863 miror
1632 1818 1810 1862 tamen
1831 1804 1979 1864 ecrte
1994 1807 2139 1863 unde

532 1900 766 1970 'probet.
809 1894 1055 1964 Etenim,
1095 1898 1138 1952 si
1183 1898 1426 1951 divinare
1471 1887 1673 1962 liceat,
1714 1895 1959 1966 suspicor
1987 1896 2136 1951 illum

567 1992 692 2046 inde
724 1991 859 2045 velle
898 1989 1151 2061 colligere
1186 1987 1327 2057 quod
1367 1987 1420 2041 in
1461 1986 1727 2043 Chronico
1770 1987 2028 2065 auctiori,
2064 1988 2139 2044 ab

530 2072 791 2136 ‘llenrico
829 2079 1044 2135 Canisio
1073 2079 1216 2133 edito
1236 2118 1253 2143 ,
1292 2071 1457 2133 multa
1488 2065 1839 2148 reperiantur
1868 2092 1990 2148 qua:
2032 2077 2139 2135 sint

559 2170 628 2225 ab
664 2170 784 2225 aliis
815 2169 1120 2239 interiecta.
1157 2169 1222 2223 Et
1254 2168 1467 2223 tametsi
1504 2184 1608 2224 non
1638 2169 1879 2240 ignorem
1919 2171 2022 2225 hoc
2049 2184 2140 2226 ve-

558 2262 831 2317 rissimum
866 2275 1011 2321 esse.
1044 2258 1210 2315 verba
1245 2266 1439 2314 tamem
1481 2258 1569 2314 illa
1602 2274 1720 2329 qua:
1750 2274 1912 2328 supra
1951 2260 2137 2331 pesui-

556 2367 708 2418 ntus,
736 2357 942 2406 certum
972 2359 1055 2406 est
1083 2358 1200 2405 esse
1229 2350 1556 2415 llermanni;
1587 2338 1849 2419 siquidem
1876 2351 1931 2406 in
1962 2352 2138 2408 omnl-

520 2435 527 2442 ’
556 2442 688 2506 bus,
714 2444 858 2511 "quas
892 2439 1108 2509 quidem
1146 2453 1233 2493 me
1269 2437 1454 2494 videre
1482 2434 1742 2511 contigit,
1775 2441 2135 2510 editionibits,
2214 2475 2219 2481 ~

532 2538 611 2585 'et
642 2528 882 2599 antiquis
913 2537 965 2583 et
1000 2527 1423 2592 recentioribus,
1456 2534 1563 2582 tam
1608 2529 1938 2585 auctioribus
1973 2545 2133 2601 quam

526 2616 1025 2683 ‘diminutioribus,
1066 2618 1426 2688 reperiuntur,
1463 2626 1523 2673 ut
1557 2617 1689 2674 nihil
1724 2620 1887 2674 etiam
1929 2621 1996 2677 de
2023 2637 2137 2677 ma-

554 2710 856 2780 nuscriptis
891 2704 1012 2764 aliis
1053 2709 1252 2764 dicam.
1299 2708 1356 2763 In
1401 2717 1590 2764 nostro
1638 2718 1785 2764 certe
1825 2718 2136 2780 pervetusto

553 2799 847 2870 exemplari
879 2798 1043 2870 (quod
1082 2813 1376 2869 penesme
1410 2798 1615 2865 habeo,
1654 2802 1902 2872 quodque
1941 2803 2008 2858 ab
2039 2803 2139 2858 alio
2228 2866 2233 2871 ,

555 2892 750 2961 quibus
785 2893 959 2963 ipsum
996 2891 1391 2963 autographum
1422 2891 1763 2958 credebatur,
1796 2894 1926 2964 etc.)
1955 2894 2079 2950 licet
2102 2909 2133 2949 a

555 2983 859 3038 recentiore
893 2998 1055 3038 manu
1084 2982 1238 3053 plura
1273 2984 1382 3038 sint
1422 2983 1692 3054 apposita,
1728 3000 1847 3055 qua:
1883 2987 2047 3041 etiam
2080 2986 2131 3043 in

552 3073 843 3127 editionem
872 3071 1070 3128 Canisii
1120 3073 1406 3144 irrcp'sere,
1434 3076 1599 3135 verba
1626 3082 1804 3133 tamen
1834 3078 2141 3149 suprascria

554 3176 643 3240 βαι
672 3165 982 3227 coiitimlalo
1013 3179 1067 3227 et
1101 3171 1271 3225 veteri
1300 3170 1574 3225 simillimo
1609 3169 1923 3226 charactere
1952 3171 2005 3225 in
2037 3187 2129 3227 or-

557 3263 680 3317 dine
721 3278 816 3317 suo
843 3263 1015 3332 posita
1048 3271 1364 3316 cermmtur.
1402 3259 1698 3316 Ostendant
1727 3261 2054 3327 adversarii,
2086 3262 2131 3316 si

556 3351 664 3408 tale
701 3351 915 3422 aliquod
956 3358 1112 3406 vetus
1146 3349 1571 3425 manuscriptum
1607 3348 1847 3414 habent,
1883 3350 1973 3405 ubi
2017 3351 2132 3407 haec

554 3441 718 3497 verba
746 3456 853 3497 non
881 3436 1243 3495 inveniantur.
1272 3439 1340 3495 Et
1368 3439 1492 3494 licet
1519 3439 1682 3495 etiam
1715 3429 1820 3494 tale
1845 3439 2129 3508 haberent,

552 3542 609 3587 et
643 3533 928 3588 ostendere
971 3541 1213 3603 possent,
1258 3547 1364 3587 non
1403 3541 1580 3588 tamen
1610 3532 1913 3602 probabunt
1940 3549 2130 3603 supra-

554 3624 697 3678 dicta
723 3623 885 3678 verba
909 3624 977 3678 ab
1000 3623 1105 3678 alio
1130 3638 1248 3679 esse
1271 3625 1638 3693 superaddita,
1664 3639 1786 3679 cum
1814 3640 1941 3679 vero
1960 3625 2133 3680 simile

554 3717 627 3770 sit
647 3713 1014 3769 llermannum
1040 3709 1345 3771 Chronicon
1366 3730 1530 3779 suum
1559 3730 1662 3771 non
1687 3716 1850 3771 semel
1875 3717 2135 3773 duntaxat

557 3806 956 3877 composuisse,
989 3806 1082 3861 sed
1125 3815 1248 3876 post
1276 3805 1484 3875 aliquos
1518 3822 1688 3862 annos
1714 3808 2046 3874 correxisse,
2079 3817 2134 3864 ct

558 3899 720 3965 rebus
755 3898 876 3953 aliis
901 3894 1065 3954 etiam
1098 3897 1341 3963 auxisse,
1380 3907 1538 3969 prout
1579 3906 1765 3969 aperte
1798 3899 1960 3954 etiam
1992 3900 2130 3955 indi-

558 3999 686 4044 cant
710 3984 989 4046 ‘Urstis'ius
1031 3985 1085 4045 ct
1115 3986 1392 4057 Canisius,
1424 3980 1797 4060 allirmantque
1828 3991 1980 4047 illam
2024 4001 2132 4047 tam

557 4079 848 4136 multarum
915 4081 1210 4136 editionum
1277 4082 1594 4137 varietatem
1662 4082 2136 4152 diversitatemque

557 4171 682 4228 inde
720 4164 892 4228 Solum
923 4172 1075 4227 oriri.
1101 4173 1279 4242 Atque
1307 4175 1375 4228 de
1409 4174 1494 4228 his
1522 4172 1695 4229 fusius
1716 4174 1993 4244 hucusque
2019 4174 2135 4231 dis-

555 4250 885 4335 putavimus,
907 4271 966 4317 nt
989 4262 1196 4318 scilicet
1231 4263 1638 4318 ostenderemus
1662 4263 1839 4318 locum
1874 4274 1982 4333 quo
2002 4263 2136 4320 Her-

558 4368 790 4410 mannus
819 4347 873 4408 in
912 4352 1181 4409 Chronico
1215 4353 1538 4426 Augienscm
1579 4370 1637 4410 se
1674 4356 1990 4420 insinuavit,
2028 4371 2134 4412 non

494 4440 499 4443 ⁴
559 4441 694 4498 adeo
707 4443 945 4514 segniter
957 4450 1006 4496 ta
1015 4457 1211 4512 nquam
1223 4444 1534 4511 obscurum,
1548 4459 1613 4497 au
1623 4453 1639 4496 t
1651 4443 1920 4499 Chronico
1928 4445 2138 4501 naviter

2250 594 2392 651 nulla
2422 613 2656 667 unquam
2681 597 2861 666 fuerit,
2885 614 2982 654 cur
3005 609 3057 654 et
3080 599 3210 654 mihi
3239 615 3344 655 non
3374 598 3534 657 liceat
3561 616 3813 658 asserere

2248 687 2525 742 neminem
2569 704 2785 759 quoque
2835 690 3074 760 potuisse
3130 688 3190 745 S.
3246 689 3484 746 Marcum
3538 702 3818 762 patronum

2248 788 2481 832 nostrum
2502 781 2803 845 nominare,
2830 782 2919 851 qui
2953 781 3263 851 patrimonii
3309 783 3425 853 ejus
3455 785 3617 838 etiam
3641 786 3818 855 portio

2247 865 2393 920 nulla
2421 865 2581 922 luerit
2606 883 2861 938 unquam.
2899 870 2965 925 Et
2999 885 3206 925 revera
3258 871 3381 927 inde
3424 873 3577 945 sequi
3609 874 3817 940 debuit.

2236 955 2390 1024 tquod
2414 964 2592 1011 tamen
2622 971 2740 1027 cap.
2775 959 2838 1012 12
2866 974 3027 1030 supra
3060 960 3434 1027 refutavimus,
3460 961 3814 1020 Walal‘ridum

2246 1043 2693 1103 San-Gallensem
2718 1048 2913 1115 fuisse,
2942 1050 3111 1106 multo
3131 1051 3300 1123 magis
3326 1054 3476 1122 sequi
3506 1053 3816 1112 debetﬂer-
3866 1118 3875 1125 ,

2247 1150 2501 1189 manuum
2526 1136 2857 1208 Augicnsem
2885 1138 3072 1204 fuisse,
3101 1155 3221 1194 cum
3248 1141 3492 1210 pluribus
3514 1151 3567 1198 et
3590 1144 3818 1199 diversis

2245 1225 2522 1281 vocabulis
2567 1243 2674 1282 uno
2704 1229 3004 1299 eodemque
3046 1229 3163 1286 loco
3210 1239 3319 1286 tam
3370 1231 3669 1289 luculenter
3714 1235 3815 1291 hoc

2245 1316 2467 1373 indicet.
2495 1316 2614 1372 Jam
2636 1332 2767 1373 vero
2792 1319 3091 1389 producant
3117 1319 3281 1375 etiam
3315 1322 3610 1378 adversarii
3633 1323 3812 1380 locum

2244 1408 2478 1479 aliquem
2503 1424 2569 1464 ex
2591 1410 2877 1475 Chronico,
2905 1428 3014 1482 quo
3041 1411 3482 1469 Sau-Gallensem
3512 1414 3658 1471 illum
3691 1431 3817 1487 pro-

2241 1498 2391 1567 hent.
2424 1501 2585 1556 Forte
2606 1502 2742 1557 sicut
2767 1500 2825 1556 S.
2861 1503 3121 1571 Marcum,
3148 1503 3222 1559 ita
3252 1514 3307 1560 ct
3331 1505 3388 1561 S.
3420 1506 3632 1562 Gallum
3658 1518 3815 1565 vocat

2240 1600 2517 1659 patronum
2562 1602 2817 1659 nostrum,
2863 1603 2957 1649 aut
2986 1610 3051 1649 ex
3089 1596 3268 1652 verbis
3304 1596 3425 1652 aliis
3455 1596 3635 1654 forsan
3664 1599 3811 1656 colli-

2228 1680 2385 1750 gitur
2404 1680 2571 1737 fuisse
2601 1681 3042 1741 San-Gallcusis?
3070 1680 3265 1742 Verum
3297 1699 3399 1759 ego
3420 1691 3665 1760 nuspiam
3683 1692 3813 1762 quid

2243 1771 2349 1843 tale
2371 1772 2606 1838 invenio,
2624 1773 2734 1829 imo
2763 1791 2887 1831 vero
2902 1777 3081 1846 potius
3102 1779 3435 1835 contrarium
3454 1795 3559 1834 non
3581 1780 3817 1837 obscuro

2170 1862 2217 1924 B
2243 1859 2437 1931 colligo
2465 1876 2530 1916 ex
2554 1877 2619 1917 eo
2644 1863 2795 1932 quod.
2817 1864 2884 1918 ad
2915 1880 3116 1920 annum
3167 1860 3366 1922 Christi
3418 1868 3521 1923 977
3556 1868 3766 1924 scribat
3792 1884 3810 1923 τ

2243 1952 2396 2022 Αριιά
2422 1952 2482 2013 S,
2505 1952 2716 2008 Gallum
2750 1955 2929 2012 Ymmo
2954 1958 3114 2013 abbas
3134 1960 3345 2029 prwfuit
3371 1962 3523 2016 annis
3556 1972 3692 2028 octo,
3721 1964 3812 2034 qui

2240 2043 2485 2113 “inpium
2525 2046 2732 2119 patroni
2782 2047 2865 2111 sui
2909 2047 3169 2102 adamare
3210 2051 3432 2116 studuit,
3492 2061 3600 2107 etc.
3654 2051 3811 2120 Quis,

2240 2134 2453 2201 amabo,
2490 2136 3067 2195 crcdatllcrmannum
3119 2140 3284 2197 fuisse
3340 2143 3805 2211 SamGallensem.

2238 2240 2363 2281 cum
2400 2228 2504 2289 hic
2553 2237 2812 2284 consueto
2853 2227 3121 2286 abstineat
3170 2231 3228 2289 S.
3274 2233 3483 2289 Gallum
3531 2237 3808 2293 nominare

2236 2326 2515 2386 patronum
2541 2327 2796 2385 nostrum,
2825 2335 2947 2375 cum
2973 2330 3150 2376 tamen
3176 2323 3218 2377 si
3244 2318 3655 2383 Sen-Gallensis
3674 2326 3808 2384 fuis-

2238 2415 2342 2471 set,
2376 2406 2464 2477 hic
2486 2407 2707 2463 minime
2728 2412 3041 2477 oporteret?
3074 2410 3184 2467 Cur
3205 2413 3260 2468 S.
3288 2413 3495 2471 Gallum
3530 2416 3808 2472 Ymmonis

2237 2496 2450 2553 abbatis
2475 2498 2648 2553 solum
2678 2510 2966 2569 patronum
2994 2502 3150 2569 dixit,
3198 2513 3252 2559 et
3299 2521 3457 2560 suum
3506 2509 3811 2577 praeteriit?

2235 2588 2394 2646 Certe
2420 2607 2525 2646 non
2563 2592 2720 2647 aliam
2746 2595 2820 2649 ob
2846 2608 3063 2650 causam
3092 2610 3252 2665 quam
3284 2599 3427 2666 quod
3455 2614 3562 2653 non
3592 2599 3807 2671 ignora-

2235 2679 2315 2734 vit
2371 2682 2697 2752 Augiensem
2749 2695 2809 2740 se
2863 2698 2987 2739 esse
3039 2687 3364 2747 monachum
3415 2697 3471 2743 ct
3522 2688 3580 2743 S.
3641 2689 3808 2773 Μηεὶ

2237 2773 2425 2829 lilium.

2308 2882 2582 2943 Hactenus
2603 2902 2734 2958 ergo
2774 2890 3055 2948 evidenter
3089 2907 3155 2948 ex
3198 2892 3314 2964 ipso
3337 2892 3646 2948 Hermauno
3671 2909 3801 2964 pro-

2235 2978 2481 3035 bavimus
2507 2994 2629 3034 eum
2649 2980 3110 3053 Augienscm'non
3143 2983 3583 3043 San-Gallensem
3614 2982 3801 3041 fuisse.

2235 3071 2458 3132 Frustra
2487 3074 2652 3144 igitur
2672 3074 2832 3135 nobis
2860 3072 3142 3134 Trithemii
3173 3078 3545 3135 dissentientis
3567 3079 3803 3136 auctori-

2238 3175 2322 3221 tas
2343 3168 2671 3233 obtruditur,
2694 3167 3157 3238 qui-historiarum
3192 3169 3690 3226 diversissimarum
3714 3186 3805 3224 va-

2238 3256 2429 3311 rietate
2475 3258 2733 3321 obrutus,
2784 3259 3204 3327 particularibus
3258 3261 3374 3315 istis
3418 3261 3810 3330 quaestionibus

2234 3347 2606 3404 examinandis
2630 3349 2808 3404 minus
2840 3350 3094 3407 insudare
3138 3352 3331 3421 potuit.
3366 3351 3577 3406 Etenim
3605 3359 3807 3421 praeter

2233 3436 2525 3505 ipsummet
2548 3436 3271 3509 Hermannum-opponimus
3315 3439 3693 3495 Bcllarminum
3727 3441 3811 3495 De

2234 3526 2592 3598 scriptoribus
2639 3527 3054 3594 ecclesiasticis;
3115 3530 3405 3585 Antonium
3454 3531 3807 3587 Possevinum

2234 3617 2290 3673 in
2320 3618 2597 3688 Apparatu
2653 3631 2847 3683 sacro;
2883 3618 3181 3675 Antonium
3208 3621 3275 3675 de
3308 3621 3480 3689 Yepes
3507 3620 3808 3691 Hispanum

2234 3711 2290 3766 in
2311 3711 2581 3767 Chronico
2599 3710 2839 3782 generali
2863 3712 2979 3767 ord.
2998 3710 3055 3766 S.
3074 3712 3306 3775 Bened.;
3330 3711 3624 3767 Arnoldnm
3638 3711 3807 3768 Wion

2235 3805 2289 3860 in
2321 3805 2437 3874 Lig.
2469 3802 2634 3870 Vitae;
2665 3801 2956 3860 Henricum
3009 3804 3308 3869 Canisium,
3355 3803 3610 3859 Carolum
3643 3804 3805 3860 Sten-

2235 3897 2455 3967 gelium,
2477 3895 2844 3951 Christianum
2869 3895 3181 3959 Urstisium,
3207 3895 3446 3965 aliosque
3467 3895 3805 3961 innumeros,

2235 3989 2328 4058 qui
2351 4003 2539 4043 omnes
2565 3988 2907 4043 concorditer
2934 3994 3202 4052 asserunt,
3226 3987 3592 4042 Hermannum
3615 3987 3803 4058 Augiae

2234 4077 2405 4133 fuisse
2431 4077 2786 4143 monachum;
2833 4076 3120 4147 pluresque
3150 4091 3333 4131 eorum
3380 4077 3503 4131 inde
3525 4077 3805 4147 suspican-

2236 4179 2323 4224 tur
2345 4168 2626 4225 Trithemii
2640 4183 2883 4223 errorem
2907 4166 3070 4222 fuisse
3090 4178 3287 4228 ortum,
3309 4168 3451 4240 quod
3466 4166 3607 4223 forte
3627 4169 3806 4238 prima

2236 4261 2324 4316 illa
2354 4268 2409 4315 et
2432 4259 2649 4331 vulgata
2683 4258 2974 4313 Hermanui
3007 4258 3175 4313 editio
3214 4273 3278 4312 ex
3313 4259 3498 4314 codice
3537 4257 3801 4314 Sun-Gal-

2235 4350 2371 4406 lensi
2395 4349 2557 4406 fuerit
2579 4349 2929 4418 transcripta.
2955 4348 3094 4403 Hinc
3113 4349 3276 4404 etiam
3300 4365 3407 4404 non
3429 4349 3810 4404 subtlcendnm

2235 4443 2490 4498 existimo
2541 4441 2908 4497 liermannum
2956 4439 3156 4509 ubique
3198 4440 3253 4494 in
3300 4439 3574 4495 veteribus
3620 4455 3805 4494 manu-

560 4528 794 4586 πωπω...
836 4540 893 4586 et
939 4531 1297 4587 adulterinum
1349 4546 1471 4588 esse
1527 4534 1988 4602 praetereundum,
2037 4534 2132 4591 sed
2160 4533 2450 4618 Dscrlptis
2470 4532 2868 4602 exemplaribus
2889 4532 3067 4587 vocari
3093 4533 3420 4587 monachum
3442 4531 3799 4603 Augiensem,

559 4619 730 4676 veluti
781 4621 990 4677 clarum
1038 4623 1325 4692 imprimis,
1368 4623 1696 4679 luculentum
1748 4634 1814 4679 et-
1844 4627 2130 4695 genuinum

501 4730 505 4743 τ
542 4728 680 4770 esse
701 4714 1022 4793 notandum,
1069 4722 1128 4767 nt
1168 4714 1385 4781 merito,
1414 4715 1457 4769 si
1488 4700 1650 4769 etiam
1676 4715 1820 4771 aliud
1840 4729 2129 4787 argumen-

548 4800 675 4862 tum
719 4824 826 4864 non
879 4815 1148 4878 suppetat,
1202 4806 1572 4861 llcrmannum
1628 4807 1785 4863 nobis
1834 4809 2132 4865 astruxisse

560 4910 810 4955 constare
830 4899 1023 4970 possit.
1057 4897 1211 4955 Unde
1234 4898 1431 4953 mirum
1457 4909 1539 4954 est
1564 4898 1854 4955 Mczlerum
1883 4914 2132 4956 asserere

561 5005 626 5042 cx
650 5001 716 5045 eo
762 4988 880 5045 loco
930 4984 1064 5044 nihil
1117 4998 1306 5043 contra
1338 4988 1760 5045 San-Gallenses
1785 4990 2022 5060 probari.
2062 4990 2131 5046 Ut

560 5074 704 5135 enim
734 5080 1073 5159 praeteream.
1131 5080 1275 5149 quod
1320 5094 1480 5150 supra
1529 5080 1750 5134 uberius
1779 5080 2129 5150 pet-tractavi,
2172 5110 2179 5113 ν

561 5187 730 5227 unum
758 5171 886 5236 hoc,
910 5172 1052 5240 quod
1098 5170 1440 5226 llerinaunus
1482 5168 1539 5225 S.
1584 5169 1826 5225 Murcum
1854 5181 2131 5242 patronum

1675 5263 1729 5294 ἶ..
1790 5263 1816 5294 Α
1831 5264 1950 5294 ιιι-ιε.-
1983 5264 2129 5294 ζΙΙκηη

562 5273 797 5294 nun-ludam
840 5261 1032 5294 A:'AI:'
1091 5263 1155 5294 nrl
1200 5262 1630 5294 ιιηκοηηλᾼιὶληηὶ

2238 4638 2517 4692 nunquam
2580 4622 3061 4685 San-Gallensem,
3126 4622 3267 4691 quod
3320 4620 3590 4677 Arnoldus
3644 4622 3809 4677 Wion

2239 4715 2442 4769 diserte
2489 4722 2736 4769 testatur.
2796 4712 2950 4768 Unde
2984 4713 3137 4784 longe
3189 4713 3446 4767 aberrant
3488 4727 3518 4766 a
3556 4725 3689 4768 vero
3712 4712 3803 4782 qui

2240 4814 2478 4861 nostram
2510 4805 2577 4861 de
2604 4803 2901 4859 Hermanni
2938 4803 3261 4859 monacham
3304 4802 3561 4873 Aegiensi
3588 4811 3805 4859 senten-

2241 4896 2367 4950 tiam
2398 4904 2589 4950 vocant
2640 4909 2854 4957 novam,
2900 4893 3472 4964 putantqueprimum
3515 4892 3582 4948 ab
3616 4907 3681 4946 co
3712 4892 3809 4961 qui

2238 4988 2751 5044 Francofordianam
2813 4985 3104 5040 editionem
3170 4984 3469 5054 promovit.
3508 4984 3801 5041 inventam.

2235 5077 2350 5134 Hoc
2377 5079 2520 5133 enim
2550 5076 2743 5132 melius
2772 5074 2944 5130 refelli
2981 5090 3087 5130 non
3136 5083 3315 5144 potest
3342 5086 3515 5142 quam
3545 5071 3592 5127 si
3618 5081 3811 5127 vetera

2237 5168 2595 5238 inspiciantur
2623 5165 2974 5235 exemplaria,
2998 5179 3118 5233 qua:
3141 5164 3349 5232 aliquot
3375 5160 3623 5216 centenis
3647 5161 3808 5219 annis

2240 5267 2367 5294 nulla
2389 5256 2899 5294 ppnnnnﬂwdinnam
2922 5254 3210 5294 mlilinnpm
3252 5253 3454 5294 ιρτίηιει
3484 5260 3633 5294 mut-
3657 5266 3805 5294 anm-
