4062 5508
270 269 330 327 t7
1585 270 2128 331 Pammenem.
2665 325 2670 330 _
3125 252 3131 260 '
3429 256 3497 316 t3

262 387 370 446 hinc
407 384 520 440 inde
551 382 609 439 in
640 383 805 439 variis
833 383 1175 440 bibliothecis
1200 393 1498 441 asservata.
1523 385 1805 452 Quomodo
1834 389 1882 449 Α
1907 388 2268 442 certissimam
2292 396 2394 452 est,
2423 397 2479 442 et
2527 389 2579 441 in
2605 388 2878 444 Chronico
2925 385 3152 442 auctiori
3183 400 3282 455 per
3318 385 3494 440 Cani-

260 493 376 550 crgo
414 476 574 547 (quod
604 476 822 545 quidam
850 476 1009 544 dixit)
1060 491 1219 531 nemo
1266 491 1506 547 unquam
1549 475 1815 532 dubitavit

260 568 606 622 Hermanuum
646 565 810 620 fuisse
854 566 910 620 S.
951 565 1088 622 Galli
1138 567 1464 620 monachum
1516 575 1808 636 antequam

257 658 359 724 ejus
377 656 682 714 Chronicon
707 656 1047 713 Francoforti
1073 659 1358 728 prodiret?
1384 659 1574 713 Verius
1590 658 1815 730 proinde

255 747 465 803 dixerim
491 762 596 818 ego
624 756 751 802 ante
773 747 1056 802 Tritbemii
1082 758 1325 819 tempora
1353 750 1620 805 neminem
1645 749 1815 802 exsti-

254 837 370 890 tisse
391 837 480 906 qui
533 852 644 892 non
673 839 919 894 crederet
962 838 1335 894 Hermannum
1382 839 1550 894 fuisse
1579 840 1817 910 Augicn-

255 943 377 993 sein,
403 928 546 997 quod
574 930 794 1000 antiqua
817 930 1171 1001 exemplaria,
1198 931 1263 985 de
1286 932 1483 1000 quibus
1506 931 1666 985 modo
1682 929 1816 996 dixi,

252 1018 428 1074 decere
471 1029 724 1089 possunt.
780 1020 949 1076 Porro
999 1031 1056 1074 ut
1110 1021 1330 1075 tandem
1383 1021 1816 1076 controversiam

252 1115 378 1168 hanc
404 1114 680 1179 ﬁniamus,
700 1118 892 1172 audire
914 1119 1076 1173 etiam
1109 1119 1296 1172 ultimo
1329 1118 1522 1173 liberet
1545 1134 1664 1188 quae
1688 1116 1819 1172 San-

250 1204 516 1262 Galienses
549 1218 892 1278 argumenta,
939 1224 1078 1279 quas
1128 1210 1367 1263 rationes
1411 1224 1656 1279 quosque
1681 1210 1821 1264 anti-

245 1312 367 1365 quos
392 1299 619 1354 codices
648 1316 748 1370 pro
774 1317 832 1356 se
888 1301 1178 1365 abducant,
1211 1302 1407 1370 quibus
1446 1301 1816 1356 llermannum

245 1389 334 1442 sibi
357 1391 658 1446 ascribunt.
692 1391 967 1448 Hactenus
995 1394 1140 1448 enim
1182 1395 1316 1448 nihil
1343 1395 1561 1449 allatum
1591 1403 1674 1449 est
1711 1410 1822 1465 quo

247 1481 642 1538 SanAGallensis
686 1485 1028 1554 probaretur.
1089 1485 1270 1552 Quare
1313 1487 1358 1540 si
1390 1487 1554 1542 etiam
1585 1487 1820 1541 sciretur

246 1587 337 1625 non
365 1571 537 1628 fuisse.
567 1574 878 1646 Augiensis,
909 1576 1146 1631 nondum
1179 1586 1357 1631 tamen
1395 1585 1672 1631 constaret
1699 1592 1820 1631 esse

247 1662 700 1720 San-Gallensem.
742 1667 896 1722 Unde
921 1676 1306 1738 pneposteram
1333 1683 1451 1722 esse
1481 1683 1672 1722 censes
1696 1683 1819 1721 eam

1917 476 2056 531 sium
2085 477 2252 543 edito,
2282 488 2337 532 et
2365 493 2503 532 nunc
2530 478 2692 532 etiam
2723 487 2852 533 tom.
2895 477 2964 532 IX
2996 476 3243 530 Biblioth.
3275 475 3496 531 Patrum

1919 569 2127 624 inserto
2169 568 2455 624 manifeste
2487 577 2734 639 apparet,
2789 578 2949 639 prout
2982 567 3118 636 aequi
3143 575 3199 621 et
3229 566 3500 637 sapientes

1917 675 2100 714 rerum
2132 673 2408 723 censores,
2435 675 2666 728 quorum
2707 659 2935 713 arbitrio
2955 657 3220 727 judicium
3249 666 3499 712 nostrum

1917 749 2147 806 libenter
2175 750 2510 819 subjicimus.
2541 751 2811 821 dispicere
2847 759 3093 821 possunt.
3155 748 3352 802 Verum
3382 751 3504 818 qui~

1919 846 2038 901 dem
2062 855 2145 901 est
2165 847 2410 902 ordinem
2435 847 2486 900 in
2517 845 2814 915 antiquiori
2851 845 2942 900 illo
2967 843 3239 900 Chronico
3265 843 3333 896 ab
3354 856 3507 896 anno

1921 936 2060 991 lOlO
2089 937 2156 991 ad
2198 937 2358 992 linem
2414 952 2585 1006 nsque
2638 937 2795 1007 longe
2853 935 3021 990 videri
3056 935 3354 999 diversum,
3389 942 3499 987 tum

1918 1029 2060 1098 quod
2089 1029 2258 1083 multo
2286 1028 2453 1083 fusior
2481 1038 2535 1081 et
2560 1029 2771 1099 longior
2797 1028 2884 1082 hic
2916 1027 3006 1092 sit,
3037 1037 3152 1082 tum
3171 1026 3332 1079 etiam
3355 1023 3500 1094 quod

1921 1120 1972 1174 in
2013 1120 2455 1175 antecedentibus
2497 1119 2740 1191 singulos
2787 1119 2950 1174 etiam
3000 1133 3174 1173 annos
3224 1114 3504 1191 regiminis

1921 1209 2290 1264 Romanorum
2343 1188 2732 1279 imperatorum
2764 1207 3096 1280 apposuerit,
3129 1206 3224 1278 qui
3246 1188 3299 1261 iii
3327 1212 3508 1275 poste-

1919 1301 2048 1356 riori
2080 1311 2232 1372 parte
2284 1302 2471 1357 omissi
2519 1311 2664 1366 sunt,
2710 1300 2914 1356 Christi
2960 1299 3118 1355 annis
3164 1297 3504 1354 solummodo

1919 1393 2142 1446 notatis.
2165 1395 2232 1446 At
2252 1407 2440 1447 revera
2469 1391 2781 1448 Cbronicon
2812 1408 3010 1447 novum
3040 1400 3095 1446 et
3119 1389 3332 1445 auctius
3361 1403 3504 1442 nunc

1919 1483 2250 1553 evulgatum,
2274 1483 2417 1554 quod
2447 1499 2546 1554 pro
2571 1484 2808 1553 genuino
2831 1493 2887 1538 ct
2934 1482 3175 1554 legitimo
3207 1479 3504 1535 ilermamzi

1921 1576 2032 1632 fetu
2082 1577 2388 1631 habendum
2440 1586 2548 1641 est,
2576 1577 2775 1646 ubique
2803 1576 2908 1632 sibi
2934 1575 3110 1631 simile
3151 1588 3378 1647 prorsus
3399 1581 3503 1626 est.

1925 1667 2100 1722 Causa
2130 1683 2260 1723 vero
2285 1683 2456 1738 quare
2485 1668 2537 1722 in
2567 1666 2856 1737 posteriori
2909 1674 3063 1736 parte
3114 1663 3378 1735 prolixior
3411 1663 3505 1726 sit,

252 1757 550 1824 disputandi
575 1759 860 1820 rationem,
880 1759 1096 1827 quando
1117 1760 1606 1830 audacterquidein
1632 1760 1823 1814 alienre
1859 1758 1897 1816 Β
1927 1762 2045 1816 sine
2073 1761 2237 1815 dubio
2270 1760 2359 1815 illa
2383 1768 2486 1824 est,
2514 1759 2658 1830 quod
2689 1745 2752 1814 ea
2782 1775 2901 1829 qua:
2933 1757 3240 1812 recentiora
3267 1745 3514 1819 fuerunt,-

247 1850 544 1913 sententias,
578 1853 931 1920 quantumvis
961 1851 1203 1916 munitae,
1258 1852 1568 1915 insnltatur,
1602 1852 1819 1921 propria

245 1953 360 1992 vero
384 1939 702 2010 negligitur,
744 1941 1012 2012 nullisque
1035 1943 1370 2014 argumentis
1399 1943 1739 1998 oblirmatur.
1765 1943 1820 1998 Si

241 2044 354 2098 ergo
379 2028 861 2086 San-Gallensium
889 2031 1124 2087 rationes
1154 2034 1354 2088 nostris
1401 2033 1690 2104 aliquando
1712 2033 1824 2089 ραι-

241 2120 464 2175 caciores
497 2123 972 2192 perspexerinius,
1022 2141 1180 2180 nemo
1207 2128 1449 2197 ambigat
1481 2143 1580 2182 nos
1607 2127 1823 2182 veritati

241 2213 454 2268 libenter
506 2213 693 2269 locum
745 2217 992 2282 daturos,
1023 2218 1284 2290 litemque
1327 2236 1448 2275 mox
1497 2236 1713 2275 omnem
1741 2237 1827 2276 se-

243 2303 492 2370 pulturos.
535 2305 928 2362 Verumtamen
983 2309 1154 2364 donec
1204 2313 1272 2364 ab
1318 2312 1383 2365 iis
1412 2312 1647 2367 certiora
1679 2313 1825 2368 iuve-

242 2396 470 2463 uiantur,
525 2408 718 2454 noster
775 2412 990 2457 maneat
1037 2404 1302 2473 tantisper
1353 2406 1715 2474 llerinannus,
1772 2417 1828 2463 et

240 2503 350 2540 cuin
388 2502 682 2560 speremus
731 2491 846 2546 fore
879 2504 937 2547 ut
980 2495 1069 2550 vix
1113 2496 1350 2552 certiora
1398 2497 1696 2566 inveniant,
1729 2515 1826 2555 no-

242 2577 435 2634 biscum
457 2581 630 2636 etiam
666 2585 1007 2652 percunabit.

277 2691 310 2722 ο
846 2676 1213 2735 APPENDlX.

303 2764 418 2822 Iam
448 2783 479 2822 a
515 2783 608 2823 me
637 2769 830 2826 istbatc
879 2782 1225 2828 controversa
1275 2775 1342 2830 de
1379 2775 1672 2832 llermanni
1705 2795 1828 2848 pro-

243 2859 468 2916 lessione
490 2865 839 2918 concertatio
870 2865 1022 2919 [inita
1061 2877 1196 2931 erat,
1224 2877 1277 2921 et
1308 2871 1505 2938 smpius
1527 2882 1828 2927 memorato

246 2951 301 3005 ll.
325 2952 384 3008 P.
411 2955 653 3011 Mezlero
697 2955 1070 3014 San-Gallensi
1125 2945 1466 3028 transmissa,
1511 2971 1589 3028 ut,
1621 2963 1664 3018 si
1698 2964 1828 3034 quid

244 3043 409 3100 minus
438 3046 490 3101 in
521 3061 587 3100 ea
613 3047 894 3103 videretur
920 3050 1136 3104 lirtnuiu
1159 3059 1213 3104 et
1236 3052 1487 3120 solidum,
1511 3063 1820 3120 annotaret,

243 3150 300 3190 ac
348 3141 669 3203 contrariis,
724 3141 768 3195 si
827 3143 1132 3196 robustiora
1184 3143 1431 3213 haberet,
1489 3148 1828 3216 argumentis

244 3227 345 3284 refe
367 3229 529 3286 lcret.
561 3233 782 3287 Atnihil
813 3232 922 3299 ille,
954 3245 1150 3303 praeter
1191 3238 1467 3307 antiquam
1495 3237 1638 3292 illam
1672 3254 1828 3295 suam

245 3322 391 3377 toties
440 3324 735 3392 repetitam
781 3327 1053 3380 crambcai
1107 3328 1335 3393 recoxit,
1385 3343 1638 3384 asserens
1661 3331 1829 3386 verba

242 3411 321 3468 illa
343 3414 627 3480 Chronici,
663 3417 862 3486 quibus
886 3434 1046 3489 supra
1079 3417 1250 3475 fusius
1282 3421 1466 3476 relatis
1493 3423 1825 3493 probavera-

243 3520 352 3558 mus
404 3505 786 3563 llermannum
833 3510 1159 3580 Augiensem
1204 3527 1347 3584 esse,
1380 3530 1486 3568 non
1510 3530 1634 3570 esse
1659 3514 1827 3570 fctum

246 3593 576 3664 llermanni,
631 3601 952 3671 addiditque
1016 3612 1185 3657 totam
1247 3605 1511 3676 reliquam
1571 3606 1826 3662 Chronici

244 3700 443 3757 partem
476 3706 604 3762 quae
625 3702 708 3748 cst
735 3694 803 3748 ab
825 3710 972 3750 anno
998 3695 1137 3751 1050
1159 3711 1280 3752 esse
1321 3698 1740 3769 supposititiam,
1774 3708 1828 3756 et

244 3783 468 3838 auctarii
515 3784 636 3839 loco
664 3785 736 3839 ab
789 3785 972 3856 aliquo
1026 3787 1132 3842 alio
1190 3787 1652 3859 superadjectam;
1684 3791 1826 3860 quod

242 3872 521 3930 evidenter
547 3883 704 3930 ratus
723 3885 808 3928 est
840 3876 963 3931 inde
987 3892 1044 3931 se
1081 3878 1484 3933 demonstrasse
1507 3881 1648 3950 quod
1683 3880 1828 3934 vide-

243 3961 362 4019 licet
406 3965 466 4021 in
516 3966 823 4036 antiquiori
879 3967 1149 4023 Chronico
1201 3985 1348 4024 mors
1387 3979 1442 4024 et
1471 3970 1656 4025 laudes
1689 3969 1825 4024 Iler-

243 4054 418 4112 manni
467 4057 540 4110 ad
571 4073 777 4112 annum
805 4057 1006 4114 Christi
1037 4060 1173 4115 105i
1215 4061 1501 4132 descripta:
1546 4063 1829 4118 invenian-

247 4153 346 4200 tur.
374 4143 494 4203 Hoc
526 4155 710 4202 autem
739 4160 890 4204 certe
922 4149 1290 4206 Ιιυνιιιίιιιηιιιη
1336 4162 1595 4222 priestare
1625 4169 1828 4224 nequa-

243 4251 399 4304 quam
429 4239 699 4308 potuisse,
727 4239 822 4294 sed
851 4256 1132 4297 necessum
1179 4257 1300 4299 esse
1337 4243 1405 4298 ab
1435 4243 1541 4299 alio
1589 4245 1828 4312 factum;

244 4325 306 4377 de
323 4341 430 4395 quo
453 4343 562 4397 ego
583 4330 745 4398 plane
770 4346 876 4384 non
899 4333 1135 4404 ambigo,
1165 4342 1220 4387 et
1250 4333 1485 4388 libenter
1520 4335 1634 4404 ipse
1655 4334 1833 4391 fateor

250 4429 478 4475 mortem
505 4421 625 4488 ejus
661 4423 730 4477 ab
761 4424 867 4477 alio
907 4441 1025 4480 esse
1075 4427 1425 4497 descriptam,
1477 4429 1617 4483 sicut
1639 4437 1693 4484 et
1724 4429 1831 4483 alia

1925 1862 1981 1907 et
2007 1861 2166 1906 aetate
2195 1867 2295 1905 sua
2335 1859 2656 1916 evenerunt,
2695 1850 3015 1920 explicatius
3069 1858 3124 1904 et
3156 1846 3348 1919 majori
3374 1846 3504 1902 cura

1924 1944 2024 1998 sibi
2055 1944 2269 1998 duxerit
2293 1941 2601 2008 scribenda,
2632 1959 2793 2011 quam
2843 1957 2904 1997 ea
2933 1957 3052 2013 qua:
3073 1941 3142 1996 ab
3169 1940 3302 1995 orbe
3322 1949 3509 1994 creato

1927 2035 1992 2089 ad
2024 2051 2120 2089 sua
2145 2049 2316 2106 usque
2339 2043 2580 2104 tempora
2604 2033 2905 2104 contigere,
2939 2048 3077 2102 quin,
3107 2040 3168 2087 ut
3191 2047 3328 2102 opus
3349 2046 3506 2085 suum

1925 2129 2369 2200 chronologicum
2397 2129 2542 2183 omni
2568 2143 2636 2182 ex
2659 2138 2811 2198 parte
2845 2125 3150 2198 perfectum
3193 2133 3506 2196 appareret,

1926 2219 2465 2290 compendiosissime
2511 2221 2693 2289 potius
2742 2219 3012 2290 attingere
3045 2233 3208 2289 quam
3235 2231 3511 2287 exponere

1927 2316 2158 2379 studuit,
2186 2315 2330 2386 quod
2354 2313 2610 2368 nimirum
2642 2313 2809 2369 sciret
2849 2312 2916 2366 ab
2945 2312 3067 2367 aliis
3108 2309 3512 2382 antiquioribus

1927 2408 2030 2464 hoc
2053 2408 2272 2463 uberius
2297 2407 2627 2478 praestitum,
2675 2406 2805 2461 illud
2835 2421 2968 2460 vero
3013 2403 3256 2460 minime.
3284 2403 3365 2460 Ad
3395 2403 3512 2457 haec

1927 2517 2034 2558 non
2076 2515 2296 2572 possum
2342 2515 2450 2554 non
2494 2499 2684 2553 mirari
2734 2514 2834 2554 cur
2886 2497 3252 2561 llermannus,
3304 2495 3397 2567 qui
3441 2496 3512 2549 ad

1928 2609 2098 2662 usque
2123 2595 2494 2661 sua'tempora
2541 2590 2815 2646 succincte
2843 2589 3085 2660 quidem,
3128 2586 3224 2642 sed
3255 2595 3515 2641 accurate

1927 2686 2210 2742 historiam
2241 2700 2392 2740 suam
2418 2684 2693 2754 perduxit,
2716 2699 2802 2749 ea,
2828 2698 2946 2752 quae
2973 2697 3071 2736 suo
3099 2695 3213 2736 :cvo
3236 2679 3508 2741 accidere,

1927 2775 2337 2847 praetermisisse
2362 2775 2594 2830 dicatur.
2647 2773 2779 2843 Quis
2832 2773 2978 2826 enim
3028 2771 3128 2826 sibi
3180 2769 3513 2840 persuadeat

1930 2868 2205 2923 hominem
2236 2867 2436 2922 laboris
2458 2866 2713 2935 cupidum
2742 2874 2792 2919 et
2820 2863 3060 2918 historiae
3083 2870 3357 2917 amantem
3385 2860 3513 2916 totis

1929 2958 1997 3013 14
2026 2959 2206 3023 annis,
2233 2959 2430 3030 quibus
2479 2958 2544 3011 ab
2595 2973 2740 3010 anno
2771 2956 2975 3012 Christi
3013 2955 3149 3010 1040
3187 2955 3332 3008 inter
3358 2952 3510 3007 vivos

1928 3050 2106 3104 adhuc
2136 3048 2258 3115 fuit,
2284 3065 2315 3103 a
2348 3047 2638 3103 scribendo
2661 3062 2904 3102 cessasse
2947 3055 3002 3101 et
3049 3047 3276 3112 otiatum
3310 3043 3513 3100 fuisse?

1851 3117 1896 3179 Ο
1928 3142 1998 3196 At
2031 3155 2178 3208 vero,
2209 3149 2268 3194 ut
2295 3138 2638 3209 conjecturas
2669 3140 2806 3195 alias
2849 3139 3085 3193 intactas
3115 3137 3511 3207 relinquamus,

1928 3232 2077 3288 aliud
2111 3233 2482 3304 inseparabile
2507 3231 2812 3302 argumenti
2853 3233 3019 3285 robur
3052 3245 3110 3286 se
3141 3229 3298 3285 nobis
3323 3227 3512 3295 oll'ert,

1928 3341 2036 3397 quo
2057 3327 2494 3382 adversariorum
2527 3325 2670 3381 male
2695 3323 2883 3378 fultam
2907 3323 3219 3395 opinionem
3249 3322 3509 3380 facillimo

1928 3418 2144 3487 negotio
2193 3417 2540 3480 subruamus,
2570 3416 2714 3487 quod
2760 3413 2927 3470 credo
2979 3414 3098 3470 illos
3139 3412 3514 3468 dissimulasse

1928 3510 2106 3584 potius
2136 3523 2299 3579 quam
2344 3523 2453 3563 non
2477 3507 2800 3562 advertisse.
2827 3505 2959 3560 Tam
2987 3504 3133 3559 enim
3163 3503 3509 3576 perspicuum

1929 3609 2034 3666 est,
2061 3601 2307 3655 utetiam
2337 3615 2367 3653 a
2394 3601 2606 3653 modice
2639 3599 2693 3653 in
2723 3598 2951 3652 historia
2977 3604 3196 3651 versato
3214 3612 3317 3650 non
3339 3595 3514 3665 possit

1929 3706 2034 3746 non
2087 3690 2438 3762 deprehendi.
2493 3690 2560 3744 Et
2589 3689 2882 3758 quodnam,
2930 3688 3166 3756 inquies,
3200 3686 3366 3739 illud?
3403 3685 3515 3740 Hoc

1929 3789 2078 3835 certe
2106 3779 2251 3850 quod
2307 3779 2362 3832 in
2404 3777 2514 3842 illa,
2565 3792 2726 3847 quam
2762 3783 2961 3847 negant
3013 3774 3308 3830 Uermanni
3351 3773 3513 3828 telam

1929 3885 2072 3937 esse,
2102 3868 2366 3924 Chronici
2404 3871 2705 3938 posteriore
2751 3875 2905 3935 parte
2944 3864 3011 3918 ad
3053 3879 3254 3916 annum
3305 3862 3514 3916 Christi

1934 3963 2072 4018 1032
2103 3977 2250 4016 mors
2295 3959 2562 4016 Hiltrudis
2608 3958 2920 4022 comitissze,
2965 3953 3259 4033 liermanni
3295 3951 3510 4016 matris,

1929 4055 2130 4111 talibus
2155 4054 2335 4108 verbis
2377 4051 2720 4106 describatur
2744 4048 2998 4122 qualibus
3023 4061 3182 4102 nemo
3211 4045 3349 4101 alius
3377 4061 3514 4119 pra:-

1932 4154 2017 4200 ter
2059 4144 2454 4207 ﬂermannum,
2483 4150 2670 4211 utpote
2701 4139 2818 4209 ejus
2860 4139 3052 4204 lilium,
3092 4137 3169 4192 uti
3199 4137 3396 4207 potuit.
3434 4136 3511 4192 Eii

1930 4238 2127 4309 quibus
2157 4234 2384 4306 proinde
2432 4232 2796 4288 clarissimum
2827 4230 2919 4287 liat
2955 4245 3075 4286 eam
3099 4227 3357 4283 Chronici
3385 4240 3514 4296 par-

1931 4339 2040 4386 tem
2091 4328 2295 4384 nemini
2355 4327 2458 4383 nisi
2506 4325 2820 4381 Hermanno
2847 4338 3008 4395 posse
3057 4321 3280 4377 ascribi.
3338 4319 3514 4375 Verba

1933 4433 2114 4480 autem
2169 4430 2297 4477 sunt
2341 4421 2486 4476 ista:
2529 4417 2731 4474 Eodem
2767 4428 2993 4486 tempore
3023 4431 3054 4470 v
3084 4415 3216 4469 ldus
3266 4414 3517 4469 Januarii

247 4527 359 4578 qua:
381 4513 502 4584 ejus
536 4515 742 4568 obitum
769 4525 952 4570 secuta
972 4526 1116 4572 sunt.
1141 4517 1208 4571 At
1233 4487 1531 4590 intelligere
1559 4535 1659 4590 ego
1682 4518 1828 4574 nulia
1859 4487 1908 4548 D
1935 4523 2102 4569 mater
2128 4530 2240 4567 mea
2273 4511 2563 4576 Hiltrudis,
2607 4508 2907 4579 Wolferadi
2935 4507 3138 4562 comitis
3166 4521 3302 4559 uxor
3327 4505 3514 4558 admo’

249 4605 453 4661 ratione
489 4622 712 4677 possunt
771 4624 871 4663 cur
923 4612 1105 4666 statim
1155 4613 1318 4667 etiam
1365 4629 1426 4669 ea
1475 4614 1658 4668 omnia
1713 4630 1834 4685 quae

248 4704 474 4750 mortem
501 4695 620 4765 ejus
650 4697 982 4767 prmcedunl,
1003 4705 1070 4757 ab
1093 4718 1236 4758 anno
1261 4703 1471 4760 scilicet
1501 4702 1640 4758 1040
1660 4720 1831 4774 usque

248 4785 311 4837 ad
341 4799 552 4838 annum
585 4787 738 4849 1054,
787 4790 838 4843 in
871 4806 1028 4860 quem
1071 4792 1252 4846 obitus
1301 4792 1416 4862 ejus
1459 4793 1666 4859 incidit,
1698 4794 1834 4848 ller-

250 4890 444 4930 marino
501 4878 858 4947 adjudicanda
913 4883 1041 4938 sint.
1102 4885 1364 4954 Equidem
1422 4887 1674 4955 suspicor
1717 4902 1828 4942 non

250 4967 405 5023 aliain
433 4972 508 5024 ob
539 4987 758 5027 causam
810 4975 913 5030 hoc
965 4978 1330 5047 excogitatum
1360 4996 1522 5050 quam
1557 4986 1614 5032 ut
1659 4979 1823 5035 verba

253 5057 332 5112 illa
358 5076 508 5116 anno
557 5064 756 5118 Christi
806 5066 937 5122 1048
983 5071 1180 5140 ροςίιςι,
1232 5070 1425 5141 quibus
1449 5069 1823 5127 liermannum

251 5151 576 5222 Augiensem
619 5155 783 5211 fuisse
822 5173 1000 5228 aperte
1045 5163 1477 5229 conviccramus,
1538 5163 1724 5230 spuria
1770 5174 1828 5221 et

255 5245 456 5301 incerta
493 5250 863 5307 redderentur.
900 5255 1046 5313 Unde
1072 5258 1117 5311 si
1152 5258 1284 5313 nihil
1317 5259 1460 5314 aliud
1489 5268 1824 5326 superesset,

254 5343 418 5393 totum
445 5341 736 5394 sententia:
764 5339 950 5401 nostra:
979 5349 1394 5405 fundamentum
1428 5353 1710 5410 rueret,et
1731 5363 1828 5416 per

259 5440 517 5448 -.-_--...--
573 5428 702 5450 ,ομ
755 5430 790 5450 n
832 5433 864 5450 η
966 5440 977 5450 ι
1189 5439 1199 5450 ι

1932 4607 2058 4661 dum
2085 4607 2194 4676 pia,
2224 4605 2361 4658 diem
2388 4605 2629 4658 ultimum
2659 4600 2870 4667 clausit,
2897 4610 3038 4664 etc.;
3072 4599 3156 4652 cui
3201 4608 3255 4652 ut
3283 4612 3376 4666 pro
3408 4597 3519 4666 epi-

1933 4697 2111 4767 tapliio
2133 4696 2226 4749 Iros
2260 4693 2482 4749 scribere
2509 4708 2685 4746 versus
2717 4691 2868 4748 libuit
2901 4707 2919 4747 :

1996 4831 2153 4882 Mater
2178 4842 2471 4894 egenorum,
2491 4842 2605 4893 spes
2629 4827 2966 4892 auxiliumque
2992 4835 3208 4882 suorum,
3234 4827 3330 4873 etc.

1931 4958 2056 5015 Haec
2084 4958 2192 5012 ille.

2003 5050 2300 5105 Fateantur
2326 5064 2458 5121 ergo
2481 5058 2706 5105 necesse
2737 5055 2824 5102 est
2852 5041 3004 5102 istud.
3017 5040 3355 5110 epitaphium
3385 5038 3523 5094 Her-

1933 5145 2118 5202 manni
2159 5159 2283 5200 esse
2315 5143 2506 5210 fetum,
2554 5140 2697 5195 sicut
2740 5147 2798 5195 et
2844 5141 2986 5198 dicta
3017 5135 3181 5188 verba
3229 5133 3297 5190 ad
3325 5129 3528 5189 Christi

1933 5255 2133 5297 annum
2166 5239 2305 5294 1052
2338 5239 2408 5296 de
2456 5231 2722 5295 lliltrudis
2750 5235 2904 5293 obitu
2935 5230 3098 5286 dicta.
3150 5226 3268 5284 Hoc
3301 5241 3425 5282 cum
3457 5223 3531 5276 ita

1936 5349 1995 5390 se
2025 5334 2226 5387 habere
2272 5330 2434 5389 fateri
2480 5331 2784 5388 adversarii
2831 5322 3002 5390 velint
3031 5324 3204 5380 nolint
3247 5328 3532 5391 cogantur.

1939 5427 2054 5458 -..:o
2089 5441 2192 5458 mm
2227 5424 2370 5458 uillas
2402 5426 2610 5458 nnl:nla
2650 5427 2806 5458 conn:
2845 5423 3012 5458 ..οι-ιν)
3043 5432 3257 5458 mmmm
3286 5413 3535 5458 ennerillﬂ
