4062 5508
531 364 604 422 ιθ
980 440 983 443 δ
1236 440 1241 445 ,
1359 372 1788 443 annunerans
1825 353 2283 449 contineres.
2321 351 2630 449 nomen.
2670 355 2997 454 Attali:st
3288 442 3293 445 κ
3470 442 3475 447 .
3712 388 3793 457 ω

525 480 593 576 ab
635 479 1207 576 omnibusHermauni
1257 505 1379 547 esse
1413 497 1778 551 censeantur?
1821 498 1938 566 Quo
1980 514 2109 555 vero
2136 504 2181 560 Λ
2210 501 2442 572 positum
2464 520 2479 569 ;
2504 503 2601 559 sed
2619 504 2792 560 solent
2814 505 2891 563 illi
2915 520 3034 576 quae
3058 513 3184 561 sunt
3208 503 3411 562 incerta
3434 505 3789 576 examinare;

526 570 867 638 Hermannus
889 575 1009 633 loco
1029 577 1310 637 historiam
1331 598 1483 641 suam
1511 590 1903 656 terminaverit,
1923 606 2103 647 meum

524 681 634 728 non
662 674 746 725 est
771 668 1019 737 delinire,
1047 686 1169 727 cum
1204 674 1306 730 hoc
1334 677 1402 731 ad
1434 678 1623 734 tricam
1656 691 1897 737 nostram
1927 693 2105 739 exter-

523 757 836 815 minandum
867 761 1002 817 nihil
1033 766 1290 821 momenti
1313 766 1511 824 all‘crrc
1535 771 1723 840 possit.
1749 771 2108 828 Nihilominus

525 843 706 904 tamen
744 859 951 906 certum
996 867 1118 909 esse
1155 855 1470 913 debetcum
1508 861 1697 919 adhuc.
1721 877 1922 917 annum
1967 863 2105 919 1052

523 936 832 1015 inclinasse,
858 937 1002 1015 quod
1039 963 1105 1001 ex
1134 948 1285 1004 obitu
1330 950 1592 1008 lliltrudis
1626 953 1698 1008 ibi
1740 955 2012 1027 descripto
2041 954 2105 1013 li-

521 1029 693 1105 quere'
732 1042 942 1103 potest,
993 1050 1195 1100 annum
1247 1054 1375 1097 vero
1425 1041 1563 1105 1054
1615 1058 1725 1106 non
1771 1043 2098 1116 complesse;

520 1124 663 1199 quod
714 1123 901 1181 itidem
956 1127 1080 1183 inde
1124 1140 1376 1194 constare
1423 1128 1599 1203 potest
1652 1133 1795 1203 quod
1847 1149 1914 1190 eo
1960 1149 2105 1189 anno

518 1221 766 1276 mortuus
787 1215 1076 1281 scribatur.
1120 1217 1167 1272 Α
1197 1235 1305 1293 quo
1327 1206 1459 1286 vero,
1487 1236 1632 1276 mors
1650 1222 1780 1292 ejus
1812 1221 1975 1280 fuerit
2003 1223 2098 1278 ad-

515 1313 724 1371 notata,
772 1314 828 1362 et
875 1307 1080 1378 reliqua
1126 1308 1382 1381 deinceps
1426 1311 1695 1382 appendix
1739 1313 1970 1379 adnexa,
2018 1329 2102 1367 me

515 1392 674 1464 fugit.
700 1394 855 1452 Modo
881 1397 1024 1453 scire
1058 1398 1251 1455 sullicit
1279 1414 1343 1455 ea
1367 1401 1569 1467 onmia,
1596 1417 1716 1472 qua:
1740 1418 1940 1457 annum
1965 1404 2102 1470 1054

512 1485 851 1556 praecedunt,
897 1486 1211 1560 'germauam
1250 1489 1749 1557 Hermannitelam
1795 1508 1935 1560 esse,
1982 1500 2105 1565 quin

516 1588 796 1634 auctorem
841 1580 956 1652 ipsa
997 1598 1152 1638 suum
1194 1583 1520 1656 Augiensem
1568 1584 1733 1652 fuisse
1776 1588 2103 1645 monachum

513 1668 1038 1741 manifesteprodat.
1072 1673 1326 1729 Bestaret
1353 1691 1496 1730 nunc
1523 1690 1683 1748 porro
1713 1693 1908 1732 novum
1936 1678 2104 1741 alium

514 1759 794 1828 cujusdam
828 1762 1155 1835 Crispiniani
1197 1781 1439 1821 errorem
1479 1768 1813 1843 propulsare,
1849 1768 1951 1824 nisi
1986 1770 2100 1845 ipsa

2209 609 2328 662 qua:
2357 605 2505 661 vera,
2537 583 2863 665 approbare;
2904 613 3022 668 quae
3056 596 3210 663 falsa,
3236 612 3266 653 e
3296 598 3407 654 suis
3435 600 3656 672 scriptis
3683 600 3790 656 eli.

2206 682 2413 740 minare
2456 701 2521 740 ac
2559 688 2868 743 exturbare.
2917 687 3022 743 Sed
3057 689 3219 759 pudet
3255 690 3443 746 muniis
3485 706 3548 747 ac
3586 691 3792 749 deliras

2205 775 2404 830 utentis
2434 775 2553 832 istis
2577 776 2881 833 diuturnius
2907 779 3173 836 inhaerere
3198 797 3315 850 qua:
3340 783 3547 838 ratione
3576 792 3630 837 et
3661 780 3789 837 fun-

2204 862 2450 922 damento
2484 869 2629 923 omni
2652 877 2861 934 carent,
2889 880 3241 940 veterumque
3267 872 3591 942 scriptorum
3621 885 3793 927 nemo

2204 968 2441 1037 unquam
2484 958 2614 1033 quid
2662 958 2840 1015 simile
2881 958 2965 1014 vel
3007 960 3227 1030 scripsit
3273 962 3354 1017 vel
3390 961 3632 1017 dictavit.
3681 961 3789 1017 ιιιξτ

2203 1055 2402 1113 ειεῑιῑυι·
2439 1040 2531 1117 qui
2574 1048 2643 1108 de
2686 1051 2846 1105 rebus
2894 1050 3373 1109 San-Gallensilms
3420 1055 3791 1125 scripserunt,

2203 1136 2595 1208 pet-lustrentur
2625 1142 3028 1203 accuratissime
3060 1143 3151 1213 qui
3189 1144 3489 1199 antistitum
3514 1143 3790 1205 Constat».

2205 1226 2454 1283 tiensimn
2499 1237 2591 1290 aut
2633 1228 2909 1297 catalogos
2959 1239 3053 1285 aut
3098 1231 3351 1291 historias
3394 1247 3792 1302 composuere;

2202 1318 2521 1385 evolvantur
2548 1320 2973 1390 exquisitissime
2995 1338 3026 1376 a
3054 1323 3229 1394 capite
3256 1323 3320 1379 ad
3349 1323 3551 1387 calcem
3587 1340 3792 1393 usque,

2201 1419 2255 1463 et
2287 1410 2519 1474 mentiar
2549 1424 2652 1481 ego
2678 1413 2723 1466 si
2753 1413 3098 1479 sententiam,
3129 1415 3173 1469 si
3201 1415 3449 1480 verbum,
3468 1415 3510 1471 si
3544 1414 3794 1476 litteram

2203 1499 2303 1562 hoc
2326 1514 2488 1575 super
2514 1510 2822 1573 commento
2848 1502 3084 1567 dixerint
3114 1512 3206 1557 aut
3234 1504 3569 1574 scripserint.
3600 1501 3795 1569 Quare.

2201 1602 2322 1651 cum
2373 1587 2471 1660 ipsi
2519 1588 2937 1653 San-Gallenses
2968 1606 3147 1653 rerum
3178 1607 3397 1655 suarum
3434 1590 3792 1657 scientissimi,

2200 1678 2266 1730 de
2288 1676 2575 1746 praesulatu
2603 1676 2975 1743 Sau~Galleasi
2998 1677 3504 1751 C‘onstan‘tiensiqne
3529 1696 3626 1751 per
3649 1681 3793 1736 Her.

2203 1782 2455 1822 manuum
2488 1768 2867 1830 administrato
2914 1769 3045 1823 nihil
3089 1779 3416 1836 memorent,
3455 1780 3510 1825 ct
3551 1785 3616 1825 ex
3659 1769 3790 1825 albo

513 1851 600 1917 sui
652 1852 990 1919 absurditate
1043 1856 1109 1911 ab
1159 1857 1306 1912 omni
1361 1859 1658 1928 peritorum
1716 1859 2099 1929 historicorum
2130 1856 2171 1914 Β
2199 1876 2424 1927 suorum
2450 1860 2702 1921 abbatmn
2737 1876 2860 1914 eum
2895 1860 3202 1927 excludant,
3235 1862 3357 1944 quis
3398 1860 3789 1928 cxterusadeq

513 1944 700 2008 schola
755 1946 1157 2016 explodcretur.
1217 1949 1516 2005 Fabulatur
1566 1949 1708 2014 enim
1760 1952 1863 2015 iste
1907 1962 2099 2020 auctor

515 2032 886 2093 Hei-manuum
937 2048 1180 2103 nostrum
1229 2055 1337 2102 non
1386 2044 1544 2097 modo
1590 2044 1914 2100 coenobitam
1964 2046 2098 2099 San-

513 2122 820 2183 Galleasem
865 2126 1052 2193 fuisse,
1082 2131 1176 2186 sed
1203 2141 1466 2211 praeterea
1506 2136 1741 2191 somniat
1783 2136 1928 2192 illum
1954 2137 2098 2212 ejus-

512 2217 634 2283 dem
668 2218 727 2275 S.
757 2219 893 2287 Galli
925 2227 1235 2292 monasterii
1280 2228 1526 2294 abbatem
1572 2240 1627 2289 et
1653 2232 1772 2288 dein
1813 2234 2101 2305 praesulem

511 2310 989 2381 Constanticusem
1009 2317 1238 2389 factum,
1267 2330 1428 2391 prout
1452 2321 1785 2394 Augustinus
1811 2324 2095 2383 Wickman

510 2402 948 2478 Antuerpiensis,
973 2400 1267 2468 canonicus
1292 2412 1664 2482 Norbertinns,
1689 2418 1743 2481 in
1772 2434 1870 2475 suo
1892 2419 2102 2476 Sabbaq

514 2496 675 2560 tismo
704 2498 967 2565 Mariano,
1013 2505 1326 2574 nuperrime
1375 2506 1517 2588 typis
1546 2508 1819 2580 evulgato,
1860 2524 1980 2565 eum
2014 2526 2097 2565 re-

508 2586 618 2643 fert
654 2597 710 2644 et
740 2590 1007 2660 sequitur.
1043 2592 1258 2659 Siccine
1290 2586 1413 2668 quze'
1436 2599 1717 2654 nocturnis
1746 2600 1974 2666 somniis
2001 2602 2095 2656 ob-

502 2676 784 2746 jiciuutur,
843 2690 938 2735 aut
993 2698 1130 2740 anus
1186 2687 1640 2743 connnentatione
1690 2688 2097 2763 continguntur,

506 2766 895 2833 historicorum
938 2773 1103 2829 etiam
1149 2789 1273 2831 inox
1301 2791 1400 2847 pro
1441 2792 1576 2847 pura
1616 2789 1741 2849 puta
1773 2781 2001 2838 veritate
2040 2792 2095 2838 et

505 2860 826 2921 indubitatis
851 2866 1087 2923 oraculis
1113 2868 1428 2933 venditare?
1458 2870 1651 2928 [haecne
1677 2874 1935 2939 bonorum
1962 2890 2096 2931 con-.

403 3021 406 3024 .
505 2957 736 3013 suetudo
767 2969 1069 3024 auctorum,
1104 2969 1162 3023 ut
1197 2977 1318 3032 qua:
1359 2962 1555 3025 triviali
1585 2962 1863 3036 cujusdam
1893 2967 2097 3045 stipitis

506 3050 779 3115 cerebello
806 3053 984 3110 ellicta
1029 3055 1513 3122 circumferuntur,
1557 3073 1684 3121 mox
1730 3058 1935 3114 calculo
1962 3077 2094 3129 quo-

505 3155 612 3211 que
637 3157 735 3197 suo
759 3143 969 3208 soleant
1011 3147 1313 3217 approbare
1348 3156 1401 3202 et
1438 3163 1535 3218 per
1567 3148 1807 3203 omnium
1840 3166 1934 3205 ora
1962 3167 2090 3221 pro-

505 3230 787 3302 mulgare?
831 3233 1183 3315 Nequaquam
1229 3237 1388 3294 bonis
1413 3238 1545 3294 viris
1584 3247 1677 3297 est
1712 3239 1815 3296 hoc
1849 3242 1906 3303 in
1940 3257 2091 3305 more

519 3419 828 3453 ﬂ—-"—.—

2197 1951 2267 2006 sit
2291 1951 2539 2021 stupidus
2560 1952 2651 2021 qui
2679 1968 2736 2007 se
2768 1952 2870 2007 hoc
2896 1953 3087 2008 melius
3111 1953 3250 2013 scire
3281 1954 3519 2024 profiteri
3548 1951 3787 2017 audeat?

2267 2043 2445 2098 Manet
2481 2059 2610 2113 ergo
2638 2043 2880 2121 tinuum,
2909 2053 2966 2098 ut
3013 2045 3226 2099 tandem
3272 2060 3384 2099 rem
3432 2054 3596 2098 totam
3627 2042 3784 2107 linia-

2197 2149 2335 2201 mus,
2363 2132 2729 2198 llermannum
2755 2150 2928 2213 neque
2958 2135 3228 2201 abbatem,
3259 2150 3433 2204 neque
3466 2135 3790 2204 episcopatu

2194 2224 2363 2282 fuisse
2388 2234 2626 2281 creatum
2661 2242 2921 2306 unquam,
2953 2227 3044 2282 sed
3077 2226 3398 2281 monaehmn
3430 2226 3613 2297 Anglic
3641 2226 3789 2281 dune

2198 2325 2346 2384 taxat
2380 2316 2759 2397 permansisse.
2793 2316 2946 2393 Quod
2991 2317 3036 2371 si
3066 2316 3188 2396 quis
3222 2316 3402 2370 allatis
3444 2316 3495 2369 iu
3540 2315 3787 2380 medium

2194 2406 2528 2477 argumentis
2554 2407 2743 2488 probet
2784 2422 2907 2465 eum
2934 2405 3244 2482 aliquandiu
3290 2405 3342 2461 iu
3374 2405 3618 2470 cumobio
3647 2420 3785 2475 quo—

2194 2516 2299 2570 que
2328 2498 2699 2555 San-Gallensi
2732 2499 2971 2579 degisse,
3013 2509 3067 2553 ut
3100 2500 3361 2575 quosdam
3391 2514 3510 2555 cum
3547 2497 3786 2573 Mat-tino

2194 2593 2384 2647 (‘rusio
2415 2593 2470 2646 in
2509 2592 2808 2648 Annalibus
2838 2592 3084 2658 Suevicis
3114 2589 3227 2647 scio
3255 2590 3523 2667 sensisse,
3545 2604 3648 2644 non
3681 2590 3783 2653 hae.

2193 2683 2340 2739 bebit
2374 2698 2460 2739 me
2499 2683 2713 2739 veritati
2747 2684 3241 2749 contradiceutcm,
3289 2682 3383 2738 scd
3415 2681 3649 2736 maxime
3675 2680 3781 2775 sibi

2195 2777 2598 2848 astipulantem.
2640 2776 2908 2845 Quoniam
2953 2786 3132 2832 autem
3165 2778 3471 2847 hucusque,
3509 2782 3565 2828 ut
3609 2774 3783 2835 etiam

2194 2884 2356 2949 supra
2402 2869 2608 2935 monui,
2653 2869 2787 2923 nihil
2815 2869 2956 2938 quod
2981 2883 3166 2944 eorum
3211 2867 3535 2923 sententiam
3566 2862 3783 2920 stabili:

2195 2972 2297 3029 ret,
2329 2961 2556 3025 inveniri
2606 2971 2698 3017 aut
2725 2961 3023 3032 excogitari
3056 2960 3254 3030 potuit,
3300 2956 3601 3021 remanebit
3642 2952 3782 3023 uera

2196 3068 2423 3106 manuus
2450 3051 2700 3115 alumnus
2726 3061 2782 3106 et
2810 3050 2950 3104 filius
2988 3048 3044 3105 S.
3073 3049 3235 3104 Marci
3264 3047 3610 3119 Augicnsium
3641 3052 3783 3097 tule-

2194 3145 2345 3209 laris.
2379 3154 2436 3199 ut
2466 3158 2624 3224 quem
2652 3155 2940 3221 patronum
2969 3142 3080 3221 ipse
3115 3158 3274 3203 suum
3301 3141 3573 3213 agnoscit,
3609 3135 3784 3192 nornis

2197 3249 2309 3312 nat,
2339 3245 2393 3292 et
2426 3236 2650 3311 supplex
2676 3245 2985 3292 veneratur.

3486 3427 3529 3447 or
3535 3426 3622 3437 ιρι...
3628 3412 3770 3449 -.Δ-φ

1469 3512 1974 3650 NOTITIA
2044 3554 2811 3645 LITTERARIA.

1422 3750 1609 3822 (Apud
1640 3750 1972 3817 Fabricium,
2000 3748 2287 3806 Biobliotlt.
2323 3748 2462 3805 med.
2499 3757 2549 3805 et
2578 3748 2680 3820 inf.
2714 3746 2865 3818 Lat.)

1966 3893 2251 3915 ῃ.-

572 3996 938 4061 Hermannus,
956 4010 988 4051 τι
1010 3994 1287 4053 debilitate
1308 3997 1675 4053 membrorum
1697 4014 1804 4067 qua
1828 3997 2091 4054 laboravit
2116 4003 2162 4067 α
2193 3998 2399 4054 chardo
2423 3994 2647 4052 Basilcze
2670 3992 2998 4058 1529-1556,
3030 4007 3152 4048 cum
3176 3988 3444 4047 Chronico
3473 3988 3687 4045 Eusebii
3715 3997 3779 4059 et

503 4089 575 4145 ab
618 4086 844 4143 infantia
882 4086 1062 4151 dictus
1087 4086 1420 4154 Contractus,
1463 4087 1604 4143 illius
1647 4089 1863 4145 comitis
1895 4090 2093 4145 Vorin-

502 4178 685 4250 gensis
710 4186 767 4235 et
793 4177 1163 4250 Snlgoviensis
1198 4178 1251 4232 in
1281 4168 1499 4244 Suevia,
1530 4180 1829 4236 monachus
1859 4179 1917 4236 S.
1949 4180 2088 4236 Galli

501 4272 775 4341 primum,
818 4269 1012 4326 deinde
1055 4271 1242 4341 Augite
1285 4270 1504 4341 Maioris
1548 4272 1664 4327 sive
1709 4272 1920 4339 Divitis,
1962 4271 2083 4328 ord.

499 4363 726 4430 Bened.,
751 4372 1013 4435 przestans
1039 4362 1271 4435 ingenio,
1301 4362 1526 4428 Latinae,
1549 4361 1750 4418 Graeca:
1768 4375 1822 4419 et
1840 4363 2089 4419 Arabica:

499 4454 708 4524 peritus
742 4453 957 4523 linguze,
985 4463 1039 4512 et
1063 4454 1157 4525 qui
1190 4453 1361 4508 variis
1391 4453 1636 4509 scientiis
1657 4453 1895 4507 animum
1928 4468 2081 4508 exco-

499 4546 711 4603 luisset.
757 4544 911 4603 Diem
939 4546 1076 4602 obiit
1101 4561 1192 4602 an.
1222 4544 1359 4601 1054
1390 4546 1442 4600 iu
1473 4545 1676 4616 praedio
1717 4560 1815 4601 suo
1859 4544 2086 4599 Aleshu-

501 4655 635 4697 sano
664 4639 765 4711 (ι).
799 4640 876 4697 De
905 4654 971 4694 eo
996 4638 1328 4696 Tritheniius
1357 4654 1476 4709 cap.
1507 4637 1607 4693 521
1639 4638 1706 4692 de
1734 4636 1792 4693 S.
1824 4637 1911 4702 13.,
1940 4646 1993 4692 et
2023 4652 2086 4703 ιι,

500 4732 592 4800 84,
637 4731 835 4788 illustr.
888 4730 1225 4790 Benedictio.
1281 4738 1336 4790 et
1380 4729 1456 4791 De
1498 4728 1853 4800 scriptoribus
1896 4728 2084 4785 Germ.

502 4840 622 4895 cap.
660 4824 763 4891 M;
795 4832 846 4879 et
878 4840 944 4879 ex
976 4822 1388 4885 recentioribus,
1420 4829 1479 4877 ut
1518 4822 1833 4876 innumeros
1862 4821 2084 4876 notissi-

501 4930 729 4986 mosque
780 4925 1130 4986 prarteream,
1181 4912 1298 4969 Nic.
1353 4912 1576 4969 Hieron.
1627 4910 1982 4983 Gundlingius
2033 4911 2084 4966 in

502 5004 917 5075 Gundliugianis
950 5014 1078 5061 tom.
1124 5003 1165 5071 l,
1214 5019 1339 5076 pag.
1385 5004 1448 5059 51
1497 5019 1605 5074 sq.,
1647 5012 1701 5059 et
1742 5004 1802 5058 Β.
1851 5003 2090 5059 Joannes

501 5095 791 5151 Hubnerus
821 5107 1006 5154 noster
1035 5098 1087 5153 in
1133 5098 1484 5153 Bibliotheca!
1514 5097 1797 5153 Historiae
1841 5096 2084 5152 centuria

502 5200 560 5214 III
631 5201 735 5214 εει-ιο
914 5202 1006 5214 AA"
1079 5186 1224 5214 'II.II-
1268 5203 1425 5214 ΛΑΛ-ιη
1480 5185 1590 5214 ⁸³11⁸
1638 5186 1964 5214 ,ιιιωιιῗιιιιιιυκ
2008 5195 2080 5214 Διὶ.

2186 4092 2497 4164 Hieronymi
2545 4091 2688 4162 quod
2735 4090 3099 4154 Ilermannus,
3146 4087 3285 4142 sicut
3327 4085 3597 4155 Prosperi,
3642 4084 3774 4142 lora

2185 4184 2383 4239 nandis
2409 4194 2463 4239 ct
2488 4183 2647 4238 Beda:
2672 4197 2885 4253 quoque
2917 4180 2971 4235 in
3004 4179 3075 4242 Α.
3100 4178 3162 4235 C.
3192 4178 3294 4234 7'26
3326 4177 3619 4233 desinentis
3650 4177 3773 4233 dili-

2186 4284 2376 4347 genter
2404 4287 2487 4330 est
2515 4282 2752 4331 secutus.
2785 4273 2989 4329 Deinde
3017 4272 3073 4327 in
3108 4281 3255 4326 tonio
3282 4285 3390 4325 uno
3428 4267 3652 4324 Joannis
3680 4268 3777 4323 Pi-l

2186 4367 2340 4421 storii
2387 4363 2638 4420 Francoi‘.
2688 4363 2997 4420 l585-16l5
3045 4363 3121 4433 (et
3168 4370 3394 4419 curante
3428 4360 3491 4414 V.
3531 4357 3592 4412 C.
3632 4359 3769 4414 Bur-

2184 4456 2388 4512 chardo
2428 4454 2670 4511 Gotthelf
2702 4455 2944 4522 Struvio,
2989 4452 3295 4511 Ratishonte
3328 4449 3607 4521 17Ξ6Γοι.)
3643 4465 3770 4504 cum
3866 4518 3873 4525 .

2185 4549 2592 4604 continuatione
2627 4548 2695 4604 ab
2722 4563 2864 4608 anno
2896 4545 3030 4605 1054
3055 4560 3224 4615 usque
3266 4543 3332 4598 ad
3372 4557 3572 4595 annmn
3604 4540 3763 4595 1665.

2184 4638 2264 4694 Ex
2310 4639 2518 4695 meliori
2565 4639 2691 4693 hinc
2728 4639 2915 4694 codice
2958 4634 3188 4692 emnobii
3238 4632 3296 4689 S.
3341 4631 3555 4701 Georgii
3602 4645 3771 4701 prope

2185 4731 2541 4794 Rotltwilam,
2589 4729 2927 4786 Christianus
2974 4726 3240 4782 Urstisius
3268 4724 3434 4792 inter
3476 4722 3770 4790 scriptores

2186 4836 2366 4877 rerum
2393 4820 2859 4883 Germanicarum,
2888 4817 3140 4871 Francol’.
3168 4813 3305 4870 158l
3331 4821 3383 4867 et
3410 4810 3564 4866 1676.
3597 4809 3770 4863 Temo

2186 4896 2371 4983 priore
2396 4910 2699 4966 Clironicon
2731 4908 3023 4964 llermauui
3061 4904 3381 4976 locupletius
3408 4902 3574 4956 edidit
3600 4898 3767 4973 veteri

2186 5006 2422 5061 editione
2449 5019 2544 5074 per
2571 5004 2850 5058 columnas
2876 5018 2942 5056 ex
2968 5003 3199 5056 adverso
3233 4997 3427 5067 posita,
3457 4993 3769 5064 subiuncta-

2188 5112 2292 5167 quc
2320 5103 2514 5166 praeter
2542 5094 3004 5150 continuationem
3044 5088 3313 5159 Anonymi
3354 5086 3424 5140 ab
3454 5099 3596 5137 anno
3632 5078 3770 5135 1055

2189 5185 2254 5214 ...ι
2285 5184 2417 5214 iniu:
2474 5183 2634 5214 ωιτη..
2684 5183 2783 5214 ..ιτα
2834 5180 3107 5214 n.....l...l.l:
3160 5174 3458 5214 ιινηςιινιρνί
3508 5172 3770 5214 Cuncta"-

2684 5183 2783 5214 ...ζῆ
