4062 5508
446 246 541 303 .23
1282 247 1714 309 HERMANNUS
1753 251 2218 315 CONTRACTUS
2259 255 2563 315 MONACH.
2607 255 2927 315 AUGIENS.
3479 288 3484 294 -
3655 258 3733 316 94

471 367 734 420 adnotare
760 361 1077 436 plerumque
1104 362 1297 420 solent.
1359 364 1491 433 Quae
1517 366 1735 437 quidem
1780 369 1846 424 es
1878 369 2048 440 ipsius
2078 376 2120 432 Α
2151 370 2271 426 dem
2300 369 2532 440 primum
2561 369 2679 441 ejus
2712 373 2964 427 maritum
2996 368 3063 426 ad
3094 385 3179 426 an.
3216 370 3312 427 971
3361 369 3551 443 pandit
3592 371 3739 427 iicr-

468 455 740 513 Chronico
789 454 878 511 hic
922 454 978 513 in
1028 455 1351 528 compendio
1395 456 1589 514 sistere
1645 459 1787 514 haud
1838 460 1939 517 abs
1993 477 2054 517 re

471 548 749 603 duximus.

536 640 767 697 Natales
803 655 933 697 suos
968 656 1033 697 ac
1054 633 1376 715 progeniem
1413 643 1528 716 ipse
1565 646 1746 716 prodit
1786 645 2053 702 Herman-

470 746 571 785 nus
595 732 760 787 variis
793 732 844 786 in
881 732 1039 789 locis.
1066 732 1375 790 Memoratis
1407 735 1473 789 ad
1509 742 1609 790 an.
1660 735 1797 791 1009
1848 735 2054 792 Wolfc-

469 820 586 878 radi
623 823 840 879 comitis
862 822 1096 893 junioris
1119 825 1320 896 nuptiis
1348 841 1473 880 cum
1508 825 1752 882 l-liltrude
1777 841 1836 883 se
1862 841 2050 881 eorum

467 910 660 978 filium,
694 929 761 969 ac
789 914 1017 975 aliorum
1040 915 1452 984 quatuordecim
1481 914 1775 970 liberorum
1827 915 2050 985 fratrem

465 1002 775 1081 profitetur.
806 1003 926 1059 Mox
963 1020 1106 1059 anno
1147 1014 1408 1075 sequente
1438 1005 1577 1060 1010
1625 1004 1922 1062 Wolferadi
1965 1022 2052 1062 se-

472 1094 644 1149 nioris
666 1094 902 1160 comitis,
931 1096 1142 1166 paterni
1171 1097 1255 1152 sui
1290 1096 1399 1163 avi,
1422 1096 1626 1152 obitum
1655 1097 1846 1164 refert,
1879 1098 2054 1153 omis-

472 1200 534 1240 so
582 1196 759 1242 tamen
811 1187 1027 1243 familia:
1082 1191 1329 1256 nomine;
1374 1204 1537 1259 quam
1592 1205 1721 1246 vero
1763 1205 1951 1247 omnes
1985 1206 2049 1245 ex

472 1276 896 1350 Veringensibus
922 1279 1210 1335 comitibus
1239 1290 1511 1351 repetunt,
1547 1296 1684 1351 quos
1728 1281 1868 1335 inter
1911 1280 2052 1350 apud

468 1372 759 1441 plerosque
788 1370 1083 1441 scriptores
1109 1370 1437 1441 supplendus
1465 1380 1550 1426 est
1575 1370 1916 1427 Wolferadus
1963 1370 2053 1427 hic

472 1462 675 1518 senior.
719 1462 1045 1518 Comitatum
1095 1464 1259 1519 istum
1302 1465 1357 1519 in
1410 1462 1605 1519 Sueria
1656 1463 1782 1519 olim
1835 1463 2055 1535 amplis-

473 1555 670 1611 simum
696 1555 920 1612 Crusius
966 1555 1183 1629 (Annal.
1226 1558 1383 1614 Suev.
1426 1573 1481 1628 p.
1522 1573 1585 1624 ιι,
1626 1557 1663 1611 1.
1698 1572 1774 1623 VI,
1805 1572 1854 1612 c.
1887 1556 1941 1627 9)
1986 1555 2056 1611 ab

474 1646 699 1717 Alpibus
721 1646 965 1703 Suevicis
989 1647 1130 1703 ultra
1154 1647 1454 1710 Danubium
1477 1663 1647 1717 usque
1672 1648 1938 1714 extendit,
1960 1648 2054 1718 qui

2159 473 2415 522 manuus,
2444 461 2736 532 parentela:
2763 477 2890 526 sure,
2919 463 2964 517 si
3002 461 3121 534 quis
3151 462 3313 531 alius,
3349 471 3499 518 certe
3524 462 3739 534 optime

2156 563 2378 621 gnarus,
2425 552 2552 607 dum
2605 552 3022 619 Adalberonent,
3068 551 3341 623 juniorem
3394 561 3453 606 ut
3494 554 3735 622 videtur,

2154 641 2399 713 priorum
2430 642 2599 713 ipsius
2624 643 2856 699 filiorum
2887 644 3113 701 fratrem
3133 685 3149 712 ,
3175 645 3481 717 Luitgardae
3525 648 3737 703 sororis

2157 730 2216 786 S.
2255 728 2530 801 Udalrici,
2559 746 2614 789 et
2653 734 2840 790 Peiere
2892 735 3110 791 Comitis
3158 735 3326 790 filium
3380 746 3557 792 vocat.
3619 736 3737 793 Sed

2155 821 2407 891 quisnam
2441 822 2529 878 hic
2552 822 2746 878 Pciere
2775 812 3190 879 eomesialtum
3238 833 3386 880 certe
3417 825 3561 881 illius
3589 826 3737 896 apud

2155 926 2346 967 omnes
2374 913 2534 970 istius
2564 916 2821 986 temporis
2844 914 3165 988 genealogus
3184 924 3267 972 est
3289 915 3591 985 silentium.
3620 914 3737 971 No-

2160 1010 2307 1056 tatur
2346 1004 2563 1074 quidem
2615 1005 2668 1060 in
2711 1005 3096 1076 antiquissimo
3154 1017 3399 1079 catalogo
3449 1008 3734 1062 nominum

2155 1096 2498 1166 propriorum
2516 1097 2568 1152 in
2592 1097 2913 1153 Alamannis
2935 1096 3227 1154 Teutonica
3253 1099 3380 1155 olim
3408 1098 3738 1156 usitatorum

2155 1185 2449 1256 (Gonnssr.
2492 1187 2687 1259 Script.
2719 1199 2757 1245 ι.
2785 1189 2852 1255 ll,
2881 1205 2936 1260 p.
2969 1189 3095 1262 105)
3123 1191 3289 1246 etiam
3322 1206 3517 1246 nomen
3569 1189 3734 1258 Pam,

2156 1274 2298 1346 quod
2327 1276 2450 1331 huic
2476 1276 2611 1332 satis
2634 1276 2791 1333 aliine
2815 1286 2918 1344 est,
2949 1278 3144 1334 Latina
3168 1289 3344 1335 tamen
3368 1281 3484 1351 ejus
3512 1293 3746 1335 nomen

2156 1368 2367 1423 elatura
2391 1369 2536 1425 haud
2570 1369 2805 1426 additur.
2835 1370 2938 1427 Vix
2972 1387 3079 1426 non
3112 1372 3465 1444 Peringerum
3509 1386 3602 1428 seu
3636 1373 3743 1429 Pe-

2158 1460 2454 1532 ringerium
2485 1461 2574 1517 hic
2598 1461 2770 1517 latere
2815 1462 3096 1534 suSpicor,
3123 1478 3283 1533 quem
3336 1463 3480 1519 inter
3507 1462 3743 1519 comites

2156 1552 2551 1625 anichgovim,
2579 1569 2700 1625 quae
2723 1555 2954 1610 ducatus
2978 1554 3316 1612 Alemannici
3345 1571 3473 1627 pars
3502 1565 3638 1623 erat,
3668 1572 3737 1615 ex

2156 1642 2361 1697 chartis
2400 1642 2749 1698 traditionum
2806 1645 2865 1699 S.
2916 1644 3052 1700 Galli
3105 1645 3357 1715 producit
3415 1644 3743 1717 licrrgottus

474 1735 761 1791 deficiente
789 1738 970 1809 priore
994 1738 1163 1809 stirpe
1188 1738 1381 1809 partim
1413 1738 1672 1811 dapiferis
1690 1739 1757 1795 de
1771 1736 2052 1811 Walpurg,
2087 1731 2129 1791 Il
2160 1728 2399 1800 (Ceneal-
2449 1730 2748 1804 Habslmrg.
2776 1742 2814 1787 ι-
2844 1733 2908 1805 ΙΙ)
2944 1736 3011 1789 ad
3043 1750 3213 1791 annos
3239 1735 3364 1803 949-.
3394 1736 3497 1791 948
3529 1746 3581 1790 οι
3607 1734 3738 1801 959.

469 1826 666 1905 partim
696 1826 994 1883 Zolleranis
1020 1828 1201 1883 cessit.

544 1915 840 1972 Woiferadi
872 1917 1030 1987 hujus
1060 1919 1292 1975 senioris
1319 1919 1514 1991 conjux
1544 1930 1601 1976 et
1630 1921 1750 1976 avia
1783 1919 2051 1975 llermano

469 2006 524 2061 ni
559 2006 661 2061 fuit
684 2006 909 2075 Bertha,
936 2008 1090 2078 cujus
1134 2010 1248 2080 ipse
1274 2010 1482 2066 obitum
1521 2011 1587 2065 ad
1615 2026 1704 2065 an.
1740 2009 1876 2066 1052
1919 2026 2055 2066 con-

474 2098 672 2171 signat.
720 2097 935 2154 Berthze
981 2109 1234 2172 patruum
1289 2100 1459 2158 fuisse
1511 2101 1904 2174 Reginbaldum
1958 2118 2055 2158 seu

473 2189 869 2262 Reginboldum
896 2232 912 2258 ,
934 2208 990 2264 in
1025 2207 1201 2265 pugna
1231 2202 1418 2249 contra
1463 2193 1713 2265 ngaros
1753 2195 1892 2266 apud
1945 2196 2056 2248 Au-

472 2291 687 2353 gustam
732 2283 973 2347 occisum
1021 2285 1088 2341 ad
1119 2301 1245 2340 ann.
1290 2285 1395 2341 955
1441 2286 1649 2343 scribit.
1706 2286 1932 2342 Matrem
1978 2286 2054 2342 illi

477 2375 665 2432 tribuit
723 2375 781 2432 S.
839 2377 1077 2433 Udalrici
1134 2378 1436 2450 Augustani
1492 2381 1728 2451 episcopi
1786 2395 2052 2446 sororem,

477 2482 639 2537 quam
666 2470 733 2523 ad
758 2485 848 2525 an.
869 2470 965 2526 971
997 2470 1343 2542 Lnitgardam
1371 2473 1638 2544 appellat,
1668 2481 1897 2528 matrem
1924 2488 2058 2544 quo-

477 2574 585 2629 que
620 2560 977 2618 Adalberonis
1008 2564 1276 2620 avunculo
1319 2579 1416 2620 suo
1465 2564 1717 2621 Udalrico
1746 2565 1799 2619 in
1846 2567 2058 2637 episce-

473 2666 606 2727 patu
642 2660 975 2716 successoris
1004 2660 1282 2716 destinati.
1336 2659 1553 2717 Tertius
1583 2659 1700 2729 ejus
1747 2660 1909 2728 tilius,
1962 2660 2056 2732 qui

473 2757 532 2803 et
575 2748 791 2807 Bertbae
835 2762 1011 2823 pater,
1064 2766 1132 2808 ex
1170 2754 1286 2810 Vita
1317 2751 1374 2808 S.
1412 2752 1649 2810 Udalrici
1696 2768 1743 2809 c.
1794 2753 1861 2808 15
1914 2753 2055 2824 apud

474 2839 757 2899 Velserum
789 2846 1019 2912 eruitur,
1048 2845 1397 2919 Manegoldus
1421 2846 1593 2903 frater
1616 2847 1857 2918 prcedicti
1889 2846 2057 2902 Adal-

474 2934 723 2993 heronis.
770 2935 882 2992 Hos
933 2937 1099 3009 igitur
1145 2952 1337 2995 omnes
1365 2938 1674 3010 Luitgardae
1704 2938 1763 2995 S.
1811 2936 2054 2994 Udalrici

476 3028 675 3093 sorori,
704 3029 922 3100 qualem
953 3045 1019 3085 ex
1049 3039 1338 3086 stemmate
1365 3031 1712 3101 genealogico
1738 3031 1878 3102 apud
1901 3046 2052 3088 eum-

2156 1831 2211 1879 et
2233 1823 2419 1879 ultimo
2442 1824 2657 1895 quidem
2684 1826 2803 1881 loco
2826 1842 2930 1881 una
2956 1843 3077 1905 eum
3105 1828 3219 1899 ipso
3242 1828 3375 1885 duce
3399 1827 3734 1889 Bnrchardo,

2157 1916 2247 1986 qui
2272 1917 2459 1972 nescio
2482 1933 2586 1987 qua
2612 1919 2823 1973 ratione
2855 1918 2966 1989 jam
3003 1929 3112 1974 tum
3163 1920 3273 1975 dux
3323 1921 3428 1975 dici
3479 1920 3739 1990 potuerit,

2158 2008 2411 2064 ducatum
2438 2012 2617 2066 adhuc
2641 2013 2706 2066 ad
2748 2028 2837 2067 an.
2878 2013 2981 2068 954
3016 2014 3206 2068 saltem
3241 2022 3459 2069 tenente
3505 2012 3742 2070 Ludolf‘o

2158 2099 2373 2156 Ottonis
2406 2102 2549 2172 regis
2577 2102 2707 2169 ﬁlio,
2736 2104 2838 2158 nisi
2868 2105 2919 2159 id
2943 2104 3010 2159 de
3040 2104 3233 2159 Suevia
3263 2112 3468 2163 tantum
3497 2112 3590 2159 aut
3627 2104 3740 2160 alia

2157 2188 2384 2246 ducatus
2409 2190 2746 2248 Alemannici
2775 2204 2929 2265 parte
2951 2195 3021 2249 sit
3043 2194 3467 2266 intelligcmlum,
3499 2193 3739 2251 maxime

2158 2281 2211 2336 in
2239 2282 2721 2354 Zurichgovia,ubi
2735 2301 2830 2342 ceu
2851 2287 3004 2344 ducis
3024 2289 3234 2344 Burcba
3245 2289 3566 2345 rdiseuioris
3591 2289 3741 2347 filius

2160 2372 2370 2430 titulum
2394 2374 2535 2431 forte
2556 2386 2610 2432 et
2635 2386 2956 2448 potestatem
2984 2396 3086 2435 una
3116 2396 3237 2435 cum
3268 2380 3439 2451 patris
3462 2382 3545 2437 sui
3579 2382 3740 2438 bonis

2156 2463 2411 2519 obtinuit.
2463 2464 2664 2522 Verum
2712 2468 2830 2523 haec
2873 2468 2982 2524 alio
3031 2478 3297 2540 spectant.
3361 2469 3514 2538 Quod
3549 2470 3636 2536 si,
3676 2481 3739 2527 ιιι

2158 2558 2496 2629 conjicimus,
2511 2558 2838 2630 Peringerus
2863 2563 2986 2630 iste,
3009 2562 3378 2635 Zuriehgoviaa
3400 2579 3602 2629 eomes,
3623 2565 3741 2637 pri-

2160 2664 2281 2704 tuus
2306 2647 2612 2721 Luitgardae
2643 2644 2872 2708 maritus
2900 2651 3087 2720 fuerit,
3130 2654 3294 2709 hrcve
3321 2653 3608 2709 admodum
3655 2654 3736 2709 di-

2159 2740 2390 2795 cendum
2436 2750 2521 2797 est
2570 2742 2729 2813 hujus
2771 2758 2896 2798 cum
2941 2743 3258 2800 Burcbardo
3303 2745 3733 2812 matrimonium,

2159 2831 2362 2902 quippe
2389 2846 2455 2887 ex
2480 2832 2640 2888 dictis
2667 2834 2805 2888 intra
2842 2849 3017 2890 annos
3046 2833 3144 2890 951
3179 2844 3233 2890 et
3276 2835 3380 2891 955
3408 2835 3734 2893 subsistens.

2160 2921 2266 2977 Sed
2292 2922 2409 2979 haec
2430 2923 2751 2993 conjecturae
2772 2922 2974 2981 limites
3015 2926 3160 2982 haud
3209 2927 3474 2982 excedant
3506 2946 3520 2982 :
3553 2936 3737 2998 grates

2159 3016 2481 3072 habebimus
2506 3016 2581 3073 illi
2606 3018 2696 3089 qui
2720 3012 2957 3074 certiora
2982 3032 3083 3074 nos
3105 3019 3171 3073 de
3198 3018 3303 3074 isto
3323 3018 3509 3075 Peiore
3535 3020 3732 3075 comite

476 3120 599 3175 dem
635 3099 939 3186 Vels‘erum,
967 3137 1022 3192 ι).
1065 3123 1205 3191 589,
1233 3099 1449 3180 unicam
1482 3099 1695 3191 habuit,
1741 3099 2054 3179 tribuendos
2080 3099 2126 3163 ο
2159 3108 2459 3164 edocuerit.

476 3225 598 3266 esse
623 3221 775 3266 extra
806 3211 1027 3269 dubium
1049 3222 1151 3269 est.

544 3304 616 3359 At
638 3304 809 3374 major
832 3314 915 3362 est
944 3306 997 3360 in
1029 3322 1219 3363 eorum
1251 3318 1403 3380 patre
1430 3323 1524 3365 seu
1554 3308 1863 3377 Luit'garda:
1889 3308 2054 3364 mari-

473 3404 534 3452 to
562 3397 849 3452 Statuendo
875 3396 1180 3454 difﬁcultas.
1206 3401 1441 3457 Vocatur
1470 3402 1721 3472 equidem
1750 3402 1802 3458 in
1834 3398 2054 3458 laudato

473 3495 767 3544 stemmate
790 3487 1083 3561 Luitgarda
1101 3491 1213 3546 haec
1228 3492 1398 3562 prima
1414 3508 1549 3547 uxor
1562 3492 1856 3549 Burchardi
1880 3492 1944 3558 l1,
1960 3507 2055 3549 seu

470 3574 723 3650 junioris,
751 3579 962 3639 Suevia:
989 3583 1105 3639 sive
1130 3572 1463 3640 Alemannia:
1485 3586 1661 3653 ducis,
1687 3586 1779 3657 qui
1802 3566 2067 3642 ducatum

478 3673 548 3729 ab
575 3689 668 3730 an.
698 3673 804 3731 957
839 3690 1007 3745 usque
1056 3676 1120 3731 ad
1168 3692 1259 3731 an.
1293 3675 1398 3732 975
1446 3677 1642 3742 tenuit,
1671 3678 1749 3733 uti
1799 3678 1870 3734 ad
1919 3677 2056 3735 istos

481 3780 657 3821 annos
683 3766 874 3822 scribit
908 3765 1270 3823 Hermannus.
1302 3766 1504 3824 Verum
1534 3769 1666 3824 nulli
1698 3770 1855 3825 dictae
1903 3769 2056 3824 Luit-

478 3858 662 3929 garda:
686 3873 845 3923 exeo
872 3858 968 3914 lilii
994 3859 1228 3931 suscepti
1271 3860 1438 3916 fuisse
1461 3870 1835 3923 memorantur
1857 3862 1911 3919 in
1945 3869 2057 3917 tota

477 3950 602 4008 Vita
630 3949 690 4006 S.
723 3950 985 4017 Udalrici,
1015 3967 1113 4007 nec
1136 3951 1275 4022 apud
1304 3951 1627 4023 Stumpflum
1671 3951 1893 4023 (Chron.
1924 3951 2056 4008 Hel-

473 4050 587 4098 vet.
634 4041 698 4098 L.
740 4056 815 4107 tv.
842 4057 893 4099 c.
933 4042 1046 4114 58).
1099 4043 1325 4100 Crusius
1363 4044 1580 4114 quidem
1633 4045 1848 4115 (Annal.
1900 4042 2057 4101 ὃπου.

474 4148 533 4205 p.
559 4149 622 4199 ιι,
650 4132 688 4187 l.
712 4149 795 4197 ιιι,
818 4150 869 4189 c.
917 4134 1005 4207 11)
1034 4133 1427 4190 Adalberonem
1449 4135 1908 4203 etReginboldum
1935 4149 2059 4190 cum

480 4223 602 4279 aliis
646 4223 962 4282 Burcbardo
1012 4241 1079 4281 ex
1133 4225 1427 4298 Luitgarda
1478 4226 1615 4282 filios
1666 4227 1872 4292 tribuit,
1925 4226 2060 4282 satis

479 4326 662 4371 tamen
693 4318 956 4385 fabulose,
986 4319 1111 4374 dum
1161 4317 1549 4390 Reginboldum
1599 4318 1832 4388 primum
1874 4333 2060 4372 mona-

478 4409 630 4464 sterii
657 4409 717 4465 S.
751 4410 1180 4483 Alne-Angusta:
1200 4428 1295 4465 an.
1325 4410 1465 4466 1012
1493 4411 1741 4465 abbatem
1787 4409 1935 4476 facit,
1965 4410 2057 4480 qui

477 4510 658 4557 tamen
684 4503 794 4573 jam
845 4520 934 4559 an.
975 4503 1083 4559 955
1111 4505 1163 4559 in
1214 4502 1399 4573 przelio
1448 4503 1723 4559 occubuit.
1776 4502 1886 4558 Nec
1928 4502 2059 4558 alibi

477 4591 780 4649 Burcbardi
808 4592 969 4663 hujus
1013 4593 1153 4649 filios
1185 4608 1271 4649 tne
1300 4593 1496 4665 legisse
1544 4592 1767 4649 memini
1790 4608 1803 4622 ·
1833 4592 1944 4648 imo
2000 4592 2055 4646 in

480 4698 623 4739 nova
676 4683 913 4740 editione
975 4685 1155 4756 Operis
1210 4683 1342 4738 l’Art
1395 4683 1461 4739 de
1507 4685 1714 4753 ceri/Ser
1770 4683 1843 4738 les
1907 4684 2055 4738 dates

483 4783 522 4828 t.
554 4774 644 4840 Ill,
684 4763 742 4845 p.
765 4774 854 4841 67,
887 4791 967 4831 an.
1026 4775 1152 4842 975,
1179 4790 1402 4846 prorsus
1444 4774 1563 4830 sine
1612 4773 1851 4830 mascula
1905 4774 2055 4844 prole

479 4867 776 4925 decessisse
799 4868 1074 4936 scribitur,
1100 4870 1176 4924 uti
1198 4877 1255 4924 et
1283 4870 1335 4924 in
1356 4868 1624 4926 Chronico
1658 4862 2054 4924 Petershusano

482 4958 624 5014 infra
655 4960 884 5016 edendo.
938 4959 1073 5017 lluic
1107 4961 1209 5032 ipsi
1257 4959 1602 5025 Burcbardo,
1629 4960 1673 5016 si
1716 4960 2056 5017 Witiebindo

483 5050 794 5109 Corbeicnsi
819 5052 1035 5121 (Annal.
1066 5053 1104 5107 l.
1126 5070 1207 5119 ιιι,
1231 5051 1479 5108 Meibom.
1508 5062 1547 5108 t.
1573 5054 1591 5108 1
1615 5051 1829 5123 Script.,
1850 5068 1905 5124 p.
1930 5052 2056 5124 656)

484 5140 643 5206 fides,
665 5141 776 5212 jam
803 5157 947 5197 anno
971 5143 1162 5199 saltem
1204 5142 1310 5200 955
1336 5153 1580 5213 nupserat
1608 5143 1722 5214 ﬁlia
1748 5144 1932 5215 fratris
1979 5160 2061 5198 re—

484 5237 585 5305 gis,
614 5234 885 5305 lladwigis
914 5234 1152 5301 scilicet,
1183 5235 1422 5292 Heinrici
1454 5228 1696 5293 Bavariaa
1734 5237 1918 5302 ducis,
1944 5235 2059 5290 fra-

1180 5327 1283 5358 ﬁlia

513 5327 583 5358 ιιῖα
631 5328 839 5358 ίὶΙΙΛηῗη
874 5326 892 5358 1
942 5328 1080 5358 ..Ληῖο
1180 5327 1283 5358 “Ha
1370 5344 1529 5358 n‘l'ﬂm
1582 5330 1779 5358 πλαιν-ἲν*
1831 5329 2056 5358 n'tnnnm

2228 3198 2326 3255 llis
2348 3199 2514 3270 igitur
2543 3196 2743 3268 missus,
2774 3209 2969 3256 caetera
2995 3216 3062 3257 ex
3100 3200 3409 3256 Hermanno
3436 3213 3734 3271 prosequa»

2157 3304 2297 3344 mur.
2327 3290 2405 3344 Ex
2449 3291 2623 3347 tribus
2658 3304 2825 3363 supra
2845 3292 3161 3348 memoratis
3200 3291 3507 3363 Luitgardae
3548 3289 3735 3345 liberis

2154 3379 2420 3435 Adalbero
2443 3380 2674 3437 clericus
2707 3389 2764 3437 et
2783 3382 3001 3447 ctelehs,
3024 3395 3125 3437 nec
3160 3379 3294 3436 a'dco
3321 3381 3534 3436 Bertbze
3577 3386 3737 3450 pater

2156 3483 2277 3525 esse
2302 3471 2494 3540 potuit.
2524 3470 2890 3541 Reginbaldus
2911 3470 3026 3542 jam
3071 3487 3158 3526 an.
3203 3469 3309 3525 935
3336 3470 3389 3524 in
3422 3469 3605 3540 pranlio
3635 3483 3731 3523 oc-

2156 3561 2436 3627 cumbens,
2465 3562 2555 3632 qui
2581 3572 2806 3633 patruus
2826 3561 3041 3618 Berthas
3067 3561 3285 3627 dicitur,
3310 3559 3474 3614 alium
3503 3559 3733 3616 fratrem

2157 3655 2358 3710 habere
2391 3654 2599 3722 debuit,
2626 3655 2840 3711 Berthze
2881 3661 3114 3726 patrem.
3171 3651 3325 3710 iluuc
3371 3652 3506 3706 adeo
3550 3648 3735 3706 Mane.

2157 3746 2373 3819 geldum
2403 3762 2593 3802 eorum
2628 3746 2851 3801 fratrem
2877 3744 3046 3801 fuisse
3073 3757 3299 3800 necesse
3321 3752 3422 3798 est.
3457 3740 3736 3814 Frequens

2160 3839 2215 3894 in
2259 3837 2464 3894 familia
2492 3837 2787 3909 Dilingensi
2827 3834 3134 3908 Manegoldi
3187 3849 3380 3892 nomen
3435 3830 3732 3903 Luitgarda

2159 3933 2286 3989 inde
2326 3932 2659 3989 descendens
2704 3930 2827 3987 aliis
2874 3944 3090 4001 quoque
3150 3927 3371 3985 familiis
3412 3941 3510 3997 per
3559 3925 3730 3981 filium

2161 4042 2316 4083 suum
2343 4024 2717 4097 Manegeldutn
2763 4023 3041 4079 induxisse
3080 4021 3314 4084 videtur.
3343 4021 3486 4092 quod
3539 4018 3731 4078 saltem

2161 4122 2214 4178 in
2248 4121 2562 4192 Veringcnsi
2589 4120 2791 4189 passim
2814 4118 3070 4190 deinceps
3098 4116 3361 4171 occurrit.

2231 4215 2308 4272 De
2340 4216 2440 4269 hoc
2482 4213 2595 4284 ipso
2623 4222 2804 4268 autem
2849 4193 3188 4280 Maneéoldo,
3212 4216 3355 4263 utut
3392 4215 3542 4263 certo
3586 4204 3737 4260 Luit.

2160 4304 2341 4377 garda:
2370 4304 2498 4366 filio,
2524 4314 2578 4359 et
2607 4304 2819 4361 Bertba:
2844 4301 2980 4356 avim
3007 4299 3298 4355 Ποῖ-πηιηηί
3331 4307 3484 4369 patre
3504 4338 3519 4361 ,
3544 4310 3734 4367 parum

2163 4393 2432 4455 autnihil
2471 4394 2523 4449 in
2571 4393 2937 4449 monumentis
2979 4391 3233 4447 recurrit.
3285 4389 3631 4460 Manegoldus
3681 4393 3738 4441 ct

2091 4466 2137 4525 ί)
2167 4484 2477 4540 Wolfradus
2527 4483 2670 4539 inter
2715 4482 2947 4538 comites
2976 4488 3332 4537 recensentur
3358 4479 3411 4533 in
3444 4477 3736 4549 diplomate

2163 4580 2376 4638 Ottonis
2405 4580 2547 4651 [pro
2567 4578 2798 4635 ecclesia
2821 4576 3069 4634 Curiensi
3096 4591 3186 4629 an.
3231 4575 3357 4639 972,
3391 4574 3531 4644 apud
3575 4571 3739 4627 llcrrv

2161 4681 2277 4742 gott
2309 4670 2344 4725 l.
2374 4685 2448 4737 c.,
2481 4686 2536 4725 n.
2578 4667 2694 4735 Ml,
2722 4684 2787 4724 ex
2817 4668 3013 4739 quibus
3051 4664 3363 4720 Wolfradus
3399 4662 3556 4718 facile
3604 4676 3737 4716 avus

2160 4762 2475 4829 Hermanni,
2500 4766 2555 4818 et
2580 4760 2927 4833 Manegoldus
2957 4758 3166 4815 Berlhac
3187 4767 3360 4829 pater,
3388 4772 3449 4812 ac
3476 4756 3737 4811 Wolfradt

2159 4855 2416 4926 deinceps
2439 4870 2606 4927 gener
2630 4868 2748 4909 esse
2771 4852 2965 4924 potuit.
2997 4850 3166 4920 Hujus
3192 4867 3353 4921 porro
3369 4893 3384 4918 ,
3416 4860 3475 4905 ut
3503 4851 3737 4916 videtur,

2164 4937 2462 5017 Manegoldi
2512 4944 2830 5000 comitatum
2878 4941 2933 4998 in
2986 4959 3120 5013 pago
3179 4940 3509 5011 Zuricltgewe
3559 4939 3741 5011 prodit

2162 5041 2390 5097 alterum
2418 5038 2658 5112 ejusdem
2679 5029 2891 5095 Ottonis
2912 5036 3143 5107 diploma
3179 5052 3277 5107 pro
3310 5034 3443 5091 cella
3475 5033 3740 5105 Megmra-

2162 5130 2213 5193 di
2238 5151 2329 5191 an.
2353 5134 2459 5191 975
2482 5126 2798 5206 (Ηειιιιεοτέι-
2830 5130 2867 5185 ι.
2917 5149 2990 5195 c.,
3040 5147 3093 5184 η.
3148 5129 3295 5199 145).
3329 5129 3408 5182 Ex
3456 5143 3562 5197 quo
3602 5124 3741 5179 adeo

2162 5226 2398 5297 genitam
2421 5240 2542 5281 esse
2562 5232 2813 5295 putamus
2840 5221 3204 5276 Bertbaman.
3239 5217 3374 5271 1052
3400 5216 3734 5276 defunctam,

2166 5318 2309 5358 haud
2351 5317 2541 5358 utinm!
2596 5320 2931 5358 mmmnanla
2982 5321 3283 5358 lamnarum
3336 5309 3573 5358 ratione:
3618 5321 3739 5358 nua;
