4062 5508
208 366 280 426 25
1116 352 1121 357 ’
1558 342 2105 435 Pnowcousrts.
2700 338 2709 349 ’
3414 374 3495 439 se

215 481 557 554 eoujectatus
587 482 659 540 sit
694 481 1052 554 interpolator
1088 480 1296 543 codicis
1332 485 1621 559 Aegiensis
1671 504 1798 544 διες.
1828 495 1877 555 Α
1904 490 1981 546 sis
2028 490 2081 546 in
2132 487 2340 564 Allgola
2390 491 2709 548 monasterii
2756 491 3029 558 fundator,
3062 499 3118 547 et
3150 489 3321 549 frater
3366 493 3492 562 ejus

214 591 318 639 xiv,
348 575 478 631 dum
514 575 860 648 Luitgardam
895 591 1001 632 una
1035 592 1157 633 cum
1178 574 1305 634 filiis
1330 576 1802 640 Hellenstcihianzc

212 666 429 729 familiae
452 669 851 733 adnumeravit,
886 687 984 726 nos
1032 672 1223 728 saltem
1251 672 1396 730 haud
1437 676 1799 748 asscquimur,

211 761 309 816 nisi
341 760 560 816 illorum
593 777 807 832 quoque
838 772 1041 832 patrem
1066 778 1132 817 ex
1176 765 1364 823 eadem
1412 764 1641 829 familia,
1690 767 1800 823 uti-

210 869 309 923 que
332 855 417 908 his
448 855 786 926 temporibus
810 857 1110 927 posteriore
1132 899 1147 923 ,
1179 859 1346 915 misse
1385 860 1674 930 putaverit.
1707 869 1801 916 aut

211 946 538 1015 postulares
565 947 833 1017 originem
882 962 1037 1005 suam
1079 948 1204 1002 inde
1250 950 1502 1005 traxisse.
1556 949 1613 1005 Id
1670 964 1802 1007 vero

211 1034 511 1107 disquirere
540 1038 774 1097 instituti
808 1041 975 1094 nostri
1010 1040 1155 1094 haud
1181 1050 1284 1095 est.

274 1127 571 1198 ﬂuensque
609 1129 687 1184 de
721 1136 953 1198 paterna
976 1129 1266 1185 llcrmanni
1299 1129 1469 1184 nostrl
1519 1146 1799 1201 prosapia,

209 1232 322 1289 qua
347 1234 412 1274 ex
439 1218 562 1290 ejus
587 1219 860 1280 Chronico
891 1222 1187 1286 habemus,
1219 1220 1623 1280 lllutstravimus.
1660 1222 1805 1278 Talt~

217 1308 453 1367 tumdem
487 1326 620 1366 vero
647 1310 786 1366 lucis
831 1312 953 1366 inde
1000 1312 1143 1367 haud
1192 1312 1507 1383 accipimus,
1536 1323 1596 1367 ut
1633 1329 1804 1382 genus

214 1402 425 1473 quoque
451 1403 569 1472 ejus
599 1413 908 1464 maternum
940 1406 992 1461 in
1033 1406 1274 1478 apricum
1317 1406 1669 1462 deducamus.
1727 1406 1803 1462 De

212 1490 297 1551 illo
325 1493 381 1549 id
410 1510 579 1553 unum
610 1497 794 1557 prodit
820 1497 980 1559 illius.
1016 1498 1141 1553 dum
1170 1496 1236 1552 ad
1278 1512 1367 1551 an.
1398 1498 1535 1557 1009
1571 1510 1800 1555 matrem

209 1600 356 1643 suam
382 1599 547 1644 vocat
576 1588 903 1657 lliltrudem,
934 1590 1117 1645 nescio
1140 1589 1295 1659 cujus
1324 1589 1565 1661 Piligrini
1590 1600 1644 1645 et
1672 1589 1806 1645 Ber-

209 1679 410 1738 thradzn
452 1683 677 1749 tiliam,
728 1700 892 1755 quam
944 1700 1085 1740 anno
1131 1685 1306 1751 1052,
1357 1687 1534 1742 (elatis
1585 1687 1804 1746 circiter

209 1773 549 1843 sexagesimo
600 1775 810 1844 primo,
859 1784 1124 1831 mortuam
1167 1774 1370 1847 plangit
1418 1791 1482 1833 ex
1536 1792 1799 1847 generosa

1902 581 2251 655 Manegoldus
2275 598 2400 639 cum
2445 598 2632 641 sorore
2657 584 2816 639 vidua
2857 584 3224 654 lrmengarde.
3275 584 3342 638 de
3367 585 3487 654 qui-

1901 674 2002 730 bus
2043 674 2347 730 Chronicon
2400 673 2619 730 lsnense
2656 674 2818 745 (apud
2857 674 2918 732 P.
2966 673 3128 730 Hsss.
3180 674 3234 729 in
3285 672 3485 733 Prodr.

1902 764 2141 821 Monum.
2184 765 2443 839 Guclplt.,
2494 782 2547 837 p.
2595 766 2753 839 275).
2804 765 2958 824 Unde
3014 766 3176 822 simul
3227 766 3496 825 discimus

1901 856 2270 915 Wolferadum
2290 859 2352 925 li,
2369 858 2659 915 llermanni
2674 874 2905 932 patrem,
2921 876 3064 915 anno
3075 860 3311 932 primum
3326 857 3492 934 1065,.

1902 965 1936 1002 ν
1964 948 2085 1004 Kal.
2130 949 2301 1021 April.
2329 991 2344 1017 ,
2374 949 2499 1004 fatis
2547 951 2908 1017 concessisse,
2957 949 3203 1021 quamvis
3233 949 3328 1006 alii
3370 948 3497 1021 ejus

1900 1038 2105 1095 obitum
2137 1041 2203 1095 ad
2234 1056 2324 1095 an.
2364 1041 2519 1105 l069,
2546 1058 2579 1094 ν
2611 1041 2730 1098 Kal.
2755 1040 2915 1108 Non,
2939 1040 3211 1098 diﬂ'erant.

1973 1129 2120 1186 inter
2148 1146 2437 1203 germanos
2477 1148 2605 1188 vero
2654 1131 2950 1189 ilcrmauni
3000 1132 3235 1187 maxime
3279 1126 3495 1186 refulsit

1902 1233 2236 1281 memoratus
2254 1220 2366 1293 jam
2390 1222 2754 1294 Mauegoldus,
2778 1221 2870 1294 qui
2894 1224 2946 1278 in
2966 1221 3180 1277 funesto
3201 1221 3496 1277 schismate

1903 1315 2047 1371 inter
2096 1315 2461 1371 sacerdotium
2495 1324 2552 1370 et
2594 1315 2885 1386 imperium
2917 1330 3059 1370 anno
3090 1314 3227 1368 1077
3270 1330 3302 1368 a
3343 1312 3494 1383 regni

1902 1408 2239 1478 principibus
2269 1408 2481 1478 legatus
2511 1406 2581 1463 ad
2629 1407 2955 1481 Gregorium
2988 1408 3076 1463 \‘ll
3108 1422 3303 1481 papam
3351 1405 3497 1462 dite~

1903 1509 2045 1565 ctus,
2078 1499 2242 1555 etiam
2284 1500 2697 1559 Forchcimcnsi
2748 1501 3036 1557 conventui
3070 1499 3348 1565 interfuit,
3378 1514 3495 1552 rna-

1903 1609 2035 1662 gnus
2060 1601 2342 1663 propterea
2375 1603 2584 1648 amator
2611 1595 2837 1649 veritatis
2855 1595 3031 1649 dictus
3057 1593 3227 1648 Paulo
3246 1591 3499 1648 Bernrie-

1904 1685 2056 1740 densi
2095 1685 2147 1739 in
2202 1686 2321 1741 Vita
2373 1686 2621 1757 Gregorii
2672 1686 2782 1754 νη,
2829 1689 2921 1758 qui
2979 1704 3103 1744 cum
3159 1686 3498 1758 amplissimo

1905 1778 2078 1850 elogio
2102 1779 2329 1833 honorat
2355 1781 2481 1850 (ibid
2509 1821 2524 1847 ,
2558 1798 2610 1835 n.
2639 1782 2728 1853 8t)
2760 1792 3010 1852 tanquam
3033 1779 3243 1851 ﬁdelem
3284 1791 3498 1852 aposto-

207 1869 370 1938 stirpe
406 1879 752 1938 prognatam.
780 1868 1066 1924 Bucelimts
1090 1871 1142 1923 in
1172 1869 1472 1941 Menologio
1498 1870 1802 1927 Benedicti-
1833 1854 1879 1926 Β
1904 1868 2021 1924 lica:
2074 1869 2422 1925 institutionis
2462 1883 2768 1926 sectatorem
2819 1884 2867 1928 et
2905 1879 3307 1944 propagatbrem
3332 1886 3351 1926 :
3381 1872 3497 1944 qui,

208 1974 277 2015 no
298 1960 363 2014 ad
395 1962 449 2015 d.
482 1962 551 2016 l9
583 1961 708 2015 Maii
744 1969 1041 2017 maternam
1071 1962 1209 2016 hanc
1231 1962 1537 2033 prosapiam
1565 1978 1594 2016 a
1626 1963 1798 2017 comi.

207 2055 349 2110 tibus
385 2056 453 2109 de
485 2055 795 2110 Thierstcin
853 2055 1072 2126 repetit,
1115 2056 1261 2110 nullo
1308 2065 1504 2118 tamen,
1538 2066 1598 2111 ut
1640 2057 1799 2124 solet,

201 2147 400 2203 asserti
434 2147 519 2203 sui
558 2148 695 2203 vade
717 2148 1009 2219 producto;
1042 2163 1142 2204 nec
1187 2149 1348 2205 etiam
1380 2148 1597 2203 familiae
1643 2149 1803 2218 hujus

205 2240 480 2311 originem
517 2241 585 2296 ad
612 2255 784 2311 usque
804 2240 1057 2296 sarculum
1090 2258 1148 2306 κ,
1172 2257 1279 2313 quo
1318 2250 1443 2297 nata
1472 2251 1557 2297 est
1600 2241 1805 2299 lliltru-

201 2328 314 2395 dis,
349 2327 557 2385 referre
579 2331 899 2401 permittunt
937 2341 1089 2386 eruta
1120 2333 1400 2402 hucusque
1450 2332 1795 2393 documenta.

199 2422 309 2479 Sed
325 2423 381 2477 in
409 2423 928 2494 tantopereincertis
950 2424 1152 2481 diutius
1174 2424 1433 2480 hariolari
1459 2425 1601 2481 haud
1626 2434 1799 2481 vacat.

284 2515 466 2588 Hujus
517 2533 649 2572 vero
708 2517 970 2577 lliltrudis
1021 2534 1146 2574 cum
1213 2516 1530 2575 Wollerado
1584 2519 1804 2591 juniore

198 2610 617 2665 matrimonium
641 2611 780 2666 satis
809 2612 971 2666 fuisse
999 2610 1283 2669 fecundum
1307 2611 1564 2667 discimus
1594 2612 1803 2683 pariter

197 2716 261 2760 es
295 2700 639 2766 Hermanno,
663 2703 756 2774 qui
788 2703 856 2759 ad
895 2702 1143 2760 eumdem
1176 2720 1267 2758 an.
1316 2702 1455 2759 1009
1509 2702 1720 2759 scribit‘
1744 2718 1803 2760 se

197 2803 606 2853 «irritamento
658 2795 966 2865 quindecim
1023 2811 1088 2851 ex
1150 2812 1215 2852 eo
1266 2795 1467 2852 liberos
1515 2794 1801 2868 prodiisse,

197 2902 230 2945 e
248 2888 463 2958 quibus
490 2895 672 2943 tamen
701 2889 816 2958 ipse
842 2889 1059 2944 unicum
1086 2888 1491 2950 Werinharium
1522 2905 1613 2945 an.
1662 2888 1797 2949 £021

204 2999 232 3035 n
269 2991 393 3033 tum
419 2989 472 3034 et
503 2996 595 3039 an.
628 2980 768 3037 1053
798 2982 849 3035 in
878 2981 1165 3036 Palaestina
1201 2991 1328 3037 ante
1384 2998 1441 3037 se
1489 2980 1804 3038 defunctum

202 3083 497 3136 memorat.
531 3072 605 3128 Ex
632 3075 889 3130 omnibus
915 3086 1095 3130 autem
1118 3090 1207 3130 an.
1243 3076 1383 3131 1052
1409 3076 1659 3131 defuncta
1688 3091 1804 3131 ma-

203 3173 281 3224 tre
313 3165 535 3220 nonnisi
560 3176 772 3237 septem
828 3164 994 3222 fuisse
1025 3167 1342 3237 superstites
1370 3166 1567 3221 ibidem
1609 3166 1805 3221 dicun-

1905 1958 2102 2030 in’quit,
2132 1977 2196 2015 ex
2220 1978 2474 2033 generosa
2513 1972 2560 2019 et
2607 1963 2855 2035 religiosa
2900 1964 2968 2021 B.
3024 1962 3263 2019 Udalrici
3311 1967 3496 2036 Augu-

1902 2053 2092 2107 stensis
2122 2054 2352 2124 episcopi
2380 2054 2685 2126 genealogia
2712 2066 3017 2127 procreatus
3042 2097 3057 2121 ,
3088 2067 3136 2110 et
3165 2075 3198 2111 a
3225 2055 3503 2128 sapientis-

1903 2144 2035 2199 sima
2081 2146 2248 2213 fratre
2288 2162 2414 2212 suo,
2470 2145 2775 2203 llermanno
2815 2148 3051 2203 videlicet
3090 2146 3398 2215 Contracta,
3444 2148 3502 2202 in

1905 2234 2050 2289 omni
2095 2234 2423 2290 observantia
2486 2235 2801 2291 Christiana:
2850 2236 3122 2307 religionis
3174 2237 3243 2291 ad
3275 2252 3501 2307 unguem

1904 2325 2226 2397 informatus
2262 2328 2317 2381 in
2354 2336 2559 2382 tantum
2593 2338 2834 2399 projecu,
2876 2338 2931 2382 ut
2960 2336 3081 2383 ante
3116 2328 3275 2398 finem
3320 2343 3501 2390 suum,

1903 2435 2058 2491 quem
2088 2436 2245 2473 senex
2276 2429 2324 2473 et
2356 2420 2542 2490 plenus
2577 2419 2779 2474 dierum
2810 2419 3004 2490 attigit,
3030 2418 3342 2491 quibusdam
3391 2418 3498 2472 rir-

1908 2520 2081 2566 tutum
2110 2512 2275 2582 signis
2321 2511 2598 2581 e/fulserit,
2626 2519 2675 2565 et
2718 2511 3030 2583 propltetite,
3055 2509 3496 2582 quemadmodum

1906 2606 1963 2659 in
1994 2605 2256 2662 occisione
2280 2604 2384 2675 filii
2413 2604 2605 2675 patuit,
2650 2603 2789 2659 dono
2825 2602 3189 2659 venerabiliter
3212 2600 3501 2665 claruerit;

1905 2697 2060 2769 prius
2101 2698 2249 2754 enim
2299 2698 2365 2753 de
2393 2711 2459 2753 eo
2486 2696 2807 2773 scripserat,
2831 2696 2974 2763 quod
3011 2694 3246 2751 filiorum
3277 2707 3500 2749 suorum

1906 2789 2133 2845 alterum
2164 2792 2220 2846 in
2260 2789 2504 2846 caelibatu
2560 2790 2813 2855 occisum,
2859 2789 2967 2842 imo
3016 2788 3177 2858 ipsius
3221 2782 3500 2843 occisionis

1905 2868 2020 2959 ejus
2045 2883 2182 2939 diem
2213 2883 2367 2954 longo
2393 2885 2626 2937 locorum
2656 2880 2932 2936 intervallo
2960 2889 3190 2935 remotus
3224 2894 3321 2951 per
3360 2874 3489 2950 Spi-

1906 2975 2066 3029 ritum
2098 2976 2413 3030 mirabiliter
2436 2974 2742 3045 agnoverit.

1979 3067 2211 3123 Tantum
2234 3069 2301 3124 de
2326 3059 2615 3123 liermanni
2635 3063 2912 3136 parentela
2936 3080 3002 3119 ex
3032 3063 3150 3135 ipso
3177 3061 3495 3134 plerumque

1908 3161 2221 3217 Ilermanno
2243 3162 2487 3234 proloqui
2510 3163 2720 3239 visum;
2744 3173 2939 3218 caetera
2962 3162 3193 3218 lectores
3216 3158 3500 3229 adjiciunt,

206 3265 304 3313 tur.
343 3253 457 3311 Hos
486 3255 626 3312 inter
645 3257 962 3312 recenseudi
991 3267 1119 3312 sunt
1144 3256 1489 3316 Wolferadus
1508 3257 1594 3325 Ill,
1617 3257 1803 3314 lsnon-
1829 3238 1873 3315 β
1906 3267 1958 3311 et
1991 3256 2248 3313 noitnulla
2270 3257 2448 3312 adhuc
2468 3272 2568 3313 nos
2597 3257 2651 3312 in
2674 3238 3032 3328 rsequentibus
3064 3256 3209 3312 notis
3234 3253 3505 3310 dabimus.

213 3395 498 3417 "w—.

761 3493 1787 3611 HERMANNI

3365 3391 3478 3419 -η

1902 3492 2969 3615 αοιπτιωατι

1258 3710 1543 3817 VITA
1604 3724 1824 3815 SEU
1924 3723 2475 3819 ELOGIUM

1144 3912 1185 3969 Δ
1224 3902 1644 3973 BERTIIOLDO
1674 3912 1843 3971 EJUS
1881 3912 2245 3973 DISCIPULO
2283 3915 2601 3974 SCRIPTA.

1323 4074 1501 4148 (Apud
1530 4049 1847 4134 Usscrman.
1881 4074 1970 4133 ubi
1997 4093 2183 4147 supra,
2207 4094 2262 4152 ι).
2288 4076 2435 4149 iis.)

278 4276 657 4342 iicrmannus,
683 4275 778 4347 qul
807 4283 863 4331 et
895 4275 1059 4331 heros
1080 4260 1334 4346 magnus,
1363 4274 1602 4348 religiosi
1636 4279 1805 4333 comi-
1838 4281 1884 4342 D
1912 4297 2035 4335 rum
2065 4289 2123 4336 et
2161 4274 2506 4335 smeulaﬁ'am
2542 4277 2849 4334 litterarum
2893 4279 3088 4351 peritia
3118 4293 3352 4352 magnus
3376 4284 3507 4342 effe-

213 4370 283 4428 tis
308 4370 610 4427 Wolferadi
645 4369 817 4434 ﬁlius,
858 4368 926 4422 ab
978 4369 1199 4424 ineunte
1236 4378 1397 4424 aetate
1446 4369 1501 4424 in
1553 4373 1810 4428 exteriori

213 4459 433 4521 homine
467 4461 726 4533 passione
753 4460 1055 4532 paralytica
1084 4462 1338 4518 omnibus
1359 4462 1620 4518 membris
1639 4463 1813 4518 disso-

214 4549 407 4611 lutorie
430 4561 773 4618 contractus,
820 4552 874 4606 in
923 4553 1166 4610 interiori
1213 4563 1395 4608 autem
1437 4553 1636 4625 ingenii
1674 4570 1809 4609 vena

214 4658 322 4715 pra:
352 4646 571 4707 cunctis
619 4646 703 4701 sui
753 4644 937 4702 saeculi
987 4646 1120 4701 viris
1157 4646 1484 4706 mirabiliter
1534 4646 1807 4711 dilatatus,

215 4737 413 4792 artium
442 4737 690 4792 omnium
732 4736 1120 4808 perplexitates
1162 4747 1566 4808 metrortimque
1600 4737 1812 4793 subtili-

218 4840 356 4887 tates
381 4836 484 4903 per
524 4832 881 4903 semetipsum
911 4847 1009 4887 suo
1043 4847 1205 4888 sensu
1239 4832 1354 4888 fere
1378 4832 1808 4904 comprehendit.

219 4923 386 4980 Tutus
410 4941 634 4995 semper
655 4940 684 4978 a
711 4925 993 4995 primis(3)
1019 4926 1174 4983 annis
1198 4924 1422 4998 [Murat.
1455 4924 1614 4995 hujus
1632 4926 1811 4981 studio

221 5023 273 5068 et
305 5015 436 5071 otiis
482 5025 746 5071 vacanter
773 5017 1024 5078 traditus.
1051 5026 1106 5071 et
1132 5017 1298 5078 vitam
1330 5018 1573 5089 plenaria
1606 5017 1816 5073 divina.

400 5118 587 5199 Natus
602 5128 711 5199 ,εει
754 5114 1115 5199 Hermannus,
1161 5124 1375 5199 seipse
1412 5130 1595 5199 teste.‘
1627 5120 1714 5199 die
1750 5119 1817 5176 18

220 5182 363 5240 Junii
395 5205 492 5240 an.
521 5188 685 5240 1015.
717 5201 762 5216 ’“¹
792 5189 855 5216 "'3
881 5188 1029 5240 “tum.
1057 5205 1122 5240 an
1156 5182 1312 5240 i026-
1346 5191 1645 5240 sentennis.
1675 5191 1817 5240 litte-

1913 4379 2034 4429 ctus
2061 4378 2165 4438 est,
2191 4379 2251 4424 ut
2274 4369 2342 4425 ab
2361 4368 2612 4424 omnibus
2634 4370 2703 4424 ad
2730 4370 3101 4442 magisterium
3123 4381 3179 4428 et
3198 4372 3504 4430 doctrinam

1913 4464 2030 4533 ejus
2078 4462 2315 4533 undique
2357 4460 2756 4532 conﬂuentibus
2796 4465 3015 4535 ,stupori
3061 4475 3119 4523 et
3159 4466 3507 4525 admirationi

1913 4554 2252 4628 haberetur].
2287 4554 2362 4609 Ea
2391 4562 2571 4611 autem
2604 4569 2703 4625 per
2739 4570 2932 4613 omnes
2959 4566 3177 4614 artuum
3216 4572 3508 4631 eotupages

1917 4647 2260 4704 immanitate
2299 4646 2593 4702 dissolutus
2640 4656 2776 4713 erat,
2822 4658 2884 4703 ut
2923 4664 3026 4706 nec
3057 4664 3117 4705 se
3161 4649 3284 4706 loco
3313 4651 3366 4706 in
3400 4666 3510 4721 quo

1915 4741 2220 4812 ponebatur
2268 4738 2472 4811 absque
2510 4737 2734 4810 juvante
2782 4740 3026 4812 quolibet
3072 4742 3407 4811 aliquorsum
3451 4755 3512 4797 se

1919 4846 2158 4897 movere,
2182 4844 2318 4885 neve
2353 4831 2546 4887 saltem
2576 4846 2632 4885 In
2674 4831 2821 4888 aliud
2864 4831 3006 4888 latus
3045 4840 3258 4887 vertere
3289 4840 3512 4900 posset;

1919 4923 2013 4979 sed
2043 4924 2097 4977 in
2126 4922 2256 4978 sella
2286 4924 2533 4993 quadam
2563 4925 2858 4991 gestatoria
2885 4938 2914 4977 a
2946 4924 3197 4979 ministro
3222 4936 3319 4978 suo
3346 4922 3516 4993 depo-

1916 5015 2075 5083 situs,
2112 5015 2199 5069 vix
2224 5018 2491 5073 curvatim
2516 5018 2583 5070 ad
2618 5017 2884 5084 agendum
2915 5013 3142 5084 quilibet
3161 5015 3347 5071 sedere
3366 5025 3518 5086 pote-

1918 5127 2111 5200 s_altem
2151 5131 2418 5185 consentit
2440 5127 2684 5200 scriptor
2716 5126 2973 5200 Chronici
3009 5124 3518 5200 Iielliceusis_(Pez.

1924 5196 2096 5240 Scrim
2163 5200 2319 5240 Δηιιι-
2370 5210 2384 5240 I
2436 5199 2453 5240 I
2508 5213 2560 5240 n-
2587 5198 2716 5240 99,.“
2748 5201 2862 5240 Imm
2889 5198 2956 5240 ml
2987 5213 3189 5240 annum
3221 5196 3522 5240 ωλι-ιώ.
