4062 5508
306 301 375 368 29
1615 294 2152 357 PROLOGOSIENA.

3474 300 3569 362 Sta

306 416 442 468 riosa
470 408 752 483 diligentia
783 406 1011 484 collegit.
1051 409 1211 466 Gesta
1247 425 1460 481 quoque
1488 409 1796 466 Cbuonradi
1827 420 1883 466 et
1913 422 1954 478 Α
1987 422 2093 467 tam
2126 409 2376 467 ineffabili
2405 410 2673 466 desiderio
2706 420 2758 467 et
2794 411 3062 473 dilectioni
3121 412 3335 468 futurus
3374 411 3463 470 ille
3500 424 3559 470 et

304 502 543 569 lleinrici
600 504 988 574 imperatorum
1041 502 1115 574 (9)
1161 503 1520 573 pulcherrime
1571 503 1878 572 descripsit.

300 596 563 651 Libellum
592 597 667 651 ad
709 598 823 652 hzec
865 597 930 652 de
956 606 1077 651 octo
1107 596 1255 652 vitiis
1282 596 1669 667 principalibus
1688 594 1883 664 jucun-

297 688 504 755 dulum,
554 690 784 744 metrica
839 689 1151 744 diversitate
1202 688 1451 759 lyricum,
1501 688 1713 757 poetice
1747 685 1882 741 satis

295 778 621 834 elaboravit.
655 779 713 833 in
743 778 1063 849 horologieis
1088 788 1141 832 ct
1184 777 1403 832 musicis
1434 775 1808 841 instrumentis
1828 782 1884 829 et

294 868 634 931 mechanicis
682 868 820 931 nulli
846 883 949 921 non
988 854 1087 945 par
1121 877 1237 921 erat
1275 867 1677 936 componendis.
1709 865 1764 918 In
1799 864 1881 920 his

293 959 457 1029 igitur
497 970 551 1013 et
603 961 659 1014 in
708 958 1013 1029 hujusmodi
1043 960 1402 1031 perpluribus,
1439 975 1560 1031 quae
1589 958 1877 1014 memorari

294 1066 398 1111 non
431 1051 617 1109 brevis
657 1058 743 1105 est
771 1052 1046 1122 temporis,
1070 1060 1330 1121 quantum
1357 1051 1425 1105 ad
1456 1050 1879 1106 imbecillitatem

294 1158 448 1205 suam
479 1151 627 1201 totus
656 1160 873 1216 semper
897 1145 1185 1200 continuus
1211 1145 1511 1200 studuerat.

363 1233 606 1298 Tandem
640 1252 771 1292 vero
791 1252 913 1291 cum
939 1238 1003 1292 de
1032 1236 1303 1307 ergastulo
1332 1237 1515 1291 mundi
1549 1236 1706 1307 hujus
1730 1234 1881 1290 fasti-

293 1322 446 1378 diose
492 1334 739 1379 sanctam
789 1326 906 1396 ejus
950 1327 1183 1381 animam
1231 1326 1323 1379 Dei
1366 1326 1536 1399 pietas
1569 1326 1879 1396 dignaretur

295 1415 551 1482 liberare,
584 1416 872 1486 pleuritica
910 1431 1158 1489 arreptus
1186 1419 1437 1487 passione
1473 1419 1660 1473 decem
1693 1427 1877 1473 conta-

296 1505 524 1561 beseens
551 1508 671 1563 dies
708 1510 1102 1564 incessabiliter
1135 1510 1248 1564 fere
1280 1519 1335 1563 et
1377 1509 1682 1563 iunnauiter
1729 1500 1877 1561 labo-

298 1600 437 1652 navit
460 1598 648 1653 lethali
682 1600 787 1655 hac
808 1600 1105 1655 iurasione.
1136 1594 1275 1654 Tum
1302 1602 1532 1670 quadam
1556 1600 1640 1653 die
1666 1614 1877 1653 summo

296 1705 477 1757 mane,
513 1709 660 1759 cum,
702 1695 967 1748 matutina
1009 1694 1196 1764 synaxi
1239 1693 1531 1755 celebrata,
1562 1708 1682 1762 ego,
1715 1707 1874 1761 quem

294 1785 513 1854 quidem
546 1787 870 1841 familiarem
904 1803 1011 1857 prae
1040 1787 1251 1842 caeteris
1294 1786 1548 1851 habebat,
1582 1789 1646 1839 ad
1681 1787 1877 1841 lectum

294 1877 611 1945 aagrotautis
637 1879 1008 1943 accessissem,
1038 1886 1112 1941 et,
1143 1892 1211 1931 an
1240 1892 1298 1932 se
1331 1868 1718 1948 aliquantulum
1762 1893 1878 1931 me-

294 1961 397 2028 lius
418 1964 697 2030 habuerit,
729 1968 798 2021 ab
836 1982 902 2021 eo
929 1967 1290 2037 inquisissem,
1325 1969 1598 2038 respondit
1630 1986 1643 2021 :
1682 1988 1701 2019 ‹
1736 1968 1874 2034 Noli,

290 2062 537 2133 inquam,
568 2066 635 2120 de
683 2065 807 2131 hoc,
854 2066 960 2120 noli
1004 2081 1092 2120 me
1136 2065 1492 2136 interrogare,
1534 2066 1665 2135 quin
1700 2067 1878 2136 potius

290 2151 396 2207 hoc
421 2153 570 2224 quod
597 2154 731 2218 tibi,
764 2155 817 2208 in
847 2170 953 2224 quo
984 2170 1089 2208 non
1117 2170 1304 2225 parum
1338 2154 1570 2222 conﬁdo,
1603 2170 1873 2224 enarrem,

290 2241 585 2312 diligenter
613 2244 852 2298 attende.
885 2243 1084 2298 Mutiar
1110 2244 1295 2314 procul
1326 2244 1488 2298 dubio
1524 2245 1575 2298 in
1609 2244 1791 2307 brevi,
1824 2254 1879 2298 et

290 2347 396 2397 non
418 2334 625 2400 vivam,
648 2350 749 2390 nec
774 2335 1237 2402 reeonvalescam;
1269 2336 1494 2406 ideoque
1520 2336 1612 2390 tibi
1637 2337 1878 2407 meisque

288 2427 544 2483 omnibus
572 2429 736 2483 unice
787 2429 950 2483 nimis
997 2430 1318 2484 commendo
1359 2431 1715 2500 peccatricem
1758 2432 1877 2484 aui-

289 2531 438 2570 mam
491 2531 694 2572 meam.
752 2517 859 2573 Per
909 2527 1073 2574 totam
1129 2520 1327 2590 quippe
1377 2530 1587 2575 noctem
1643 2522 1779 2575 hanc
1822 2522 1874 2575 in

287 2607 495 2662 exstasi
526 2610 759 2676 quadam
809 2618 994 2678 raptus
1041 2599 1287 2674 fueram,
1315 2621 1367 2665 et
1410 2611 1628 2665 videbar
1660 2612 1876 2668 mihiea

286 2699 554 2754 memoria
590 2711 646 2754 et
672 2700 935 2767 scientia,
967 2717 1071 2769 qua
1096 2703 1397 2756 orationem
1432 2703 1668 2757 solemus
1700 2704 1877 2758 Domi-

286 2791 497 2853 nieam,
558 2790 905 2846 Hortensium
951 2792 1109 2846 Tullii
1162 2792 1439 2848 Ciceronis
1487 2794 1777 2850 lectitando
1822 2806 1878 2852 et

285 2895 413 2935 mox
437 2880 796 2938 releetitando
815 2883 1100 2955 vigilanter
1119 2885 1503 2953 pereursitare,
1517 2894 1572 2940 et
1593 2898 1876 2940 remanen-

287 2971 362 3026 tis
389 2972 572 3028 adhue
596 2989 815 3030 sensum
840 2983 897 3029 et
923 2975 1246 3044 scripturam
1278 2975 1536 3039 materiae,
1563 2991 1725 3044 quam
1752 2990 1875 3045 pro-

283 3064 443 3131 posui
486 3064 556 3119 de
583 3064 726 3120 vitiis
752 3064 1064 3120 dictandam
1099 3066 1251 3135 quasi
1285 3065 1397 3136 jam
1443 3067 1897 3136 perscripserim,.

284 3155 544 3209 similiter
564 3155 826 3222 lectitare,
858 3164 916 3211 et
944 3157 994 3211 id
1012 3172 1182 3226 genus
1210 3156 1395 3211 multa.
1426 3157 1591 3227 Cujus
1618 3158 1869 3213 nimirum

286 3245 551 3302 instinctu
590 3257 644 3303 et
685 3249 909 3303 hortatu
952 3249 1198 3304 lectionis
1236 3258 1387 3304 tanto
1426 3250 1555 3304 mihi
1601 3260 1743 3304 totus
1784 3251 1872 3305 hic

285 3351 533 3404 pnesens
582 3340 810 3395 mundus
854 3356 977 3395 cum
1030 3342 1144 3396 suis
1188 3342 1460 3406 omnibus,
1504 3351 1559 3396 et
1604 3343 1715 3412 ipsa
1759 3346 1871 3399 haec

287 3427 396 3487 vita
421 3429 669 3486 mortalis
686 3431 1019 3502 contemptui
1050 3440 1103 3486 et
1134 3431 1292 3487 taedio
1319 3441 1424 3497 est,
1454 3440 1506 3487 et
1535 3447 1564 3486 e
1600 3436 1872 3488 contrario

357 3632 435 3702 (9)
467 3633 617 3687 idem
662 3641 891 3705 testatur
932 3633 1243 3705 Anonymns
1292 3630 1613 3705 Mellicepsis
1654 3641 1706 3685 et
1748 3631 1872 3687 Otto

287 3704 718 3771 Prisingeusisin
749 3704 1042 3769 Chronico,
1070 3701 1107 3758 l'.
1135 3719 1186 3756 vn
1206 3745 1220 3768 ,
1247 3718 1298 3756 c.
1333 3702 1441 3758 ὅδε
1475 3701 1733 3756 therum
1763 3715 1872 3758 tam

286 3775 397 3844 ejus
428 3772 674 3845 (Henriei
708 3775 794 3843 Ill)
828 3776 1186 3845 quamﬂpnlris
1222 3774 1306 3827 sui
1347 3774 1598 3845 (conradi
1633 3772 1695 3843 ΙΙ)
1723 3786 1871 3845 actus

284 3842 331 3907 et
363 3842 579 3898 rirtutes
617 3842 948 3908 Uermun‘nus
985 3842 1293 3904 Contractus
1333 3847 1384 3897 in
1426 3843 1596 3897 libello
1623 3842 1869 3913 quodam,

283 3931 433 3984 quem
483 3915 587 3984 ipsi
635 3914 931 3978 destinarit,
976 3914 1264 3979 luculenter
1308 3916 1435 3967 satis
1485 3914 1749 3969 disseruit.
1792 3915 1870 3968 Ex

284 4002 390 4054 quo
443 3993 662 4054 sumpta
712 3994 837 4040 sunt
877 3999 997 4051 quae
1052 3984 1193 4038 idem
1238 3984 1384 4055 Otto,
1434 3984 1473 4036 Ι.
1517 4001 1587 4045 c.,
1618 4000 1742 4055 cap.
1778 3985 1870 4048 32,

288 4053 449 4109 habet
484 4073 498 4108 :
540 4053 678 4108 uttde
718 4066 791 4109 est
835 4055 924 4108 ille
968 4055 1236 4124 rltythums
1276 4053 1568 4109 Hermanni
1601 4053 1872 4109 Contracti

284 4129 346 4206 de
369 4125 603 4206 profata
638 4126 900 4206 trimanio
926 4124 1161 4206 (licurici
1186 4124 1249 4178 Ill
1276 4124 1867 4206 contra-pugarosiqui

283 4198 356 4247 sic
392 4195 578 4262 incipit
609 4209 627 4245 :
662 4195 771 4250 Vox
821 4195 941 4249 haec
977 4195 1141 4249 melos
1191 4204 1409 4264 pangat.
1464 4195 1675 4250 Utinam
1722 4195 1864 4249 illum

288 4267 581 4335 aliquando
608 4266 660 4319 in
690 4268 805 4319 suis
837 4265 1054 4319 scriniis
1080 4266 1365 4334 diligenter
1390 4266 1742 4335 pcrqnisitum
1771 4282 1866 4333 pro

286 4336 530 4390 historia:
578 4336 765 4405 patrne
811 4336 952 4389 bono
1002 4336 1212 4405 publica
1266 4335 1385 4389 luce
1431 4337 1658 4390 donaret
1696 4337 1868 4392 soleis

286 4406 504 4461 ﬂuidam
540 4405 999 4461 bibliothecarius.
1711 4415 1715 4419 '

1984 518 2089 557 non
2114 502 2462 558 transitorios
2490 504 2739 569 nunnlus,
2770 513 2824 558 et
2852 513 3063 559 a-terna.
3087 505 3172 559 illa
3198 517 3252 560 et
3280 506 3562 562 immorta—

1982 590 2048 645 lis
2078 592 2206 656 vita,
2236 603 2294 645 ut
2336 593 2489 662 quasi
2534 592 2688 646 nihili
2727 602 2781 646 et
2818 593 2978 646 inane
3020 603 3215 650 cuncta
3248 595 3563 653 transitoria

1985 680 2099 735 inec
2152 682 2371 736 omnino
2430 691 2761 750 rcputcntur,
2796 692 2850 737 et
2887 681 3345 755 ﬂoccipendantur
3383 700 3415 739 a
3448 700 3556 743 me.

1984 770 2165 833 Taedet
2202 772 2422 841 quidem
2446 787 2531 825 me
2555 773 2753 827 virere.
2786 792 2806 826 ι

2052 863 2163 935 Ego
2195 872 2374 919 autem
2405 864 2627 919 visionis
2661 863 2823 934 hujus
2850 874 2904 919 et
2932 865 3200 921 sermonis
3231 882 3337 920 non
3366 881 3570 938 parum

1980 954 2314 1024 stupefactus
2339 954 2585 1021 oraculo,
2614 964 2670 1009 et
2712 965 2781 1030 ut-
2814 970 2913 1029 pro
2960 957 3095 1021 tanti
3127 958 3287 1011 amici
3337 957 3571 1030 talisque

1980 1048 2222 1119 magistri
2266 1046 2519 1102 abscessu
2552 1055 2893 1119 oportuerat,
2918 1054 3065 1105 totus
3092 1051 3268 1107 tluens
3297 1052 3351 1107 in
3394 1051 3567 1126 lacry:

1982 1140 2085 1201 mis
2105 1151 2157 1195 et
2184 1149 2486 1197 commotus
2516 1139 2718 1223 ejulatu
2748 1152 2955 1197 memet
2975 1144 3109 1207 satis
3139 1145 3458 1201 indecenter
3484 1148 3579 1213 vix

1980 1230 2239 1285 continui.
2288 1229 2407 1285 Mox
2450 1229 2540 1287 ille
2583 1231 2662 1287 sic
2709 1248 2797 1286 me
2824 1234 2981 1304 quasi
3027 1235 3255 1290 zelando
3286 1237 3577 1307 corripuit,

1980 1338 2139 1392 quam
2167 1323 2383 1393 stupido
2408 1324 2461 1376 iu
2490 1338 2576 1377 me
2600 1323 2883 1392 obliquaus
2913 1327 3303 1383 tremebundus
3328 1329 3522 1384 intuitu
3550 1346 3575 1389 εκ

1986 1430 2003 1462 ι
2034 1411 2174 1478 Noli,
2203 1414 2382 1468 anime
2415 1414 2506 1477 mi,
2534 1414 2642 1467 noli
2667 1430 2832 1484 super
2861 1432 2948 1470 me
2973 1416 3206 1486 plorare.
3234 1420 3362 1488 quin
3391 1421 3575 1490 potius.

1980 1505 2111 1558 mihi
2161 1504 2500 1574 tripudiando
2540 1506 2941 1574 congratulare.
2990 1509 3214 1580 Accipe,
3243 1526 3459 1583 quaiso,
3488 1521 3568 1564 ta-

1979 1594 2132 1649 bulas
2164 1610 2328 1659 meas,
2359 1603 2415 1647 et
2445 1609 2784 1665 qutrcunqno
2821 1596 3000 1653 adhuc
3040 1600 3327 1654 set-ibenda
3360 1608 3571 1655 restant

1979 1685 2033 1739 in
2060 1684 2158 1752 eis,
2202 1686 2464 1755 imprimis
2504 1694 2557 1739 tu
2589 1687 2876 1757 diligenter
2899 1680 3149 1755 emenda,
3178 1690 3398 1746 demum
3430 1693 3575 1746 seria.

1913 1771 1951 1829 Β
1981 1785 2070 1844 pta
2113 1777 2211 1841 eis,
2250 1777 2339 1847 qui
2386 1793 2451 1833 ea
2497 1778 2803 1846 dignentur,
2833 1784 3171 1837 commenda.
3217 1783 3335 1854 Ipse
3378 1793 3563 1840 autem

1983 1878 2088 1923 tete
2121 1869 2358 1939 quotidie
2381 1871 2629 1942 cogitans
2652 1873 2998 1941 moriturum,
3025 1890 3272 1947 przepara
3320 1886 3375 1931 te
3416 1891 3560 1932 sem-

1977 1978 2074 2033 per
2099 1972 2208 2016 toto
2230 1963 2350 2017 nisu
2376 1972 2431 2017 et
2457 1964 2716 2023 inedi-tatu
2742 1965 2795 2019 in
2825 1966 3058 2036 idipsum
3084 1969 3206 2034 iter,
3229 1968 3355 2038 quia
3384 1969 3571 2023 neseis-

1977 2050 2220 2123 qtnolibet
2249 2054 2335 2107 die
2366 2054 2446 2106 vel
2486 2054 2615 2108 hora
2653 2070 2739 2109 me
2776 2069 2926 2110 tuum
2959 2058 3345 2121 amicissimum
3375 2072 3569 2127 prose:

1977 2144 2178 2215 queris.
2215 2164 2234 2196 ι
2270 2144 2336 2198 Et
2365 2145 2418 2198 in
2450 2145 2563 2201 bene
2596 2148 2763 2202 verba
2789 2150 3043 2204 cessavit.

2032 2235 2253 2291 Dehine
2282 2235 2335 2290 in
2379 2236 2516 2303 dies,
2543 2246 2605 2291 ut
2648 2238 2730 2304 ﬁt,
2759 2239 3018 2309 languore
3052 2256 3267 2313 semper
3312 2241 3560 2312 ingrave-

1977 2337 2181 2393 scente,
2211 2330 2385 2384 ebeul
2431 2331 2498 2385 ad
2540 2341 2785 2387 extrema
2834 2334 3122 2402 perductus
3150 2319 3252 2389 εει.
3305 2334 3369 2388 Et
3416 2342 3569 2392 totus.

1970 2423 2082 2494 jam
2121 2423 2344 2493 jainque
2374 2423 2440 2477 ad
2469 2424 2714 2479 cmlestia
2743 2441 3057 2496 SllSpt‘ﬂSllS,
3105 2436 3224 2496 post
3258 2426 3560 2481 confessio:

1976 2531 2098 2571 nem
2128 2525 2473 2584 peccatorum
2503 2532 2566 2570 ex
2602 2526 2714 2573 toto
2737 2520 2900 2571 corde
2926 2516 3287 2589 purissituam,
3318 2527 3371 2571 et
3408 2532 3561 2572 coma

1976 2608 2306 2662 munieatam
2343 2608 2690 2675 devotissime
2717 2608 2919 2664 Christi
2949 2610 3352 2675 eucharistiam,
3387 2610 3563 2679 pluri~

1975 2700 2097 2764 bus,
2138 2700 2229 2769 qui
2273 2700 2340 2753 ad
2383 2716 2506 2754 eum
2536 2700 2860 2756 risitaudum
2885 2701 3247 2768 conﬂuebant,
3279 2702 3560 2767 fratribus,

1975 2791 2165 2845 amicis
2188 2799 2241 2844 et
2281 2789 2639 2853 familiaribus
2671 2792 2722 2845 in
2750 2808 2914 2847 unum
2946 2793 3317 2863 psallentibus,
3353 2793 3564 2848 oranti-

1976 2881 2076 2934 bus
2106 2889 2160 2934 ct
2189 2878 2566 2944 eonilentibus,
2599 2880 2766 2948 felici,
2795 2884 2939 2952 quod
2982 2883 3156 2938 solum
3191 2897 3409 2954 semper
3450 2897 3562 2953 prce

1975 2971 2225 3026 omnibus
2257 2970 2559 3039 exoptavit,
2593 2973 3064 3027 consummatione
3093 2972 3218 3028 felix
3251 2972 3339 3026 ille
3373 2983 3427 3026 et
3470 2972 3558 3025 in-

1977 3065 2357 3134 eomparabilis
2378 3066 2537 3120 homo
2559 3066 2650 3120 Dei
2680 3082 2768 3121 rm
2793 3066 2910 3122 Kal.
2927 3067 3175 3123 Octobris
3196 3068 3304 3139 (10)
3327 3067 3559 3122 feliciter

1976 3159 2196 3213 omnino
2229 3158 2555 3228 exspiravit,
2602 3167 2656 3214 et
2698 3161 2812 3215 suis
2855 3162 3105 3216 omnibus
3154 3160 3427 3236 planctum
3474 3176 3553 3214 re-

1972 3248 2222 3318 linquens
2262 3265 2368 3304 non
2413 3249 2683 3307 modicum
2730 3251 2785 3306 in
2824 3252 3027 3323 prmdio
3069 3267 3169 3307 suo
3209 3252 3349 3321 apud
3388 3251 3560 3305 Alles-

1975 3341 2147 3395 husatt
2178 3340 2287 3411 (ll)
2315 3341 2557 3396 otIiciose
2591 3341 3029 3398 lamentabilibus
3067 3343 3342 3413 exsequiis
3380 3351 3560 3397 tumu—

1978 3432 2117 3489 latus
2145 3435 2195 3487 in
2228 3450 2358 3511 pace
2388 3435 2672 3504 requievit.

1981 3650 2102 3701 cum
2136 3632 2477 3689 llermanuus
2508 3635 2719 3690 nonnisi
2764 3633 2825 3689 41
2874 3650 3045 3691 annos
3083 3647 3241 3690 natus
3276 3634 3466 3690 obierit
3507 3637 3560 3691 in

1979 3721 2077 3759 suo
2116 3706 2370 3772 Augiensi
2410 3706 2680 3777 cmnobio,
2713 3708 2833 3761 dein
2875 3709 3137 3777 majorum
3183 3722 3401 3760 suorum
3451 3723 3564 3761 mo-

1981 3786 2239 3830 numento
2282 3777 2331 3829 iu
2380 3775 2732 3831 Alleshausen
2779 3775 2980 3832 illatus.
3022 3780 3288 3832 (lictorum
3331 3777 3562 3847 Augiew

1980 3862 2091 3901 sem
2151 3847 2440 3899 llcrmanui
2506 3850 2888 3900 mouachatum
2951 3863 3139 3901 contra
3199 3847 3560 3901 'l'rithemium

1978 3918 2194 3986 egregie
2238 3917 2525 3969 vindicavit
2564 3916 2799 3971 Joannes
2839 3917 2948 3987 Ego
2986 3915 3123 3972 libro
3168 3917 3243 3971 De
3279 3918 3562 3987 virisiliu-

1976 3987 2179 4039 stribus
2223 3987 2604 4057 Augiensibus,
2654 4002 2773 4054 cap.
2823 3986 2912 4051 28,
2958 3990 3095 4056 apud
3137 3988 3352 4046 l’ezium
3393 3986 3557 4041 Thes.

1974 4059 2262 4129 Aneed._t.
2302 4060 2342 4121 Ι,
2382 4073 2434 4126 p.
2472 4072 2554 4121 ιιι,
2591 4074 2645 4127 p.
2685 4058 2811 4123 (383,
2845 4060 2931 4113 ubi
2973 4059 3124 4129 plum
3156 4060 3223 4113 de
3249 4059 3366 4127 ejus
3394 4057 3563 4115 Chro-

1973 4128 2094 4182 nico
2128 4126 2454 4195 referuntur.
2594 4126 2605 4127 ί
2973 4126 2989 4129 Ὗ
3036 4176 3039 4181 ,

2047 4196 2157 4269 (ll)
2202 4198 2389 4269 Villam
2436 4197 2721 4255 Alcshnsiu
2771 4200 3011 4253 nominat
3058 4199 3171 4269 ipse
3220 4197 3559 4269 Hermannus

1976 4268 2041 4321 a'l
2077 4268 2165 4321 au.
2202 4268 2357 4333 1052,
2392 4279 2617 4322 matrem
2649 4285 2801 4323 suam
2838 4271 2906 4322 ibi
2939 4271 3034 4322 sub
3059 4268 3257 4338 capella
3288 4270 3350 4324 S.
3382 4268 3554 4323 Uda!-

1977 4338 2072 4391 rirt'
2105 4357 2133 4391 a
2155 4355 2208 4391 se
2233 4349 2528 4392 constructa
2556 4340 2607 4391 in
2645 4354 2880 4408 sepulcro
2912 4343 3050 4410 quod
3075 4341 3187 4410 ipsa
3227 4341 3325 4395 sibi
3352 4356 3560 4409 prama-

1978 4419 2201 4467 raverat,
2232 4410 2503 4463 couditam
2536 4411 2796 4464 scribens.
2827 4411 2925 4477 Qui
2961 4412 3094 4466 adeo
3125 4411 3274 4466 locus
3303 4411 3437 4478 ejus,
3478 4410 3556 4464 uti

356 4476 470 4547 (10)
515 4475 637 4549 Dios
660 4479 775 4531 haec
797 4486 881 4539 est
916 4475 985 4529 24
1022 4475 1375 4549 Septembris,
1412 4490 1513 4549 qua
1556 4476 1872 4549 memoriam
1906 4474 1950 4531 Ι)
1981 4479 2065 4532 hic
2093 4478 2408 4543 Ilct'manui,
2452 4480 2709 4549 praedium
2756 4474 2876 4544 fuit,
2916 4482 3057 4536 haud
3100 4482 3259 4536 dubie
3292 4474 3343 4535 ni
3373 4474 3561 4536 verin-

289 4529 583 4627 llte‘rmauni
609 4529 1631 4627 inter-sanctos-prthtermissoslicium
1658 4529 1871 4627 [Bollan-

291 4617 450 4693 diani,
502 4616 579 4693 uti
623 4628 678 4671 et
706 4618 800 4693 die
833 4615 1074 4693 l9_._lulii,
1127 4634 1221 4671 seu
1257 4618 1525 4693 postridie
1570 4618 1889 4693 nativitatis

291 4684 418 4753 ejus,
456 4688 523 4741 ad
554 4703 718 4757 quam
762 4686 1051 4743 Bucelinus
1088 4704 1210 4742 eum
1257 4684 1308 4740 in
1354 4687 1652 4758 Meuologio
1694 4688 1863 4743 Bene-

295 4758 486 4829 dictino
526 4773 650 4813 cum
686 4758 824 4829 beati
855 4758 1006 4829 titulo
1044 4759 1355 4829 consignat,
1393 4759 1640 4827 quamvis
1679 4758 1866 4829 nullibi

297 4827 557 4899 hucusque
603 4828 1034 4899 ecclesiasticum
1075 4827 1278 4883 cultum
1320 4828 1635 4883 obtinuerit.
1680 4828 1875 4899 Emoro

297 4898 481 4961 tnalem
506 4915 720 4954 annum
756 4898 1060 4970 lOSihaud
1101 4899 1367 4970 expressit
1403 4900 1651 4970 scriptor,
1691 4898 1744 4953 id
1775 4900 1867 4951 ad-

291 4981 488 5025 notasse
517 4978 842 5034 contentus,
878 4968 1020 5021 illum
1052 4968 1357 5023 Chronicon
1389 4970 1455 5031 ad
1486 4968 1688 5022 annum
1722 4983 1867 5027 mor-

289 5039 345 5096 tis
383 5057 491 5098 sua:
531 5039 1066 5115 perduxisSeLquotl
1093 5056 1160 5093 ex
1193 5040 1350 5115 dietis
1388 5041 1438 5094 iu
1484 5038 1869 5115 Dissertatione

282 5126 356 5166 an.
402 5107 546 5171 1054'
591 5110 834 5167 indicat.
883 5107 1033 5176 Quod
1082 5124 1209 5164 vero
1257 5111 1323 5162 ad
1369 5127 1457 5165 an.
1504 5110 1639 5163 1045
1683 5107 1872 5163 scribit

280 5181 592 5224 Trin-nmina
651 5179 862 5224 {Annal
916 5182 963 5224 ι-
1009 5179 1043 5224 1,
1086 5196 1134 5224 n.
1181 5180 1302 5224 {RH
1336 5200 1348 5211 -
1399 5182 1543 5224 Amm
1580 5190 1870 5224 nrn'nnmm

1975 4549 2124 4622 gensi
2146 4552 2415 4622 comitatu
2460 4550 2613 4602 situs.
2648 4552 2798 4622 Quod
2842 4554 2984 4605 side
3028 4554 3264 4622 antiquis
3295 4551 3549 4606 latissimi
3603 4570 3608 4574 ·

1975 4618 2100 4673 olim
2144 4619 2302 4685 hujus
2338 4622 2626 4677 comitatus
2658 4621 2919 4676 limitibus
2947 4632 3096 4677 certo
3137 4618 3443 4684 constaret,
3482 4622 3551 4675 tle

1974 4690 2130 4756 hujus
2157 4706 2374 4763 quoque
2412 4690 2514 4763 luci
2559 4691 2666 4744 situ
2699 4694 2973 4763 ambigere
3010 4693 3153 4748 haud
3186 4693 3392 4747 liceret.
3423 4692 3554 4763 Duae

1975 4776 2207 4829 namque
2229 4760 2467 4827 ejusdem
2495 4762 2605 4814 fere
2628 4760 3020 4817 iu'nninis'villte
3052 4764 3103 4817 in
3131 4765 3316 4816 eodem
3344 4762 3556 4814 Sueriaa

1977 4839 2149 4885 tractu
2194 4842 2505 4896 ozcurrunl,
2538 4848 2639 4884 una
2671 4832 3001 4889 Alschauseu
3045 4848 3139 4886 seu
3187 4833 3554 4887 Altznhausen

1974 4916 2117 4954 nunc
2158 4900 2332 4961 dicta,
2381 4905 2535 4956 sedes
2578 4912 2661 4955 est
2711 4903 3163 4957 commendatnris
3208 4903 3558 4969 provincialis

1975 4969 2213 5042 Ballivite
2238 4970 2457 5026 Alsatiae
2487 4981 2542 5026 ct
2567 4971 2909 5042 Burgundim,
2942 4989 3063 5042 qua:
3091 4988 3178 5026 an.
3214 4973 3350 5027 1264
3379 4974 3560 5029 ordini

1977 5040 2274 5115 Teutonico
2305 5043 2500 5115 cessit,
2545 5057 2607 5115 ac
2640 5040 2816 5115 lacinn
2848 5040 3191 5115 Bodamieum
3229 5046 3451 5115 propius
3486 5060 3565 5098 re-

1977 5115 2157 5182 spicit,
2188 5112 2239 5164 in
2272 5113 2434 5166 rurali
2461 5111 2701 5183 capitulo
2732 5114 3072 5183 Sulgavieusi
3105 5111 3445 5170 sitaiAliera
3479 5123 3563 5169 est

1982 5181 2305 5224 Arlnclmneon
2356 5198 2519 5224 m-nm-
2571 5181 2747 5224 larum
2804 5181 3130 5224 Dlumnrinm
3179 5200 3271 5224 om:
3325 5185 3565 5224 Itin-Inui-
