4062 5508
261 421 332 475 55
565 423 568 426 ’
1177 417 1631 474 NSSERTATlO
1670 417 1759 472 DE
1795 410 2154 471 IIERMANNI
2194 411 2567 470 CllltONICO.
3442 413 3512 471 δι

259 537 659 606 chronographi
695 546 898 608 patres,
921 534 963 590 si
989 535 1109 606 quis
1136 535 1295 602 alius,
1328 535 1671 591 IIermannus
1698 549 1832 606 prie-
1860 539 1908 596 Α
1937 529 2127 596 fuisse,
2154 529 2400 600 quamvis
2429 542 2730 599 perperam,
2763 527 3014 582 asseruit.
3073 526 3126 583 Id
3168 543 3311 599 vero
3334 530 3514 604 singu-

260 628 445 697 primis
474 629 756 682 sustinuit.
785 627 981 683 Verum
1023 628 1089 682 de
1144 626 1228 681 his
1275 626 1363 681 alii
1417 626 1696 696 judicent;
1745 639 1843 680 no-

256 728 432 773 strum
458 719 677 773 interim
709 727 794 774 est
823 729 880 772 nt
919 719 985 773 de
1012 717 1267 773 Chronici
1301 717 1459 787 hujus
1485 717 1842 784 editionibus,

258 827 392 866 mss.
423 811 721 877 codicibus,
779 827 842 866 ac
889 819 1087 865 nostra:
1137 808 1294 879 hujus
1347 808 1598 865 editionis
1634 809 1844 866 ratione

255 919 431 975 pauca
459 905 663 975 prrevie
687 894 1050 966 disseramus.

491 997 523 1069 ᾗ
561 998 604 1052 1.
626 1028 698 1038 -
720 997 989 1051 Editiones
1017 990 1265 1050 Chronici
1292 992 1607 1049 Hermanm'.

331 1087 375 1142 Ι.
427 1086 859 1143 Celebratissimi
928 1085 1090 1155 hujus
1155 1085 1538 1140 Ilermanniani
1587 1081 1844 1140 Chronic!

253 1176 446 1250 plures
485 1179 766 1246 hucusque
801 1177 1117 1246 prodierunt
1158 1177 1443 1240 editiones,
1487 1176 1619 1230 adeo
1663 1185 1844 1229 tamen

259 1270 407 1325 inter
441 1285 501 1324 se
529 1270 791 1331 diversae,
823 1266 1154 1337 interpolatae
1181 1276 1584 1332 aut'truncatm,
1616 1275 1671 1321 ut
1701 1281 1846 1336 quaa-

255 1377 389 1415 nam
432 1361 646 1415 illarum
675 1360 966 1424 genuinum
998 1357 1288 1413 Hermanni
1319 1367 1531 1427 partum
1562 1355 1837 1424 exhibeat,

257 1451 531 1506 incertum
577 1450 740 1521 plane
784 1451 856 1505 sit
893 1466 956 1505 ac
991 1451 1232 1504 dubium.
1272 1450 1400 1516 Quae
1438 1449 1652 1519 quidem
1698 1458 1846 1506 tanta

258 1541 554 1596 diversitas
587 1541 731 1596 unde
775 1540 1112 1612 potissimum
1153 1541 1488 1609 provenerit,
1540 1551 1723 1612 postea
1761 1542 1843 1596 in-

257 1629 594 1698 dicabimus,
638 1647 765 1698 cum
793 1631 1036 1702 priusde
1073 1631 1202 1702 ipsis
1227 1632 1556 1688 cditionibus
1591 1632 1846 1688 nonnulla

262 1721 587 1778 dixerimus.

327 1811 392 1866 II.
427 1811 647 1866 Primus
675 1810 1041 1867 IIermannum
1069 1823 1190 1866 cum
1220 1805 1342 1867 aliis
1364 1806 1724 1883 scriptoribus
1747 1824 1848 1883 pu-

1942 622 2053 676 lare
2087 621 2334 692 praestitit
2363 619 2642 683 Urstisins,
2674 619 2816 689 quod
2851 619 3014 688 priori
3063 621 3229 676 textui
3271 622 3340 677 ab
3372 639 3517 678 anno

1941 713 2140 770 Christi
2175 713 2279 769 578
2325 713 2378 768 in
2409 713 2578 767 altera
2627 711 2874 766 columna
2919 712 3186 767 diversum
3237 714 3512 787 adjungat,

1942 806 2286 876 desumptqu
2339 822 2404 860 ex
2458 821 2586 860 smc.
2649 821 2723 859 xu
2776 804 2962 858 codice
3012 821 3138 860 mss.
3199 808 3522 864 monasteril

1944 895 2003 952 S.
2030 894 2267 968 Georgii,
2307 896 2449 966 quod
2495 912 2637 950 mmc
2661 893 2905 964 Villingae
2945 904 3046 960 est,
3078 897 3236 964 quive
3271 913 3359 952 an.
3385 899 3524 953 1768

1943 1001 2065 1042 eum
2112 997 2294 1041 nostro
2343 988 2404 1041 D.
2436 988 2595 1042 Blasii
2644 987 2970 1041 monasterio
3009 989 3060 1042 in
3108 991 3318 1046 cineres
3361 991 3512 1047 abiit.

1944 1079 2120 1148 Atque
2169 1080 2312 1134 hunc
2358 1080 2574 1149 quidem
2618 1080 2886 1144 codicem,
2939 1096 3036 1135 ceu
3080 1080 3190 1150 jam
3241 1083 3522 1154 impressis

1947 1169 2115 1224 multo
2163 1171 2556 1240 cepiosiorem,
2615 1173 2892 1242 magisque
2944 1172 3316 1240 emendatum,
3364 1174 3524 1230 simul

1944 1261 2209 1317 edendum
2233 1264 2444 1318 censuit
2471 1263 2762 1328 Urstisius;
2792 1265 2842 1318 in
2870 1264 2972 1318 hoc
3000 1274 3174 1318 tamen
3206 1281 3303 1319 suo
3323 1265 3526 1333 judicio

1948 1351 2092 1406 haud
2121 1368 2309 1422 parum
2341 1354 2612 1422 deceptus,
2647 1369 2767 1407 cum
2800 1353 3089 1408 Hermanni
3129 1356 3346 1425 genuini
3391 1371 3524 1410 non-

1947 1443 2054 1496 nisi
2083 1443 2349 1514 quoddam
2383 1444 2759 1514 compendium
2793 1444 2885 1510 sit,
2921 1444 3080 1514 idque
3109 1459 3205 1499 nec
3234 1446 3524 1516 integrum,

1948 1550 2048 1590 nec
2074 1551 2193 1589 cum
2241 1534 2357 1605 ipso
2379 1535 2644 1591 Chronico
2679 1537 2811 1591 satis
2842 1536 2968 1592 hinc
3000 1537 3124 1591 inde
3161 1527 3518 1602 concordans,

1945 1633 2109 1694 prout
2161 1624 2300 1679 infra
2347 1627 2414 1680 de
2463 1626 2738 1681 codicibus
2784 1627 2954 1680 acturi
3007 1617 3518 1685 demonstrabimus.

1947 1716 2004 1771 In
2034 1717 2132 1773 hoc
2157 1731 2287 1772 vero
2310 1725 2531 1788 prtestat
2559 1718 2858 1772 Urstisiana
2889 1719 3056 1778 editio
3083 1721 3224 1790 qttod
3254 1720 3518 1791 duplicem

1949 1804 2154 1878 pariter
2198 1807 2490 1863 Hermanni
2561 1810 3019 1864 continuationem
3084 1797 3400 1882 subjungat,
3454 1812 3525 1867 ab

257 1896 388 1955 blici
405 1899 550 1969 juris
577 1899 709 1956 fecit
733 1898 969 1956 Joannes
995 1898 1289 1956 Sichardus
1315 1901 1533 1958 Basilea:
1562 1918 1650 1957 an.
1682 1903 1842 1968 1529,
1873 1894 1919 1954 Β
1946 1914 2090 1954 anno
2123 1898 2260 1953 1054
2307 1898 2614 1965 deductam,
2661 1914 2823 1954 unam
2855 1901 3069 1970 quidem
3121 1899 3418 1958 breviorem
3456 1890 3520 1958 ad

257 2001 327 2042 ex
361 1989 573 2054 codice,
621 1999 682 2063 ut
711 1989 944 2054 videtur,
975 1987 1370 2056 San-Gallensi,
1417 2008 1577 2062 quem
1611 2007 1741 2048 vero
1769 1991 1845 2048 aI-

259 2087 499 2132 teratum
555 2078 722 2134 fuisse
755 2088 810 2134 et
856 2080 1011 2134 subin
1062 2081 1442 2151 interpolatum
1482 2084 1649 2138 multa
1695 2081 1848 2138 evin-

261 2177 416 2220 cunt.
467 2167 657 2237 Incipit
700 2168 845 2222 enim
893 2185 923 2223 ιι
969 2172 1149 2223 mumii
1203 2160 1516 2235 creatione,
1568 2182 1846 2244 totumque

259 2273 422 2328 opus,
457 2257 533 2310 De
561 2272 654 2310 sex
683 2259 865 2312 mundi
898 2259 1144 2314 zelatibus
1166 2261 1504 2330 inscriptum,
1533 2265 1597 2316 ad
1623 2265 1844 2318 verbum

261 2346 376 2401 fere
411 2362 480 2400 ex
505 2345 808 2400 Venerabili
840 2347 981 2402 Beda
1020 2358 1416 2420 transumptum
1453 2361 1538 2406 cst
1575 2368 1746 2422 usque
1777 2356 1843 2411 ad

259 2439 469 2517 Christi
516 2433 786 2494 nascentis
833 2449 1109 2508 tempora,
1155 2443 1298 2496 unde
1327 2443 1632 2499 Chronieon
1687 2461 1843 2508 suum

259 2531 577 2600 auspicatus
622 2517 817 2584 dicitur
859 2527 1200 2585 Hermannns
1252 2532 1303 2586 in
1348 2531 1462 2601 ejus
1496 2529 1651 2600 Vita;
1703 2537 1845 2605 quod

263 2619 347 2673 vel
394 2620 593 2675 exinde
646 2635 860 2690 quoque
914 2622 1168 2686 eruitur,
1197 2637 1335 2676 eum.
1369 2625 1436 2678 ab
1483 2639 1548 2680 eo
1607 2635 1846 2697 tempore

261 2713 557 2782 plurimum
593 2730 625 2767 ιι
654 2713 796 2769 Beda
849 2715 1137 2771 discordet.
1192 2716 1346 2773 Unde
1386 2719 1610 2773 mtdtnm
1658 2737 1686 2775 a
1715 2738 1845 2778 vero

263 2807 520 2860 aberrant
563 2805 653 2874 qui
686 2805 1050 2861 Ilermannum
1084 2807 1241 2862 Beda:
1285 2816 1493 2863 tantum
1525 2810 1842 2880 cotnpilato-

267 2912 378 2950 rem
421 2896 760 2962 existimant,
812 2905 870 2952 ut
917 2907 1100 2967 postea
1149 2899 1471 2954 videbimus.
1518 2900 1588 2954 Ut
1625 2912 1682 2955 nt
1717 2917 1845 2956 vero

265 2991 516 3060 deinceps
540 2989 791 3046 Siehardi
821 2991 984 3045 editio
1007 3007 1128 3046 cum
1157 2992 1342 3046 codice
1368 2991 1619 3061 Augiensi
1655 2993 1706 3046 in
1736 2993 1846 3061 plc-

268 3083 448 3152 risquc
473 3083 784 3148 conveniat,
816 3081 980 3136 nmlta
1013 3091 1192 3136 tamen
1234 3081 1552 3152 interpolata
1586 3083 1844 3149 continet,

269 3174 410 3230 facta
449 3175 572 3230 aliis
602 3177 759 3231 annis
798 3182 1068 3240 recenset,
1110 3183 1167 3229 et
1193 3172 1344 3244 plura
1385 3175 1612 3230 subinde
1643 3177 1846 3232 omittit

1947 2005 2147 2046 annum
2182 2005 2352 2060 usque
2379 1990 2533 2052 1066,
2565 1990 2882 2060 ampliorem
2928 2006 3056 2045 vero
3093 1992 3320 2047 alteram
3350 2007 3523 2062 usque

1947 2079 2014 2133 ad
2059 2095 2258 2134 annum
2287 2079 2444 2147 1100,
2489 2080 2554 2135 de
2603 2079 2800 2151 quibus
2848 2079 2900 2134 in
2953 2067 3302 2151 sequentibus
3349 2081 3520 2138 acturi

1947 2183 2154 2224 SIIIlUS.
2190 2213 2193 2217 .

2020 2258 2104 2314 Vl.
2161 2259 2405 2314 Maneum
2451 2259 2613 2330 igitur
2637 2259 2938 2329 hucusque,
2971 2268 3063 2314 aut
3108 2261 3286 2317 minus
3326 2262 3518 2324 saltem

1946 2358 2194 2404 exactum
2234 2350 2284 2404 in
2322 2350 2480 2404 editis
2527 2351 2694 2403 videri
2743 2355 2952 2420 poterat
3002 2350 3293 2405 llermanni
3352 2353 3518 2407 nostri

1946 2437 2276 2504 Chronicon,
2302 2439 2425 2493 dum
2457 2439 2581 2492 illud
2609 2440 2788 2493 subito
2815 2440 3026 2494 auctius
3055 2441 3220 2494 multo
3249 2441 3522 2512 magisque

1943 2529 2268 2598 completum
2301 2528 2447 2583 dedit
2473 2521 2732 2585 Henricus
2754 2530 2998 2584 Canisius
3042 2539 3186 2584 torno
3210 2531 3230 2585 Ι
3253 2531 3520 2602 Antiqua-

1945 2634 2064 2672 rum
2097 2618 2414 2674 Lectionum
2442 2627 2551 2672 vet.
2595 2619 2724 2672 edit.
2751 2635 2892 2674 anno
2923 2620 3078 2687 1601,
3110 2632 3238 2687 etc.,
3268 2637 3333 2676 ex
3369 2621 3522 2690 cujus

1945 2709 2182 2764 editione
2211 2719 2394 2779 postea
2435 2710 2487 2764 in
2515 2711 2876 2766 Bihliothecas
2899 2712 3122 2766 Patrum
3148 2713 3521 2770 Coloniensem

1948 2811 2077 2856 tom.
2110 2801 2202 2867 XI,
2234 2811 2288 2857 et
2313 2802 2724 2872 Lugdunensem
2764 2813 2895 2860 tom.
2921 2803 3105 2866 XVIII,
3156 2805 3388 2870 transiit,
3436 2821 3523 2861 re-

1947 2908 2135 2948 cnsnm
2167 2908 2196 2946 a
2225 2891 2340 2948 Jac.
2368 2893 2655 2965 Basnagio,
2705 2904 2832 2949 tom.
2867 2895 2931 2949 IlI
2966 2912 3117 2951 novae
3142 2897 3397 2953 editionis
3427 2914 3517 2955 an.

1948 2984 2106 3047 £725,
2137 2984 2278 3037 unde
2305 2993 2556 3053 excerpta
2590 3000 2762 3055 nuper
2790 2986 2937 3039 dedit
2969 2985 3030 3039 P.
3057 2986 3296 3057 Itouquet
3321 2989 3520 3044 sodalis

1946 3074 2255 3128 Maurianus
2291 3075 2343 3128 in
2376 3075 2703 3145 amplissima
2731 3092 2824 3132 sua
2849 3076 3174 3133 Collectione
3195 3080 3521 3151 scriptorum

1948 3179 2130 3218 rerum
2161 3163 2563 3231 Francicarum,
2607 3174 2741 3222 tom.
2792 3165 2858 3221 Ill
2902 3176 2958 3222 et
2995 3183 3146 3240 seqq.
3177 3169 3294 3240 Ipse
3339 3181 3521 3228 autem

267 3284 441 3337 usque
490 3269 560 3324 ad
613 3284 818 3324 annum
862 3267 1021 3326 10.50.
1055 3233 1163 3324 ὐω
1193 3233 1401 3324 ’νηνευε
1445 3283 1566 3324 cum
1592 3269 1845 3341 Augiensi
1872 3233 1916 3296 Ο
1948 3254 2200 3311 Canisius
2225 3253 2355 3311 illud
2383 3271 2539 3311 suum
2559 3256 2866 3314 Chronicon
2893 3233 3300 3331 deprom-pserat
3324 3276 3389 3317 ex
3413 3279 3520 3319 ms.

267 3359 584 3414 concordat.
906 3402 912 3407 .

330 3448 419 3503 IIl.
462 3447 701 3504 Primam
749 3449 895 3505 hanc
920 3446 1166 3505 Sichardl
1215 3448 1505 3504 editionem
1535 3448 1599 3503 ad
1624 3448 1846 3504 verbum

260 3539 533 3609 expressit
554 3539 792 3594 Joannes
815 3539 1078 3595 Pistorius
1106 3539 1157 3594 in
1189 3555 1285 3594 sua
1311 3538 1644 3610 Scriptorum
1672 3539 1848 3596 Colle-

258 3632 468 3695 ctione,
501 3631 630 3686 item
658 3630 883 3686 Basilea:
921 3646 1009 3685 an.
1039 3630 1198 3696 1556,
1236 3646 1301 3686 ac
1331 3646 1541 3686 rursum
1586 3647 1679 3686 an.
1707 3631 1843 3686 1615

259 3726 607 3782 Francot’urti
654 3741 906 3797 procusa,
950 3734 1006 3781 et
1055 3726 1170 3797 ipse
1220 3734 1400 3781 tamen
1438 3724 1667 3793 alicujus
1712 3741 1842 3803 mss.

258 3821 470 3876 codicis
521 3818 760 3874 subsidio
808 3819 1139 3874 destitutus:
1176 3819 1318 3872 unde
1359 3831 1460 3886 par
1510 3819 1575 3872 de
1617 3826 1848 3886 utraque

253 3912 525 3983 judicium
556 3911 837 3967 ferendum
869 3922 980 3976 est;
1024 3911 1110 3966 cui
1155 3918 1300 3965 recte
1332 3910 1468 3964 adeo
1489 3907 1846 3980 Gundlingius

261 4017 494 4072 parvum
535 4002 768 4070 pretium
812 4001 1016 4056 statuit.
1060 4001 1113 4055 In
1157 4015 1222 4055 eo
1245 4016 1458 4070 quoque
1498 4001 1670 4055 amba:
1713 4016 1846 4056 eon-

263 4093 494 4148 veniunt
519 4091 658 4163 quod
689 4091 995 4147 Chronicon
1022 4092 1315 4166 Hermanni
1347 4107 1374 4144 a
1403 4092 1619 4146 condito
1646 4092 1847 4146 mundo

265 4195 436 4250 usque
467 4180 536 4234 ad
572 4196 657 4234 an.
687 4179 822 4251 1066
859 4181 969 4236 nati
996 4180 1195 4236 Christi
1228 4179 1542 4250 perducant,
1572 4180 1848 4236 Bertholdi

269 4273 528 4326 nimirum
566 4271 1025 4326 continuationem
1067 4272 1273 4340 absque
1302 4270 1408 4325 ulla
1437 4270 1551 4338 ejus
1577 4273 1849 4328 mentione

271 4361 578 4414 immediate
622 4360 1008 4430 subjungentes
1035 4357 1364 4425 Hermanno,
1396 4359 1487 4428 qui
1520 4368 1699 4415 tamen
1733 4357 1847 4430 jam

270 4465 360 4504 an.
389 4451 528 4505 1054
565 4452 805 4505 scribere
834 4465 898 4504 ac
924 4449 1104 4504 vivere
1136 4449 1316 4504 desiit.

336 4540 423 4595 IV.
470 4540 685 4594 Pistorii
717 4539 1084 4594 Ilermannum
1114 4539 1268 4592 novis
1303 4539 1448 4593 curis
1478 4540 1843 4608 emendatum,
1871 4583 1923 4644 Β

271 4641 324 4684 et
363 4647 431 4686 ex
459 4631 675 4687 Urstisii
705 4647 768 4686 ac
789 4630 988 4686 Canisii
1017 4631 1346 4685 editionibus
1380 4641 1620 4685 auctum.
1645 4631 1844 4688 Burch.

271 4723 451 4778 Cutth.
479 4719 728 4780 Struvius
753 4732 938 4792 postea
963 4722 1274 4776 Ratisbona:
1300 4737 1388 4775 an.
1419 4722 1557 4775 I726
1584 4723 1845 4792 vulgavit,

272 4815 426 4886 cujus
454 4815 682 4885 pretium
718 4828 783 4869 ex
816 4812 997 4868 citatis
1031 4819 1086 4866 et
1116 4825 1242 4865 mox
1270 4811 1574 4865 indicandis
1598 4812 1847 4882 editioni-

271 4906 371 4960 bus
399 4906 771 4960 mstimandum
800 4912 900 4961 est.
943 4901 1117 4958 Porro
1144 4911 1198 4956 et
1233 4903 1364 4965 hrec,
1395 4901 1471 4956 uti
1498 4905 1646 4970 prior
1674 4901 1849 4958 Pisto-

275 4994 361 5060 rii,
391 5010 421 5048 a
448 4996 664 5050 condito
689 4995 822 5048 orbe
844 5008 1014 5062 usque
1045 4991 1112 5045 ad
1141 5006 1228 5044 an.
1257 4991 1393 5045 1066
1416 4989 1674 5054 decurrit,
1703 4991 1847 5046 nulla

272 5086 741 5158 prorsusalicnjus
769 5083 1200 5140 continuationis
1226 5083 1500 5137 mentione
1539 5080 1704 5136 facta.

342 5175 406 5232 ν.
446 5177 662 5245 Tertia,
719 5191 893 5247 eaque
941 5175 1156 5235 melior,
1211 5183 1266 5228 et
1321 5175 1600 5241 hucusque
1648 5175 1850 5243 Optima

283 5259 579 5324 Hermanni
636 5270 800 5325 editio
848 5268 1073 5323 debetur
1123 5265 1325 5320 Christ.
1378 5255 1640 5321 Urstisio.
1681 5256 1852 5334 quam

271 5365 416 5390 Ωιι-κη
445 5358 462 5390 1
493 5357 824 5390 contum-um
869 5352 1311 5390 Inn-qn-xninnrnm
1363 5351 1704 5390 Wr-nnnnl'nrli
1759 5373 1825 5390 nn

1949 3348 2133 3403 codice
2153 3349 2467 3420 Augustano
2512 3353 2827 3407 monasterii
2862 3351 2963 3408 SS.
2996 3353 3232 3411 Udalriei
3283 3357 3524 3425 etAI‘raz,

1948 3439 2090 3507 quod
2128 3439 2242 3509 ipse
2294 3440 2344 3493 in
2375 3440 2493 3508 ejus
2521 3440 2696 3497 fronte
2741 3444 2935 3498 asserit
2960 3460 3079 3500 esse
3115 3447 3182 3501 ab
3216 3445 3522 3504 Urstisiano

1948 3528 2102 3601 longe
2129 3531 2551 3585 diversissimnm
2578 3541 2630 3586 et
2658 3532 2970 3602 locupletius
2995 3552 3007 3587 ε
3031 3552 3149 3606 qure
3170 3537 3333 3592 etiam
3362 3554 3524 3596 causa

1949 3619 2050 3675 fuit
2085 3623 2226 3691 quod
2269 3623 2444 3693 primo
2483 3624 2697 3694 quidem
2746 3628 3016 3681 communi
3061 3631 3393 3686 eruditorum
3428 3647 3525 3703 ap-

1945 3711 2138 3782 plansu
2201 3711 2364 3767 fuerit
2413 3723 2720 3782 exceptum.
2781 3714 2892 3771 Nec
2937 3716 2990 3770 id
3040 3731 3170 3771 Sane
3234 3719 3526 3787 immerito,

1947 3804 2143 3874 quippe
2183 3803 2324 3874 quod
2366 3804 2596 3873 plurima
2638 3807 2943 3862 contineret
2986 3823 3104 3876 qua:
3149 3808 3204 3863 in
3249 3809 3525 3883 hucusque

1947 3893 2224 3964 impressis
2259 3893 2726 3949 desiderabantur.
2761 3896 2958 3972 verum
2993 3898 3138 3952 brevi
3172 3910 3293 3968 post
3334 3902 3526 3956 adver-

1948 3992 2130 4038 terunt
2159 3986 2464 4054 sagaciores
2493 3986 2686 4040 molem
2711 3984 2853 4040 illam
2888 3995 3169 4057 tantopere
3195 3991 3523 4048 dilaudatam

1947 4073 2256 4128 excrevisse
2291 4081 2352 4127 ut
2385 4073 2675 4142 plurimum
2716 4090 2779 4128 ex
2819 4075 3324 4146 interpolationibus
3354 4081 3526 4135 codici

1946 4162 2261 4233 Angustano
2311 4163 2515 4232 absque
2566 4164 2712 4218 omni
2767 4164 2976 4221 delectu
3025 4166 3261 4235 insertis,
3307 4178 3363 4224 et
3408 4172 3528 4226 sine

1947 4253 2074 4308 crisi
2113 4253 2310 4308 exinde
2340 4255 2604 4324 vulgatis,
2651 4272 2714 4313 ac
2752 4259 2836 4313 vel
2864 4258 3173 4317 Hermanuo
3209 4253 3527 4332 posteriori-

1947 4343 2070 4407 bus,
2099 4344 2182 4398 vel
2213 4345 2282 4400 ab
2310 4345 2426 4414 ejus
2473 4347 2661 4402 saltem
2694 4365 2856 4404 manu
2914 4340 3143 4408 alienis.
3175 4353 3354 4426 Atque
3399 4357 3527 4413 hinc

1948 4433 2152 4491 factum
2201 4444 2285 4492 est
2331 4445 2392 4491 ut
2428 4437 2528 4492 viri
2567 4438 2712 4494 docti
2760 4456 2864 4496 non
2907 4433 3088 4512 pauci,
3139 4444 3390 4516 interque
3431 4453 3527 4504 eus

1947 4526 2284 4583 Bollandiani
2340 4530 2648 4602 agiograpbi
2700 4541 2832 4588 tom.
2866 4533 2884 4586 Ι
2925 4534 3102 4604 Sept.,
3140 4551 3262 4607 pag.
3319 4539 3441 4600 540,
3472 4549 3529 4594 et

1954 4628 2083 4672 tom.
2115 4617 2180 4672 Vl
2209 4613 2374 4672 Junii.
2401 4621 2453 4674 in
2498 4622 2809 4690 appendice,
2855 4637 2909 4692 p.
2933 4623 3024 4688 89,
3063 4624 3365 4682 Canisiana:
3415 4629 3531 4682 edi-

1951 4711 2106 4774 tioni,
2152 4711 2449 4765 innumeris
2500 4711 2719 4780 insuper
2769 4714 2978 4768 mendis
3029 4729 3311 4786 respersaa,
3352 4718 3530 4773 minus

1953 4801 2220 4854 lidendum
2254 4801 2378 4864 rati,
2411 4802 2592 4856 eidem
2630 4803 2835 4871 priores
2876 4805 3176 4870 editiones,
3207 4808 3309 4860 etsi
3353 4809 3532 4864 minus

1952 4892 2177 4964 amplas,
2206 4893 2570 4961 prml’erendas
2619 4895 2955 4955 censuerint,
3007 4905 3190 4964 utpote
3219 4897 3390 4967 magis
3420 4899 3533 4953 sin-

1951 4999 2107 5038 ceras
2137 4999 2235 5036 nec
2272 4993 2349 5039 tot
2382 4983 2662 5038 erroribus
2695 4985 2974 5039 obnoxias.
3016 4985 3140 5039 Ilaec
3167 4999 3332 5054 porro
3361 4985 3535 5059 magis

1953 5075 2266 5130 dilucidabit
2288 5078 2536 5134 codicum
2564 5077 3047 5145 manuscriptorum
3076 5079 3346 5147 recensio,
3367 5097 3530 5152 quam

1954 5168 2040 5223 hic
2070 5167 2426 5225 instituimus.
3289 5183 3298 5196 ’

2317 5261 2344 5330 §
2387 5260 2450 5315 ll.
2479 5285 2553 5298 —-
2574 5252 2791 5310 Codices
2820 5255 3187 5326 Manuscripti.

2026 5345 2133 5390 VII-
2175 5345 2389 5390 nmiecn
2434 5346 2523 5390 hic
2563 5344 2749 5390 codice.
2783 5345 3139 5390 Sclmnlinnn-
3178 5344 3245 5390 iis.
3278 5364 3388 5390 an
3429 5349 3536 5390 {mn
