4062 5508
526 308 600 378 δὲ
1338 298 1772 377 uentris-ses
1809 294 2276 374 CONTRACTUS
2314 290 2617 368 nomen.
2650 290 2948 365 AUGIENS
3732 311 3804 367 δε

446 512 449 515 δ
525 438 758 521 scripto,
792 423 1057 508 judicium
1091 420 1248 516 l‘erre.
1277 435 1423 492 haud
1457 434 1670 499 liceret,
1708 431 1812 487 nisi
1848 445 1913 485 ex
1953 427 2113 485 insti-
2144 431 2192 489 Α
2220 430 2456 494 sumpta.
2498 416 2571 478 Ut
2614 415 3173 493 igiturliermannum
3222 416 3526 475 breviorem
3557 426 3623 477 ’ex
3668 421 3807 477 Ber-

527 536 642 588 tuta
674 517 1001 610 Urstisiautc
1041 527 1297 585 editionis
1332 526 1624 582 collatione
1668 520 1791 579 eum
1847 520 1975 585 alio,
2022 517 2116 589 qui

526 638 671 681 nunc
698 623 778 680 .in
808 620 1104 680 .elcctorali
1159 617 1483 674 bibliotheca
1508 612 1815 685 Monacensi
1870 623 2119 667 asserva-

527 728 635 783 tur,
685 715 855 787 priori
904 731 1000 785 per
1045 713 1226 767 omnia
1273 708 1595 787 l'eresimili
1641 701 1850 771 codice,
1878 704 2116 761 ’ccrliora

526 784 915 864 edocerentur.
939 805 1091 860 Hunc
1120 784 1377 859 describit
1407 799 1474 856 cl.
1506 788 1747 855 OEleIius
1775 794 1836 869 (ι.
1865 794 1884 849 l
1916 793 2114 863 script.

528 884 702 967 Beia,
728 899 919 971 p.639.)
941 897 1183 953 codicem
1212 898 1330 950 esse
1362 893 1835 961 membranaceum
1862 887 1914 940 in
1939 882 2115 939 forma

526 1005 743 1064 quarta,
766 993 852 1061 qtti
873 998 1063 1062 pra'ter
1084 974 1372 1049 Περσικαηηὶ
1391 983 1707 1044 Chronicon,
1734 976 2116 1034 contionatoris

526 1062 730 1155 quoque
750 1068 983 1152 ejusdem
998 1063 1267 1133 Bertholdi
1285 1062 1716 1131 Constantiensis
1736 1070 1843 1141 (qui
1868 1062 1919 1153 in
1943 1068 2118 1121 codice

530 1154 828 1229 Bertzoldus
859 1168 1092 1237 vocatur)
1133 1155 1576 1225 contint'tatimtimt
1621 1161 1684 1215 ab
1710 1177 1846 1213 anno
1877 1154 2011 1211 1055
2050 1156 2117 1209 ad

528 1281 725 1318 annum
749 1280 911 1334 usque
934 1246 1070 1316 1100
1094 1256 1471 1329 complettiIur.
1506 1253 1597 1307 Est
1620 1260 1790 1307 autem
1820 1250 1906 1304 ille
1932 1238 2117 1303 aucto-

531 1343 677 1411 ribus
711 1356 820 1410 suis
851 1369 1075 1415 corcens,
1104 1350 1167 1405 ab
1195 1352 1406 1420 ipsoque
1429 1343 1693 1401 Bernoldo
1730 1346 1978 1398 exoratus
2012 1359 2030 1396 :
2065 1341 2118 1394 id

530 1445 670 1515 quod
700 1444 815 1514 ipsa
855 1442 1117 1510 scriptura
1155 1430 1448 1508 (itumque,
1487 1453 1580 1490 nec
1621 1451 1725 1489 non
1753 1450 1871 1486 rasa
1901 1431 2119 1484 subinde

530 1538 852 1600 membrana,
879 1523 1053 1588 omnia
1075 1531 1282 1605 quidem
1318 1515 1381 1584 ai)
1407 1529 1587 1584 eadem
1626 1530 1804 1590 manu,
1830 1528 2118 1579 atramento

528 1636 706 1682 tamen
741 1637 789 1680 et
827 1630 1057 1694 tempore
1096 1612 1296 1676 diverso
1337 1630 1513 1684 aucta,
1557 1616 1758 1671 ntutata
1801 1627 1848 1670 et
1889 1624 2119 1669 correcta

532 1734 635 1772 non
667 1717 882 1771 obscure
911 1715 1149 1769 videntur
1177 1714 1410 1766 iunucre.
1443 1706 1539 1764 Est
1564 1709 1667 1763 hoc
1698 1708 1871 1778 ipsum
1903 1706 1967 1760 de
1992 1704 2119 1758 Ber-

2217 511 2379 571 n'ol‘do
2424 514 2693 584 integrum
2747 512 3094 575 haberemus,
3139 510 3417 565 variantes
3448 516 3686 583 .quo’que
3723 514 3810 567 di-

2216 616 2361 678 ctum
2397 619 2598 659 annum
2648 602 3017 672 prtecedentes
3064 597 3301 665 nanciSci
3339 612 3484 659 curae
3531 604 3660 662 fuit.
3691 606 3807 663 itas

2214 713 2345 754 vero
2370 710 2582 752 summa
2629 694 2903 765 diligentia
2946 708 2975 748 a
3015 708 3074 749 se
3111 700 3431 764 execrptas,
3476 704 3530 752 et
3559 698 3626 752 ad
3660 699 3810 754 anti-

2216 805 2382 859 quum
2434 786 2653 842 Urstisii
2709 784 2951 840 codicem
2983 792 3220 849 exactas,
3255 786 3640 859 humanissime
3670 789 3807 844 Sulr-

2217 880 2365 936 misit
2392 879 2529 949 plur.
2564 892 2678 933 rev.
2702 885 2757 933 et
2777 876 2847 931 cl.
2880 877 2943 930 1).
2976 874 3126 942 Hart,
3160 855 3563 941 erudiiissimus
3602 878 3807 934 electo-

2218 973 2347 1027 ralis
2389 970 2726 1027 bibliothccre
2753 969 3088 1024 Monacensis
3131 968 3365 1039 [ιι-ξετεριί
3400 968 3549 1026 vices
3580 987 3806 1042 gerens,

2215 1064 2301 1119 Β·ιί
2335 1072 2513 1134 grates
2542 1063 2629 1116 hic
2652 1060 2865 1130 publico
2892 1060 3113 1115 nomine
3156 1060 3535 1130 persolvimus.
3579 1058 3657 1118 Ex
3685 1061 3809 1132 ejus

2218 1159 2438 1225 insuper
2478 1153 2674 1208 litteris
2707 1153 2987 1214 discimus.
3016 1151 3266 1207 Bernoldi
3300 1153 3544 1209 codicem
3572 1156 3807 1224 perinde

2216 1252 2283 1301 'ac
2334 1247 2484 1301 illum
2520 1241 2767 1299 Sichardi
2798 1260 2827 1299 a
2874 1250 2965 1298 s‘c'x
3016 1244 3198 1297 mundi
3244 1245 3516 1307 aetatibus,
3547 1256 3669 1315 (ture
3702 1246 3809 1301 Ve-

2220 1338 2473 1394 nerabilis
2507 1337 2660 1391 Beda:
2690 1344 2854 1401 sunt,
2906 1335 3115 1399 ordiri,
3169 1349 3197 1389 a
3247 1336 3532 1391 nativitate
3586 1337 3806 1392 Domini

2218 1441 2398 1485 autem
2443 1444 2612 1498 usque
2657 1429 2722 1481 ad
2753 1442 2952 1482 annum
2986 1426 3087 1482 578
3134 1426 3424 1497 plurimmn
3458 1427 3527 1481 ab
3581 1442 3649 1483 eo
3695 1429 3812 1483 dis-

2219 1530 2467 1599 crepare,
2532 1532 2687 1594 prout
2728 1537 2793 1577 ex
2833 1527 3015 1576 nostra
3062 1520 3300 1576 editione
3345 1519 3541 1592 legenti
3576 1522 3805 1590 patebit.

2307 1619 2365 1673 ln
2424 1616 2612 1672 codem
2670 1614 2855 1669 codice
2901 1611 3369 1683 San-Georgiano
3425 1611 3810 1668 continebatur

2222 1710 2364 1764 aliud
2396 1724 2621 1778 parvum
2671 1705 2973 1761 Chronicon
3022 1719 3052 1757 a
3086 1714 3210 1759 nato
3259 1703 3475 1759 Christo
3521 1719 3693 1776 usque
3736 1704 3807 1759 ad

533 1808 678 1863 noldi
712 1806 899 1861 codice
939 1804 1231 1874 judicium,
1263 1801 1405 1871 quod
1453 1800 1517 1854 de
1545 1815 1644 1853 suo
1679 1795 2122 1866 San-Gcorgiano
2158 1800 2198 1857 Β
2227 1816 2315 1855 an.
2352 1800 2509 1864 “53,
2554 1797 2742 1851 eadem
2786 1796 2960 1864 prima
3006 1809 3167 1847 manu
3213 1792 3576 1863 descriptum,
3608 1793 3809 1851 abinde

528 1898 652 1966 tulit
684 1897 947 1959 Urstisius
985 1914 998 1948 :
1037 1904 1304 1948 auctorem
1357 1884 1495 1944 hunc
1547 1890 1709 1959 [etum
1757 1887 1907 1940 illum
1946 1886 2114 1956 primo

530 1997 796 2054 utcunque
826 1985 1105 2054 formatum
1133 1979 1407 2035 lambendo
1434 1979 1673 2047 deinceps
1706 1979 1871 2046 magis
1900 1975 2119 2047 politum

527 2087 578 2131 et
609 2086 849 2131 exactum
892 2059 1201 2127 reddidisse.
1966 2140 1969 2143 ἢ

599 2166 785 2236 Pergit
828 2180 989 2233 porro
1030 2162 1275 2220 (Efelius
1323 2161 1389 2215 de
1430 2150 1617 2216 codice
1665 2172 1764 2228 suo
1813 2156 2117 2212 dis's‘crcns:

535 2254 742 2312 Titulus
786 2256 1037 2309 miniatus
1092 2254 1285 2308 codicis
1336 2253 1502 2317 magis
1551 2251 1707 2304 etiam
1764 2248 2121 2319 conjecturmn

526 2349 841 2420 ﬁrmat,qui
866 2336 940 2403 ita
962 2337 1112 2401 habet
1136 2365 1155 2403 :
1181 2336 1306 2399 ll.-£c
1347 2360 1481 2400 sum
1519 2343 1792 2398 Cuaoxtcs
1827 2340 1971 2396 Dens
2013 2357 2120 2407 Lm,

529 2456 651 2506 qua:
709 2452 1072 2495 coxruammr
1131 2440 1471 2493 uoxasremo
1530 2430 1723 2489 Domst
1765 2433 2121 2495 Sacvuoms,

535 2530 935 2590 Sehafhuscnsi
962 2519 1239 2585 nimirum.
1294 2524 1424 2596 Quzc
1449 2542 1577 2582 vero
1605 2528 1714 2581 sint
1745 2525 1832 2580 illa
1859 2527 2122 2580 Chronica

532 2641 566 2680 a
599 2623 864 2680 Bernoldo
902 2632 1154 2688 exarata,
1196 2622 1331 2678 satis
1369 2620 1649 2676 declarant
1682 2635 1801 2690 qum
1842 2607 2037 2675 ibidem
2073 2606 2125 2673 in

540 2716 786 2787 margine
830 2714 1028 2769 litteris
1077 2712 1232 2769 valde
1276 2700 1499 2766 minutis
1543 2715 1803 2780 expressa
1843 2709 2125 2781 leguntur:

541 2811 735 2867 Insunt
773 2820 1013 2864 auctores
1048 2810 1410 2863 chronicorum
1435 2793 1714 2871 Eusebius,
1751 2790 2125 2875 Hieronymus,

538 2904 790 2972 Prosper,
825 2901 1131 2973 Dionysius,
1150 2898 1440 2963 Iordanes,
1462 2894 1630 2962 Beda,
1663 2907 1712 2953 et
1745 2898 1905 2951 nostri
1936 2907 2129 2967 tempo-

532 2997 615 3051 ris
646 2996 851 3067 (sm-culi
875 3010 1066 3066 nempe
1093 2992 1557 3067 x1)llermannus,
1585 3001 1630 3046 et
1653 2991 1894 3061 deinceps
1922 3006 2128 3045 uosrsn

537 3089 808 3159 (adeoque
852 3086 1026 3156 ipsius
1056 3084 1306 3139 Bernoldi
1350 3098 1511 3137 manu
1549 3084 1832 3152 exaratos)
1869 3074 2021 3145 liber,
2046 3080 2131 3135 sui

2221 1898 2402 1946 autem
2443 1898 2472 1942 a
2512 1886 2676 1941 variis
2727 1888 2897 1955 usque
2950 1884 3017 1938 ad
3070 1892 3160 1938 an.
3209 1882 3347 1936 1627
3403 1883 3803 1939 continuatum.

2220 1981 2379 2039 Prior
2434 1980 2550 2051 ejus
2599 1989 2742 2049 pars,
2777 1994 2806 2032 a
2845 1976 3188 2047 sequioribus
3242 1975 3401 2030 subin
3454 1976 3802 2046 interpolata,

2221 2074 2433 2131 nonnisi
2464 2070 2819 2127 summarium
2851 2070 3117 2139 quoddam
3138 2081 3232 2125 seu
3261 2069 3639 2139 compendium
3663 2063 3807 2134 erat,

2223 2158 2515 2222 llcrmanni
2563 2162 2840 2220 Cotttracli
2886 2162 3154 2232 prmcipue
3184 2201 3198 2225 ,
3261 2169 3327 2216 ex
3382 2174 3490 2230 qua
3549 2161 3808 2218 nonnulla

2223 2259 2399 2313 adhuc
2431 2255 2730 2326 fragmenta
2774 2255 2825 2308 in
2858 2253 3183 2307 adversariis
3224 2253 3430 2308 nostris
3458 2251 3682 2308 collecta
3716 2257 3808 2308 rc-

2225 2346 2494 2419 perimus,
2534 2346 2651 2415 qum
2680 2352 2940 2413 quantum
2972 2343 3037 2396 ad
3068 2342 3353 2396 historiam
3402 2343 3633 2413 patriam
3684 2347 3806 2415 per-
3858 2332 3862 2334 Ὗ

2228 2439 2422 2502 tinent,
2446 2437 2549 2491 sub
2585 2434 2738 2491 titulo
2783 2432 3037 2490 Chronici
3078 2432 3371 2504 Georglani
3408 2434 3518 2489 suis
3551 2433 3683 2490 locis
3727 2434 3810 2489 iti-

2227 2532 2499 2583 serentur.

2301 2614 2388 2670 IX.
2433 2615 2653 2670 Detecto
2697 2614 2810 2686 jam
2860 2613 3007 2669 fonte
3056 2601 3516 2686 Stin-Georgiani
3563 2614 3807 2679 codicis,

2230 2706 2320 2778 qui
2372 2714 2566 2777 prmter
2617 2721 2817 2776 paucas
2870 2704 3311 2776 interpolationes
3367 2705 3671 2775 ipsissimus
3724 2704 3813 2760 est

2230 2797 2525 2852 Bernoldus
2553 2813 2583 2851 a
2610 2796 2763 2852 nobis
2803 2796 3061 2857 cdendus.
3093 2796 3249 2851 simul
3273 2796 3432 2851 etiam
3464 2796 3729 2852 Mur-ensis
3750 2806 3808 2850 et

2232 2887 2680 2960 Engcllzergensis
2711 2888 2957 2942 codicum
3006 2886 3212 2941 natales
3256 2885 3675 2956 deprehendisse
3704 2890 3809 2940 nos

2231 2979 2316 3034 bis
2367 2978 2634 3032 videmur.
2671 2976 3033 3031 Celeberrima
3080 2977 3181 3031 ista
3229 2977 3334 3032 duo
3372 2976 3814 3032 Helveto-Bcnea

2172 3088 2177 3094 '
2236 3068 2452 3123 diutina:
2481 3066 2910 3138 congregationis
2939 3066 3264 3122 monasteria
3277 3065 3401 3137 jure
3425 3066 3567 3121 inter
3592 3066 3810 3138 religiba

528 3155 775 3247 temporis
801 3155 1161 3246 descriptores.
1194 3175 1320 3230 llzce
1346 3176 1563 3244 quidem
1593 3175 1772 3228 omnia
1805 3175 1919 3229 sub
1949 3160 2121 3233 Chro-
2152 3155 2197 3216 (ἶ
2229 3170 2317 3215 $35
2363 3174 2490 3213 Sllﬂs
2530 3158 2769 3213 COlOIliaS
2814 3166 3063 3213 recenset
3108 3159 3356 3212 ηοείΐιιιη
3389 3157 3452 3211 D-
3497 3156 3656 3212 Βιδείί
3691 3173 3809 3212 ῐῐιοδ

531 3269 778 3323 nieorum
808 3266 1060 3321 Bernoldi
1094 3266 1313 3320 nomine
1347 3267 1400 3319 in
1427 3266 1764 3336 antegrapho
1796 3265 2121 3321 istocodice

530 3359 776 3424 veniunt,
810 3349 1010 3429 partim
1047 3358 1194 3427 quod
1224 3358 1294 3411 ah
1331 3357 1449 3426 ipso
1493 3358 1544 3411 in
1578 3373 1684 3410 uno
1714 3354 1984 3411 volumine
2011 3356 2123 3412 sint

528 3450 861 3522 cettscripta,
889 3449 1083 3520 partim
1114 3464 1243 3503 vero
1273 3465 1338 3504 ac
1365 3450 1634 3519 prmcipue
1661 3453 1801 3518 quod
1836 3448 1904 3503 ab
1932 3450 2120 3504 eodem

531 3543 592 3601 in
620 3541 1001 3614 compendium
1048 3540 1193 3595 velut
1239 3541 1455 3596 redacta
1501 3557 1568 3596 cx
1617 3540 1951 3603 llermanno;
2015 3555 2120 3594 non

529 3636 679 3693 enim
730 3636 907 3704 ipsum
948 3631 1579 3688 ilermanniChronicon
1626 3632 1776 3685 dedit
1799 3629 2120 3695 Bernoldus,

532 3728 631 3783 sed
669 3728 787 3798 ejus
825 3726 1099 3797 cpitomen
1139 3725 1427 3790 duntaxat,
1469 3724 1555 3779 cui
1597 3740 1751 3778 suam
1782 3724 1904 3779 dein
1948 3724 2124 3778 conti-

535 3820 878 3882 nuationem,
906 3827 1001 3871 aut
1030 3818 1305 3888 preprium
1337 3816 1515 3886 potius
1541 3816 1850 3871 Chronicon
1886 3816 1985 3870 sub
2015 3831 2121 3871 uno

533 3909 868 3967 narrationis
891 3909 980 3963 filo
1003 3909 1443 3978 annexuit,quod
1464 3908 1553 3963 hic
1574 3907 1675 3962 sub
1688 3906 2123 3961 denominatione

531 4016 727 4057 nos'rm
759 4016 903 4055 unm
937 4000 1157 4054 indicat.
1218 4001 1293 4054 De
1320 4014 1429 4068 quo
1456 3998 1610 4070 plura
1650 3998 1701 4051 in
1731 3997 2124 4067 disquisitioni-

534 4093 732 4150 busad
766 4092 1091 4148 Bernoldum
1130 4092 1349 4161 prteviis
1372 4100 1688 4157 occurrent,
1721 4090 1812 4145 ubi
1849 4090 1894 4145 is
1932 4104 2118 4146 mona-

533 4189 656 4246 chis
674 4188 741 4242 ὃ.
768 4187 929 4242 Blasii
956 4186 1339 4243 vindicabimr;

414 4347 431 4365 ‘
470 4319 472 4321 ›
555 4312 567 4324 ι
612 4276 739 4333 Vlil.
774 4278 851 4331 Ex
883 4276 985 4333 hoc
1017 4292 1148 4333 vero
1178 4275 1490 4332 Monacen‘si
1517 4276 1705 4330 codice
1730 4274 1970 4330 0Efclius
2001 4275 2038 4327 1.
2068 4289 2118 4329 c.

534 4369 812 4427 variantes
828 4368 1006 4424 “dedit
1033 4367 1296 4423 lectiones
1322 4368 1412 4435 ad
1436 4430 1437 4433 η
1462 4365 1969 4437 San—Georgianum
2022 4365 2121 4421 Ur-

536 4466 704 4531 stisii,
736 4463 1042 4520 scilicetah
1072 4477 1162 4517 an.
1196 4462 1334 4528 578,
1364 4476 1395 4516 a
1437 4475 1547 4531 quo
1574 4461 1665 4514 hic
1701 4459 1849 4513 illum
1891 4473 2122 4514 exorsus

534 4567 642 4621 est,
678 4564 867 4611 motus
891 4555 1032 4610 haud
1072 4553 1235 4609 dubie
1280 4552 1385 4608 illis
1412 4558 1533 4622 una:
1562 4552 1615 4606 in
1650 4552 1839 4607 'codice
1869 4551 2118 4606 Bernoldi

537 4647 873 4718 autographa
903 4655 1022 4715 post
1069 4660 1270 4699 annum
1318 4644 1421 4700 577
1473 4644 1745 4714 leguntur,
1788 4653 1845 4698 et
1894 4640 2032 4699 forte
2067 4641 2119 4697 in

539 4736 980 4805 San-Georgiano
1010 4735 1377 4800 habebantur,
1396 4735 1579 4790 verbis
1605 4752 1622 4789 :
1667 4732 1949 4804 [lucusque
1975 4734 2124 4786 chro-

539 4831 658 4883 nica
688 4828 901 4883 Eusebii
930 4820 1287 4897 Hieronymus
1306 4824 1571 4895 perduxit.
1597 4822 1736 4877 Hinc
1762 4833 1935 4876 autem
1962 4837 2124 4892 usque

539 4921 610 4975 ad
654 4920 985 4976 millesimum
1033 4917 1163 4972 LIV
1205 4933 1401 4972 annum
1432 4916 1497 4971 ab
1520 4915 1882 4970 incarnatione
1912 4913 2125 4968 Domini

538 5010 784 5067 dominus
822 5009 1185 5065 llencuaauus
1210 5024 1307 5062 sua
1348 5006 1611 5062 Chronica
1637 5005 1902 5075 perduxit.

611 5100 683 5155 At
728 5114 887 5164 vero,
923 5114 1047 5155 cum
1102 5083 1462 5163 [lci-manans,
1496 5104 1630 5151 teste
1661 5095 1793 5149 Vita:
1834 5094 2122 5165 scriptore,

538 5189 849 5251 Chronicon
896 5205 1052 5246 suum
1090 5191 1187 5246 ab"
1211 5188 1583 5245 incarnatione
1612 5186 1825 5240 Domini
1857 5185 2123 5251 ordiatur,

540 5284 645 5342 etsi
690 5299 757 5340 ex
806 5283 1038 5338 Eusebio
1084 5291 1140 5336 et
1184 5281 1511 5353 Hieronymo
1533 5279 1877 5351 potissimam
1912 5289 2122 5350 partem

542 5379 959 5449 depromptum,
1015 5372 1103 5429 illa
1153 5375 1316 5430 etiam
1361 5389 1482 5444 qua:
1522 5372 1646 5429 inde
1696 5387 1865 5441 usque
1911 5372 1979 5426 ad
2028 5387 2112 5425 an-

545 5478 673 5508 ..‘nm
706 5471 811 5508 17st
839 5469 1128 5508 ιιιιρηννιιηι
1204 5467 1271 5508 ml
1319 5466 1624 5508 I'Tlrmninnn
1674 5464 1817 5508 iglnd
1852 5464 2126 5508 nes-3522939.

2224 3249 2544 3314 nasterium,
2574 3247 2718 3318 quod
2748 3248 2813 3304 de
2851 3246 3082 3304 Murensi
3127 3249 3343 3318 quidem
3372 3248 3656 3319 principali
3688 3248 3807 3318 ipsa

2222 3339 2436 3408 cjudem
2489 3349 2609 3393 acta
2656 3339 2800 3393 haud
2848 3338 3142 3394 diﬁitcntur
3184 3338 3351 3409 (Hist.
3385 3337 3569 3409 Nigra:
3603 3337 3806 3405 Silva),

2226 3440 2268 3488 t.
2296 3431 2347 3495 l,
2379 3446 2432 3500 p.
2459 3430 2587 3496 947)
2607 3428 2764 3497 juxta
2809 3443 2928 3498 qua:
2958 3429 3058 3483 sub
3085 3428 3393 3484 Gisilberto
3430 3429 3488 3483 S.
3516 3427 3677 3484 Biasii
3706 3430 3805 3483 ab=

2221 3516 2344 3577 hate
2389 3520 2704 3583 Luitfridus,
2737 3519 2978 3589 eiusdem
3025 3518 3255 3572 eoenobii
3290 3519 3606 3583 monachus,
3638 3520 3809 3576 abbas

2222 3612 2490 3667 Murensis
2544 3611 2874 3666 constitutus
2931 3619 3050 3672 est,
3119 3607 3388 3665 referente
3434 3608 3702 3664 Bernoldo
3750 3613 3808 3668 in

2220 3703 2490 3759 Chronico
2519 3703 2586 3757 ad
2630 3718 2720 3755 an.
2763 3700 2925 3766 1096,
2958 3692 3272 3755 defunctus.
3300 3698 3414 3754 Sub
3447 3699 3547 3755 hoc
3592 3710 3721 3756 vero
3750 3702 3806 3758 in

2223 3798 2282 3852 S.
2315 3798 2493 3852 Blasio
2547 3796 2850 3864 descriptus
2908 3794 3123 3848 videtur
3162 3794 3265 3848 iste
3318 3792 3526 3859 codex,
3574 3792 3809 3865 indeque

2223 3890 2484 3944 fratribus
2515 3887 2853 3942 Murensibus
2882 3885 3153 3950 directus:
3202 3882 3321 3937 ﬁnit
3365 3884 3565 3954 quippe
3597 3885 3664 3938 ad
3704 3900 3805 3940 and

2223 3995 2350 4035 num
2409 3977 2584 4043 1091,
2624 3977 2769 4032 circa
2809 3992 2929 4045 qua:
2969 3985 3207 4044 tempora
3255 3973 3478 4029 Colonia
3517 3990 3548 4029 e
3588 3973 3648 4030 S.
3680 3974 3804 4030 Bla-

2231 4075 2312 4129 sio
2343 4074 2483 4128 istuc
2514 4071 2741 4125 deducta
2772 4078 2883 4132 est,
2921 4082 3022 4123 nec
3068 4066 3175 4121 ulla
3214 4082 3436 4138 prorsus
3480 4066 3533 4121 in
3565 4081 3630 4121 eo
3674 4067 3806 4123 dicti

2224 4163 2489 4219 Illurensis
2527 4161 2760 4216 emnobii
2800 4159 3004 4213 mentio
3051 4157 3321 4222 recurrit,
3372 4168 3532 4226 quam
3565 4156 3807 4227 profecto

2224 4256 2367 4311 haud
2415 4253 2690 4309 omisisset
2730 4251 2962 4322 scriptor
3005 4249 3051 4304 si
3090 4248 3236 4304 illum
3274 4249 3330 4304 in
3381 4247 3498 4304 loco
3538 4247 3641 4303 isto
3680 4264 3808 4305 csu-

2227 4357 2419 4404 rasset.

2297 4440 2366 4495 Ut
2395 4448 2598 4503 tamen,
2629 4434 2768 4507 quod
2798 4443 2885 4491 rcs
2931 4443 3017 4490 est
3043 4476 3057 4501 ,
3099 4428 3363 4499 dicamus,
3394 4432 3701 4489 Chronicon
3749 4431 3804 4487 in

2227 4527 2412 4587 codice
2459 4529 2562 4585 isto
2610 4535 2924 4583 contentum
2957 4541 3062 4581 non
3096 4535 3204 4579 tam
3238 4523 3530 4579 llcrmanni
3580 4537 3809 4577 censen-

2216 4625 2353 4680 .dnm
2382 4630 2466 4677 est
2490 4635 2652 4690 quam
2701 4618 3017 4687 compilatio
3058 4617 3303 4686 quaedam
3348 4631 3415 4668 ex
3446 4614 3610 4669 variis
3648 4614 3809 4667 citro-

2227 4712 2520 4786 nographis
2562 4710 2808 4766 collecta.
2845 4707 3166 4764 Bernoldutn
3199 4706 3414 4776 quidem
3462 4717 3689 4774 arguere
3727 4703 3809 4758 vi-

2228 4806 2385 4861 detur
2412 4805 2527 4875 ejus
2554 4802 2765 4857 initiutn
2792 4799 2860 4854 ab
2886 4814 3029 4853 anno
3052 4796 3155 4852 144
3178 4804 3299 4867 post
3320 4806 3504 4850 natum
3532 4794 3804 4850 Christum

2228 4879 2462 4968 (priores
2503 4894 2647 4949 enim
2686 4891 2811 4945 anni
2862 4890 3059 4945 desunt
3084 4902 3254 4957 usque
3283 4887 3349 4941 ad
3379 4900 3574 4940 annum
3618 4883 3760 4953 578)
3790 4924 3805 4948 ,

2227 5000 2457 5057 quocum
2490 4981 2558 5037 ab
2590 4980 2677 5035 illo
2705 4989 2947 5049 tempore
2991 4987 3180 5033 exacte
3216 4976 3534 5046 plerumque
3560 4974 3810 5041 congruit

2228 5079 2384 5141 adeo,
2412 5083 2472 5129 ut
2495 5088 2615 5143 qua:
2647 5072 2699 5126 in
2744 5068 3011 5124 Bernoldo
3039 5066 3347 5123 Monacensi
3391 5066 3459 5119 ad
3506 5064 3806 5134 marginem

2229 5166 2457 5221 subinde
2503 5167 2781 5224 notantur,
2807 5158 3073 5213 Murensis
3099 5163 3158 5209 ut
3184 5154 3472 5225 plurimum
3501 5152 3603 5223 ipsi
3636 5150 3807 5205 textui

2230 5257 2457 5325 inserat,
2489 5272 2553 5312 ac
2584 5256 2651 5309 ad
2681 5254 2827 5309 illum
2858 5267 3060 5305 annum
3086 5247 3317 5316 allegata
3353 5248 3517 5300 etiam
3547 5241 3798 5299 Bernoldi

2227 5356 2390 5410 verba
2417 5359 2564 5407 notet
2590 5368 2602 5401 :
2629 5344 2910 5413 Hucusque
2934 5341 3179 5395 chronica
3202 5337 3416 5392 Eusebii
3455 5336 3807 5403 Hieronymus

2227 5443 2509 5508 perduxit;
2540 5437 2659 5495 hinc
2687 5448 2859 5491 autem
2893 5449 3051 5499 usque
3083 5432 3151 5486 ad
3197 5429 3527 5483 millesimum
3553 5427 3622 5483 ιι
3645 5425 3682 5478 ν
3712 5441 3810 5478 an-
