4062 5508
227 251 291 314 37
1183 237 1641 310 btsssnrvrto
1682 247 1770 304 DE
1808 236 2168 302 liEﬂMANNi
2204 241 2567 301 CllRONlCO.
3444 236 3515 295 δε

227 373 337 426 sive
370 361 680 427 breviorem
712 383 776 424 ex
808 365 1094 432 Bcrnoldo,
1133 367 1209 422 uti
1238 367 1549 436 hucusque;
1586 365 1668 421 vel
1698 378 1820 434 pro—
1849 366 1893 426 Α
1927 360 2028 414 481
2071 360 2122 414 in
2172 360 2360 415 Galliis
2415 359 2714 430 acceperit,
2765 358 2982 415 devicto
3031 370 3129 429 per
3182 357 3511 415 Clodoveum

227 463 477 516 lixiorem
517 472 571 515 et
616 460 906 531 genuinum
961 475 1026 514 ex
1077 458 1366 528 Augiensi,
1422 461 1495 513 uti
1557 460 1625 513 ab
1680 473 1822 511 anno

227 554 363 609 1945
415 553 483 608 ad
517 553 678 607 tinezu
713 569 881 622 usque
930 553 1129 606 factum
1175 554 1292 605 est?
1323 553 1385 605 Et
1415 561 1593 606 tamen
1627 553 1821 606 exinde

226 646 577 700 llermannus
609 644 690 699 vel
725 644 957 698 maxime
991 644 1346 715 interpolatus
1377 653 1458 698 est
1487 685 1501 709 ,
1551 646 1823 714 prrecipue

223 753 284 792 ex
312 737 604 808 Reginone
634 736 962 802 Prumiensi,
1009 747 1170 807 atque
1199 738 1356 792 subin
1388 737 1605 793 aliunde
1634 737 1820 801 etiam,

219 839 270 884 ct
301 829 528 899 quidem
559 843 588 881 a
616 826 867 892 diversis,
893 837 949 882 ut
978 829 1211 894 videtur,
1257 830 1644 899 scriptoribus;
1678 845 1821 900 smpe

221 920 360 974 enim
390 935 565 972 unum
595 919 850 989 idemque
873 909 1073 974 factum
1107 921 1227 975 aliis
1259 922 1441 976 verbis
1478 921 1819 991 diversisque

221 1011 376 1064 annis
403 1010 676 1081 illigatur,
714 1011 856 1064 nulla
881 1024 1104 1081 prorsus
1133 1011 1314 1066 habita
1347 1020 1625 1083 gestorum
1657 1013 1820 1066 serici

223 1113 308 1155 aut
337 1113 655 1172 temporum
689 1102 915 1156 ratione.
946 1103 1172 1157 Notatur
1198 1105 1446 1173 equidem
1468 1112 1591 1173 post
1619 1087 1819 1157 annum

222 1195 320 1252 906
348 1195 556 1251 litteris
581 1197 825 1251 miniatis
850 1219 860 1253 :
894 1194 1176 1266 [lucusque
1205 1195 1465 1249 Chronica
1509 1194 1817 1265 Reginouis,

223 1297 263 1339 et
317 1301 619 1358 sequuntur
678 1287 951 1343 Chronica:
1001 1287 1325 1351 Ilernmnui;
1387 1302 1574 1340 verum
1628 1287 1817 1339 eodem

225 1380 363 1433 inani
389 1382 672 1449 promisso
706 1401 718 1436 :
749 1397 867 1453 qua:
897 1383 1041 1437 enim
1075 1384 1142 1436 ab
1170 1381 1277 1451 illo
1323 1397 1465 1433 anno
1495 1390 1814 1449 sequuntur,

227 1483 324 1523 tant
357 1486 559 1541 parum
593 1471 893 1527 Hermanni
942 1483 1066 1527 sunt
1097 1488 1159 1526 ac
1208 1473 1411 1541 priora,
1441 1471 1534 1524 sed
1562 1470 1814 1542 anonymi

226 1561 356 1617 illius
383 1564 702 1631 scriptoris,
732 1581 892 1634 quem
925 1576 1020 1620 ceu
1057 1563 1349 1634 Reginouis
1379 1563 1815 1617 continuatorcm

226 1653 392 1707 cidem
420 1652 712 1724 subjungit
740 1653 1020 1709 l’istorius.
1058 1652 1164 1708 Sed
1199 1669 1298 1707 nec
1327 1653 1502 1722 ipsum
1547 1653 1814 1722 integrum

231 1743 474 1808 exhibet;
511 1754 642 1798 nam
675 1745 741 1798 ad
776 1761 973 1798 annutn
1023 1743 1127 1800 939
1159 1745 1210 1797 in
1257 1744 1433 1796 medio
1472 1751 1614 1796 textu
1668 1743 1815 1796 [ilum

229 1834 525 1904 abrumpit,
584 1851 648 1890 ac
684 1837 938 1906 deinceps
989 1836 1055 1890 ab
1101 1850 1242 1889 anno
1291 1835 1395 1890 010
1448 1833 1815 1890 llermaunutn

227 1927 379 1995 sistit,
407 1936 583 1997 prout
621 1935 674 1983 in
702 1929 1054 1984 Gottwicensi
1086 1929 1272 1985 codice
1304 1944 1425 1984 mox
1456 1929 1817 1985 describenda

229 2019 392 2087 magis
424 2019 615 2075 adhuc
647 2031 959 2076 contractus
992 2022 1240 2076 habetur.

291 2109 490 2165 Eadem
531 2127 760 2181 prorsus
806 2103 1009 2167 codicis
1055 2114 1508 2184 Engelbergensis
1546 2115 1685 2170 ratio
1711 2127 1814 2181 est,

225 2197 310 2266 qui
353 2215 478 2254 cum
515 2199 760 2256 Murcnsi
797 2200 850 2255 iu
889 2203 1142 2257 omnibus
1190 2206 1466 2274 congruit,
1511 2221 1577 2259 ex
1628 2207 1815 2260 eodem

230 2292 353 2360 ipso,
393 2304 454 2348 ut
499 2294 742 2358 videtur,
797 2295 1119 2365 descriptus.
1174 2296 1376 2351 Neuter
1437 2299 1573 2353 adeo
1632 2300 1818 2353 usibus

231 2384 419 2440 nostris
454 2385 512 2438 in
561 2385 663 2439 hac
693 2385 932 2441 editione
977 2387 1240 2442 inservire
1279 2389 1472 2458 potuit,
1507 2389 1608 2444 nisi
1652 2392 1702 2444 in
1733 2391 1814 2443 ul-

231 2475 350 2528 timo
402 2474 712 2531 Hcrmauni
773 2478 1065 2543 decennio,
1115 2493 1349 2548 quocmu
1406 2489 1534 2534 tunc
1583 2481 1815 2550 primum

232 2569 577 2633 conveniunt,
636 2579 690 2624 et
745 2571 823 2625 sic
867 2570 1232 2626 llermammm
1269 2573 1334 2626 ad
1373 2573 1619 2627 ultimum
1653 2577 1820 2629 trien-

233 2657 367 2712 nium
396 2660 568 2715 nobis
604 2661 880 2731 integrum
912 2674 1327 2729 conservorum,
1353 2667 1442 2733 qui
1482 2666 1533 2719 in
1559 2667 1814 2737 Augiensi

232 2749 401 2806 codice
435 2751 772 2823 ca-tcrisque
802 2769 868 2808 ex
902 2753 994 2808 illo
1044 2759 1419 2825 transmnptis,
1451 2756 1540 2811 illo
1575 2766 1816 2830 tempore

231 2853 439 2895 mancus
479 2851 599 2896 BSl.

282 2929 341 2987 Χ.
371 2933 504 2988 Nota
525 2935 571 2988 ri
614 2948 745 2989 vero
774 2945 1051 2994 merentur
1089 2951 1208 3010 qua:
1240 2941 1292 2994 in
1324 2955 1557 3010 utroque
1587 2943 1689 2997 hoc
1729 2959 1817 2998 co-

231 3023 336 3078 dice
363 3026 426 3080 ad
465 3042 568 3080 an.
617 3027 712 3080 741
751 3028 1024 3098 leguntur,
1073 3045 1138 3084 ex
1183 3030 1348 3103 Pagio
1381 3040 1560 3086 tamen
1604 3034 1671 3086 ad
1722 3049 1812 3088 an.

1932 450 2174 520 Siagrio,
2212 465 2490 522 regnoque
2543 451 2610 506 ad
2660 450 3001 522 Merovingos
3052 452 3178 506 inde
3226 451 3510 507 translato.

1930 575 1938 578 -
1995 543 2166 597 Porro
2194 560 2220 597 a
2247 543 2425 597 fronte
2458 543 2723 598 Murcnsis
2751 543 2908 610 hujus
2939 545 3142 599 codicis
3169 553 3512 613 compactum

1922 643 2004 690 est
2029 636 2174 689 aliud
2219 636 2381 690 breve
2409 637 2714 690 Chronicon
2763 652 2792 690 a
2834 636 3048 692 diversa
3077 653 3238 692 manu
3269 638 3514 708 ejusdem

1925 738 2104 783 tamen
2137 730 2318 784 srcculi
2349 747 2420 785 xu
2452 733 2773 786 charactere
2802 741 3108 799 exaratum,
3133 742 3188 788 et
3215 735 3515 792 decurrens

1924 824 1990 877 ah
2014 840 2156 878 anno
2187 825 2288 879 598
2318 839 2489 894 usque
2518 825 2779 895 H75,_ita
2827 827 3133 896 quidem'ut
3154 827 3300 881 velut
3339 828 3514 898 epito-

1925 933 2048 971 tncu
2082 919 2357 972 contineat
2392 920 2568 988 primo
2615 921 2836 990 quidem
2887 920 2996 974 ller
3022 922 3183 974 :tauui
3216 921 3512 976 "Contracti

1923 1023 2096 1077 usque
2123 1008 2187 1060 ad
2207 1023 2293 1061 an.
2321 1009 2478 1073 10351,
2509 1010 2707 1064 abiude
2723 1026 2852 1066 vero
2871 1011 3121 1066 Bernoldi
3155 1027 3324 1080 usque
3355 1012 3507 1074 1100,

1921 1115 2082 1170 quem
2157 1101 2278 1155 dein
2336 1117 2506 1172 usque
2568 1103 2635 1157 ad
2685 1120 2884 1158 annum
2956 1105 3089 1159 1175
3145 1105 3509 1175 prosequitur.

1993 1191 2254 1246 Insertum
2279 1209 2357 1245 vc:
2374 1209 2406 1248 ο
2428 1204 2508 1247 est
2527 1194 2719 1249 tabulis
2739 1195 3137 1266 cltronologicis
3165 1206 3472 1266 cpactarum
3495 1213 3510 1262 ς

1920 1284 2062 1338 unde
2086 1301 2226 1353 smpe
2260 1285 2488 1356 contigit
2519 1295 2597 1351 ut,
2630 1287 2916 1341 deﬁciente
2939 1289 3003 1342 ad
3034 1305 3233 1342 annum
3273 1289 3514 1359 assigna-

1925 1382 2036 1428 tum
2066 1375 2480 1444 spa:io,reliqua
2501 1376 2564 1430 ad
2599 1377 2732 1429 alios
2763 1391 3142 1433 aunosracuos
3171 1388 3294 1433 ante
3317 1378 3400 1432 vel
3430 1391 3518 1435 ro-

1922 1474 2004 1518 tro
2049 1466 2414 1520 adnotantur:
2453 1484 2572 1536 qme
2602 1469 2736 1522 adeo
2785 1469 2908 1524 inde
2954 1480 3196 1525 extracta
3228 1473 3340 1528 suis
3379 1473 3517 1527 locis

1921 1559 2200 1627 posuimus
2239 1557 2368 1612 Illud
2397 1558 2702 1613 Cltrouicon
2731 1560 3104 1630 inscripsimus
3128 1561 3424 1618 Chronico"
3447 1563 3507 1620 S.

1920 1647 2110 1713 Blasii,
2142 1649 2210 1702 ob
2233 1665 2296 1703 ea
2316 1666 2434 1718 qum
2463 1652 2525 1704 de
2559 1655 2874 1705 monasterii
2902 1652 3059 1721 hujus
3087 1655 3247 1708 rebus
3279 1657 3513 1712 maxime

1853 1719 1892 1776 Β
1922 1749 2040 1808 pust
2076 1739 2368 1794 llermanui
2399 1748 2614 1794 :etatcm
2642 1742 2840 1810 szepius
2869 1744 3052 1810 refert,
3081 1747 3244 1800 tacito
3274 1745 3424 1817 pleru
3452 1767 3518 1798 m-

1919 1844 2025 1899 que
2056 1830 2172 1900 (jus
2200 1833 2441 1895 nomine,
2473 1848 2576 1901 quo
2615 1834 2729 1901 ipso
2757 1835 3077 1904 srrfptorem
3115 1838 3241 1892 dicti
3273 1840 3510 1896 emnobii

1919 1923 2084 1976 fuisse
2111 1923 2407 1986 alumnum,
2463 1942 2726 1994 suumque
2769 1926 3077 1982 Chronicon
3130 1931 3328 1985 ibidem
3379 1949 3510 1987 csa»

1917 2026 2070 2067 ra:-se
2106 2014 2239 2067 satis
2273 2015 2574 2081 evincitur;
2611 2018 2677 2071 de
2725 2020 2938 2072 creteris
2979 2021 3123 2074 enim
3170 2023 3516 2079 monasteriis

1918 2119 2105 2173 agens,
2140 2105 2252 2159 suis
2283 2119 2345 2160 ea
2378 2105 2688 2161 nominibus
2717 2109 2938 2163 iudicat.

1990 2195 2149 2250 Multa
2184 2198 2249 2252 de
2294 2214 2358 2253 eo
2385 2199 2603 2253 disserit
2649 2201 2776 2254 ccls.
2827 2201 3126 2256 Gcrbcrtus
3175 2205 3226 2257 in
3276 2199 3512 2261 Historia

1917 2286 2097 2358 Nigra:
2129 2288 2310 2354 Silvae,
2347 2299 2475 2344 tom.
2507 2292 2542 2355 Ι,
2576 2309 2626 2361 p.
2664 2291 2768 2347 390
2800 2309 2942 2363 seq,
2972 2305 3022 2346 et
3046 2297 3179 2349 clar.
3214 2295 3271 2348 P.
3311 2291 3513 2374 Mauri-

1908 2383 2051 2434 tium
2085 2381 2195 2435 Van
2223 2385 2318 2438 der
2364 2383 2511 2437 Mcer
2559 2384 2952 2441 lihcuovieusis
2983 2389 3213 2442 cmuohii
3260 2390 3515 2445 historio-

1917 2472 2180 2539 graphum
2220 2481 2458 2539 secutus,-
2493 2485 2771 2528 auctorem
2799 2476 2943 2532 illius
2969 2478 3190 2545 conjieit
3213 2478 3274 2530 Β.
3311 2476 3516 2537 Frowl-

1919 2581 2046 2618 num
2097 2581 2161 2619 cx
2216 2569 2482 2622 monacho
2514 2568 2766 2624 Blasiano
2797 2571 2864 2623 ad
2910 2571 3182 2624 abbatiam
3220 2572 3516 2641 Engelber-

1916 2672 2133 2726 gensem
2164 2659 2305 2712 circa
2335 2675 2532 2713 annum
2558 2660 2691 2714 1147
2720 2673 3077 2730 assumptum,
3109 2663 3197 2718 ubi
3231 2666 3418 2732 etiam,
3452 2676 3512 2719 ut

1919 2746 2070 2810 ibid.,
2105 2763 2156 2816 p.
2183 2748 2308 2812 421,
2348 2759 2588 2816 notatur,
2617 2767 2706 2803 an.
2757 2752 2892 2806 H78
2922 2752 3176 2818 decessit,
3209 2755 3408 2809 rclirtis
3439 2757 3510 2810 ibi

1916 2836 2191 2890 codicibus
2236 2853 2331 2891 sua
2385 2854 2541 2890 manu
2599 2840 2855 2908 scriptis,
2912 2859 3072 2909 quam
3127 2844 3177 2896 in
3228 2845 3504 2898 Chronico

1917 2911 2130 2992 quoque
2192 2925 2293 2980 sibi
2345 2926 2767 2995 deprehendisse
2813 2931 2959 2986 visus
3009 2942 3086 2986 cst
3149 2933 3397 2989 laudatus
3431 2938 3511 2989 vir

1920 3015 2284 3070 doctissimus.

232 3112 324 3166 2‘33
352 3125 609 3185 spectant
646 3134 659 3170 :
689 3093 974 3189 [lucusque
1006 3093 1148 3174 Beda
1201 3093 1509 3178 venerabilis
1551 3126 1817 3195 presbyter

1999 3105 2064 3161 Ut
2117 3114 2174 3162 ut
2199 3124 2323 3164 vero
2353 3110 2664 3167 Frowinum
2697 3113 2860 3168 istum
2913 3115 3013 3170 sibi
3045 3117 3318 3173 vindicent
3351 3109 3506 3173 'Eina-

237 3200 532 3259 Chronicam
569 3223 723 3259 suam
751 3209 804 3260 in
840 3211 1031 3278 majori
1058 3211 1121 3263 de
1169 3209 1504 3281 Temporibus
1548 3215 1679 3268 libro
1705 3233 1825 3286 per-

237 3296 390 3350 duxit.
412 3339 424 3350 .
445 3339 458 3351 .
504 3298 622 3354 Sed
651 3300 815 3353 multa
855 3303 1143 3356 iutcrmista
1174 3316 1299 3356 sunt
1337 3307 1400 3359 de
1438 3307 1696 3361 chronicis
1729 3326 1822 3362 cu-

229 3388 427 3455 jusdam
482 3390 776 3461 Reginonis
814 3393 1108 3448 Bremcusis
1156 3397 1281 3467 (leg.
1334 3397 1684 3470 Prumieusis)
1729 3402 1821 3455 ab-

238 3481 374 3545 batis,
409 3485 499 3554 qui
558 3483 834 3553 descripsit
883 3487 946 3538 ub
1007 3477 1639 3545 iucm‘uutioue'Domini
1688 3493 1822 3546 inci-

239 3571 390 3638 piens,
432 3583 480 3628 et
540 3575 845 3645 peningctts
899 3594 1059 3646 usque
1110 3579 1179 3630 ad
1232 3578 1454 3634 DCCCC
1473 3580 1564 3634 1⁷1.
1619 3582 1821 3639 Abhinc

243 3661 365 3729 (scit.
395 3680 480 3717 an.
511 3665 642 3734 727)
672 3675 849 3718 autem
880 3684 995 3736 qua:
1015 3678 1563 3740 sequuntur,‘sumpta
1599 3684 1718 3726 sunt
1756 3689 1821 3727 ea:

239 3759 455 3826 apicibus
490 3774 747 3825 QUATUtilt
783 3779 1067 3819 accronuu
1097 3806 1111 3828 ,
1171 3765 1402 3819 videlicet
1452 3769 1821 3836 prreuommati

243 3849 493 3908 Bremouis
541 3855 945 3927 (Prumicusis)
1000 3859 1240 3922 abbatis,
1300 3858 1478 3911 domui
1530 3855 1821 3914 Hermanui

243 3942 521 4010 Contracti,
557 3959 605 4000 et
653 3949 709 4000 (ti
741 3950 900 4018 ciput'i
942 3949 1054 4019 ejus
1106 3949 1378 4002 Bertboldt’
1431 3961 1584 4020 atque
1641 3947 1822 4005 Δόηιηὶ

244 4030 478 4088 Bcrnoidi
505 4040 794 4108 presbyteri
830 4040 887 4093 S.
929 4040 1112 4093 Blasii.
1150 4039 1246 4093 llic
1296 4041 1471 4094 futiles
1525 4042 1698 4095 simul”
1739 4043 1822 4096 itt-

250 4121 484 4180 dicantur
512 4130 653 4184 undc
688 4146 788 4184 sua
834 4131 1133 4185 hauserunt
1181 4132 1385 4185 codicis
1423 4132 1580 4185 istius
1627 4133 1823 4202 compi-

253 4208 470 4280 latores,
524 4219 797 4287 simulque
842 4229 1024 4288 aperte
1081 4228 1302 4272 notatur
1349 4221 1647 4274 distinctio
1682 4221 1824 4274 inter

252 4305 422 4361 ambos
453 4306 747 4363 llermamii
781 4312 1210 4375 continuatores,
1236 4305 1585 4365 Bert‘holdum
1619 4311 1826 4366 scilicet

249 4395 352 4463 ejus
371 4400 712 4472 discipulum,
731 4413 786 4457 et
810 4403 1129 4458 Bernoldum
1155 4403 1212 4458 S.
1230 4403 1392 4458 Blasii
1420 4406 1817 4474 presbyterum,

251 4492 420 4548 ambos
447 4495 500 4548 in
553 4511 734 4551 unum
761 4497 1111 4552 Bcrtholdum
1158 4497 1630 4576 Constantlcusem
1667 4512 1818 4568 pres-

209 4575 214 4579 ’
248 4582 482 4654 bytcrum
521 4589 804 4661 hucusque
841 4606 1124 4661 perperam
1157 4575 1430 4646 confusos.

209 4663 215 4670 ’
315 4676 397 4732 XI.
442 4681 536 4735 llis
579 4682 798 4737 demttm
838 4685 1054 4739 codices
1106 4684 1196 4738 isti
1244 4685 1534 4755 subjiciunt
1591 4699 1710 4754 qum
1760 4683 1814 4740 in

251 4765 347 4821 line
375 4768 493 4824 libri
539 4775 694 4841 primi
725 4773 965 4830 chronici
996 4775 1292 4846 Reginonis
1334 4776 1586 4846 leguntur
1621 4777 1687 4831 ad
1718 4793 1814 4830 au-

253 4872 366 4909 mun
397 4857 489 4936 711
518 4880 531 4915 :
567 4862 847 4934 Hucusque
897 4882 1114 4936 regnum
1171 4863 1550 4931 Romanorum,
1597 4883 1660 4920 ex
1691 4867 1810 4922 hinc

255 4933 567 5005 Francorum
593 4967 939 5025 s'uppulutur;
979 4972 1100 5026 qua:
1130 4957 1312 5026 utique
1345 4958 1544 5012 rectius
1574 4959 1640 5012 ad
1675 4958 1816 5014 hunc

255 5053 433 5095 annum
459 5047 729 5113 pertinere
764 5049 1040 5110 videnlur,
1073 5062 1178 5115 quo
1206 5058 1358 5117 patre
1377 5047 1572 5103 Carolo
1605 5059 1815 5103 mortuo

255 5124 493 5198 Pippiuus
528 5140 773 5192 secunda:
804 5138 991 5208 stirpis
1025 5154 1208 5207 regum
1237 5140 1575 5195 Francorum
1621 5155 1816 5208 parcns

257 5222 466 5287 primum
498 5236 780 5296 potestate,
815 5232 937 5286 dein
983 5246 1073 5284 an.
1105 5230 1209 5285 752
1241 5234 1460 5287 nomine
1484 5245 1698 5300 quoque
1732 5248 1818 5286 re-

260 5313 336 5382 gio
373 5316 592 5375 Francis
619 5305 884 5394 imperare
914 5324 1102 5393 coepit,
1148 5341 1310 5394 quam
1350 5326 1419 5379 ad
1461 5339 1662 5376 aunmn
1689 5322 1811 5399 726,

259 5420 353 5472 quo
397 5409 446 5463 in
492 5411 970 5484 plerisque'etiam
1017 5418 1175 5472 editis
1227 5427 1520 5480 notantur,
1577 5423 1816 5502 tempore

1848 4455 1896 4514 D

1875 4584 1881 4592 ’
1921 4603 2007 4642 an.
2043 4588 2178 4642 1106
2205 4589 2419 4652 obiecit,
2441 4588 2553 4655 jam
2589 4597 2698 4640 tum
2729 4590 2844 4643 lucc
2876 4589 3006 4641 cella
3048 4600 3354 4644 consructa
3386 4603 3508 4644 esse

1925 3200 2155 3257 sidlense
2214 3211 2268 3256 et
2325 3204 2762 3259 Sau-Blasiauum
2816 3211 3164 3275 monasteria,
3225 3213 3506 3283 utriusque

1925 3290 2063 3348 forte
2122 3299 2428 3350 successive
2474 3298 2774 3365 alumnum,
2824 3299 2968 3352 illum
3026 3309 3203 3355 tamen
3251 3303 3508 3359 Chroniri

1890 3404 1894 3408 '
1925 3389 2082 3458 hujus
2104 3386 2270 3442 fuisse
2294 3389 2614 3458 scriptorem
2639 3391 2860 3443 dubium
2893 3392 3069 3446 adhuc
3097 3407 3378 3447 remanere
3407 3409 3510 3464 po-

1927 3489 2051 3534 test.
2080 3480 2217 3546 Quid
2263 3482 2405 3534 enim
2437 3497 2613 3536 causa:
2643 3483 2714 3536 sit
2753 3499 2851 3536 cur
2881 3484 2993 3554 ipse
3039 3485 3237 3538 nullam
3283 3501 3510 3556 prorsus

1925 3572 2004 3625 s;ii
2061 3574 2396 3636 niouasterii,
2427 3574 2580 3642 cujus
2619 3573 2784 3627 abbas
2815 3576 3114 3644 postulatus
3167 3575 3349 3642 fuerit,
3416 3579 3509 3632 sed

1925 3665 2084 3717 unius
2115 3665 2374 3718 duntaxat
2399 3667 2478 3720 sui
2510 3664 2890 3719 Son-Blasioni
2920 3669 3247 3723 mentionem
3277 3669 3510 3724 fecerit?

1925 3755 2175 3809 Occurrit
2209 3756 2278 3809 ibi
2325 3757 2541 3824 quidem
2592 3757 2658 3810 ad
2715 3773 2802 3810 an.
2865 3757 3020 3823 1120,
3051 3759 3143 3812 sed
3193 3762 3509 3814 recentiore

1886 3861 1891 3867 ‘
1925 3864 2087 3902 manu
2137 3847 2345 3915 adjecta
2399 3847 2512 3903 haec
2571 3856 2698 3902 nota
2732 3866 2744 3901 :
2781 3847 2979 3901 Eodem
3018 3857 3155 3903 a‘uuo
3185 3851 3386 3920 inceptu
3431 3863 3508 3908 est

1925 3943 2034 3995 Ito'c
2058 3944 2187 3996 ceila
2215 3944 2278 3996 ab
2322 3945 2506 3997 ubbnte
2530 3945 2864 4010 Adsc/tct’ino,
2902 3960 2994 3999 seu
3038 3947 3214 4000 verius
3245 3948 3311 4001 ab
3345 3947 3512 4002 Adel~

1926 4034 2124 4098 belmo,
2154 4036 2242 4103 qui
2296 4052 2383 4089 an.
2417 4034 2575 4098 1121,
2621 4035 2756 4090 Non.
2789 4037 2982 4107 April.,
3016 4053 3045 4092 a
3077 4040 3299 4094 Callisto
3328 4036 3509 4110 llipri-

1925 4124 2176 4195 vilcgium
2223 4127 2648 4182 centirmatiouis
2697 4131 2926 4198 accepit,
2964 4130 3197 4200 itemque
3245 4139 3342 4187 an.‘
3371 4134 3508 4187 1125

1924 4218 1990 4271 ab
2015 4217 2266 4272 ileinrico
2287 4218 2327 4272 γ
2378 4220 2508 4288 imp.
2533 4220 2852 4291 (iisuncorr
2878 4219 3090 4276 Genetii.
3119 4223 3344 4288 IIubsb.,
3372 4234 3501 4280 tom.

1925 4310 1984 4375 ll,
2023 4328 2074 4382 p.
2104 4312 2246 4386 145),
2299 4313 2350 4367 in
2384 4314 2537 4384 cujus
2575 4313 2866 4383 diplomate
2890 4308 3139 4385 regulare
3189 4319 3287 4371 hoc
3321 4334 3506 4373 mona-

1925 4404 2148 4458 sterium
2205 4413 2443 4473 tempore
2497 4403 2710 4458 llenrici
2741 4405 2920 4473 quarti
2969 4407 3110 4476 regis
3141 4405 3505 4463 Romanorum

1922 4495 2219 4550 honoriﬁce
2257 4504 2626 4550 constructum
2679 4497 2899 4550 dicitur.
2928 4495 3059 4550 Cum
3103 4513 3232 4567 ergo
3279 4498 3366 4552 ille
3394 4501 3506 4569 jam

1919 4677 2121 4739 debuit,
2155 4690 2254 4733 nec
2284 4678 2416 4733 adeo
2447 4679 2676 4748 primum
2707 4693 2796 4732 an.
2838 4679 2975 4732 1120
3005 4681 3263 4749 inetept'a,
3290 4689 3346 4732 ut
3369 4681 3507 4733 male

1918 4769 2024 4824 fert
2051 4771 2192 4825 dicta
2221 4771 2586 4840 interpolatio,
2619 4786 2739 4840 qua:
2769 4771 2930 4824 etiam
2978 4773 3130 4824 deest
3169 4773 3218 4824 in
3263 4773 3378 4841 ipso
3410 4774 3510 4826 lut—

1909 4866 1998 4937 jus
2046 4864 2297 4920 Chronici
2339 4865 2634 4935 exemplari
2682 4860 3092 4936 Eugclaergensi
3136 4864 3274 4920 :ubi
3327 4878 3506 4921 tamen

1923 4961 2026 5013 alia
2053 4976 2080 5012 a
2105 4959 2340 5013 secunda
2376 4974 2532 5011 manu
2563 4959 2888 5018 inserunzur,
2922 4959 3017 5020 uti,
3049 4973 3136 5010 au.
3173 4957 3309 5013 1125
3332 4959 3512 5014 obitus

1922 5049 2149 5102 Couradi
2182 5053 2246 5102 de
2279 5049 2648 5104 Scldeubureu
2677 5048 3007 5113 l'undaloris;
3037 5064 3124 5101 an.
3156 5048 3513 5118 il3l,obitus

1873 5141 1878 5146 ’
1922 5137 1982 5192 Β.
2014 5137 2346 5199 Adclhelmi;
2384 5153 2473 5191 an.
2516 5133 2671 5200 1178,
2703 5140 2932 5192 domnus
2973 5139 3260 5195 Frowinus
3290 5158 3514 5196 venera-

1922 5233 2046 5287 bilis
2075 5234 2243 5286 ahhas
2269 5239 2452 5285 noster
2477 5229 2519 5282 ll
2545 5228 2806 5296 decessit;
2844 5231 2970 5286 item
2999 5247 3088 5285 an.
3127 5231 3282 5298 1197,
3334 5233 3514 5288 obitus

1865 5331 1877 5336 ‘
1922 5322 1981 5375 Β.
2009 5313 2318 5383 Βενιιιοιάὶς
2343 5337 2428 5375 an.
2462 5319 2622 5385 1125,
2657 5320 2891 5377 lleinrici
2913 5320 2952 5386 l;
2982 5338 3071 5375 an.
3095 5322 3251 5382 12M,
3273 5322 3512 5377 lleiurici

1920 5415 1984 5479 ll,
2021 5423 2076 5468 et
2108 5430 2197 5467 an.
2251 5412 2412 5480 12ὸο,
2448 5413 2739 5471 Wernheri
2789 5415 3045 5470 abbatum
3090 5413 3320 5471 celebris
3357 5416 3514 5470 istius
