4062 5508
528 326 600 394 39
1361 318 1811 391 ﬂammatis
1845 315 2310 388 comssurus
2341 312 2648 385 nossent.
2689 318 3012 383 suemus.
3678 288 3681 291 ’
3721 320 3793 384 to

529 433 730 510 iiifulas
776 451 1275 526 Angelomont'an'as
1329 461 1609 524 asstimpto
1646 450 1919 508 Frowino.
1955 448 2114 505 Certe
2141 452 2193 512 Α
2217 459 2344 501 cens
2367 444 2415 501 is
2440 452 2546 510 est,
2571 450 2627 500 ct
2655 456 2718 496 ex
2754 438 3011 512 Aegiensi
3035 429 3224 496 codice
3250 436 3553 512 deacriptus
3591 442 3792 500 saeculo

530 546 583 600 in
607 554 908 602 memorato
928 543 1198 599 Chronico
1218 545 1404 599 ultima
1429 543 1485 601 S.
1515 544 1673 600 Blasii
1699 544 1907 600 mentio
1923 548 2117 600 occurs

529 638 602 694 rit
631 638 699 693 ad
727 646 928 692 annum
962 635 1120 702 ms,
1156 650 1264 705 quo
1312 634 1462 691 illum
1492 635 1947 708 Engelbergensis
2001 648 2117 689 mo-

529 727 757 783 nasterii
793 727 1035 797 regimen
1087 727 1391 797 suscepisse
1417 735 1485 783 ex
1514 727 1830 783 demesticis
1861 727 1974 782 suis
1997 743 2116 782 πηοε-

529 818 806 875 nnmentis
833 818 1128 890 conjiciunt
1162 818 1527 875 Einsidlenses
1557 819 1729 874 nostri
1762 816 2117 875 eruditissimi

530 910 763 975 sodales,
788 908 1109 980 Necrologio
1136 909 1392 975 maxime,
1421 909 1475 964 in
1504 925 1614 980 quo
1648 910 1716 964 ad
1766 909 1970 965 dictum
2020 923 2117 963 an-

531 1018 661 1058 num
681 1002 830 1082 .1145
864 1002 1213 1057 Frowiniana
1243 1013 1338 1058 seu
1369 1002 1519 1072 prior
1544 1016 1735 1056 manus
1761 1001 1994 1056 desinat.

602 1093 720 1148 XII.
750 1092 1057 1148 Receusitis
1109 1093 1391 1163 hucusque
1429 1092 1684 1149 Chronici
1730 1090 2115 1147 liermanniani

532 1185 829 1250 codicibus,
854 1194 912 1239 ut
951 1186 1024 1240 ita
1073 1185 1269 1249 dicam,
1317 1184 1650 1247 domesticis,
1681 1182 2119 1239 adnumerandus

532 1293 747 1349 quoque
769 1278 917 1331 venit
946 1276 1347 1343 Gottwicensis,
1377 1268 1431 1331 in
1463 1275 1818 1332 Celeberrimo
1840 1274 1999 1343 hujus
2024 1292 2122 1331 nod-

534 1367 697 1422 minis
715 1366 951 1422 Austria:
973 1367 1247 1423 inferioris
1270 1366 1602 1422 monasterio
1615 1374 1883 1436 repertus,
1902 1366 1954 1419 in
1976 1365 2117 1435 quod

532 1455 739 1527 pariter
782 1472 815 1510 θ
841 1456 902 1510 D.
934 1455 1111 1511 Blasio
1145 1455 1321 1525 prima
1362 1454 1592 1509 fratrum
1621 1453 1833 1509 colonia
1879 1453 2119 1508 immissa

531 1554 635 1614 est,
665 1546 889 1603 ductore
950 1546 1284 1602 Iiartmanno
1336 1546 1555 1611 abbate,
1607 1545 1682 1600 uti
1713 1534 2013 1601 Bernoldus
2065 1544 2119 1598 in

531 1636 810 1698 Chronico
840 1638 907 1694 ad
934 1650 1140 1694 annum
1175 1637 1307 1694 1094
1334 1644 1576 1694 enarrat.
1611 1636 1665 1691 Id
1698 1651 1823 1690 vero
1851 1634 2122 1723 peculiare

533 1730 701 1788 habet
765 1732 935 1787 Codex
997 1731 1123 1798 iste,
1163 1731 1305 1801 quod
1333 1730 1569 1802 primum
1617 1745 1707 1784 an.
1742 1728 1845 1784 726
1876 1727 2114 1799 incipiat,

2218 537 2433 593 demum
2464 550 2554 590 xw
2569 534 2681 605 jam
2709 532 2774 586 ad
2798 530 2958 587 linem
2980 539 3256 603 vergente.
3283 530 3505 588 Constat
3527 533 3578 588 id
3591 535 3792 603 partim

2218 642 2285 683 ex
2318 627 2435 698 ipso
2461 627 2799 689 charactere,
2826 623 3026 695 partim
3057 632 3111 679 et
3133 624 3402 695 pracipue
3426 640 3494 680 ex
3533 624 3792 698 frequens

2221 709 2445 775 tissimis
2476 715 3005 788 interpolationibus,
3029 713 3339 771 liermanno
3361 716 3587 773 multum
3612 728 3798 790 postes

2218 810 2469 874 fioribus,
2500 825 2622 882 qua:
2645 807 2955 865 successiVe
2984 808 3037 863 in
3064 809 3306 864 codicem
3332 810 3653 880 Augiensem
3680 822 3794 869 tam

2219 903 2272 958 in
2306 903 2549 974 margine
2578 914 2738 972 quam
2764 899 2985 972 reliquis
3012 901 3203 972 spatiis
3231 902 3416 957 vaCuis
3438 903 3793 974 irrepserunt.

2220 1005 2382 1066 atque
2409 1004 2478 1052 ex
2514 995 2642 1052 hinc
2673 1010 2778 1050 una
2823 1008 3014 1050 omnes
3059 993 3113 1050 in
3139 994 3512 1066 Augustanum
3554 1012 3794 1068 quoque,

2218 1098 2273 1144 ct
2299 1088 2424 1143 inde
2449 1086 2568 1143 sint.
2600 1086 2747 1142 omni
2778 1086 2906 1141 crisi
2940 1086 2995 1141 in
3023 1085 3301 1142 Canisium
3330 1086 3653 1155 "nigrarum.
3688 1086 3794 1143 Sed

2220 1188 2274 1234 et
2302 1179 2370 1234 ab
2397 1179 2512 1249 ipso
2551 1193 2651 1234 suo
2681 1185 2970 1249 prolotypo
3011 1176 3266 1248 Augieusi
3303 1178 3498 1248 saepius
3525 1178 3797 1248 discrepat

2217 1280 2444 1342 ectypon
2472 1270 2879 1342 Augustannm,
2912 1271 2965 1324 in
2997 1284 3104 1340 quo
3131 1268 3275 1325 facta
3301 1270 3495 1325 crebro
3521 1272 3588 1324 ad
3628 1269 3797 1324 alium

2218 1378 2418 1418 annum
2444 1360 2774 1439 referentur,
2799 1360 3093 1431 aliquando
3115 1359 3324 1429 integra
3354 1368 3619 1416 commata
3639 1362 3798 1415 omit-

2222 1463 2430 1521 tuntur,
2473 1462 2569 1509 aut
2608 1468 2893 1527 perperam
2942 1452 3105 1508 etiam
3149 1461 3463 1508 exarantur.
3513 1452 3646 1508 Rem
3690 1466 3797 1509 uno

2221 1546 2470 1617 ekentplo
2500 1546 2785 1603 declarare
2828 1544 3079 1612 sufﬁciat,
3116 1546 3195 1601 uti
3230 1540 3422 1601 saltent
3454 1545 3507 1600 in
3542 1542 3797 1618 Basnagii

2220 1639 2461 1695 editione
2509 1637 2729 1706 legitur.
2777 1636 3067 1709 Augiensis
3114 1637 3182 1691 ad
3229 1652 3320 1694 an.
3365 1637 3498 1693 1011
3554 1637 3796 1694 scribitt

2220 1722 2580 1786 lmtentrudis
2613 1725 3061 1800 Buocltaugiensis
3095 1729 3358 1784 abbatissa
3386 1729 3692 1784 renerabilis
3716 1730 3802 1783 de-

531 1830 697 1893 ntque
745 1822 1018 1881 Bernoldo
1071 1823 1301 1878 multum
1347 1822 1526 1878 adhuc
1573 1821 1792 1878 brevius
1825 1819 2117 1875 llermanni
2149 1811 2194 1872 Β
2222 1823 2396 1887 cessit,
2420 1823 2570 1895 eique
2605 1821 2862 1876 Abarhild
2896 1820 3163 1876 abbatissa
3193 1821 3473 1886 successit;
3500 1817 3653 1889 cujus
3681 1820 3800 1877 loco

530 1916 912 1986 compendium
942 1910 1207 1981 sistat,ab
1245 1924 1388 1970 anno
1413 1923 1593 1969 autem
1623 1913 1730 1970 9ιο
1766 1912 2115 1984 usqne1052.

533 2020 644 2075 quo
670 2005 810 2072 linit,
860 2020 986 2061 cum
1036 2004 1274 2060 Murensi
1323 2019 1389 2060 ac
1435 2003 1857 2076 Engelbergensi
1889 2003 2002 2059 fere
2051 2001 2120 2058 ad

532 2094 761 2151 verbum
798 2095 1112 2151 concordet.
1138 2093 1342 2158 Fallor,
1368 2101 1463 2148 aut
1489 2093 1617 2149 hinc
1645 2101 2017 2162 transumptus
2039 2099 2120 2149 est

534 2185 709 2241 codex
744 2186 1084 2252 Mellicensis,
1110 2201 1270 2255 quem
1315 2185 1487 2241 edidit
1528 2182 1590 2239 P.
1623 2183 1770 2240 llier.
1795 2184 1898 2239 Pcz
1941 2182 2120 2239 tom.l

534 2276 740 2347 Script.
788 2278 994 2341 Austr.,
1049 2293 1101 2348 p.
1156 2272 1278 2342 163,
1315 2292 1423 2347 quo
1468 2274 1764 2332 Hermanni
1812 2274 2120 2331 Chronicon

513 2369 745 2440 'pariter
768 2367 1073 2427 continetur
1096 2367 1163 2422 ab
1188 2367 1561 2423 incarnatione
1587 2365 1821 2427 Domini.
1850 2363 1948 2419 llic
1972 2365 2119 2419 enim

534 2473 661 2515 cum
688 2457 1040 2520 Gottwicensi
1087 2457 1156 2513 ab
1187 2473 1330 2514 anno
1358 2456 1463 2512 7ἳο
1499 2472 1671 2527 usque
1717 2455 1875 2520 1040,
1907 2456 1996 2510 ubi
2033 2456 2121 2513 hic

535 2552 708 2609 fusior
730 2566 854 2608 esse
879 2551 1089 2622 incipit,
1114 2551 1252 2608 idem
1281 2552 1348 2607 ad
1368 2551 1574 2621 apicem
1595 2559 1702 2616 est,
1721 2548 1966 2619 exceptis
1987 2550 2124 2605 dun-

537 2651 689 2697 taxat
717 2641 1132 2714 particularibus
1176 2642 1530 2712 quibusdam,
1563 2641 1750 2712 Angias
1785 2649 1837 2696 et
1879 2639 1940 2695 S.
1977 2639 2120 2696 Galli

474 2780 478 2784 .
539 2734 790 2791 caenobia
827 2734 1229 2803 spectantibus,
1287 2749 1409 2804 qua:
1455 2732 1654 2803 szepius
1705 2730 1908 2786 omittit
1946 2722 2121 2786 Melli-

536 2826 737 2891 censis,
753 2839 1048 2895 eorumque
1065 2823 1183 2880 loco
1196 2822 1454 2895 specialia
1476 2822 1722 2892 quadam
1752 2820 1984 2876 Austrire
2013 2835 2124 2875 sure

542 2926 692 2988 gesta
718 2915 1017 2978 interserit,
1036 2913 1186 2969 salvo
1200 2913 1420 2971 interim
1438 2921 1690 2969 manente
1716 2911 1923 2981 reliquo
1948 2920 2121 2973 textu.

539 3011 618 3068 De
633 3010 806 3067 altero
837 3007 1194 3065 Gottwicensi
1215 3007 1423 3070 codice,
1446 3006 1540 3077 qui
1560 3004 1890 3062 Bernoldum
1913 3004 2116 3060 auctio-

540 3117 660 3158 rem
687 3099 1089 3171 complectitur,
1121 3099 1336 3154 dicetur
1366 3098 1527 3154 alias.

2222 1932 2324 1972 ms.
2354 1915 2749 1987 Augustalium,
2782 1923 2837 1971 et
2864 1927 2932 1968 ex
2954 1927 3019 1969 eo
3040 1912 3289 1969 Canisius
3312 1928 3471 1969 sensu
3492 1913 3648 1985 plane
3671 1927 3803 1969 eon-

2225 2007 2397 2063 trario
2457 2007 2608 2077 ponit
2649 2015 2666 2060 :
2729 2004 3087 2060 Irmeatrudio
3141 2002 3591 2074 ercltaugiensis
3637 2004 3800 2060 abbas

2222 2098 2368 2164 obiit,
2400 2098 2547 2169 eique
2593 2095 2848 2151 Abarltild
2895 2096 3055 2150 abbas
3097 2097 3364 2152 successit.
3397 2095 3550 2162 Quod
3581 2095 3798 2165 quidem

2223 2188 2613 2253 Mabiilonium,
2642 2195 2698 2244 et
2721 2194 2980 2257 quantum
3016 2183 3228 2240 virum?
3255 2200 3320 2240 eo
3343 2194 3513 2256 usque
3542 2186 3595 2241 in
3627 2194 3803 2242 Iraus‘

2222 2243 2437 2335 versum
2483 2243 2612 2348 egit,
2657 2243 2898 2333 ut.tom.
2937 2243 3010 2333 ἵν
3045 2277 3240 2333 Annal.
3291 2243 3513 2345 Bene-(1.,
3561 2294 3646 2349 p.-
3670 2278 3801 2347 279,

2223 2371 2406 2426 nescio
2443 2371 2586 2440 quod
2621 2371 2861 2440 ignotum
2893 2368 3288 2424 monasterium
3318 2368 3514 2424 exinde
3550 2365 3803 2437 scilicet:a

2224 2463 2317 2528 rit,
2349 2460 2502 2531 cujus
2542 2460 2802 2517 memoria
2824 2460 2937 2531 jam
2971 2459 3260 2538 exciderit.
3303 2459 3415 2531 Nec
3451 2461 3622 2517 semel
3661 2462 3801 2517 idem

2212 2560 2504 2624 peccatum
2558 2562 2817 2621 peccasse
2866 2557 3181 2616 contentus,
3226 2548 3295 2604 ad
3336 2565 3427 2625 an.
3481 2550 3640 2628 1.027,
3686 2550 3806 2606 loco

2224 2639 2489 2710 Hiltegart
2521 2638 2881 2710 Buochaug’iaa
2908 2633 3175 2703 abbatissa
3203 2624 3443 2710 efﬁcitur,
3471 2624 3608 2708 quod
3641 2641 3805 2696 habet.

2223 2731 2537 2803 Augiensis,
2569 2747 2759 2787 rursus
2793 2748 2979 2789 crassa
3016 2732 3338 2804 negligentia
3371 2734 3531 2803 ponit.
3553 2731 3806 2804 lliltigart

2227 2823 2553 2894 Buchaugiw
2573 2823 2734 2877 abbas
2759 2825 2996 2894 injicitur.
3045 2823 3233 2878 Plures
3260 2821 3524 2893 ejusmodi
3559 2824 3701 2879 haud
3728 2833 3808 2879 ιο⁵

2228 2913 2439 2971 lerandi
2469 2928 2688 2969 errores
2713 2922 2968 2969 notantur
2992 2914 3132 2969 infra
3161 2913 3188 2986 §
3215 2913 3299 2980 Ill,
3321 2930 3377 2969 η.
3404 2914 3492 2979 19,
3513 2914 3605 2984 qui
3628 2924 3807 2970 tamen

2225 3021 2417 3063 omnes
2450 3022 2482 3061 a
2511 3005 2806 3062 lectoribus
2836 3004 2995 3065 facile
3020 3005 3508 3077 deprehendantur.
3560 2999 3809 3063 Accessit

2229 3096 2297 3153 ad
2325 3111 2575 3155 errorum
2604 3103 2661 3151 et
2688 3094 3028 3167 deceptionis
3051 3097 3348 3163 cumulum,
3387 3097 3528 3168 quod
3558 3096 3809 3153 Canisins

614 3191 754 3246 XIII.
780 3165 917 3246 Dum
948 3205 1078 3246 vero
1100 3189 1309 3256 cuncti,
1347 3204 1486 3259 quos
1532 3189 1814 3259 hucusque
1841 3187 2123 3247 recen'sui-
2151 3165 2197 3229 (ἶ
2230 3189 2476 3246 codicem
2507 3205 2691 3255 suum,
2722 3165 2941 3246 alin—nde
2979 3199 3064 3245 sat
3098 3165 3475 3260 depravatum,
3513 3180 3811 3259 majoribus

543 3296 690 3349 mus,
714 3280 1008 3337 Hermanni
1033 3280 1249 3336 codices
1279 3289 1389 3336 tam
1416 3289 1540 3352 apte
1567 3295 1670 3335 non
1703 3280 1756 3334 in
1782 3279 2127 3351 generalibus

543 3373 739 3439 modo,
776 3373 871 3429 sed
902 3372 988 3427 vel
1027 3373 1266 3428 maxime
1286 3372 1359 3427 in
1398 3371 1828 3444 particularibus
1859 3371 2130 3437 Constan-

543 3465 737 3525 tiensis
763 3465 1064 3522 dimceseos
1094 3465 1256 3521 rebus
1291 3464 1616 3520 enarrandis
1666 3464 1810 3519 inter
1837 3478 1961 3520 sese
2002 3478 2132 3521 con-

543 3560 807 3624 sentiunt,
835 3558 1061 3614 omnino
1095 3559 1150 3613 in
1187 3558 1379 3617 eadem
1409 3573 1625 3629 quoque
1657 3557 1880 3619 dioecesi
1917 3555 2130 3614 exarati

544 3652 819 3716 videntur,
841 3661 897 3705 et
916 3650 1158 3720 quidem,
1184 3660 1247 3706 ut
1266 3666 1331 3706 es
1354 3650 1469 3722 jam
1505 3650 1666 3707 dictis
1694 3650 1838 3704 haud
1861 3648 2131 3705 immerito

545 3742 891 3815 conjicimus,
917 3742 969 3797 in
997 3752 1188 3799 nostro
1210 3742 1274 3797 Β.
1300 3741 1466 3798 Blasii
1492 3741 1846 3808 monasterio,
1877 3750 1933 3797 et
1954 3757 1984 3795 a
2008 3740 2131 3813 plu-

547 3835 700 3891 ribus
723 3832 1104 3904 scriptoribus.
1140 3848 1333 3904 agmen
1365 3844 1547 3890 tamen
1576 3834 1811 3891 ducente
1839 3832 2129 3899 Bernoldo,

545 3924 843 3981 cbronicon
874 3922 1166 3981 Hermanni
1193 3923 1244 3977 in
1270 3920 1646 3993 compendium
1682 3922 1952 3992 quoddam
1986 3922 2133 3978 redi-

551 4023 749 4084 gente,
795 4015 939 4084 quod
968 4014 1093 4069 dein
1138 4020 1233 4068 aut
1281 4013 1457 4085 magis
1501 4013 1680 4069 adhuc
1717 4022 2132 4079 contraxerunt,

551 4112 648 4159 aut
681 4121 748 4159 ex
766 4104 898 4165 ,aliis
919 4104 1197 4159 chronicis
1220 4103 1340 4174 plus
1370 4104 1550 4160 minus
1578 4104 1994 4176 interpolarunt,
2018 4113 2132 4171 aut,

550 4202 714 4265 prout
756 4207 789 4247 a
832 4193 1099 4248 Bernoldo
1143 4202 1483 4250 contractum
1517 4203 1658 4261 erat,
1710 4194 2132 4265 descripserunt.

550 4286 630 4342 Eo
672 4284 818 4340 enim
870 4296 1113 4355 tempore
1166 4265 1538 4359 describendis
1594 4285 1749 4341 libris
1797 4293 1854 4342 et
1900 4284 2138 4340 maxime

552 4378 830 4434 chronicis
860 4379 1018 4434 unice
1052 4377 1166 4449 fere
1193 4378 1462 4449 vacabant
1493 4380 1764 4448 monachi,
1801 4380 1947 4453 unde,
1970 4380 2135 4455 etiam
2196 4446 2201 4449 τ

555 4480 703 4527 tanta
732 4472 1141 4539 cbronicorum,
1174 4489 1209 4528 a
1243 4475 1524 4530 monachis
1564 4474 1884 4545 plerumque
1913 4475 2137 4531 concin-

552 4572 830 4628 natorum,
861 4561 1096 4634 farrago.
1121 4563 1196 4618 Es
1231 4565 1332 4619 hac
1353 4563 1467 4633 jam
1489 4564 1751 4621 liueraria
1773 4580 1915 4636 penu
1939 4564 2137 4620 fratres

552 4653 622 4708 ad
675 4654 864 4709 extera
920 4657 1251 4709 monasteria
1304 4656 1636 4714 instituenda
1688 4654 1896 4711 dimissi
1941 4664 2137 4727 praeter

552 4753 752 4801 caetera
789 4745 1097 4800 necessaria
1138 4745 1419 4808 codicibus
1455 4760 1673 4816 quoque
1706 4744 2135 4812 instruebantur,

553 4851 691 4906 quos
715 4850 903 4892 secum
925 4837 992 4890 ad
1016 4850 1185 4891 novas
1215 4836 1348 4890 istas
1369 4835 1608 4892 colonias
1633 4836 1957 4891 detulerunt.
1987 4835 2136 4903 Qua-

554 4923 636 4981 les
657 4912 781 4981 cum
808 4945 840 4982 c
870 4926 933 4980 D.
958 4925 1138 4982 Blasio
1163 4926 1365 4995 fuerint
1389 4927 1647 4998 praedicta
1675 4927 2027 4994 monasteria,
2049 4942 2139 4983 co-

556 5016 707 5072 dices
733 5031 950 5091 quoque
998 5018 1119 5073 illos
1153 5019 1348 5074 exinde
1384 5018 1659 5088 accepisse
1687 5018 1955 5074 censenda
1985 5026 2134 5085 sunt,

556 5109 795 5164 maxime
823 5108 966 5179 quod
996 5123 1189 5165 omnes
1208 5118 1422 5164 aetatem
1454 5108 1744 5178 prazferant
1763 5124 1867 5178 qua
1894 5109 1982 5164 illa
2014 5108 2138 5164 fun-

559 5197 684 5242 data
718 5205 863 5242 sunt-
891 5197 1020 5242 lmle
1047 5196 1250 5242 factum
1278 5205 1338 5242 ul
1363 5197 1508 5242 aliud
1539 5206 1713 5242 mater
1741 5197 1978 5242 sinistris
2003 5208 2141 5242 nam.

2231 3284 2408 3339 adhuc
2438 3300 2468 3339 a
2498 3300 2557 3340 se
2588 3284 2799 3340 mendis
2824 3299 3129 3359 respersum
3156 3283 3479 3355 vulgaverit,
3507 3294 3562 3339 et
3592 3284 3671 3339 sic
3704 3297 3814 3338 ma.

2226 3374 2364 3446 joris
2385 3375 2602 3446 quidem
2634 3373 2809 3441 molis,
2837 3374 3060 3430 minoris
3090 3382 3267 3430 tamen
3292 3372 3417 3428 Iidei
3441 3371 3809 3428 ilermnunum

2232 3465 2351 3520 orbi
2381 3465 2649 3520 litterario
2674 3465 2993 3521 obtrnserit.

2301 3558 2421 3615 XV.
2447 3558 2630 3614 Codici
2653 3559 2983 3631 Augustano,
3015 3557 3060 3611 si
3086 3551 3385 3628 sphalmata
3411 3554 3675 3624 excipias,
3700 3564 3814 3611 ma«

2231 3650 2314 3722 gis
2339 3666 2502 3722 quam
2531 3651 2748 3705 caeteris
2777 3648 3103 3705 editionibus
3126 3655 3381 3702 convenit
3404 3646 3815 3714 antiquissimus

2234 3744 2405 3801 codex
2473 3740 3068 3799 San-Emmeramensis
3128 3736 3442 3808 principalis
3497 3736 3813 3793 Ratisbonm

2233 3834 2575 3899 monasterii,
2604 3833 2804 3889 sseculo
2831 3848 2884 3887 χι
2913 3830 3056 3886 haud
3085 3830 3174 3884 diu
3202 3840 3324 3900 post
3352 3826 3647 3886 Hermannl
3678 3838 3814 3884 tem-

2233 3939 2369 3996 pora
2392 3925 2627 3994 scriptus
2655 3922 2874 3987 ibidem,
2900 3929 2959 3975 ut
2994 3929 3142 3990 patet
3165 3935 3232 3975 ex
3259 3920 3325 3975 iis
3349 3934 3468 3991 quae
3493 3918 3561 3975 de
3592 3918 3652 3974 S.
3682 3920 3810 3975 Em-

2234 4033 2482 4089 meramo
2524 4028 2581 4073 et
2613 4015 2908 4071 Ratisbona
2948 4021 3262 4078 occurrunt,
3303 4013 3520 4068 omissis
3562 4026 3814 4069 nonnun-

2234 4125 2397 4181 quam
2428 4107 2534 4163 illis
2568 4121 2688 4178 qua:
2715 4104 3184 4160 Constantiensem
3220 4102 3512 4159 llermanni
3540 4103 3815 4159 dimcesim

2236 4208 2591 4258 concernunt.
2621 4197 2846 4254 Orditur
2866 4206 3045 4252 autem
3076 4197 3145 4252 ab
3174 4212 3317 4251 anno
3350 4195 3476 4262 578,
3510 4203 3570 4251 ut
3603 4194 3819 4253 Urstisii

2237 4289 2734 4359 San-Georgianus,
2766 4295 2820 4343 et
2852 4287 2920 4343 ad
2944 4301 3147 4342 annum
3183 4286 3323 4342 1054
3352 4286 3569 4342 desinit.

2306 4382 2445 4439 XVI.
2496 4382 2571 4436 Ex
2620 4381 2812 4437 eodem
2843 4395 2950 4453 quo
2994 4380 3341 4453 Augustanus
3371 4379 3520 4437 fonte
3561 4380 3820 4452 Augiensi

2237 4471 2495 4545 proﬂuxit
2518 4471 2682 4526 etiam
2719 4470 3071 4525 Einsidlensis
3098 4471 3287 4539 codex,
3318 4469 3592 4525 mediante
3622 4470 3820 4529 saeculo

2242 4579 2334 4620 xw
2359 4563 2412 4618 in
2443 4561 2757 4619 Fabaricnsi
2789 4561 3116 4616 monasterio
3147 4562 3405 4631 scriptus,
3433 4569 3592 4631 prout
3619 4562 3672 4617 in
3703 4561 3824 4632 ejus

2243 4654 2424 4710 fronte
2449 4653 2552 4708 alia
2583 4667 2744 4707 manu
2785 4660 3005 4707 notatur
3033 4669 3045 4707 :
3080 4650 3252 4706 Istum
3282 4652 3474 4706 librum
3497 4651 3613 4719 ﬁeri
3634 4669 3826 4714 procu-

2244 4747 2375 4803 ravi!
2408 4744 2767 4810 Harmanuus,
2794 4759 2978 4814 genere
3006 4742 3070 4797 de
3092 4742 3324 4823 Arbona,
3348 4743 3507 4798 abbas
3530 4744 3692 4813 hujus
3713 4760 3825 4798 mc-

2206 4902 2211 4907 ,
2245 4839 2461 4895 nasterii
2498 4836 2858 4901 Fabariensis,
2897 4852 3037 4911 anno
3068 4836 3279 4915 Domini
3315 4836 3591 4891 mil.‘asimo
3622 4846 3824 4891 trecen-

2244 4932 2426 4987 tesimo
2445 4929 2872 5009 quinquagesimo
2892 4937 3037 4984 sexto
3062 4929 3312 5000 scriptum
3334 4929 3387 4982 in
3406 4925 3587 4982 eodem
3608 4944 3823 4982 monas-

2241 5023 2392 5079 terio.
2410 5019 2751 5077 Hermannus
2767 5020 2853 5075 hic
2867 5035 2935 5076 ex
2957 5019 3154 5075 Eremo
3180 5018 3349 5074 abbas
3362 5035 3390 5072 a
3406 5016 3824 5073 Fabariensibus

2246 5113 2568 5185 postulatus,
2598 5110 2844 5168 codicem
2872 5109 3231 5187 Augiensem,
3253 5109 3343 5180 qui
3377 5117 3523 5174 tunc,
3558 5107 3821 5162 incertum

2246 5217 2354 5242 mm
2393 5201 2501 5242 fnln
2567 5201 2703 5242 nnurl
2742 5199 3108 5242 Itfinaitllnnene
3136 5207 3273 5242 erat-
3310 5197 3720 5242 dnwrilmmlnm
3755 5195 3823 5242 ab
