4062 5508
232 364 292 420 ιι
1165 347 1617 409 DISSERTA'I‘IO
1653 347 1745 404 DE
1783 338 2142 404 HERMANNI
2181 339 2553 403 ClIIlONlCO.
3407 342 3477 399 ιε

234 468 660 534 dum,etretiuuit
685 467 792 537 ipse
820 465 1226 519 uetustissimum
1251 473 1485 517 nostram
1515 461 1727 523 librum,
1750 467 1797 512 et
1828 461 1876 519 Α
1902 459 2040 512 siam
2096 457 2262 510 sentit
2311 474 2324 509 :

233 564 365 616 dedit
409 559 558 613 nobis
586 558 749 611 istum
789 572 1000 610 nouunt.
1046 553 1157 610 Nec
1196 555 1285 609 diu
1333 563 1512 606 tamen
1557 549 1804 605 Fabarim

2374 456 2570 525 partim
2603 455 2833 526 denique
2870 463 2924 510 et
2953 454 3294 526 potissimum
3343 455 3487 525 quod

1905 551 2268 621 descriptores
2291 550 2460 604 variis
2488 550 2540 604 in
2569 549 2703 604 locis
2729 550 3043 616 existentes,
3069 549 3226 605 factis
3259 561 3490 621 genera-

235 651 445 706 haisse
464 648 681 702 videtur
701 646 985 718 Aegiensis
1004 646 1194 709 codex,
1225 638 1335 714 jam
1360 652 1473 697 tum
1498 639 1804 695 vetnstissi-
1904 642 2065 706 libus,
2108 650 2203 696 aut
2239 656 2359 711 qua:
2385 641 2488 696 sibi
2538 642 2712 711 magis
2769 642 3104 710 arridebant,
3137 643 3366 698 retentis
3390 651 3491 699 aut

235 757 347 797 mus
382 739 618 803 habitus,
651 737 722 792 ad
770 737 944 792 locum
989 735 1217 806 originis
1256 749 1368 790 sure
1405 733 1546 788 forte
1575 731 1687 800 jam
1712 747 1804 786 an.

237 833 359 889 l361
386 843 668 895 reversus,
702 846 808 900 quo
841 828 1072 883 ﬂammis
1101 828 1262 899 periit
1291 826 1543 882 Fabaria.
1580 826 1720 879 Ante
1746 823 1809 877 li-

236 941 350 980 nem
379 923 566 979 saltem
596 922 778 978 szeculi
807 937 895 976 xlv
915 920 1028 989 jam
1061 920 1248 990 Augiae
1276 919 1445 973 fuisse
1472 919 1805 982 restitutum,

239 1023 543 1085 argumento
565 1023 694 1067 sunt
717 1011 1162 1082 interpolatioues
1186 1010 1255 1063 ab
1275 1024 1341 1063 eo
1359 1018 1598 1078 tempore
1626 1006 1811 1076 Angia:

239 1102 286 1156 in
313 1103 494 1158 codice
525 1102 618 1156 illo
651 1101 964 1170 factm,qu:e
988 1116 1093 1154 non
1116 1098 1384 1155 habentur
1406 1097 1458 1150 in
1484 1095 1812 1150 Einsidlensi

240 1194 471 1249 Fabarim
505 1203 754 1257 exarato,
787 1192 921 1246 bene
951 1207 1078 1246 vero
1110 1192 1162 1245 in
1188 1190 1522 1260 Augustano,
1560 1187 1650 1256 qui
1675 1191 1812 1241 adeo

237 1284 552 1340 Einsidlensi
583 1284 853 1354 posterior
875 1291 980 1338 est.
1024 1282 1116 1337 Sic
1141 1321 1157 1347 ,
1204 1282 1436 1352 exempli
1468 1282 1662 1353 gratia,
1687 1291 1814 1336 anile

238 1393 424 1432 annum
452 1377 564 1434 882
594 1379 650 1431 in
692 1377 956 1447 superiori
1005 1377 1246 1445 margine
1285 1391 1455 1430 vacuo
1485 1376 1598 1430 haec
1628 1385 1814 1428 notata

238 1474 436 1525 suntin
487 1469 796 1540 Augiensi:
835 1466 968 1521 Nota
1005 1483 1018 1520 τ
1072 1465 1380 1519 Burkardus
1433 1466 1702 1534 episwpus
1749 1464 1814 1517 de

241 1560 420 1616 Hewen
488 1561 594 1630 fuit
647 1560 976 1614 introductus
1028 1555 1389 1612 Constantium
1443 1567 1629 1627 quarta
1681 1555 1814 1624 [cria

241 1664 346 1709 ante
379 1654 809 1724 Assumptionem
863 1653 1025 1705 beata:
1087 1649 1316 1718 Virginis
1364 1663 1504 1702 anno
1557 1644 1814 1717 [MCCC]

239 1742 594 1798 LXXXVIII
624 1743 694 1796 ab
716 1741 1074 1795 incarnatione
1093 1739 1333 1801 Domini;
1359 1747 1406 1791 et
1435 1747 1555 1790 ante
1577 1737 1818 1802 proxima

1907 733 2223 798 contractis,
2273 742 2329 788 et
2373 732 2592 788 omissis
2644 733 3081 803 particularibus,
3135 733 3311 789 aliena
3368 734 3489 790 loca

1907 840 2000 879 seu
2044 825 2294 893 regiones
2347 824 2740 893 spectantibus,
2770 839 2956 880 eorum
2996 823 3116 880 loco
3161 824 3492 884 inseruerlnt

1910 914 1997 968 illa
2035 930 2156 984 quae
2179 913 2476 984 provinciis
2503 914 2590 968 ubi
2621 913 2929 970 scribebant
2967 917 3137 984 magis
3163 915 3377 984 propria
3407 915 3493 968 vi-

1909 1006 2206 1070 debantur;
2239 1002 2395 1072 cujus
2427 1003 2502 1058 rei
2549 1004 2850 1073 exemplum
2888 1003 2969 1059 vel
3000 1004 3146 1060 solus
3192 1003 3494 1062 Bernoldus

1913 1112 2034 1152 cum
2091 1096 2400 1151 Ilermanno
2448 1095 2672 1152 collatus
2724 1096 3205 1153 luculentissimum
3263 1099 3490 1169 przebel.

1915 1190 2096 1258 Atque
2129 1188 2254 1243 hinc
2283 1189 2408 1243 dum
2439 1189 2529 1242 alii
2556 1189 2638 1243 vel
2659 1203 2724 1243 ex
2755 1189 2970 1259 propria
3003 1191 3195 1245 notitia
3235 1191 3494 1246 nonnulla

1915 1283 2029 1337 suis
2083 1281 2482 1351 exemplaribus
2535 1292 2933 1352 apposuerunt,
2980 1283 3063 1338 vel
3120 1293 3179 1338 ut
3232 1285 3494 1355 scriptum

1918 1392 2073 1432 suum
2101 1388 2380 1447 angerent,
2405 1393 2467 1432 ex
2501 1379 2839 1433 diversorum
2880 1379 3154 1434 chronicis
3183 1379 3339 1449 plura
3366 1379 3497 1433 ado-

1916 1476 2158 1536 piarunt,
2209 1483 2344 1522 nova
2402 1471 2554 1537 quasi
2607 1469 2916 1539 compilatio
2960 1469 3220 1524 chronica
3277 1471 3499 1541 prodire

1919 1556 2120 1621 debuit,
2149 1557 2240 1610 uni
2275 1568 2452 1611 lainen
2482 1559 2766 1628 eidemque
2804 1574 2945 1630 saepe
2985 1560 3196 1616 auctori
3238 1561 3498 1632 ascripta,

1919 1654 1980 1699 ut
2009 1661 2170 1715 supra
2196 1647 2246 1699 in
2273 1645 2506 1700 Mnrensi
2533 1649 2718 1703 codice
2744 1649 3168 1704 observavimus.

1990 1736 2205 1790 Auxere
2233 1736 2429 1790 malum
2446 1747 2500 1790 et
2524 1737 2890 1793 confusionem
2907 1740 3162 1804 editores,
3188 1747 3282 1794 aut
3303 1738 3503 1809 saepius

237 1835 376 1888 tertia
430 1834 564 1905 feria
620 1832 919 1901 conferebat
969 1832 1096 1884 mihi
1133 1829 1384 1883 Heiurico
1427 1827 1626 1881 Leman
1676 1837 1814 1882 et....
1848 1816 1896 1879 Β
1923 1840 2300 1891 amanuenses,
2325 1828 2414 1896 qui
2441 1843 2777 1899 quaecunque
2806 1829 2858 1882 in
2889 1831 3000 1884 suis
3029 1831 3305 1886 codicibus
3331 1832 3502 1887 unde-

237 1922 470 1980 Johanau'
497 1924 698 1994 Casper
728 1921 905 1976 Ulrico
934 1923 1111 1992 (coda,
1139 1938 1257 1993 quea
1281 1920 1430 1991 vulgo
1456 1921 1706 1975 dicuntur
1729 1920 1823 1975 des

238 2015 531 2071 Hanlelars
563 2015 724 2069 leben
751 2031 764 2068 :
815 2023 863 2068 et
891 2023 1040 2085 pater
1082 2023 1257 2067 noster
1290 2011 1575 2066 Heiuricus
1626 2011 1825 2066 Lernan

237 2111 328 2178 pia:
355 2109 636 2162 memoria:
670 2107 992 2161 moriebatur
1019 2103 1374 2159 LXXXVIII
1405 2107 1458 2158 in
1479 2105 1705 2175 jejunio,
1737 2103 1824 2157 ubi

237 2210 483 2254 cantatur
509 2199 797 2262 Sitientes,
824 2197 912 2268 qui
931 2197 1052 2250 emit
1076 2196 1328 2268 prtedicta
1357 2195 1513 2264 {coda
1543 2211 1637 2264 pro
1663 2193 1820 2248 Will-

238 2291 402 2345 helmo
435 2289 676 2345 Gal-han.
708 2288 826 2343 Alia
850 2289 1026 2343 adhuc
1059 2289 1114 2342 in
1137 2288 1324 2342 vacuis
1351 2302 1616 2340 annorum
1638 2286 1742 2342 988
1771 2295 1826 2340 et

239 2395 344 2450 seq.
367 2380 570 2450 spatiis
596 2381 664 2434 ab
685 2379 872 2433 eadem
897 2395 1059 2432 manu
1087 2379 1330 2449 apposita
1365 2378 1673 2434 continetur
1712 2378 1828 2432 haec

243 2471 409 2538 Nota,
449 2472 591 2542 quod
624 2468 863 2543 [MCCC]
888 2468 1088 2523 LXXX
1105 2469 1244 2523 VIII
1269 2469 1367 2537 fuit
1391 2470 1543 2523 ualde
1571 2468 1826 2522 mirabilis

239 2566 298 2620 ab
317 2567 692 2621 incarnatione
707 2563 938 2619 Domini.
972 2564 1037 2618 In
1071 2565 1390 2618 Alamannia
1414 2563 1625 2633 [uerunt
1649 2561 1829 2617 multa:

241 2656 394 2709 rixa.
434 2654 620 2709 Primo
664 2653 798 2724 Liga
829 2656 988 2708 traxit
1026 2654 1095 2708 ad
1140 2652 1442 2717 Burni-iant,
1474 2663 1522 2706 et
1571 2653 1826 2706 destruxit

240 2745 305 2798 ibi
341 2744 540 2800 multas
560 2744 738 2798 villas.
769 2744 1008 2800 Secundo
1035 2745 1100 2798 de
1137 2743 1481 2814 Wirtemberg
1510 2743 1689 2800 habuit
1725 2744 1831 2798 bel-

244 2835 356 2891 lum
385 2852 506 2890 cum
548 2834 699 2906 Liga.
742 2834 940 2889 Eodem
972 2851 1109 2889 anuo
1151 2834 1256 2888 duo
1286 2835 1442 2888 etiam
1473 2835 1630 2887 duces
1657 2832 1831 2887 Bara-

245 2927 340 2980 τίω
367 2925 650 2979 Dominica
679 2925 764 2980 die
792 2935 912 2980 ante
952 2923 1325 2978 Bartltolomtri
1346 2922 1567 2993 apostoli
1601 2933 1649 2977 et
1674 2925 1832 2977 victo-

247 3017 385 3070 riam
415 3016 738 3084 habuerttnt,
767 3025 817 3069 et
859 3017 923 3070 de
971 3014 1102 3085 Liga
1138 3015 1296 3068 occisi
1343 3014 1554 3084 fuerunt
1605 3023 1834 3085 quatuor

247 3107 418 3160 millia
440 3108 736 3161 hominum.
782 3106 855 3160 De
880 3106 1190 3161 Constantia
1228 3107 1388 3160 evasit
1426 3121 1584 3173 unus,
1615 3108 1679 3159 de
1714 3105 1836 3160 Lin-

248 3197 448 3267 daugia
475 3195 678 3261 nullus,
709 3197 775 3250 de
804 3195 865 3250 S.
894 3195 1048 3250 Gallo
1076 3213 1230 3259 unus,
1259 3197 1323 3249 de
1345 3195 1558 3250 Basilea
1596 3196 1722 3249 duo.
1761 3193 1831 3248 Et

251 3301 323 3344 est
350 3288 483 3343 illud
508 3289 700 3342 bellum
732 3289 933 3358 factum
969 3307 1123 3360 penes
1159 3289 1460 3343 Richenwil.
1495 3289 1688 3344 Studio
1720 3289 1836 3345 haec

253 3378 568 3450 apponenda
600 3379 932 3445 censuimus,
964 3381 1106 3450 quod
1149 3381 1315 3434 etiam
1351 3379 1564 3434 lacinia:
1610 3379 1837 3436 subinde

256 3472 320 3524 ad
357 3470 647 3526 historiam
694 3471 886 3540 patria:
916 3471 1292 3527 illustrandam
1321 3472 1624 3528 conferant.
1667 3471 1838 3527 Caete-

257 3577 373 3616 rum
414 3561 759 3618 Einsidlense
797 3561 939 3617 istud
995 3563 1365 3634 apograpbum
1415 3562 1472 3618 in
1527 3562 1839 3618 membrana

257 3652 443 3708 forma:
472 3663 681 3724 quarta:
707 3654 1038 3723 descriptum
1061 3654 1376 3724 Augustano
1401 3652 1567 3710 multo
1592 3652 1841 3708 emenda-

259 3744 362 3799 tius
389 3752 495 3810 est,
534 3759 633 3800 nec
667 3753 848 3800 tamen
875 3743 992 3799 sine
1018 3745 1216 3800 erratis
1243 3744 1516 3799 chronicis
1555 3753 1610 3799 et
1629 3744 1841 3798 addita-

259 3835 459 3890 mentis
478 3834 776 3890 Hermanni
799 3834 1014 3905 genuini
1035 3841 1251 3889 aetatem
1275 3834 1498 3890 minime
1519 3833 1839 3889 ferentibus.

260 3925 536 3998 Singulari
557 3938 739 3982 autem
760 3941 986 3998 prorsus
1015 3927 1126 3982 fato
1154 3926 1350 3982 accidit
1378 3935 1436 3980 ut
1461 3927 1651 3982 eodem
1674 3927 1844 3981 ferme

263 4026 508 4088 tempore
545 4025 792 4088 uterque,
827 4031 987 4086 quem
1021 4017 1110 4071 hic
1138 4017 1375 4080 edimus,
1414 4015 1707 4071 IIermanni
1749 4029 1846 4069 co-

261 4109 363 4163 dex
386 4109 458 4163 ad
479 4109 812 4164 Fabariense
831 4109 1217 4163 monasterium
1243 4107 1538 4171 devenerit,
1560 4106 1844 4177 Augiensis

263 4198 541 4262 nimirum,
574 4207 630 4253 ut
658 4214 784 4253 mox
817 4197 1068 4263 vidimus,
1099 4205 1154 4253 et
1181 4197 1523 4252 Monacensis
1558 4196 1844 4262 Bernoldi;

265 4291 406 4360 quod
447 4291 621 4360 ipsum
658 4298 979 4360 argumento
1015 4298 1099 4345 est
1127 4289 1337 4344 litteras
1363 4287 1494 4344 inibi
1523 4288 1701 4344 adhuc
1741 4302 1845 4344 sae-

266 4381 385 4436 culo
409 4396 501 4435 xtv
532 4381 750 4451 egregie
778 4379 945 4435 fuisse
983 4379 1247 4436 excultas.

337 4472 502 4529 XVII.
545 4473 626 4527 Ex
657 4473 744 4528 bis
776 4486 939 4543 porro
967 4472 1212 4527 codicum
1257 4469 1638 4525 Ilermanniani
1677 4470 1848 4526 Chro-

269 4563 372 4618 ‘nici
396 4562 855 4633 descriptionibus
881 4561 1038 4616 facile
1075 4560 1187 4631 jam
1227 4561 1334 4616 erit
1367 4561 1664 4630 diiudicare
1705 4561 1848 4616 unde

273 4663 419 4710 tanta
460 4657 516 4710 in
565 4655 728 4710 editis
775 4655 1068 4710 diversitas
1096 4671 1250 4711 suam
1281 4655 1509 4710 traxerit
1556 4654 1845 4723 originem,

273 4761 332 4801 ex
373 4761 477 4799 una
524 4759 721 4814 nempe
768 4744 1258 4815 codicum,quibus
1285 4744 1367 4799 usi
1411 4753 1538 4800 sunt
1589 4744 1846 4812 editores,

273 4839 550 4894 varietate.
582 4829 737 4892 Hanc
765 4851 897 4893 vero
934 4839 1161 4893 diversis
1190 4852 1266 4924 ex
1301 4838 1480 4893 causis
1500 4837 1848 4907 repetendam

274 4929 603 4984 arbitramur
631 4947 645 4982 :
680 4929 872 4998 partim
900 4942 965 4982 ex
1013 4929 1238 4984 nimium
1280 4928 1590 4998 scrupulosa
1623 4928 1849 4998 scriptos-

277 5037 388 5093 rum
418 5021 725 5092 diligentia,
751 5031 855 5093 qua
903 5022 1160 5091 permoti,
1203 5034 1324 5092 qua:
1358 5022 1508 5092 prius
1536 5029 1849 5087 cxararant,

279 5097 545 5169 imiem
579 5119 885 5167 retractare
904 5114 957 5166 et
980 5113 1348 5168 emendatiora
1380 5113 1553 5182 magis
1573 5112 1854 5182 magisque

281 5198 493 5261 reddere
542 5203 947 5270 allaborarnnt,
995 5207 1138 5276 quod
1193 5201 1382 5261 Oefelii
1429 5215 1484 5260 et
1528 5202 1738 5258 Urstisii
1788 5207 1855 5262 de

278 5292 516 5330 nouauit“
571 5291 768 5330 ιιΛιΙῖρο
796 5294 1048 5330 {tudini-un
1091 5306 1172 5330 Αεο
1243 5313 1347 5330 ΠηΛ
1400 5298 1519 5330 {non
1554 5295 1730 5330 nrinI-o
1787 5311 1850 5330 αν

1861 3158 1907 3221 C

1924 1931 2137 1984 cunque
2159 1916 2374 1971 demum
2402 1927 2586 1972 assuta
2613 1918 2880 1989 legebant,
2913 1929 3070 1975 notas
3107 1921 3269 1975 etiam
3301 1921 3512 1993 margii

1926 2006 2096 2070 nales,
2141 2017 2194 2061 et
2245 2022 2596 2076 quascunque
2637 2009 3110 2079 interpolationcs,
3149 2026 3212 2066 ac
3264 2012 3306 2066 si
3341 2011 3503 2081 primi

1927 2097 2166 2151 auctoris
2217 2095 2397 2151 forent
2442 2097 2596 2167 cujus
2660 2114 2856 2154 nomen
2915 2099 3300 2168 praeferebant,
3356 2100 3506 2156 nullo

1929 2194 2021 2240 aut
2061 2201 2226 2254 parvo
2252 2187 2438 2240 habito
2462 2187 2690 2252 delectu,
2717 2187 2859 2242 nulla
2886 2189 3122 2244 adhibita
3154 2191 3334 2244 sobria
3354 2191 3506 2257 crisi,

1929 2280 2027 2334 sub
2059 2278 2176 2348 ejus
2224 2281 2440 2334 nomine
2469 2279 2795 2350 vulgarunt,
2839 2281 2905 2336 de
2953 2283 3092 2338 mole
3134 2285 3312 2353 potius
3345 2301 3507 2355 qttam

1929 2371 1994 2425 de
2028 2371 2254 2426 veritate
2295 2381 2349 2426 et
2378 2373 2689 2428 sinceritate
2736 2374 2986 2443 solliciti;
3041 2376 3186 2446 quod
3223 2377 3504 2432 sinistrum

1929 2460 2099 2518 fatum
2137 2462 2447 2520 Hermanno
2491 2475 2680 2521 nostro
2709 2467 2977 2538 praecipue
3010 2469 3222 2540 obtigit.
3274 2469 3374 2524 Ast
3418 2471 3509 2526 cui

1931 2553 2148 2610 demum
2183 2556 2324 2611 bono
2352 2557 2466 2612 haec
2507 2557 2724 2612 omnia?
2777 2557 2978 2628 Nempe
3014 2568 3074 2615 ut
3109 2559 3311 2616 frustra
3365 2561 3509 2618 Hert-

1930 2666 2160 2705 mannus
2189 2651 2242 2705 in
2279 2650 2590 2707 Hermanno
2627 2661 2919 2722 quaeratur,
2944 2662 3000 2709 et
3026 2655 3291 2726 genuinus
3314 2671 3346 2711 a
3375 2670 3512 2728 δραι

1932 2740 2014 2796 rio
2053 2741 2288 2796 discerni
2316 2743 2538 2797 minime
2563 2744 2752 2812 possit,
2778 2759 2864 2810 ac,
2895 2745 3037 2815 quod
3059 2746 3298 2801 historia:
3316 2749 3509 2818 patrita

1933 2830 2075 2885 haud
2108 2847 2297 2902 parum
2325 2832 2510 2898 oﬂicit,
2541 2834 2595 2888 in
2618 2835 2798 2890 varios
2826 2850 3041 2890 errores
3067 2836 3390 2892 inducantur
3412 2850 3510 2894 aut

1932 2923 2322 2991 perturbentur
2355 2923 2548 2979 saltem
2578 2926 2915 2995 sagacissimi
2950 2926 3085 2983 alias
3135 2927 3375 2996 ejusdem
3423 2932 3510 2985 ἰηι-

1934 3013 2308 3082 vestigatores.
2345 3014 2403 3070 Id
2445 3030 2607 3085 supra
2639 3017 2689 3070 in
2720 3015 3026 3072 Mabillonio
3057 3026 3113 3072 et
3149 3017 3516 3076 Bollandianis

1938 3101 2321 3174 hagiograpbis
2351 3112 2605 3160 testatum
2636 3106 2898 3171 dedimus,
2929 3106 3180 3179 aliudque
3204 3112 3512 3181 exemplum

1939 3193 1992 3248 in
2019 3192 2339 3250 Hartmanni
2367 3196 2668 3252 Annalibus
2696 3196 2874 3252 Eremi
2921 3198 3200 3265 habemus,
3227 3216 3388 3270 quem
3433 3202 3521 3257 in-

1939 3286 2324 3356 terpolationes
2375 3287 2682 3343 Canisianaa
2730 3289 2982 3344 editionis
3040 3290 3106 3345 ad
3155 3306 3246 3345 an.
3292 3289 3395 3347 947
3448 3295 3518 3350 de

1938 3377 2261 3435 Thietlando
2291 3379 2508 3447 abbate,
2537 3388 2593 3435 ct
2622 3379 2690 3434 ad
2719 3397 2809 3435 an.
2836 3381 2939 3437 949
2968 3399 2980 3434 :
3007 3379 3287 3452 Gregorius
3319 3383 3379 3438 II
3409 3384 3519 3439 Pa-

1938 3481 2034 3537 ter,
2061 3480 2167 3528 etc.
2177 3511 2195 3540 ,
2225 3472 2362 3530 mire
2393 3473 2747 3543 torquebant,
2801 3489 2921 3529 cum
2954 3483 3133 3529 tamen
3172 3476 3224 3530 in
3259 3475 3519 3548 Augicnsi

1939 3562 2148 3634 legatur
2178 3577 2194 3617 :
2223 3561 2505 3633 Gregorius
2540 3575 2753 3618 sanctus
2785 3562 2967 3619 Pater.

2012 3655 2119 3711 Sed
2139 3654 2398 3724 satisjam
2440 3657 2508 3713 de
2535 3657 2696 3714 factis
2720 3660 2999 3730 hucusque
3029 3659 3322 3715 Hermanni
3345 3661 3521 3718 Chro-

1941 3745 2050 3800 nici
2096 3745 2425 3802 editionibus
2480 3761 2633 3818 atque
2683 3763 2749 3804 ac
2797 3763 2932 3804 mss.
2986 3749 3260 3805 codicibus
3318 3761 3522 3817 aetum,

1941 3837 2085 3892 unde
2117 3837 2278 3892 simul
2309 3852 2464 3893 novae
2491 3839 2771 3911 editionis,
2794 3854 2859 3894 ex
2910 3840 3143 3910 genuino
3188 3840 3374 3896 codice
3428 3844 3528 3898 ad-

1941 3929 2204 3984 ornanda:
2233 3930 2529 3986 necessitas
2553 3939 2723 4003 patet,
2757 3931 2823 3988 de
2860 3947 2966 4003 qua
3001 3931 3112 4004 jam
3145 3931 3391 4003 pluribus
3441 3933 3530 3988 di-

1943 4021 2194 4078 cendum.

2081 4109 2110 4183 ᾗ
2140 4109 2228 4166 III.
2251 4141 2322 4152 -—
2345 4109 2510 4166 Norae
2538 4111 2781 4166 editionis
2806 4111 3084 4167 consilium
3119 4122 3166 4167 et
3202 4111 3392 4182 fontes.

2017 4201 2198 4259 XVIII.
2241 4203 2339 4258 Hic
2363 4213 2494 4259 vero
2523 4204 2771 4274 inprimis
2805 4204 2991 4260 mirari
3021 4205 3167 4260 subit
3209 4220 3310 4260 cur
3345 4204 3528 4263 nullus

1946 4309 2134 4350 eorum
2167 4295 2257 4364 qui
2291 4293 2656 4350 Hermannqu
2679 4295 2782 4350 sibi
2812 4295 3135 4367 vulgandam
3159 4308 3530 4368 sumpserunt,

1948 4387 2015 4441 de
2068 4387 2324 4458 Augiensi
2372 4387 2631 4456 primario
2683 4387 2831 4444 fonte
2875 4389 3148 4460 cogitarit,
3199 4391 3292 4447 sed
3339 4407 3529 4448 omnes

1951 4467 2210 4531 derivatis
2257 4476 2516 4532 duntaxat
2561 4492 2630 4532 ex
2667 4492 2732 4533 eo
2781 4479 2968 4534 rivulis
3011 4480 3214 4535 fuerint
3259 4482 3526 4549 contenti,-

1955 4568 2046 4638 qui
2072 4583 2180 4639 quo
2204 4568 2413 4640 longius
2438 4584 2468 4623 a
2489 4584 2586 4624 sua
2614 4569 2941 4640 scaturigine
2970 4568 3190 4638 abeunt,
3216 4584 3281 4626 eo
3303 4571 3538 4643 amplius

1957 4659 2134 4716 alieno
2167 4676 2339 4732 eoque
2385 4661 2614 4718 subinde
2641 4661 2906 4719 lutulento
2943 4662 3141 4720 amuxu
3185 4673 3532 4721 excrescunt.

1956 4749 2172 4806 Primus
2202 4752 2306 4807 hac
2349 4751 2402 4806 in
2445 4766 2506 4806 re
2533 4751 2872 4808 eruditorum
2921 4753 3091 4817 votis,
3123 4768 3222 4823 pro
3265 4753 3536 4809 indefesso

1957 4857 2056 4898 suo
2085 4841 2139 4897 in
2168 4842 2396 4912 patriam
2442 4842 2721 4898 historiam
2762 4843 2971 4908 studio,
3001 4843 3214 4898 deferre
3257 4843 3313 4897 in
3353 4859 3413 4900 se
3441 4860 3535 4901 sud

1958 4934 2131 5004 scepit
2151 4932 2220 4989 cl.
2249 4932 2310 4987 P.
2336 4931 2618 4988 Mauritius
2639 4932 2754 4988 Van
2776 4935 2872 4990 der
2891 4933 3037 4989 Mser
3057 4934 3124 4989 de
3144 4932 3530 4994 Hocbenbaum

1954 5024 2385 5094 Rhenangiensis
2425 5025 2742 5080 monasterii
2777 5025 3081 5097 polyhistor
3115 5025 3536 5097 solertissimus,

1955 5116 2046 5187 qui
2097 5114 2246 5184 plura
2290 5113 2402 5182 jam
2452 5129 2575 5169 eum
2621 5113 2675 5168 in
2731 5113 2892 5170 tinem
2941 5114 3182 5170 subsidia
3229 5124 3540 5184 paraverat.

1958 5209 2092 5265 Cum
2121 5216 2302 5262 autem
2339 5223 2368 5259 a
2396 5205 2640 5277 pluribus
2661 5206 2772 5276 jam
2822 5209 2982 5265 annis
3008 5210 3061 5266 in
3108 5225 3174 5267 eo
3219 5222 3364 5267 esset
3404 5212 3540 5269 cels.

1960 5299 2220 5330 lla-stin":
2272 5296 2566 5330 Cani-xorius
2631 5295 2688 5330 Ε»
2720 5297 2888 5330 Ωιι-..ει
2937 5301 3186 5330 ..-τυ---.ιιι
3239 5302 3406 5330 -Ll.--
3484 5311 3542 5330 ..ο

2937 5317 3186 5330 nua-ngam”
