4062 5508
522 326 608 396 ιδ,-
1291 332 1720 391 11Ε1131ΑΝΝ128
1755 337 2217 395 CONTRACTUS
2258 340 2561 397 5!ON‘.\(IH.
2601 343 2918 400 AUGlE-SS.
3707 345 3776 401 ﬂ

522 442 805 498 Mauritius
828 485 843 507 ,
885 442 1007 497 aliis
1048 443 1270 513 insuper
1307 445 1586 502 laboribus
1625 449 1692 502 ab
1749 450 1838 502 illo
1890 451 2096 504 edendo
2125 461 2170 517 Α
2200 454 2441 521 gniores,
2471 464 2670 524 przeler
2696 457 2944 525 superius
2969 462 3199 518 notatas,
3229 467 3326 521 pro
3368 453 3558 508 notitia
3605 457 3777 512 histu-

523 535 769 590 nonnihil
797 536 1141 605 pmpcditus.
1181 536 1495 608 Opportune
1525 541 1577 594 id
1607 541 1824 610 quidem
1874 543 2092 609 accidit,

519 635 581 681 ut
606 627 768 681 simul
789 636 846 682 et
870 626 1215 684 Ilermannus
1232 645 1300 684 ex
1327 631 1515 686 codice
1544 632 1798 701 Augiensi
1817 675 1831 698 ,
1855 649 1952 689 ceu
1985 637 2096 704 pri-

516 735 688 776 mzevo
711 722 863 791 quasi
896 723 1194 779 nativitatis
1225 739 1338 780 sum
1367 724 1505 790 solo,
1529 741 1594 780 ac
1612 726 1912 782 Bernoldus
1950 728 2093 796 ejus-

513 813 636 868 dem
661 813 987 885 epitomator
1008 830 1073 871 ac
1093 816 1442 872 continuatur
1459 831 1527 871 ex
1551 817 1717 888 ipsius
1758 819 2093 890 autographa

514 905 826 962 Ilouacensi
856 907 1034 963 amico
1057 909 1292 979 quodam
1330 924 1472 965 nexu
1500 910 1774 981 conjuncti
1827 912 1882 966 in
1916 912 2092 967 lucem

511 999 688 1054 denuo
713 1001 930 1070 prodire
957 1011 1196 1070 possent.
1230 1002 1306 1057 De
1339 1017 1446 1072 quo
1471 1002 1661 1057 ultimo
1694 1017 1817 1058 cum
1849 1004 1901 1058 in
1933 1017 2094 1074 supe-

511 1093 750 1150 tioribus
798 1095 950 1164 plura
985 1095 1097 1166 jam
1145 1096 1461 1160 dixerimus,
1507 1105 1676 1151 restat
1711 1105 1770 1151 ut
1813 1095 1881 1151 de
1921 1097 2090 1166 priori

433 1173 448 1198 ⁵
512 1185 770 1240 nonnulla
801 1186 892 1242 hic
921 1187 1283 1251 disseramus,
1328 1196 1589 1256 quantum
1629 1187 1849 1257 quidem
1896 1202 1962 1240 ex
2006 1187 2092 1241 di-

508 1275 694 1346 ligenti
725 1275 964 1344 ejusdem
1009 1276 1424 1346 pet-lustratione
1465 1275 1874 1344 deprehendere
1915 1275 2084 1329 licuit.

579 1367 676 1421 Est
704 1383 832 1423 vero
856 1368 943 1422 hic
969 1368 1078 1437 ipse
1106 1367 1393 1438 Augieusis
1425 1367 1596 1422 codex
1640 1368 2088 1422 membranaceus

506 1459 558 1511 iu
583 1457 732 1521 lolio,
763 1466 818 1511 nt
843 1466 1063 1520 vocant,
1093 1458 1322 1521 minore,
1351 1458 1525 1512 nitido
1549 1467 1604 1512 et
1626 1456 1864 1525 eleganti
1891 1458 2088 1511 chara-

502 1558 652 1604 etere
677 1557 953 1613 exaratus,
997 1547 1088 1617 qui
1127 1548 1350 1602 omnino
1378 1546 1632 1602 smculum
1667 1562 1720 1600 xt
1773 1555 1828 1600 et
1868 1555 2084 1600 tetatem

501 1639 795 1694 Hermanni
848 1638 1033 1695 refert.
1106 1639 1262 1694 llunc
1314 1638 1532 1708 quidem
1581 1645 1712 1691 sunt
1764 1637 1855 1707 qui
1920 1653 2086 1692 manu

503 1728 673 1798 ipsius
701 1727 997 1784 Hermanni
1044 1729 1305 1800 scriptum
1345 1730 1689 1795 existiment;
1735 1729 1958 1784 dubium
2003 1739 2088 1784 ta-

2200 543 2310 595 rica
2336 543 2423 596 hic
2449 545 2740 613 separatim
2767 545 3003 613 adjicere
3031 545 3201 596 visum
3241 553 3345 596 est.

2269 635 2372 687 An.
2397 635 2522 699 838,
2549 636 2720 689 erasis
2746 651 2866 704 quae
2887 637 3139 705 primmva
3167 651 3327 688 manu
3367 635 3566 704 scripta
3592 647 3776 702 eram,

2194 723 2296 776 alia
2334 739 2459 778 πε.
2505 741 2596 778 xiv
2627 726 2905 780 substituit
2937 725 3201 780 :Sancttts
3251 725 3591 796 .lleginrudus
3633 731 3774 783 venit

2193 814 2262 865 ad
2288 815 2456 866 locant
2487 815 2817 884 Augienscm.

2262 905 2367 958 An.
2400 905 2525 968 861,
2557 905 2624 958 ad
2650 908 2901 960 eumdem
2927 905 3296 977 Megiuradum
3330 907 3383 960 in
3415 907 3661 976 margine
3685 923 3778 961 re-

2192 995 2405 1049 centius
2428 1003 2650 1049 notatur
2682 1013 2696 1048 :
2731 993 2956 1049 Sanctus
2993 997 3332 1066 Meginradus
3362 1007 3620 1066 patronus
3673 1015 3776 1051 no-

2189 1095 2316 1149 ster,
2348 1102 2518 1140 comes
2538 1087 2604 1140 de
2630 1087 2849 1156 Sulgen,
2879 1087 3021 1156 ﬁlius
3051 1090 3254 1142 comitis
3289 1089 3353 1144 de
3380 1089 3598 1160 Sulgen.

2258 1179 2362 1232 An.
2391 1179 2488 1234 87l
2522 1219 2538 1244 ,
2578 1189 2703 1250 post
2729 1179 2982 1234 Salomon
3020 1181 3291 1250 episcOpus
3319 1183 3466 1244 obiit,
3500 1184 3568 1235 ad
3619 1197 3774 1236 orant

2190 1269 2452 1337 marginis
2499 1284 2625 1322 sam.
2670 1285 2758 1322 xlv
2787 1269 3045 1323 additur:
3076 1270 3174 1324 Cui
3225 1269 3429 1325 l’ateon
3473 1273 3720 1325 successit
3752 1313 3778 1336 ,

2186 1360 2400 1427 pl‘tt’futl
2429 1361 2581 1413 annis
2607 1375 2701 1424 ιιι;
2726 1360 2793 1415 de
2821 1376 2928 1430 quo
2953 1362 3142 1416 eodem
3169 1365 3326 1417 ιιιοό
3371 1365 3437 1418 ad
3465 1380 3559 1418 an.
3584 1365 3691 1420 875
3715 1365 3780 1418 ἱει-

2188 1454 2431 1522 margine
2478 1453 2733 1507 inferiore
2771 1470 2785 1506 :
2835 1451 3158 1507 Constantia:
3201 1452 3434 1509 Patet-tto
3495 1458 3773 1526 episcOpus

2187 1542 2310 1594 obiit
2338 1558 2478 1595 anno
2503 1541 2607 1597 875
2633 1557 2728 1612 pro
2758 1558 2862 1612 quo
2893 1541 3231 1597 Gebeltardus
3256 1545 3410 1598 annis
3443 1562 3477 1599 ι
3499 1545 3736 1616 prtefuit.

2254 1633 2359 1686 An.
2391 1632 2516 1697 911,
2562 1642 2684 1702 post
2710 1633 2961 1686 ducatum
2989 1635 3210 1700 invasit,
3239 1650 3430 1690 recens
3458 1651 3588 1691 saec.
3617 1652 3688 1691 xv
3714 1637 3777 1690 in

2187 1728 2430 1798 margine
2474 1727 2691 1784 additur
2719 1743 2735 1781 :
2768 1725 3041 1781 Burcliard
3070 1729 3180 1798 ipse
3208 1728 3307 1797 fuit
3346 1745 3518 1783 comes
3556 1729 3621 1784 de
3669 1729 3774 1784 Ve-

505 1835 628 1874 men
656 1821 723 1876 de
744 1836 810 1876 eo
837 1821 980 1877 haud
1011 1821 1126 1878 leve
1154 1830 1377 1878 movent
1404 1822 1667 1893 imprimis
1691 1821 1856 1876 multa
1887 1821 2079 1877 calami
2112 1814 2160 1874 Β
2187 1821 2388 1890 ringcn.

498 1910 834 1981 sphalmata,
877 1923 933 1968 et
958 1913 1343 1982 orthographia
1388 1914 1588 1984 passim
1638 1913 1880 1984 neglecta
1907 1955 1922 1979 ,
1965 1923 2077 1969 tum

499 2003 691 2056 eadem
716 2005 933 2058 nomina
967 2005 1184 2074 propria
1223 2005 1330 2059 alio
1376 2013 1541 2075 atque
1590 2004 1697 2059 alio
1737 2005 1897 2059 modo
1938 2019 2082 2076 saepe

500 2108 784 2162 expressa,
815 2109 880 2148 ac
908 2095 992 2149 vel
1014 2095 1252 2149 maxime
1286 2110 1446 2149 voces
1485 2096 1666 2165 inepte
1707 2095 1904 2166 sazpius
1945 2111 2078 2150 con-

491 2180 694 2250 juncta:
717 2184 1061 2238 autdivisazz
1101 2199 1222 2254 quae
1274 2185 1457 2238 omnia
1505 2201 1535 2238 e
1576 2185 1749 2254 perito
1781 2185 2076 2241 Hermanni

497 2275 709 2331 calamo
753 2274 974 2331 ﬂuxisse
1018 2291 1160 2346 aegre
1208 2276 1331 2345 quis
1381 2276 1482 2330 sibi
1520 2277 1860 2346 persuadeat.
1913 2276 2080 2332 Nobis

493 2371 645 2420 certe
667 2364 717 2418 id
743 2364 1031 2419 admodum
1059 2365 1369 2420 verosimile
1412 2365 1642 2429 videtur,
1676 2365 1918 2421 codicem
1959 2368 2080 2436 qui~

497 2460 618 2516 dem
655 2461 768 2516 sive
794 2477 858 2516 ex
890 2462 1105 2516 schedis
1125 2462 1169 2516 si
1181 2477 1239 2517 re
1260 2475 1323 2517 ex
1360 2461 1476 2531 ipso
1505 2461 1796 2516 llermanni
1823 2473 2078 2534 autogra-

496 2555 626 2622 pho,
649 2554 693 2608 si
735 2569 971 2624 unquam
997 2555 1228 2617 exstitit,
1255 2553 1420 2608 luisse
1446 2554 1816 2624 desumptum;
1857 2553 1906 2608 id
1933 2555 2076 2609 enim

497 2646 633 2700 satis
660 2646 886 2699 iaununt
910 2643 994 2699 illa
1012 2663 1025 2699 :
1045 2640 1157 2716 Ego
1177 2644 1530 2699 Herimtmnus
1553 2657 1706 2699 natus
1718 2663 1853 2708 sum,
1883 2657 1937 2701 et
1957 2661 2079 2717 qua:

493 2738 600 2792 alia
630 2738 696 2792 de
719 2737 901 2807 scipso
925 2747 1112 2792 narrat
1145 2756 1158 2790 :
1203 2753 1309 2792 non
1355 2745 1534 2791 tamen
1563 2752 1627 2790 ex
1677 2738 1819 2801 visu,
1868 2739 1962 2793 sed
2009 2753 2076 2793 ex

495 2828 686 2882 auditu
715 2828 1071 2897 descriptum,
1099 2827 1339 2883 dictante
1377 2826 1592 2882 scilicet
1629 2826 1757 2894 alio,
1785 2843 1885 2899 pro
1926 2845 2076 2884 more

499 2923 554 2976 in
581 2923 847 2998 ctenpbiis
877 2931 1002 2978 tunc
1025 2929 1262 2994 recepto,
1292 2931 1372 2988 ut,
1405 2922 1474 2978 ob
1499 2922 1749 2977 codicum
1789 2923 2072 2978 raritatem

491 3023 548 3068 et
595 3015 1004 3079 monachorum,
1036 3030 1319 3070 numerum
1368 3030 1508 3070 unus
1548 3015 1801 3071 dictando
1837 3016 2068 3085 praeiret,

491 3103 780 3174 pluresque
819 3119 1179 3160 amanuenses
1205 3104 1357 3175 plura
1409 3104 1567 3159 simul
1600 3106 1702 3160 hoc
1741 3109 1900 3161 modo
1939 3121 2072 3176 apo-

2255 1913 2384 1968 Post
2404 1930 2494 1968 an.
2523 1914 2648 1981 921,
2673 1908 2897 1971 inferius
2919 1915 3164 1984 quaedam
3195 1915 3511 1970 inseruntur
3531 1917 3598 1972 de
3617 1933 3766 1972 cam-

2179 2006 2335 2076 panis
2363 2022 2449 2059 an.
2486 2006 2626 2060 1595
2669 2006 2857 2076 Augiae
2901 2007 3064 2071 fusis;
3111 2023 3370 2077 quorsum
3421 2013 3556 2064 adeo
3595 2012 3769 2066 codex

2181 2096 2283 2151 iste
2307 2112 2370 2151 ex
2407 2097 2635 2151 Fabaria
2667 2113 2919 2153 reversus
2945 2107 3054 2152 tmn
3082 2108 3220 2153 erat.

2248 2188 2354 2242 Au.
2385 2189 2508 2250 951,
2539 2189 2605 2242 ad
2634 2187 2994 2253 Eberliardus,
3018 2199 3151 2254 etc.,
3181 2191 3235 2244 in
3258 2191 3500 2262 margine
3521 2207 3648 2250 saec.
3670 2208 3764 2248 xlv

2177 2289 2394 2334 sanctus
2434 2281 2772 2335 Eberhardus
2823 2279 2988 2335 Pater
3026 2293 3232 2347 noster;
3263 2285 3404 2352 quod
3437 2285 3638 2340 iudicio
3680 2294 3767 2340 est

2180 2370 2387 2441 reliqua
2412 2371 2464 2424 in
2493 2381 2640 2426 textu
2665 2386 2769 2424 non
2798 2387 2919 2426 esse
2945 2372 3288 2441 interpolata.

2248 2464 2352 2517 Au.
2403 2463 2527 2527 9H,
2581 2464 2634 2518 in
2684 2479 2856 2519 vacuo
2906 2465 3030 2518 anui
3073 2465 3231 2518 istius
3260 2465 3410 2519 hiatu
3441 2467 3556 2523 haec
3586 2467 3764 2537 quoad

2180 2565 2392 2626 tempus
2424 2556 2555 2610 falsa
2589 2566 2863 2626 ponuntur
2895 2574 2908 2610 :
2959 2555 3102 2609 Nota
3147 2557 3287 2626 quod
3317 2557 3429 2611 dua:
3468 2557 3768 2628 Lntpoldus

2178 2649 2406 2702 Austria:
2423 2649 2626 2701 occisus
2665 2647 2764 2716 fuit
2797 2663 2915 2700 cum
2945 2646 3121 2700 multis
3156 2647 3406 2701 militibus
3429 2664 3567 2701 anno
3587 2649 3654 2703 ab
3681 2649 3767 2702 in-

2177 2740 2480 2793 carnatione
2531 2737 2742 2792 Domini
2784 2736 3022 2810 [MCCC]
3068 2735 3266 2790 LXXX
3288 2736 3346 2803 V,
3389 2749 3579 2808 quarto
3634 2738 3760 2793 Kal.

2175 2833 2346 2899 Junii,
2383 2843 2431 2886 et
2477 2833 2711 2901 fecerunt
2760 2833 2990 2886 civitates
3030 2830 3310 2890 silvestres,
3343 2847 3462 2901 quia
3511 2831 3764 2886 dicuntur

2182 2924 2402 2980 Walstet
2433 2941 2452 2978 :
2477 2934 2656 2995 postea
2696 2939 2834 2976 anno
2865 2920 3065 2977 LXXX
3081 2920 3221 2975 VIII
3254 2923 3434 2974 multa:
3476 2927 3652 2990 gentes
3675 2937 3765 2974 vo-

2175 3020 2347 3076 lebant
2395 3018 2716 3072 destruaisse
2776 3016 2922 3070 illam
2970 3016 3291 3086 provinciam
3330 3055 3346 3079 ,
3397 3029 3516 3084 qua:
3565 3013 3764 3066 dicitur

2177 3109 2391 3175 Clarus,
2419 3119 2466 3164 et
2503 3117 2748 3164 venerunt
2788 3123 2879 3177 per
2919 3115 3133 3175 portus;
3155 3115 3332 3174 postea
3363 3104 3443 3158 illi
3480 3101 3761 3156 Glarenses

490 3199 691 3268 grapha
724 3198 1073 3254 conﬁcerent.
1125 3199 1367 3268 Cumque
1402 3200 1543 3255 inter
1585 3209 1664 3255 tot
1703 3201 1912 3255 scribas
1940 3217 2071 3256 non-
2098 3169 2143 3232 Ο
2177 3213 2422 3258 venerunt
2473 3217 2590 3256 cum
2649 3202 2912 3270 octoginta
2973 3198 3134 3260 viris,
3192 3207 3239 3250 et
3283 3196 3571 3250 occiserunt
3627 3195 3754 3248 bene

493 3292 622 3345 nulli
652 3292 1019 3364 imperitiores
1049 3293 1190 3347 haud
1235 3293 1396 3347 dubie
1432 3302 1869 3354 numerarentur,
1901 3295 2067 3348 multa

493 3383 694 3440 abillis
725 3384 863 3439 male
889 3385 1156 3441 intellecta
1186 3400 1465 3457 perperam
1498 3401 1710 3456 quoque
1733 3388 1905 3441 notari
1947 3403 2070 3456 pro-

493 3490 620 3528 num
648 3473 767 3529 fuit.
819 3473 970 3530 Unde
999 3477 1162 3530 etiam
1193 3477 1457 3547 originem
1501 3479 1788 3547 petendam
1828 3493 1948 3533 esse
1984 3478 2072 3546 ju-

491 3566 734 3620 dicamus
765 3574 842 3619 tot
875 3567 1190 3620 mundorum
1237 3583 1357 3636 qua!
1382 3567 1708 3637 scriptorum
1739 3568 1951 3622 illorum
1989 3569 2072 3623 in-

489 3655 638 3709 curia
667 3664 758 3710 aut
785 3655 1056 3726 imperitia
1088 3657 1303 3712 codices
1333 3659 1566 3728 primum
1607 3674 1670 3714 ac
1695 3660 1910 3714 deruunt
1955 3661 2070 3714 edi-

493 3745 668 3800 tiones
726 3759 943 3815 quoque
1005 3749 1494 3814 contaminarunt,
1562 3764 1684 3803 cum
1754 3760 1948 3805 cuncta
2013 3751 2067 3805 in

490 3836 788 3893 codicibus,
825 3847 1080 3893 contenta
1144 3839 1395 3910 religiose
1441 3841 1542 3897 sibi
1606 3841 1888 3896 retinenda
1944 3825 2071 3898 esse

489 3927 744 3982 duxerint
767 3942 954 3983 eorum
983 3929 1240 3988 editores.
1584 3935 1595 3945 ’

555 4019 779 4074 Accedit
810 4020 863 4073 in
904 4020 1212 4076 llermanno
1245 4022 1346 4076 alia
1381 4023 1539 4086 ratio,
1582 4024 1726 4077 haud
1768 4025 1902 4078 satis
1926 4026 2068 4080 inte-

484 4109 587 4165 rim
637 4110 945 4164 observata.
1007 4111 1144 4166 Dmn
1193 4113 1335 4168 enim
1398 4115 1720 4169 Bertholdus
1763 4116 2064 4172 'llermanni

484 4199 780 4269 discipulus
804 4199 856 4254 in
888 4202 1006 4256 eius
1035 4201 1154 4256 Vita
1193 4218 1326 4257 nunc
1353 4203 1584 4258 libellum
1622 4204 2001 4260 Citrouiromm
2034 4223 2063 4262 a

486 4294 745 4365 magistro
772 4309 872 4349 suo
901 4295 1137 4367 undique
1165 4298 1450 4354 collectum
1506 4300 1694 4366 dicat,
1746 4303 1792 4357 is
1835 4303 1948 4373 ipse
1995 4318 2064 4359 ex

479 4385 600 4458 ejus
629 4386 849 4452 tabulis,
883 4403 992 4442 non
1021 4398 1199 4444 autem
1249 4390 1591 4447 Ilermannus
1640 4392 1786 4448 illum
1818 4396 2063 4450 conscri-

482 4477 657 4546 psisse
678 4477 909 4532 videtur.
933 4477 1118 4548 Neque
1142 4480 1447 4537 Ilermanuo
1463 4492 1744 4553 tantopere
1761 4496 2059 4552 contracto,

482 4576 542 4623 ιιι
560 4569 644 4623 vix
665 4568 844 4639 digitis
865 4570 1042 4624 itidem
1070 4572 1340 4627 dissolutis
1371 4575 1491 4628 novi
1521 4576 1723 4645 aliquid
1749 4577 2058 4646 scriptitare

480 4666 682 4729 posset,
715 4659 936 4730 elegans
965 4662 1098 4716 adeo
1127 4664 1328 4718 codicis
1377 4665 1531 4720 istius
1572 4667 1856 4721 character
1897 4668 2060 4723 trilmi

480 4759 690 4820 potest;
718 4751 861 4806 unde
904 4751 969 4806 de
989 4751 1274 4807 existentia
1306 4754 1530 4824 alicujus
1571 4756 1858 4810 Hermanni
1903 4768 2059 4811 auto-

481 4841 692 4911 graphi,
720 4852 950 4913 excepto
991 4842 1082 4898 illo
1110 4858 1139 4897 a
1171 4843 1433 4914 discipulo
1461 4846 1578 4917 ejus
1595 4855 1818 4902 exarato
1845 4887 1860 4910 ,
1906 4848 2067 4903 dubi-'

483 4939 599 4985 tare
627 4931 749 5000 quis
775 4933 969 4987 merito
997 4933 1184 5004 possit.

555 5017 696 5076 XIX.
721 5021 926 5079 Praeter
955 5025 1188 5079 indicata
1219 5041 1346 5082 vero
1373 5028 1621 5098 superius
1657 5028 1859 5083 codicis
1901 5029 2058 5100 lmjus

480 5111 698 5176 tuenda,
731 5112 1236 5182 iuterpolationihus
1281 5133 1493 5188 quoque
1522 5119 1744 5174 minime
1785 5131 1978 5185 caret,
2026 5137 2055 5175 a

481 5201 715 5256 diversis
758 5202 974 5258 diverso
1029 5215 1270 5277 tempore
1319 5217 1372 5264 et
1402 5209 1537 5264 locis
1581 5209 1801 5266 insertis
1831 5252 1845 5271 ,
1898 5211 2058 5282 idque

2174 3305 2449 3356 trecentos,
2486 3295 2574 3362 qui
2601 3295 2823 3361 turpiter
2849 3291 3100 3344 dederunt
3127 3289 3326 3357 fugam.
3373 3287 3496 3340 lla'c
3539 3301 3644 3340 non
3674 3285 3756 3338 le-

2173 3397 2372 3456 guntur
2400 3385 2454 3439 in
2496 3383 2838 3445 Einsidleusi,
2888 3383 3024 3436 bene
3054 3395 3183 3434 vero
3210 3379 3464 3448 primaeva
3497 3389 3656 3431 manu
3699 3377 3754 3430 in

2172 3481 2506 3549 Augustano.
2536 3476 2669 3542 Quis
2703 3485 2882 3528 autem
2914 3473 3054 3527 lerat
3095 3487 3126 3526 a
3153 3471 3368 3527 Can’sio
3394 3486 3506 3525 sum
3531 3468 3756 3524 editioni

2173 3570 2239 3624 ad
2269 3587 2358 3624 an.
2389 3569 2483 3623 911
2521 3567 2686 3621 tisse
2711 3565 2955 3620 inserza?

2242 3663 2346 3716 An.
2375 3661 2480 3717 945
2518 3674 2641 3715 sarc.
2693 3673 2792 3711 xm
2842 3654 2927 3711 vel
2971 3670 3062 3709 xw
3117 3653 3332 3707 additur
3363 3669 3376 3703 :
3413 3649 3756 3705 Tliietlandus

2171 3750 2335 3807 Pater
2369 3752 2500 3804 venit
2548 3747 2836 3817 (Cauisius
2883 3745 3083 3798 misere
3136 3741 3439 3795 Tietlandus
3482 3737 3704 3794 Patuen.
3732 3753 3751 3809 )

2167 3844 2368 3915 primus
2392 3841 2550 3894 abbas
2580 3837 2739 3907 hujus
2788 3835 2925 3899 loci;
2969 3842 3022 3887 et
3061 3833 3114 3887 in
3158 3833 3440 3900 margine:
3473 3829 3747 3886 Tietlilan-

2168 3937 2266 3989 dus
2294 3934 2453 3987 abbas
2482 3929 2786 3984 monasterii
2817 3925 3226 3989 Heremitarum,
3253 3925 3342 3992 qui
3368 3923 3488 3991 fecit
3518 3923 3745 3992 glossam

2165 4013 2329 4098 super
2363 4021 2623 4093 Epistolas
2669 4021 2836 4074 sancti
2877 4017 3050 4071 Pauli.
3075 4015 3496 4084 Quodllmisius
3542 4013 3608 4068 ad
3647 4029 3742 4068 an.

2167 4119 2269 4175 947
2296 4119 2346 4170 in
2379 4130 2475 4169 sua
2503 4113 2742 4168 eiitione
2766 4109 2947 4175 habet,
2967 4110 3042 4162 uti
3066 4117 3118 4163 ct
3146 4107 3232 4161 illa
3255 4122 3374 4175 qtae
3406 4107 3456 4158 in
3487 4106 3744 4175 Aug’eusi

2167 4227 2258 4264 an.
2296 4208 2397 4264 947
2432 4208 2485 4261 in
2518 4205 2776 4260 inferiore
2807 4203 2918 4257 lolii
2951 4212 3104 4272 parte
3132 4210 3404 4260 notantur,
3431 4209 3483 4253 et
3517 4213 3583 4253 ne
3625 4199 3747 4267 qui-

2166 4299 2286 4354 dem
2320 4299 2372 4351 in
2417 4293 2742 4350 Einsidlensi
2787 4292 2976 4346 codice
3014 4290 3358 4360 reperiuntur
3391 4307 3402 4341 :
3437 4288 3578 4342 Nota
3605 4305 3748 4340 anno

2163 4390 2228 4443 ab
2258 4387 2620 4442 incarnatione
2665 4383 2875 4437 Domini
2921 4380 3060 4437 1590
3101 4382 3342 4451 proxima
3388 4389 3577 4449 quarta
3610 4378 3745 4446 feria

2164 4491 2278 4550 post
2305 4478 2647 4533 Nativitotem
2672 4475 2884 4530 Domini
2923 4474 3136 4544 {uerunt
3179 4473 3391 4542 fulgura
3421 4482 3467 4525 et
3510 4471 3745 4525 tonitrua

2165 4577 2306 4630 circa
2336 4573 2561 4627 mediam
2605 4579 2846 4635 noctem;
2891 4568 2981 4623 tibi
3032 4567 3250 4637 insuper
3279 4567 3417 4621 male
3459 4566 3585 4636 legit
3610 4577 3745 4620 tetra

2166 4682 2263 4738 pro
2291 4667 2450 4720 circa.
2496 4664 2670 4718 Proh!
2728 4663 2937 4732 qualem
2987 4659 3279 4716 Hermanni
3312 4661 3570 4712 editorem
3595 4673 3615 4722 ,‘
3649 4649 3743 4726 qui

2166 4758 2292 4812 talia
2323 4755 2438 4825 ejus
2469 4754 2736 4810 Chronico
2768 4755 3075 4824 inspergere
3107 4751 3330 4807 audeat!
3362 4749 3467 4807 Sed
3510 4751 3740 4808 necdum

2167 4850 2307 4903 linis.

2342 4922 2440 4932 ‘G”
2453 4920 2722 4935 ηομ-πτήσεις
2735 4923 2739 4926 ⁸

2239 4961 2338 5015 An.
2366 4960 2492 5026 949,
2533 4975 2695 5015 manu
2725 4975 2847 5014 smc.
2874 4975 2972 5013 xm
3013 4957 3096 5014 vel
3133 4974 3277 5028 seq.,
3310 4956 3588 5027 Gregorius
3611 4972 3736 5009 san-

2163 5065 2273 5108 ctus
2310 5051 2470 5106 Pater
2507 5071 2566 5105 ac
2599 5052 2951 5105 nobilissimus
2981 5052 3114 5105 venit
3140 5092 3154 5115 ,
3188 5051 3253 5104 ad
3287 5049 3558 5104 Einsidlea
3591 5047 3735 5101 scili-

2163 5154 2268 5198 cet.
2295 5142 2396 5198 Ubi
2425 5142 2674 5197 Canisius
2712 5157 2899 5196 rursus
2942 5141 3024 5195 vel
3065 5151 3253 5195 contra
3291 5139 3491 5210 preprii
3536 5137 3736 5193 coJicEs

2161 5234 2458 5306 Augustani
2496 5233 2652 5288 [idem
2681 5233 2837 5288 habet
2867 5251 2881 5286 :
2915 5230 3195 5302 Gregorius
3221 5229 3284 5284 II
3313 5229 3491 5284 Pater.
