4062 5508
257 388 328 443 is
1218 378 1672 438 DlSSERTATiO
1713 369 1800 434 ne
1838 362 2200 435 llERMANNI
2240 369 2608 441 cntioxtco.
3453 375 3522 442 te

258 503 425 566 citur,
453 501 508 555 iu
536 497 813 555 Einsidlen
845 511 1058 570 nempe,
1089 497 1393 553 Canisiana:
1416 497 1640 554 editioni
1676 495 1843 550 inser-
1874 495 1925 555 Α
1953 495 2094 564 quod
2120 501 2543 554 controversiam
2577 500 2779 556 indicat
2797 497 2907 569 jam
2934 498 3048 556 tum
3076 501 3217 555 inter
3239 505 3530 569 utrumque

263 606 396 650 tum.

330 684 412 737 An
466 683 592 748 971,
631 680 950 736 Mollierant
979 681 1048 737 ad
1089 694 1243 736 oram
1289 689 1416 736 saec.
1459 691 1528 735 xv
1557 678 1847 735 asc'ribitur

259 792 358 830 oon
391 774 744 842 llclfcttsteitt.

333 866 438 918 An.
468 863 597 929 972,
628 863 800 918 textui
823 857 928 918 alia
953 862 1046 919 sed
1067 863 1180 920 fere
1199 877 1379 918 cozcva
1404 877 1564 916 manu
1589 860 1801 916 additur
1825 877 1843 916 :

263 952 569 1008 Ratisboaa:
616 943 678 1006 S.
736 950 1082 1021 Wolfgangus
1137 950 1404 1020 episcopus
1436 949 1608 1018 factus
1632 958 1749 1014 est;
1792 954 1849 1002 et

263 1046 370 1100 alia
393 1047 704 1101 recentiore
734 1060 859 1100 saec.
890 1061 998 1099 xv:
1027 1043 1128 1099 Hic
1151 1060 1321 1098 comes
1349 1044 1411 1098 de
1438 1038 1721 1114 Pfulingen
1748 1050 1848 1096 na-

262 1144 347 1190 tus
373 1148 393 1187 :
425 1134 617 1189 nobilis
645 1135 712 1188 de
737 1133 1002 1203 Rideafcls
1029 1151 1188 1205 prope
1213 1131 1620 1189 Schwebcswcrd
1658 1144 1848 1198 natus;

261 1237 320 1281 et
349 1227 402 1282 in
437 1225 700 1282 inferiore
730 1226 1009 1296 margine:
1040 1229 1208 1280 matre
1235 1242 1267 1279 a
1312 1225 1589 1294 Veringen.

337 1318 443 1372 An.
475 1304 603 1382 973,
640 1331 807 1371 manu
835 1330 960 1370 stuc.
993 1330 1063 1370 xv
1093 1324 1187 1370 aut
1215 1329 1330 1385 seq.
1358 1315 1576 1369 additur
1607 1328 1622 1368 :
1661 1303 1802 1368 Nota
1831 1327 1851 1368 :

266 1397 356 1461 ille
415 1405 768 1478 Burghardus
825 1407 926 1477 fuit
992 1406 1246 1476 fundator
1304 1405 1607 1460 monasterii
1662 1405 1852 1458 montis

269 1499 487 1564 Duelli;
513 1501 706 1554 deinde
731 1516 871 1556 anno
902 1498 1038 1554 1005
1069 1499 1204 1553 illud
1233 1499 1609 1553 monasterium
1657 1515 1689 1552 a
1734 1497 1853 1552 divo

271 1589 526 1646 Hainrico
581 1589 737 1644 Rom.
790 1591 1101 1661 imperatore
1166 1590 1236 1643 ad
1296 1587 1448 1644 Stain
1499 1599 1854 1660 nuncupatum

269 1683 589 1738 translatum
609 1692 705 1738 est.
740 1681 858 1737 Vid.
889 1683 1028 1738 infra
1054 1681 1355 1738 Chronicon
1371 1681 1851 1737 Petershusannm.

334 1777 444 1830 An.
474 1774 600 1841 979,
631 1775 699 1828 ad
724 1773 1085 1829 Gebehardam
1113 1815 1126 1838 ,
1163 1790 1287 1830 saec.
1317 1790 1389 1828 xv
1414 1773 1480 1828 ad
1509 1788 1660 1829 oram
1702 1781 1856 1826 nota-

1947 587 2256 642 caenohium
2298 600 2499 645 motam
2531 589 2596 646 de
2627 591 2969 661 possessione
2997 591 3240 663 corporis
3265 592 3323 648 S.
3357 593 3528 648 Mein-

1950 679 2086 734 radi.
2118 678 2325 735 Similia
2373 697 2437 737 ex
2484 682 2798 753 Augustano
2823 683 3030 754 profert
3052 683 3305 741 Ganisius
3335 683 3388 738 in
3424 683 3532 739 [inc

1949 769 2028 824 sic
2076 769 2368 840 depravata
2422 780 2476 825 et
2516 773 2763 828 mutilata
2819 791 2830 829 :
2885 773 2950 828 Et
2981 773 3214 844 reliQuia:
3252 790 3441 844 corpus
3469 768 3531 828 3.

1951 860 2264 930 Heginradt'.
2317 861 2475 916 Plura
2508 863 2882 934 dcprtedicata:
2927 865 3060 920 alias
3089 864 3248 934 hujus
3281 861 3534 923 editionis

1949 954 2195 1010 errorum
2237 964 2480 1012 monstra
2515 959 2813 1027 producere
2841 959 3022 1014 nimiae
3047 959 3203 1015 molis
3230 958 3405 1027 foret;
3436 957 3534 1014 sed

1952 1045 2032 1100 vel
2065 1045 2178 1101 inec
2201 1063 2368 1118 pauca
2399 1049 2612 1103 abunde
2640 1049 2910 1105 suﬂiciunt
2930 1091 2945 1115 ,
2997 1059 3056 1106 ut
3096 1050 3164 1107 de
3207 1050 3324 1124 ejus
3358 1051 3535 1123 pretio

1951 1136 2223 1192 sincerum
2255 1138 2377 1207 quis
2397 1139 2660 1210 judicium
2692 1139 2834 1196 ferre
2855 1141 3048 1212 possit.

2023 1227 2404 1285 Additamenta
2437 1246 2566 1288 vero
2597 1231 2698 1287 ista
2725 1268 2741 1300 ,
2773 1243 3035 1305 quantum
3066 1230 3283 1304 quidem
3326 1222 3542 1291 Einsid-

1953 1317 2102 1374 lcnse
2170 1322 2556 1376 monasterium
2614 1334 2996 1391 concernunt,
3052 1325 3311 1394 Augiensi
3362 1325 3541 1383 codici

1955 1408 2209 1480 pleraque
2252 1410 2455 1466 inserta
2487 1411 2812 1469 fuere'szec.
2841 1424 2953 1480 xiv,
2984 1426 3092 1486 quo
3131 1408 3327 1470 ibidem
3357 1430 3540 1473 asser-

1956 1499 2204 1565 vahatur,
2235 1512 2394 1569 prout
2415 1502 2594 1571 prodit
2617 1509 2722 1556 tam
2744 1504 3031 1560 character
3055 1504 3221 1560 multo
3245 1503 3540 1571 recentior,

1955 1596 2011 1642 et
2059 1587 2172 1644 fere
2225 1603 2441 1659 semper
2489 1590 2672 1658 idem,
2721 1608 2884 1663 quam
2939 1608 3134 1650 nomen
3199 1593 3302 1651 loci
3349 1594 3544 1666 sapius

1955 1677 2261 1734 omissum:
2297 1679 2440 1749 quod
2486 1677 2831 1738 Hermannus
2879 1685 3143 1755 genuinus
3192 1699 3409 1756 semper
3449 1693 3546 1742 ex-

1958 1775 2178 1845 primit,
2219 1777 2382 1833 etiam
2413 1777 2502 1832 ubi
2535 1778 2600 1833 de
2629 1779 2744 1849 ipsa
2773 1777 2969 1850 Augia,
3007 1779 3060 1834 in
3096 1785 3203 1852 qua
3227 1779 3546 1846 scribebat,

270 1876 377 1931 tur,
411 1883 584 1920 comes
611 1865 678 1920 de
711 1863 968 1936 Zeriagcn
994 1879 1008 1914 τ
1034 1865 1172 1920 falso
1197 1905 1211 1932 ,
1263 1879 1387 1920 cum
1435 1864 1595 1919 fuerit
1640 1865 1703 1918 de
1731 1863 1854 1918 Bre-
1883 1849 1932 1910 Β
1960 1866 2090 1936 agit.
2121 1865 2240 1920 Alia
2270 1867 2410 1921 ratio
2448 1876 2532 1922 est
2558 1867 2623 1921 de
2654 1869 2722 1924 iis
2752 1849 2878 1939 quae
2901 1849 3195 1925 ibidem—ad
3228 1885 3318 1926 an.
3347 1869 3452 1928 948
3491 1879 3550 1926 et

267 1971 417 2028 gena.

337 2051 445 2104 An.
475 2050 602 2115 987,
634 2065 709 2104 m.
740 2065 866 2105 sate.
901 2063 998 2104 xm
1025 2087 1040 2115 ,
1092 2047 1328 2104 Ecclesia
1372 2048 1517 2103 cella:
1563 2042 1622 2103 S.
1655 2045 1858 2118 Hegin~

271 2142 390 2195 radi
417 2147 575 2196 aucta
616 2153 718 2197 est.
749 2139 808 2197 In
834 2141 1057 2212 reliquis
1099 2141 1377 2197 codicibus
1408 2139 1530 2196 inde
1561 2140 1859 2210 desumptis

270 2237 387 2294 hate
416 2253 448 2292 a
473 2231 650 2307 prima
687 2253 850 2291 manu
902 2246 1050 2302 sunt,
1081 2237 1158 2292 uti
1181 2246 1232 2292 et
1254 2237 1346 2296 illa
1375 2253 1463 2292 an.
1493 2236 1595 2292 096
1623 2254 1636 2290 :
1663 2235 1860 2305 Grego-

273 2331 380 2384 rius
403 2340 618 2384 sanctus
641 2327 804 2383 abbas
831 2329 982 2392 obiit,
1011 2328 1207 2399 quibus
1229 2327 1282 2382 in
1313 2326 1637 2382 Einsidlensi
1663 2342 1856 2381 recen-

272 2423 377 2476 tior
401 2436 594 2477 manus
617 2420 823 2490 adjecit
847 2420 1041 2475 scilicet
1074 2420 1377 2474 monasterii
1411 2417 1819 2472 IIeremitarum.

340 2513 450 2568 An.
491 2511 592 2568 997
621 2551 636 2576 ,
694 2519 818 2582 post
857 2510 1000 2580 ﬁlias
1037 2509 1246 2581 reliquit
1296 2524 1457 2564 manu
1502 2523 1628 2563 δίης.
1683 2522 1750 2562 xv
1793 2507 1858 2560 ad

270 2617 424 2659 oram
454 2619 561 2657 una
584 2601 788 2658 Cisela.

341 2697 449 2749 An.
478 2693 639 2758 1008,
669 2693 738 2748 ad
787 2693 1044 2764 Augicnse
1074 2685 1383 2748 cmhobium
1431 2703 1556 2746 sate.
1588 2695 1678 2743 xiv
1708 2697 1860 2744 notae

274 2798 402 2842 tur:
434 2785 620 2840 Annus
671 2783 1032 2839 retributionis
1067 2799 1289 2853 nequam
1339 2783 1539 2836 abbatis
1575 2782 1726 2843 venit,
1757 2779 1862 2834 lm-

272 2879 450 2934 monis
475 2878 690 2934 scilicet
727 2886 854 2931 tunc
877 2875 1131 2947 depositi,
1160 2875 1304 2946 quod
1345 2875 1509 2930 etiam
1553 2873 1608 2927 in
1647 2871 1863 2928 Einsid-

272 2970 408 3026 lcnsi
439 2987 469 3024 a
497 2971 670 3040 prima
705 2985 866 3024 manu
899 2969 1148 3023 habetur.

338 3063 447 3117 An.
481 3061 656 3126 1009,
688 3061 772 3116 Ad
809 3057 1174 3131 Wolferadum
1216 3058 1509 3114 Πένηταηηὶ
1555 3067 1756 3128 patrem
1806 3056 1860 3110 in

273 3156 520 3224 margine
561 3169 691 3211 saec.
739 3169 809 3209 xv
847 3169 1016 3208 comes
1067 3153 1132 3207 de
1197 3152 1493 3222 Veringen;
1542 3149 1630 3204 nhi
1672 3162 1861 3202 rursus

273 3248 460 3302 nescio
506 3246 640 3317 quid
665 3253 1004 3302 commentus
1049 3253 1134 3301 est
1179 3243 1454 3309 Cauisius,
1485 3257 1583 3311 pro
1615 3238 1862 3310 Piligrini

273 3348 319 3392 et
357 3337 672 3392 Bcrthrada
718 3337 890 3406 ﬁliam
937 3336 1120 3408 legens
1172 3335 1416 3405 Piligrim
1466 3342 1514 3386 et
1564 3329 1882 3385 Bcrnhardi'

274 3431 479 3500 ﬁliam;
511 3431 606 3500 qui
634 3431 765 3486 item
806 3444 949 3484 anno
993 3438 1256 3498 sequente
1300 3427 1418 3482 loco
1444 3434 1692 3496 paternus
1736 3438 1862 3476 avus

273 3539 418 3577 meus
445 3523 685 3577 Clemens
713 3521 1051 3578 intolerando
1072 3529 1261 3577 errore
1279 3518 1431 3590 ponit
1455 3529 1702 3589 paternus
1733 3531 1862 3570 avus

273 3614 328 3666 in
357 3613 604 3667 censibus
637 3612 884 3669 clemens.

343 3704 452 3759 An.
485 3704 615 3759 1051
651 3745 666 3768 ,
695 3705 762 3761 ad
807 3705 1110 3776 marginem
1138 3716 1205 3758 ex
1229 3716 1354 3757 saec.
1386 3715 1483 3755 xm
1506 3731 1523 3766 δ
1552 3702 1708 3768 primi
1730 3698 1865 3768 lapi-

275 3796 362 3849 des
387 3796 626 3851 ccclesite
660 3796 806 3851 cella
850 3797 911 3851 S.
948 3795 1246 3866 Meginradi
1277 3811 1329 3850 γι
1371 3793 1502 3848 Idus
1532 3791 1665 3846 Maii
1707 3791 1865 3860 positi

275 3898 415 3942 sunt.
459 3889 518 3943 in
548 3889 760 3945 caeteris
807 3888 1087 3944 codicibus
1131 3889 1386 3958 primaeva
1434 3901 1594 3942 manu
1641 3890 1864 3940 exarata

274 3980 528 4036 Canisius
555 3979 880 4036 detruncata
901 3979 1144 4035 exhibet.

343 4073 449 4126 An.
481 4071 644 4136 1052,
674 4088 835 4128 manu
860 4087 985 4127 sate.
1036 4086 1136 4137 xv,
1181 4069 1250 4124 ad
1278 4068 1525 4124 Bertham
1555 4075 1778 4122 notatur
1800 4065 1866 4118 de

271 4159 614 4232 Hafemtain
641 4173 782 4216 nata.
815 4162 1017 4218 Ibidem
1063 4162 1114 4216 in
1148 4160 1395 4231 margine
1419 4173 1546 4214 sieo.
1590 4171 1682 4213 xtv
1709 4155 1864 4210 addi-

272 4261 362 4309 tur
388 4270 404 4309 :
439 4248 801 4308 Warmmmus
830 4255 1100 4324 episcopus
1132 4252 1571 4315 Constantiensis,
1599 4249 1864 4320 quondam

268 4347 567 4401 monachus
619 4345 774 4414 hujus
822 4345 958 4408 loci,
1012 4343 1305 4398 Eremitani
1335 4341 1581 4406 scilicet‘,
1616 4339 1865 4410 quamvis

272 4437 648 4494 Einsidlenses
668 4438 813 4493 inter
841 4446 898 4493 et
919 4436 1218 4507 Augienses
1262 4435 1330 4490 de
1367 4448 1432 4489 eo
1455 4433 1631 4488 adhuc
1667 4431 1735 4485 lis
1769 4431 1861 4485 sit.

269 4530 556 4588 Lacunam
579 4546 699 4600 quas
732 4532 840 4586 hoc
865 4545 1007 4583 anno
1030 4530 1082 4582 in
1113 4525 1370 4598 Augiensi
1400 4521 1864 4592 transumptisque

271 4623 396 4680 inde
432 4591 715 4680 codicibus
743 4623 1096 4689 observatur,
1131 4591 1507 4676 ex'Bernoldu
1549 4591 1862 4672 Monacensi
1893 4591 1944 4652 D

275 4714 666 4786 supplevimns.

346 4805 450 4861 An.
499 4805 682 4872 1034,
747 4808 817 4862 ab
871 4805 1125 4878 Augiensi
1178 4804 1395 4859 aberrat
1425 4802 1772 4872 Augustanus
1809 4803 1866 4853 et

282 4897 528 4953 Canisius
553 4937 568 4960 ,
607 4896 697 4966 qui
724 4912 825 4967 pro
855 4895 999 4951 Brun
1028 4886 1282 4966 patruelis
1327 4892 1654 4964 imperatoris
1677 4931 1691 4956 ,
1721 4890 1865 4959 ﬁlius

284 4989 472 5043 scilicet
512 5004 578 5044 es:
618 4987 901 5052 Mat/tilde,
929 4988 1111 5058 legunt
1136 5005 1149 5038 :
1184 4986 1331 5040 Bruti
1356 4983 1611 5055 patruelis
1639 4984 1865 5052 impera-

287 5079 407 5134 toris
435 5079 582 5148 [ilius
601 5078 854 5148 ﬁliisque;
884 5084 937 5131 et
963 5093 1086 5133 mox
1111 5085 1296 5147 postea
1327 5093 1340 5130 :
1375 5074 1751 5145 Episcopatttm
1781 5070 1866 5123 die

290 5165 502 5226 Pascha
524 5172 722 5240 accepit
753 5169 895 5240 apud
923 5181 1165 5225 sanctum
1192 5171 1378 5223 eciam.
1411 5167 1726 5227 Theobat'do,
1758 5172 1864 5218 etc.

292 5273 382 5329 pro
423 5279 437 5317 :
478 5263 698 5332 accepit.
747 5261 899 5330 Apud
953 5272 1192 5317 sanctum
1235 5258 1447 5314 Gallum
1487 5259 1644 5314 etiam
1703 5255 1868 5310 Theo.

291 5348 454 5418 baldo,
477 5363 584 5409 etc.

497 5444 632 5466 ass-In
718 5456 880 5466 ..ρ-..η
930 5459 1024 5466 -._-
1111 5457 1208 5466 α---
1255 5443 1544 5466 ---αξ-ιη..-
1584 5461 1594 5466 -
1638 5439 1868 5466 D--l--.°_

1955 1959 2060 2015 9:34
2089 1959 2154 2014 de
2179 1959 2360 2014 divina
2411 1959 2823 2017 consecratione
2868 1959 3087 2032 capellae
3115 1959 3176 2015 Β.
3214 1957 3277 2018 γ.
3309 1960 3453 2018 facta
3492 1971 3550 2018 et

1956 2051 2280 2106 confirmata
2329 2051 2581 2122 leguntur
2608 2093 2622 2118 ,
2667 2067 2774 2108 non
2813 2053 2866 2108 in
2919 2046 3184 2124 margine,
3218 2054 3314 2110 sed
3349 2055 3402 2110 in
3431 2055 3549 2127 ipso

1956 2150 2235 2198 contextu.
2271 2141 2398 2196 Haec
2447 2142 2593 2196 cnim
2649 2140 2911 2211 majorem
2954 2151 3168 2199 aetatem
3218 2143 3550 2215 praeierunt,

1957 2251 2057 2290 nec
2085 2235 2218 2290 adeo
2263 2249 2291 2287 a
2324 2234 2581 2303 primmva
2609 2231 2814 2290 codicis
2856 2249 3018 2290 manu
3051 2235 3381 2306 discrepant.
3411 2235 3554 2292 Cha-

1960 2336 2138 2382 racter
2161 2326 2226 2380 ad
2249 2325 2657 2382 similitudinem
2680 2326 2875 2397 reliqui
2907 2334 3087 2383 textus
3105 2305 3419 2384 eﬂ‘ormatus
3444 2338 3548 2393 est,

1961 2427 2018 2472 ut
2045 2419 2136 2474 illo
2165 2429 2346 2474 tamen
2373 2417 2768 2488 aliquantulum
2797 2419 3162 2490 compressior
3181 2427 3460 2492 appareat,
3486 2425 3554 2477 ac

1962 2508 2168 2564 nullum
2219 2509 2443 2580 insuper
2492 2508 2728 2579 spatium
2775 2508 2918 2563 inter
2967 2517 3256 2580 utrumque
3304 2524 3553 2576 annum,

1961 2611 2120 2672 prout
2164 2600 2302 2656 alias
2327 2600 2643 2671 plerumque
2687 2598 3051 2664 observatur,
3111 2606 3343 2656 'vac'uum
3389 2601 3554 2658 relin-

1960 2702 2110 2766 quat.
2143 2693 2519 2748 Atramentum
2571 2705 2784 2762 quoque
2834 2691 3079 2746 nonnihil
3111 2692 3384 2749 recentius
3434 2707 3563 2760 mas

1963 2788 2153 2857 gisque
2192 2783 2404 2852 nigrum
2446 2791 2548 2839 est.
2581 2779 2690 2838 Nec
2739 2792 2870 2838 vero
2905 2782 3032 2837 inde
3083 2782 3554 2854 interpolationem

1963 2887 2114 2933 certo
2143 2875 2394 2932 evincere
2447 2875 2737 2940 audemus;
2767 2888 2887 2944 quae
2929 2873 2974 2929 si
3006 2873 3171 2929 etiam
3204 2875 3345 2930 roret
3375 2914 3391 2940 ,
3423 2875 3557 2931 satis

1965 2968 2188 3038 antiqua
2219 2975 2274 3022 et
2327 2964 2499 3020 codici
2545 2963 2634 3018 vix
2686 2979 2792 3020 non
2827 2977 3007 3019 coaeva
3043 2971 3209 3019 esset.
3242 2963 3385 3019 idem
3413 2963 3557 3034 jndié

1965 3063 2110 3116 cium
2142 3059 2422 3116 ferendum
2453 3073 2740 3114 censemus
2773 3059 2839 3114 de
2877 3058 2944 3115 iis
2984 3073 3104 3130 quae
3149 3059 3217 3115 ad
3247 3075 3335 3114 an.
3369 3060 3473 3116 95i
3503 3070 3560 3116 ct

1968 3148 2072 3210 958
2123 3160 2381 3207 notantur
2427 3150 2496 3205 de
2547 3151 2860 3206 Eberhardo
2893 3158 2905 3205 ξ
2938 3166 3058 3221 quae
3091 3150 3211 3208 ideo
3258 3152 3372 3210 suis
3426 3153 3561 3210 locis

1966 3250 2168 3304 intacta
2213 3243 2561 3316 reliquimus;
2615 3258 2722 3299 non
2758 3242 2886 3297 item
2931 3244 2998 3298 ad
3028 3257 3119 3297 an.
3167 3243 3273 3300 9.i9
3300 3285 3314 3309 ,
3355 3245 3460 3301 960
3502 3253 3560 3300 ει

1965 3341 2070 3398 996
2100 3339 2166 3395 de
2195 3336 2456 3409 Gregorio
2484 3336 2680 3392 abbate
2705 3376 2718 3398 ,
2754 3351 2873 3407 qua:
2899 3335 3001 3391 etsi
3049 3335 3258 3406 antiqui
3311 3337 3558 3393 nonnihil

1967 3429 2302 3487 characteris
2326 3470 2340 3494 ,
2396 3427 2870 3498 interpolationem
2906 3435 3084 3482 tamen
3133 3427 3386 3497 sapiunt,
3417 3427 3562 3499 quod

1966 3522 2038 3578 ibi
2070 3536 2268 3577 nomen
2294 3519 2421 3584 loci,
2453 3535 2548 3575 seu
2579 3517 2712 3574 cella
2739 3517 3038 3588 Meginradi
3064 3532 3380 3588 expressum
3417 3520 3561 3574 haud

1968 3615 2069 3680 sit,
2110 3627 2232 3683 qua:
2263 3611 2446 3667 omnia
2498 3609 2750 3680 scriptori
2806 3607 3130 3664 Einsidlensi
3165 3608 3448 3664 tribuenda
3481 3609 3562 3663 vi:-

1968 3705 2189 3770 dentur,
2222 3704 2299 3758 uti
2332 3702 2420 3758 illa
2443 3702 2639 3773 quibus
2667 3701 2796 3756 illud
2828 3700 3064 3766 additur,
3095 3700 3273 3754 adhuc
3303 3701 3351 3752 in
3384 3699 3560 3771 Angia

1970 3799 2206 3867 ascripta
2238 3808 2525 3851 censemus
2549 3830 2567 3860 ,
2612 3792 2718 3848 nisi
2769 3791 3041 3847 recentior
3076 3790 3364 3846 character
3414 3788 3562 3847 aliud

1969 3890 2185 3962 prodat.

2039 3979 2158 4036 XX.
2196 3979 2414 4036 initium
2457 3977 2602 4034 ducit
2633 3973 2922 4046 Augiensis
2965 3973 3135 4029 codex
3182 3987 3211 4027 a
3259 3970 3560 4028 Nativitate

1969 4074 2180 4131 Domini
2215 4072 2420 4141 absque
2449 4069 2708 4125 ulteriore
2737 4066 2911 4131 titulo,
2945 4065 3048 4121 nisi
3081 4065 3174 4137 qui
3202 4080 3232 4120 a
3262 4081 3424 4120 manu
3458 4083 3560 4122 sa:—

1970 4167 2074 4224 culi
2104 4182 2196 4221 xw
2231 4164 2444 4219 additus
2469 4171 2585 4227 est,
2618 4169 2777 4232 prout
2821 4159 2972 4214 illum
3017 4158 3071 4214 in
3108 4167 3290 4215 nostra
3321 4158 3562 4216 editione

1970 4258 2289 4315 notavimus.
2325 4254 2593 4326 Pertingit
2634 4261 2812 4307 autem
2853 4251 3171 4306 continuata
3214 4251 3356 4308 serie
3387 4267 3560 4321 usque

1969 4350 2036 4405 ad
2068 4364 2157 4402 an.
2193 4346 2350 4411 1051,
2382 4361 2490 4416 quo
2524 4343 2750 4408 desinit;
2793 4357 2898 4396 non
2935 4339 3078 4412 quod
3109 4338 3454 4396 Hermannus
3487 4341 3560 4396 ibi

1969 4444 2132 4497 linem
2173 4438 2446 4496 scribendi
2491 4436 2701 4499 fecerit,
2748 4435 2842 4490 sed
2872 4433 2996 4504 quia
3044 4441 3172 4489 tunc
3205 4433 3321 4506 ipse
3361 4434 3557 4497 codex,

1969 4531 2216 4589 rescissis
2253 4529 2458 4601 aliquot
2495 4527 2637 4583 foliis
2667 4526 2864 4597 quibus
2893 4525 3017 4581 anni
3059 4525 3391 4596 posteriores
3426 4541 3561 4580 con-

1973 4625 2308 4688 tinebantur,
2339 4635 2564 4676 mancus
2605 4627 2687 4674 est
2733 4636 2746 4673 :
2793 4618 2884 4689 qui
2926 4618 3068 4673 idem
3097 4617 3343 4674 defectus
3375 4618 3427 4672 in
3469 4617 3564 4672 dc-

1973 4717 2191 4787 scriptis
2217 4728 2430 4784 quoque
2458 4711 2655 4766 exinde
2682 4709 3010 4766 Einsidlensi
3040 4717 3095 4764 et
3120 4707 3436 4780 Augustano
3462 4723 3560 4762 co-

1973 4809 2183 4866 dicibus
2210 4807 2474 4872 habetur;
2506 4803 2650 4859 unde
2675 4803 2957 4859 sinistrum
2978 4803 3083 4857 hoc
3106 4799 3275 4856 fatum
3301 4799 3560 4872 Augicnsi

1971 4900 2144 4957 codici
2177 4898 2366 4954 saltem
2393 4897 2506 4968 jam
2536 4893 2733 4952 saeculo
2761 4911 2852 4950 xlv
2881 4893 3141 4963 obtigisse
3187 4907 3412 4955 necesse
3455 4904 3559 4960 est,

1972 5007 2081 5063 quo
2116 4989 2192 5045 illi
2223 5003 2289 5042 ex
2318 4999 2382 5044 eo
2411 4989 2564 5044 fuere
2595 4985 2943 5056 transnmpti.
2993 4979 3293 5038 Dolendnm
3334 4985 3389 5041 id
3421 4995 3560 5050 erat,

1974 5081 2076 5136 nisi
2107 5096 2174 5136 ex
2205 5076 2440 5136 Murensi
2476 5087 2531 5133 et
2558 5075 2976 5149 Engelbergensi
3021 5089 3177 5139 mss.,
3220 5075 3312 5145 qui
3352 5077 3464 5150 jam
3495 5078 3564 5133 ab

1974 5173 2130 5228 annis
2177 5172 2447 5242 prioribus
2495 5181 2618 5224 cum
2667 5166 2923 5239 Augiensi
2970 5168 3393 5236 concordarnnt,
3433 5185 3564 5241 sup-~

1973 5266 2111 5337 pleri
2151 5262 2419 5333 potuisset
2442 5262 2560 5317 haec
2585 5254 2749 5313 trium
2779 5275 3045 5317 annorum
3074 5258 3265 5315 lacuna
3292 5277 3464 5333 usque
3497 5258 3567 5314 ad

1977 5374 2067 5412 an.
2093 5352 2252 5416 1054,
2280 5363 2564 5422 quousque
2592 5363 2785 5420 nempe
2814 5353 3133 5423 perductum
3161 5362 3244 5407 est
3273 5337 3584 5410 llcrmanni

1987 5450 2022 5466 AI
2053 5447 2266 5466 ,,-,-!--..
2343 5446 2418 5466 .-.9
2457 5441 2782 5466 ΙὶΑ-οΙςΑΙιΙ..-
2853 5444 2960 5466 -2.--
3008 5441 3292 5466 .I2.-!-.-I---
3363 5445 3409 5466 ε..
3449 5441 3561 5466 ιτς...

2176 5459 2266 5466 --.-
2343 5446 2418 5466 .-.9
2457 5440 2782 5466 ΙὶΑ-οιςΑΙιΙ..-
2853 5444 2960 5466 ρΣ.--
3008 5441 3053 5466 .I:
3073 5442 3292 5466 ιλῖ-κ.-1---
