4062 5508
495 336 562 392 Π

1343 332 1771 390 ιιΕηΜιΑΝΝυε
1808 321 2269 392 εοΝΤηςςρτυδ
2306 335 2607 393 nomen.
2649 335 2972 394 auersus.

3654 336 3728 391 48

495 449 578 501 nis
616 447 684 501 ab
724 446 868 504 edito
896 444 1109 502 Urstisii
1153 444 1394 499 nonnihil
1438 445 1724 513 discrepat.
1758 443 2056 513 Utrumque
2087 448 2131 506 Α
2230 444 2415 502 XXIII.
2467 447 2523 502 Id
2570 463 2699 502 vero
2746 448 2977 517 speciale
3026 447 3187 515 habet
3237 446 3404 502 codex
3431 445 3669 518 Augiens
3689 465 3755 514 5,.

494 541 657 613 igitur
683 539 947 595 edendum
996 538 1324 602 censuimus,
1371 536 1516 592 dubii
1567 544 1685 588 utra
1733 534 1960 602 germina
1993 535 2065 589 sit

491 627 1003 694 lIermanni-Iectio;
1051 629 1284 681 maxime
1316 642 1437 680 cum
1472 634 1592 694 post
1620 640 1706 677 an.
1735 625 1874 679 1052
1902 626 2063 679 linem

492 722 688 777 habeat
743 718 1241 791 San-Grorgianus
1301 717 1510 773 Urstisii
1570 717 1778 782 codex,
1833 732 2063 785 quocum

490 813 652 867 etiam
705 818 830 868 tunc
877 811 1146 866 Beruoldo
1192 810 1352 864 linem
1404 808 1753 879 imponimus,
1799 807 1949 862 illum
1996 808 2064 862 ab

489 921 630 961 anno
661 905 796 960 1055
823 905 875 959 in
905 914 1030 958 tom.
1062 902 1101 957 Il
1132 901 1491 973 prosecuturi.

559 995 699 1050 XXI.
734 996 916 1065 Neque
935 1010 1062 1051 vero
1083 993 1276 1048 exinde
1290 988 1917 1061 tirmaturGundlingiiel
1931 988 2070 1047 Vos-

488 1086 553 1141 sii
579 1084 678 1156 (De
698 1076 820 1141 hist.
842 1079 937 1139 lat.
960 1084 997 1139 l.
1020 1098 1143 1149 Il,c.
1167 1081 1309 1154 44,§
1337 1080 1421 1151 l9)
1452 1081 1780 1152 conjectura,
1807 1080 2068 1134 Herman—

489 1192 615 1232 nutn
656 1192 811 1232 suum
843 1175 1145 1232 Chronicon
1176 1173 1437 1226 duntaxat
1474 1172 1540 1225 ad
1575 1187 1666 1225 an.
1703 1169 1841 1248 1033
1874 1170 2068 1239 ρει-(1η-

488 1270 656 1336 xisse,
687 1284 751 1323 eo
779 1269 919 1340 quod
945 1265 1264 1322 Bertholdus
1290 1261 1716 1323 Constantieusis
1740 1260 1848 1330 jam
1879 1262 1946 1316 ab
1979 1260 2069 1314 illo

487 1377 631 1416 anno
664 1358 1124 1416 continuationem
1167 1371 1316 1411 suam
1354 1352 1517 1410 fuerit
1549 1368 1793 1408 exorsus.
1833 1351 1979 1407 Facit
2014 1351 2067 1406 id

487 1452 705 1520 quidem
737 1449 1000 1506 Urstisius
1030 1449 1081 1503 in
1115 1462 1210 1503 sua
1242 1445 1508 1510 editione;
1540 1453 1598 1499 at
1638 1444 1692 1499 in
1734 1444 2068 1515 autographo

486 1539 788 1596 Beruoldus
815 1550 922 1594 tam
945 1539 1124 1610 priora
1148 1553 1308 1607 quam
1332 1536 1635 1607 posteriora
1658 1534 1748 1589 illo
1769 1550 1911 1588 anno
1932 1534 2066 1588 1053

486 1648 594 1687 una
640 1633 783 1687 serie
826 1645 1049 1686 narrare
1076 1629 1272 1699 pergit,
1299 1627 1447 1682 nulla
1478 1626 1616 1705 facta
1643 1625 1870 1696 alicujus
1894 1625 2066 1688 conti-

485 1724 756 1780 nuationis
780 1724 1075 1787 mentione,
1103 1738 1222 1793 qua:
1246 1721 1385 1776 adeo
1408 1736 1436 1775 a
1464 1735 1574 1791 quo
1595 1735 1736 1774 anno
1761 1720 2073 1790 incipienda.

2166 537 2307 604 quod
2340 536 2479 591 facta
2517 554 2636 607 quae
2682 548 2868 592 narrat
2911 553 3017 593 non
3059 540 3212 608 juxta
3248 553 3419 593 annos
3463 540 3749 609 regitninis

2164 627 2554 697 imperatorum
2576 638 2669 683 aut
2696 646 2878 699 regum
2907 640 3179 701 suppmet,
3205 632 3279 684 uti
3307 631 3520 685 caneris
3544 631 3746 686 codici-

2164 719 2264 774 bus
2291 730 2347 774 et
2384 720 2688 777 Monaceusi
2720 738 2933 792 quoque
2968 722 3229 777 familiare
3256 733 3357 778 est.
3398 722 3516 790 Quo
3545 723 3662 793 ipso
3690 722 3751 778 id

2165 807 2324 863 facile
2349 811 2576 880 contigit
2604 821 2686 878 ut,
2714 814 2839 868 dum
2865 827 3003 867 unus
3026 814 3255 882 primum
3283 812 3559 882 cujusdam
3598 815 3747 886 regis

2165 915 2364 955 annum
2419 904 2486 958 ab
2538 905 2686 959 obitu
2742 905 3042 975 praedicas
3080 905 3175 968 ris,
3225 904 3363 959 alter
3409 904 3626 961 demum
3677 905 3748 960 ab

2166 1004 2308 1044 anno
2351 1000 2610 1061 sequente
2644 995 2968 1058 numeravit,
3016 994 3069 1048 in
3112 993 3244 1064 ipsis
3275 992 3549 1062 regimiuis
3587 994 3752 1051 annis

2168 1080 2269 1134 sibi
2303 1081 2445 1135 haud
2472 1092 2807 1149 constarent,
2839 1082 3080 1154 adeoque
3104 1092 3159 1138 et
3185 1084 3239 1139 in
3269 1085 3614 1154 assignandis
3633 1086 3751 1139 cui-

2168 1167 2292 1223 libet
2321 1186 2460 1238 anno
2489 1172 2654 1242 gestis
2682 1181 2737 1228 et
2767 1180 3065 1243 temporum
3091 1184 3346 1244 computo
3375 1191 3404 1229 a
3432 1190 3493 1230 se
3516 1176 3750 1230 invicem

2168 1261 2560 1331 discreparent.
2595 1262 2934 1318 IIermannus
2965 1275 3143 1320 autem
3191 1281 3276 1321 res
3321 1280 3444 1320 eum
3489 1266 3746 1320 incarna-

2169 1350 2330 1407 tionis
2366 1352 2660 1408 Dominicte
2697 1356 2852 1410 annis
2892 1356 3148 1426 copulare
3187 1372 3471 1427 aggressus
3500 1366 3603 1412 est.
3653 1355 3754 1412 Ve-

2165 1459 2300 1503 rum.
2336 1452 2395 1496 ut
2421 1454 2568 1498 notat
2594 1443 2859 1515 Bouquct,
2893 1454 3020 1501 tom.
3050 1447 3113 1502 III
3144 1446 3347 1516 Script.
3376 1464 3481 1503 rer.
3525 1448 3748 1514 Franc.,

2165 1546 2219 1600 p.
2247 1529 2374 1597 319,
2401 1531 2598 1600 infelici
2622 1543 2837 1599 conatu,
2865 1535 3050 1589 saltem
3080 1546 3333 1606 quantum
3360 1537 3543 1590 attinet
3566 1540 3636 1591 ad
3664 1554 3749 1591 res

2163 1637 2282 1692 qua:
2313 1622 2407 1675 sub
2437 1624 2609 1692 prima
2639 1640 2814 1694 regum
2842 1623 3174 1681 Francorum
3209 1629 3367 1698 stirpe
3401 1638 3558 1698 gesta:
3592 1642 3751 1694 sunt;

2168 1711 2275 1766 into
2306 1726 2447 1782 saepe
2477 1712 2603 1768 alibi
2633 1729 2863 1784 quoque,
2891 1715 3141 1772 inductus
3178 1717 3362 1787 utique
3403 1719 3474 1773 ab
3509 1720 3748 1776 auctori-

485 1816 577 1882 s",
608 1814 959 1872 dotemqnari
990 1815 1115 1870 hinc
1142 1811 1359 1883 nequir;
1392 1811 1457 1867 de
1483 1826 1590 1881 quo
1617 1825 1716 1866 suo
1744 1809 1862 1866 loco
1888 1809 2059 1880 plum.
2096 1807 2141 1867 Β
2169 1801 2271 1856 bus
2300 1802 2697 1872 antiquioribus
2725 1819 2860 1874 quos
2884 1816 3101 1860 secutus
3129 1814 3229 1862 est.
3257 1806 3409 1874 Quod
3439 1818 3619 1862 autem
3650 1809 3752 1863 ad-

487 1907 787 1963 IIertnanni
818 1911 947 1962 vero
977 1907 1154 1963 adhuc
1181 1920 1300 1960 esse
1328 1920 1527 1958 antunn
1560 1904 1713 1969 I053,
1750 1903 1861 1974 ipse
1892 1902 2075 1979 prodit

485 2000 734 2055 scribens
781 2019 792 2054 :
844 1998 1210 2054 Werinlmrius
1258 1997 1427 2068 frater
1470 2012 1638 2063 meus,
1685 1981 1842 2067 quod.
1878 1995 2070 2052 saltem

491 2095 758 2150 Ut'Stisius
785 2094 968 2149 habet.
1289 2125 1294 2131 ι
1420 2078 1424 2084 ’
1580 2150 1585 2151 ν
2072 2140 2075 2143 η

558 2182 845 2238 Euormins
865 2192 1044 2238 autem
1066 2183 1343 2239 aberravit
1362 2182 1715 2249 Trithemius,
1738 2182 1828 2254 qui
1851 2183 2067 2255 (Annal.

488 2275 741 2349 llirsaug.
776 2286 903 2330 tom.
939 2276 986 2347 I)
1016 2278 1218 2332 obitum
1255 2275 1547 2333 [Iertnanni
1575 2275 1688 2347 jam
1720 2277 1786 2332 ad
1816 2293 1904 2332 an.
1935 2277 2068 2332 1013

487 2367 795 2440 consignat.
827 2367 1107 2424 Falluntur
1135 2379 1190 2426 et
1219 2370 1295 2425 illi
1328 2370 1418 2439 qui
1446 2370 1547 2426 sibi
1578 2370 1921 2442 persuadent,
1953 2385 2072 2441 qua:

499 2456 531 2513 εἰ
582 2459 674 2515 illo
712 2459 984 2516 Chronico
1021 2460 1089 2516 ab
1132 2476 1278 2515 anno
1323 2461 1460 2516 1040
1506 2471 1823 2532 sequuntur,
1860 2462 1928 2517 ab
1965 2461 2070 2517 alio

484 2551 752 2621 scriptore
781 2550 950 2607 fuisse
980 2552 1184 2618 addita,
1216 2560 1399 2621 utpote
1433 2551 1605 2608 fusius
1629 2563 1879 2618 exarata;
1913 2553 2066 2622 quasi

484 2658 613 2698 vero
643 2651 794 2715 gesta
826 2645 1054 2714 tempori
1087 2660 1196 2715 quo
1232 2646 1501 2701 scribebat
1529 2645 1789 2700 viciniora
1818 2661 1916 2699 ceu
1957 2659 2067 2699 tne—

484 2733 588 2788 lius
623 2734 723 2789 sibi
771 2734 985 2805 cognita
1026 2736 1319 2806 prolixiore
1360 2752 1574 2806 quoque
1617 2737 1826 2792 calamo
1865 2736 2068 2792 descri-

483 2827 610 2878 bere
643 2825 784 2882 haud
815 2826 1072 2896 potuerit.
1100 2825 1214 2883 Iuto
1233 2827 1383 2902 illius
1415 2829 1673 2897 temporis
1705 2838 1854 2899 gesta
1890 2829 2064 2899 ipsum

484 2918 652 2986 magis”
682 2916 1002 2987 scriptorem
1029 2916 1284 2988 produnt,
1309 2933 1416 2988 quo
1450 2919 1683 2990 primum
1711 2918 1940 2974 clericus
1969 2935 2063 2975 seu

484 2997 863 3063 utonachus'iu
905 3007 1075 3080 Augia
1116 3008 1291 3064 factus
1319 3018 1402 3064 est
1442 3009 1585 3066 circa
1615 3026 1813 3064 annum
1858 3010 1991 3066 trice
2024 3011 2063 3064 i-

484 3114 631 3153 mum
660 3097 856 3171 aetatis,
885 3108 943 3153 ut
972 3100 1123 3155 testis
1150 3108 1235 3156 est
1259 3099 1394 3156 Vita:
1420 3101 1682 3170 scriptor;
1716 3102 1854 3156 unde
1879 3112 1933 3157 et
1968 3104 2061 3157 ad-

2172 1890 2250 1946 dit
2281 1892 2419 1947 idem
2445 1892 2687 1964 Bouquet
2714 1912 2726 1949 :
2765 1894 2924 1950 Veros
2963 1914 3153 1964 annos,
3177 1899 3349 1969 quoad
3377 1899 3489 1969 ejus
3516 1900 3632 1968 ﬁeri
3658 1917 3753 1970 po-

2170 1982 2348 2043 tuerit,
2372 1981 2765 2050 adnotabimus,
2781 1984 2926 2038 nullo
2951 1986 3128 2041 habito
3156 1998 3383 2057 respectu
3406 1989 3474 2042 ad
3495 2006 3663 2045 annos
3684 1989 3754 2044 ab

2173 2062 2476 2126 Hérmunno
2516 2082 2741 2142 notatos,
2774 2093 2902 2147 quos
2939 2086 3109 2132 tamen
3142 2080 3324 2149 cuique
3356 2080 3579 2134 articulo
3613 2096 3757 2150 prte-

2170 2161 2262 2215 mit
2285 2179 2450 2226 emus,
2480 2158 2725 2219 nostrum
2766 2180 2978 2236 quoque
3007 2182 3071 2221 ex
3110 2177 3264 2237 parte
3294 2168 3521 2225 faciams
3553 2171 3604 2224 in
3647 2170 3754 2225 hac

2170 2252 2497 2318 editione,ut
2519 2254 2749 2321 scilicet,
2774 2250 2965 2312 ordine
2990 2257 3283 2313 Ilerutanni
3311 2268 3543 2327 retento,
3564 2261 3754 2333 genui-

2171 2360 2297 2398 num
2334 2342 2618 2413 cujuslibet
2649 2345 2778 2403 facti
2823 2357 3031 2418 tempus
3069 2349 3175 2404 alio
3218 2351 3537 2406 charactere
3583 2351 3755 2419 subji-

2170 2436 2398 2501 ciatuus,
2430 2446 2689 2505 quantum
2731 2439 2948 2507 quidem
2975 2456 3041 2494 ex
3088 2441 3480 2497 recentioribus
3506 2452 3559 2497 et
3589 2457 3751 2498 accu-

2168 2526 2462 2582 ratiorihus
2488 2528 2832 2598 chronologis
2862 2539 3097 2586 statuere
3128 2531 3296 2609 licuit.
3582 2528 3583 2531 “

2207 2640 2348 2696 'I-Ios
2398 2640 2537 2697 inter
2587 2644 2852 2714 imprimis
2900 2661 3249 2701 numeramus
3298 2646 3359 2701 P.
3413 2646 3751 2717 Stephanum

2167 2731 2439 2800 Clement,
2489 2734 2699 2802 insigne
2744 2738 3175 2807 congregationis
3223 2739 3749 2795 Benedictiquau-

2168 2826 2332 2881 riante
2364 2827 2419 2882 in
2459 2826 2631 2882 Gallia
2673 2828 2857 2895 decus,
2886 2831 2977 2899 qui
3011 2830 3061 2884 in
3095 2834 3541 2902 praestantissimo
3583 2849 3753 2903 opere

2165 2918 2297 2974 I‘Art
2333 2920 2398 2974 de
2437 2919 2641 2990 vériﬁer
2677 2920 2750 2976 les
2787 2922 2955 2988 dates,
2995 2925 3168 2978 tertiis
3210 2926 3347 2996 typis
3389 2925 3610 2980 Parisiis
3654 2942 3745 2980 an.

2166 3008 2305 3066 1785
2336 3024 2489 3080 seqq.
2524 3012 2695 3067 tribus
2722 3011 3001 3082 hucusque
3034 3014 3195 3069 tomis
3228 3017 3523 3083 majoribus
3546 3032 3749 3071 excuso

2162 3107 2220 3154 et
2260 3108 2439 3166 aucto,
2485 3110 2700 3167 exacte,
2742 3103 2788 3157 si
2833 3103 2953 3173 quis
2999 3103 3159 3171 alius,
3206 3113 3506 3175 temporum
3554 3108 3765 3162 seriem

485 3191 594 3245 huc
623 3191 813 3246 matris
842 3206 953 3247 suae
987 3190 1247 3249 IIiItrudis
1277 3193 1609 3263 epitaphium
1639 3194 1853 3263 scripsit
1880 3196 1946 3249 ad
1971 3212 2064 3251 an-
2092 3177 2137 3239 (ἶ
2169 3191 2411 3261 digessit,
2456 3192 2543 3247 cui
2585 3202 2763 3248 tamen
2789 3209 2941 3263 teque
2970 3208 3034 3250 ac
3061 3197 3216 3252 nobis
3250 3213 3636 3269 nonnunquam
3682 3198 3753 3253 ab

483 3299 612 3338 unm
639 3283 797 3348 I052,
826 3293 885 3338 ut
905 3272 1096 3340 caetera
1117 3284 1228 3356 jam
1252 3285 1409 3339 allata
1437 3285 1741 3341 testimonia
1766 3295 2083 3359 taceamus,

483 3377 536 3431 Id
567 3392 731 3433 unum
762 3379 919 3433 modo
948 3392 1232 3449 superesse
1266 3387 1448 3448 posset
1480 3377 1702 3432 dubium
1730 3392 1855 3431 num
1887 3393 2061 3433 annus

482 3465 642 3536 1054,
667 3469 733 3527 ad
754 3483 913 3541 quem
939 3469 1242 3526 Chronicon
1270 3486 1425 3525 suum
1449 3472 1767 3542 perduxisse
1789 3472 2063 3540 scribitur,

482 3561 537 3615 in
568 3562 711 3617 hunc
749 3561 1446 3632 calculumcomputandas
1472 3563 1673 3629 veniat,
1711 3579 1779 3617 an
1810 3564 1877 3618 ab
1907 3579 1972 3618 eo
1996 3566 2069 3620 sit

483 3650 873 3716 cxcludendus,
900 3652 1097 3723 partim
1141 3652 1209 3707 ob
1234 3652 1448 3709 codices
1472 3654 1561 3723 qui
1589 3656 1919 3710 contrarium
1947 3670 2083 3721 suas

482 3742 615 3799 dere
642 3744 912 3810 videntur,
954 3744 1021 3799 de
1050 3744 1243 3814 quibus
1280 3753 1459 3799 tamen
1496 3761 1628 3827 mox
1662 3746 1917 3813 diximus,
1945 3763 2069 3818 par-

483 3836 581 3892 tim
605 3839 746 3908 quod
773 3836 1032 3892 miracula
1054 3835 1251 3893 Leonis
1280 3837 1350 3892 IX
1383 3853 1554 3908 papre,
1575 3837 1764 3893 eodem
1797 3854 1957 3904 anno,
1981 3839 2068 3895 die

483 3927 553 3983 19
571 3928 793 3999 Aprilis,
819 3926 1080 3999 defuncti,
1102 3928 1191 3982 vix
1225 3929 1509 3997 pervenire
1539 3931 1816 3999 potuerint
1844 3930 1897 3984 in
1930 3930 2072 3986 noti-

484 4017 615 4072 tiam
640 4016 935 4073 lIermanni
968 4027 1090 4089 post
1110 4018 1346 4088 quinque
1368 4033 1581 4075 menses
1601 4028 1657 4075 et
1676 4019 1891 4092 longam
1913 4021 2069 4092 aegri-

482 4108 729 4163 tudinem
752 4108 1018 4176 defuncti,
1038 4117 1095 4163 ut
1121 4124 1182 4164 ea
1211 4110 1325 4180 ipse
1345 4109 1521 4166 adhuc
1543 4111 1781 4166 scribere
1812 4112 2065 4181 potuerit.

484 4199 563 4256 Ex
584 4215 692 4271 quo
711 4210 889 4256 autem
914 4198 1041 4257 illud
1066 4209 1273 4255 tantum
1298 4199 1437 4256 forte
1458 4188 1577 4272 quis
1596 4202 1867 4271 conjiciat,
1888 4202 2070 4273 priora

483 4291 647 4362 hujus
668 4293 796 4348 anni
822 4292 958 4348 1054
977 4301 1125 4363 gesta
1148 4291 1216 4346 ab
1237 4288 1549 4346 Hermanno
1565 4293 1842 4358 adnotata,
1868 4294 1935 4347 ab
1956 4293 2072 4363 ejus

485 4385 751 4457 discipulo
779 4396 967 4457 postea
993 4385 1161 4440 fuisse
1187 4372 1455 4456 suppleta,
1479 4392 1538 4439 ut
1572 4392 1751 4438 tamen
1786 4385 1996 4455 intrget'
2025 4386 2073 4439 is

485 4461 1382 4534 aunusrliermannotribueretur:
1410 4475 1460 4529 id
1484 4475 1627 4545 quod
1652 4475 1871 4530 disertis
1896 4477 2073 4531 verbis

2166 3280 2286 3335 aliis
2298 3283 2470 3336 accitti
2484 3283 2670 3351 possit:
2688 3283 3011 3354 Quandoque
3026 3285 3192 3340 bonus
3203 3288 3450 3357 dormitat
3468 3288 3750 3343 Honwrus.

2237 3370 2338 3437 Qui
2377 3371 2836 3428 celebratissimos
2876 3375 3152 3445 hucusque
3191 3378 3546 3449 chronologos
3582 3379 3754 3434 Scali-

2132 3476 2385 3543 gerum,
2422 3461 2730 3525 Petavium,
2779 3463 3080 3519 Calntetum
3122 3465 3367 3536 aliosque
3403 3469 3751 3534 evolveruut,

2165 3552 2363 3623 Oppido
2393 3552 2640 3606 noverint
2675 3561 2888 3624 quanta:
2928 3554 3010 3609 vel
3055 3571 3198 3620 nunc
3242 3571 3419 3627 opera:
3448 3567 3503 3613 et
3531 3558 3773 3614 dillicul-.

2169 3644 2295 3698 tatis
2341 3644 2410 3697 sit
2439 3643 2744 3698 ordinatam
2790 3658 3007 3714 semper
3048 3654 3397 3716 curatumque
3446 3657 3750 3718 temporum

2168 3735 2433 3792 rationem
2465 3735 2620 3789 inire.
2659 3733 2833 3791 Tanto
2863 3736 3036 3807 magis
3065 3738 3446 3807 indulgendum
3474 3751 3559 3795 est
3586 3741 3754 3796 medii

2167 3828 2265 3882 αινί
2295 3826 2669 3897 scriptoribus,
2705 3826 2751 3881 si
2794 3828 2847 3881 in
2886 3830 3242 3898 supputandis
3278 3831 3505 3886 subinde
3535 3830 3755 3887 aberra-

2165 3919 2378 3984 verint,
2437 3919 2596 3972 rebus
2650 3916 2970 3987 enarrandis
3028 3934 3171 3991 serpe
3215 3922 3389 3991 magis
3451 3938 3613 3991 quam
3670 3922 3754 3978 di-

2168 4010 2462 4066 scutienda:
2526 4008 2885 4079 chronologite
2930 4009 3149 4083 rintenti
3176 4050 3193 4078 ,
3257 4013 3428 4078 unde,
3470 4028 3567 4081 ne-
3597 4012 3753 4068 ﬁlum

2169 4101 2494 4157 narrationis
2539 4101 2943 4170 abrumperent,
2994 4102 3235 4172 plurium
3274 4104 3435 4159 simul
3483 4118 3757 4160 armorum
3832 4155 3837 4159 .

2169 4201 2318 4264 gesta
2348 4195 2398 4245 in
2432 4207 2598 4245 unum
2627 4203 3033 4262 congesserunt.
3064 4193 3212 4248 Adde
3241 4195 3384 4262 quod
3416 4209 3555 4249 unus
3586 4195 3755 4250 idem-

2169 4299 2276 4354 que
2295 4292 2486 4339 auctor
2507 4284 2672 4339 etiam
2694 4298 2758 4338 ex
2782 4285 3083 4354 antiquisin
3101 4288 3384 4341 statuenda
3404 4287 3753 4360 chronologia

2168 4374 2270 4430 sibi
2290 4389 2506 4444 semper
2527 4374 2666 4428 haud
2686 4382 2917 4440 constet,
2939 4374 3080 4444 quod
3109 4375 3191 4429 vel
3216 4389 3284 4430 ex
3307 4376 3541 4432 Eusebio
3560 4378 3754 4449 liquet,
3776 4390 3777 4393 ‘

2173 4468 2264 4536 qui
2311 4467 2470 4522 aliter
2513 4466 2566 4520 in
2597 4464 2888 4532 Chronico,
2933 4465 3090 4522 aliter
3134 4466 3189 4522 in
3237 4467 3477 4523 Historia
3512 4477 3756 4540 tempora

487 4569 617 4626 facit
647 4568 912 4625 Murensis
943 4568 1136 4635 codex,
1169 4583 1335 4650 quem.
1366 4568 1522 4623 nobis
1555 4567 1656 4623 hac
1682 4566 1734 4622 in
1762 4580 1819 4621 re
1841 4581 2073 4637 sequen-

2173 4528 2437 4624 digessit:
2470 4560 2670 4627 quanto
2717 4528 2892 4607 minus
2934 4552 3072 4608 inter
3124 4562 3202 4609 tot
3250 4563 3468 4625 tantque
3509 4528 3759 4614 diversos

487 4667 613 4718 dum
646 4664 977 4720 censuimus.
2080 4720 2086 4725 .

558 4756 726 4811 XXII.
766 4755 1038 4811 Discimus
1058 4768 1222 4825 porro
1241 4769 1307 4809 ex
1330 4753 1490 4810 dictis
1512 4768 1618 4824 quo
1646 4762 1885 4823 tempore
1906 4753 2073 4809 Chro-

490 4850 650 4903 nicon
675 4863 831 4903 suum
854 4862 1081 4904 exorsus
1103 4845 1174 4902 sit
1187 4845 1528 4901 Hermannus
1548 4860 1722 4915 quove
1740 4844 1867 4899 illud
1891 4845 2071 4900 termi-

490 4928 841 4994 ttari‘t.'Unde
855 4939 1066 4995 Veteris
1081 4936 1414 4993 Testamenti
1446 4935 1772 5001 Chronicon,
1808 4936 1981 4991 eidem
2014 4936 2068 4991 in
2096 4998 2099 4999 ν

492 5030 706 5084 caneris
722 5020 1018 5097 codicibus,
1050 5038 1275 5100 excepto
1286 5028 1568 5099 Augiensi,
1591 5027 1943 5099 prtemissum.
1960 5042 2069 5082 non

518 5120 594 5158 ιιρῖ
644 5119 735 5158 cmi
766 5120 884 5158 nino.
911 5120 1331 5158 (Incnrinlnriltnc
1365 5120 1702 5158 Irilntandnn'n
1737 5130 1815 5158 aut
1863 5122 1951 5158 ηιιί
1977 5135 2072 5158 nI-n

2089 4711 2095 4719 ι
2175 4654 2425 4700 auctores
2457 4652 2649 4698 exacta
2678 4658 2891 4713 semper
2920 4644 3207 4698 concordia
3242 4648 3603 4714 exspectanda
3637 4649 3759 4705 est?

2174 4736 2326 4802 Quod
2382 4734 2652 4804 prtecipue
2697 4732 2752 4787 in
2801 4731 3112 4786 lIermanno
3159 4743 3347 4788 nostro
3397 4736 3611 4803 evenit,
3662 4739 3758 4808 qui

2174 4825 2483 4882 Chronicon
2517 4838 2676 4879 suum
2715 4837 2784 4878 ex
2824 4822 3053 4879 diversis
3089 4823 3226 4880 adeo
3255 4825 3613 4897 scriptoribus
3645 4829 3759 4887 col-

2176 4916 2327 4988 legit.
2744 4970 2748 4975 ,
2926 4966 2931 4971 .
3132 4945 3138 4953 -
3199 4964 3205 4972 ,
3494 4958 3509 4964 ,ν
3532 4958 3536 4962 .
3698 4942 3699 4947 η

2245 5028 2471 5085 Accedit
2499 5028 2601 5083 alia
2635 5034 2744 5082 tam
2771 5028 2999 5101 diversae
3030 5040 3327 5101 temporum
3360 5034 3759 5104 supputationis

2178 5122 2319 5158 rolin
2342 5134 2409 5158 av
2444 5117 2760 5158 nnaIiannlia
2793 5132 2888 5158 non
2917 5119 3182 5158 imnnI-ili-n
3209 5124 3615 5158 onvnumncinns
3664 5126 3753 5158 η.ιῖ
