4062 5508
302 407 370 464 t9
1244 405 1702 465 DlSSERTATlO
1744 406 1828 463 os
1866 404 2229 463 uentum
2266 404 2639 465 cunomco.
2692 388 2699 393 ’
3478 402 3562 466 ‘50

272 525 497 597 saepius
533 524 780 581 evenisse
820 537 1004 579 eorum
1034 520 1249 577 colLtio
1291 521 1634 587 monstrabit,
1679 529 1733 577 et
1764 536 1880 573 am-
1911 527 1955 582 Α
1987 535 2090 573 una
2125 534 2249 574 cum
2278 520 2682 575 continuatione
2709 519 2934 577 Joannis
2969 519 3316 578 Biclariensis
3352 522 3565 580 abbatis

298 618 438 687 ptius
481 631 548 671 ex
578 614 863 670 Canisiana
910 611 1144 666 editione
1177 611 1463 674 evincitur,
1499 626 1637 681 qua',
1679 610 1777 664 etsi
1814 603 1880 663 ei

298 709 487 764 codice
513 706 585 762 ab
612 705 867 777 Angiensi
912 704 1181 774 descripto
1210 703 1472 758 adornata
1502 702 1591 765 sit,
1633 701 1686 756 in
1717 700 1883 754 adno-

298 800 479 854 tandis
522 806 705 853 tamen
746 797 905 852 annis
942 797 1137 865 saepius
1181 795 1250 850 ab
1290 809 1356 850 eo
1402 794 1691 849 discordat.
1747 792 1882 848 Cum

300 892 467 964 igitur
486 891 881 962 discrepantias
905 890 1022 945 illas
1049 889 1341 944 conciliare
1366 904 1431 943 ac
1452 887 1743 957 genuinum
1774 884 1884 939 cal-

298 983 481 1039 culum
503 997 536 1038 a
559 981 918 1053 scriptoribus
942 970 1289 1052 depravatum
1320 980 1604 1034 restituere
1633 976 1881 1032 dillicilli-

297 1092 447 1133 mum
471 1074 690 1141 fuisset,
712 1090 781 1130 ne
802 1075 976 1130 dicam
999 1071 1348 1143 impossibile,
1372 1070 1668 1126 consultius
1689 1084 1881 1135 annos,

295 1178 463 1242 prout
501 1168 557 1225 in
603 1167 879 1224 codicibus
949 1166 1153 1222 nostris
1200 1166 1502 1229 habentur,
1553 1165 1882 1227 retinendos,

295 1275 461 1329 quam
496 1268 702 1314 temere
731 1258 1018 1312 mutandos
1041 1270 1163 1311 esse
1190 1255 1463 1319 duximus,
1489 1263 1548 1308 ut
1593 1262 1769 1307 tamen
1798 1267 1885 1307 er-

294 1365 511 1416 rorem,
546 1349 634 1404 ubi
667 1347 987 1404 manifestus
1012 1357 1126 1413 est,
1158 1355 1347 1402 notare
1375 1344 1517 1399 haud
1548 1344 1880 1399 omittamus.

270 1509 277 1515 .
364 1461 426 1517 ιιι
453 1459 688 1530 denique
735 1459 902 1516 semel
932 1459 1205 1516 monuisse
1231 1456 1483 1524 snliiciat,
1514 1457 1883 1512 Hermannum

295 1567 549 1622 peraeque
573 1567 638 1606 ac
666 1559 896 1607 ca'teros
920 1549 1035 1619 ejus
1088 1549 1346 1621 temporis
1388 1548 1690 1623 Germania:
1720 1548 1885 1603 chro-

294 1644 607 1715 nographos
639 1642 769 1697 anni
800 1641 1010 1697 initium
1056 1656 1163 1696 non
1204 1656 1233 1695 a
1265 1640 1437 1709 prima
1482 1637 1725 1695 Januarii
1775 1637 1882 1703 die,

299 1734 393 1789 sed
421 1749 452 1787 a
476 1733 831 1803 praecedentis
842 1731 1133 1787 Dominicaa
1149 1729 1457 1786 Nativitatis
1471 1728 1605 1784 festo
1621 1736 1881 1799 repetere,

296 1827 441 1882 unde
474 1842 617 1896 sarpe
635 1824 901 1897 contingit
924 1836 984 1880 ut
1008 1840 1092 1880 res
1112 1826 1254 1879 circa
1284 1823 1471 1880 Natale
1486 1822 1693 1877 Domini
1722 1831 1885 1892 gestae

294 1917 461 1971 modo
484 1917 551 1970 ad
578 1915 1000 1987 praecedentem,
1028 1915 1184 1969 modo
1222 1914 1288 1969 ad
1334 1914 1753 1984 subsequentem
1785 1929 1886 1968 an-

293 2025 429 2065 num
454 2009 782 2072 referantur,
818 2009 894 2064 uti
922 2008 1101 2063 Caroli
1135 2007 1308 2079 Magni
1359 2007 1699 2073 imperatoris
1727 2023 1883 2064 coro-

296 2101 449 2156 natio
473 2110 601 2157 tunc
622 2099 766 2155 facta
796 2100 864 2157 ad
898 2115 1097 2155 ammm
1122 2100 1251 2166 80.),
1281 2115 1424 2157 ttunc
1453 2100 1519 2154 ad
1548 2115 1750 2155 annum
1781 2099 1879 2156 801

295 2191 558 2247 refertur.

265 2333 277 2342 .
368 2296 560 2353 XXIV.
591 2297 861 2353 Chronica
890 2314 1053 2370 porro
1088 2315 1194 2355 non
1238 2315 1304 2356 ex
1356 2300 1583 2372 proprio
1601 2309 1885 2356 auctorum

267 2387 537 2457 ingenio,
567 2388 758 2443 sed'ex
787 2388 1026 2458 priorum
1056 2391 1726 2459 scriptorumtestimonio
1749 2406 1884 2446 cou-

272 2480 511 2534 ;cinuari
542 2495 718 2549 posse,
757 2496 844 2536 res
872 2482 985 2552 ipsa
1022 2482 1276 2552 loquitur.
1308 2483 1362 2538 ω
1391 2499 1554 2538 unum
1591 2484 1677 2539 hic
1718 2482 1887 2539 refert

274 2586 410 2638 quo
441 2569 590 2626 fonte
616 2573 851 2639 bibatur,
882 2581 937 2627 et
961 2588 1064 2643 qua
1094 2574 1198 2630 iidc
1229 2589 1317 2630 res
1342 2586 1507 2646 gesta:
1544 2584 1885 2632 enarrentur.

276 2706 277 2709 η
300 2658 379 2716 De
409 2660 721 2717 Hermanno
745 2662 878 2719 Vita:
905 2662 1021 2733 ejus
1063 2664 1295 2735 scriptor
1325 2674 1555 2722 testatur
1575 2668 1717 2737 quod
1740 2665 1887 2721 libel-

300 2751 413 2805 lum
464 2752 846 2809 Chronicorum
900 2757 1242 2828 undecunque
1298 2757 1561 2813 laboriosa
1617 2759 1889 2830 diligentia

272 2843 601 2916 collegerit.
650 2846 846 2903 Fontes
888 2847 1028 2912 illos,
1078 2851 1378 2920 praecipuos
1417 2852 1645 2917 saltem,
1700 2852 1886 2907 Mona-

278 2938 490 2993 .ceusis
536 2938 787 2994 Bernoldi
837 2941 1007 2996 codex
1053 2941 1140 2996 his
1190 2943 1371 2998 verbis
1418 2943 1619 2999 indicat
1652 2962 1665 2998 :
1697 2943 1889 2998 Insunt

301 3039 545 3083 auctores
562 3029 939 3086 Cltronicorum
956 3031 1232 3097 Eusebius,
1251 3032 1298 3087 11
1305 3035 1532 3105 ieronym
1540 3052 1620 3100 us,
1643 3034 1887 3104 Prosper,

302 3116 615 3189 Dionysius,
656 3119 940 3189 Iordanes,
990 3122 1153 3178 Beda.
1208 3124 1357 3180 Unde
1402 3126 1564 3181 etiam
1603 3133 1759 3180 caute
1795 3140 1891 3195 per

273 3210 597 3265 -decursum
623 3211 909 3268 adnotatur
926 3210 1036 3285 quo
1057 3230 1200 3271 anno
1223 3216 1451 3286 quisque
1482 3217 1690 3271 illorum
1718 3216 1888 3273 Claro-

276 3302 466 3357 nicon
490 3317 652 3358 suum
672 3303 980 3360 absolverit.
1009 3306 1211 3363 Prmter
1233 3309 1330 3364 hos
1353 3325 1481 3365 vero
1504 3306 1691 3381 plures
1712 3310 1889 3367 adhuc

296 3392 599 3448 esserunde
632 3407 729 3448 sua
761 3394 1093 3466 deprompsit
1121 3397 1484 3466 Hermannus,
1519 3408 1628 3455 tam
1664 3399 1888 3456 inferius

280 3499 467 3555 ‘quam
527 3485 582 3540 in
636 3484 906 3543 Chronico
951 3489 1066 3545 suis
1106 3504 1348 3561 quosque
1411 3492 1545 3547 locis
1602 3492 1888 3546 adnotatos

276 3572 631 3632 -videbimus.
677 3577 755 3633 De
800 3579 1088 3651 praecipuis
1133 3597 1276 3637 nunc
1319 3597 1510 3653 pauca.
1548 3582 1764 3639 Primus
1805 3572 1890 3639 est

298 3667 571 3727 Eusebius
627 3671 1280 3742 Casariensisyscilicet
1325 3678 1441 3748 ejus
1499 3679 1803 3735 Chronicon
1856 3695 1888 3735 a

298 3758 523 3815 Christo
549 3771 685 3817 nato
705 3777 877 3834 usque
896 3765 963 3820 ad
992 3774 1193 3821 annum
1215 3768 1341 3831 527,
1372 3768 1513 3823 unde
1543 3768 1670 3824 illud
1697 3769 1890 3825 Latine

303 3864 335 3904 ιι
367 3865 428 3906 se
462 3851 738 3907 redditum
781 3866 1097 3926 prosccutus
1127 3866 1209 3913 est
1237 3858 1294 3913 S.
1329 3858 1690 3931 Hieronymus
1718 3877 1889 3933 usque

286 3941 370 3996 "ad
407 3938 893 4011 annum’379,‘uti
944 3948 1172 4004 habetur
1205 3950 1258 4004 in
1302 3950 1559 4021 Scaligrri
1611 3952 1887 4009 Thesauro

303 4043 632 4105 temporum,
667 4040 754 4099 ed.
788 4038 954 4108 Lugd.
988 4040 1103 4097 Bat.
1131 4058 1216 4096 an.
1252 4042 1407 4099 1606.
1447 4045 1556 4100 Nec
1583 4061 1712 4101 vero
1759 4046 1888 4102 illud

285 4126 624 4197 simpliciter
642 4122 1307 4200 descripsitHermannus,
1324 4135 1415 4190 sed
1439 4136 1647 4205 potiora
1678 4145 1885 4191 tantum

287 4230 422 4285 'qnm
447 4217 554 4272 sibi
587 4217 913 4274 videbantur
945 4224 1237 4298 excerpsit,
1268 4239 1331 4279 ac
1370 4226 1622 4280 nonnulla
1659 4225 1888 4282 subinde

290 4306 408 4362 ’aiia
438 4323 508 4364 ex
531 4307 692 4365 Beda:
717 4325 830 4381 prae
852 4311 1040 4383 primis
1066 4313 1359 4379 Chronico,
1389 4317 1636 4372 inseruit.
1670 4318 1886 4375 Eusebii

302 4407 487 4455 tamen
515 4401 866 4473 chronologia
915 4404 1110 4476 saepius
1148 4406 1237 4462 hic
1281 4406 1507 4464 alterata
1555 4417 1655 4473 est,
1685 4418 1740 4465 et
1778 4426 1887 4467 uno

288 4487 542 4545 alterove
569 4505 713 4545 anno
740 4495 854 4549 sive
896 4503 1143 4565 promota
1172 4496 1284 4552 sive
1321 4499 1614 4569 postposita
1641 4516 1654 4565 ;
1688 4515 1794 4570 qua
1821 4501 1888 4557 de

290 4572 365 4636 re
390 4580 650 4653 legendus
687 4582 941 4642 Petavius
979 4586 1055 4643 De
1096 4588 1341 4644 doctrina
1387 4600 1705 4661 temporum,
1737 4590 1769 4648 l.
1806 4609 1885 4658 rx,
1915 4604 1966 4666 ι)

296 4668 423 4745 cap.
485 4676 540 4732 1.
604 4675 810 4734 Przeter
861 4680 1164 4737 Chronicon
1204 4681 1445 4749 Eusebii,
1489 4684 1631 4741 illius
1675 4700 1889 4761 quoque

298 4762 599 4822 Historiam
669 4770 1093 4828 ecclesiasticam
1186 4773 1496 4831 Hermanuo
1575 4775 1889 4837 inserviisse

300 4854 548 4922 pluribus
578 4873 643 4913 ex
673 4857 809 4914 locis
838 4859 1018 4930 liquet.
1048 4862 1256 4919 Prodiit
1279 4880 1343 4919 ex
1372 4866 1685 4925 recensione
1716 4866 1886 4925 Henr.

306 4942 504 5002 Valesii
530 4947 788 5019 Augustae
814 4948 1173 5013 Taurinorum
1214 4970 1306 5009 an.
1338 4956 1499 5011 1746.

370 5054 528 5113 Alter
571 5067 657 5147 est
699 5058 932 5131 Prosper
965 5065 1289 5136 Aquitanus,
1339 5067 1429 5138 qui
1468 5066 1773 5127 Chronicon
1817 5072 1887 5129 ab

294 5162 445 5238 «anno
475 5148 601 5238 ξιξ),
634 5165 743 5220 quo
767 5152 922 5208 desiit
953 5156 1335 5230 Hieronymus,
1367 5176 1536 5232 usque
1573 5164 1639 5219 ad
1683 5180 1885 5229 annum

303 5236 407 5293 455
433 5236 710 5302 perduxit.
768 5238 1004 5301 Habetur
1058 5246 1110 5302 id
1154 5247 1209 5302 in
1249 5249 1437 5302 eodem
1485 5249 1783 5302 Scaliaem.
1832 5260 1890 5302 et

1984 624 2152 680 usque
2174 610 2278 666 590
2304 618 2484 667 exstat
2524 614 2576 667 in
2627 613 2814 669 eodem
2855 612 3150 685 Scaligero.
3195 614 3325 670 ltern
3364 614 3567 672 Marius

1980 702 2357 757 Aventicensis
2401 718 2494 758 seu
2536 703 2937 759 Lausanneusis
2975 706 3257 776 episcopus
3308 706 3375 759 ab
3420 719 3567 762 anno

1980 791 2086 846 455
2120 810 2287 863 usque
2312 793 2410 849 59l
2447 795 2587 864 apud
2617 796 2685 849 du
2716 796 2929 850 Chesne
2966 796 2999 848 Ι.
3033 812 3080 851 c.
3115 812 3167 866 ιι.
3198 795 3305 851 210
3336 805 3390 852 et
3418 797 3469 851 in
3497 794 3563 854 P.

1981 882 2225 952 Bouquet
2245 885 2530 940 novissima
2555 885 2881 941 Collectionc
2904 885 3242 958 Scriptorum
3273 888 3566 945 Francica—

1981 988 2125 1042 rum,
2156 986 2283 1030 tom.
2316 975 2381 1043 ll,
2405 993 2457 1047 p.
2491 977 2577 1032 1‘2.
2626 986 2629 991 ‘
2928 1025 2941 1036 .
3052 996 3059 1003 '

2051 1065 2132 1119 Ad
2165 1065 2477 1138 Hieronymi
2526 1069 2932 1124 continuatores
2961 1084 3175 1139 quoque
3209 1077 3414 1140 Spectat
3442 1069 3564 1124 Ida-

1981 1157 2097 1212 eius
2127 1158 2453 1215 Lemiccnsis
2483 1161 2535 1214 in
2564 1161 2813 1216 Callaecia
2845 1163 3150 1234 episcopus,
3201 1161 3352 1231 cujus
3397 1162 3567 1217 Chro-

1981 1249 2139 1304 nicon
2166 1249 2233 1303 ab
2263 1265 2405 1305 anno
2426 1251 2529 1306 379
2551 1267 2721 1322 usque
2747 1252 2848 1307 467
2877 1253 3009 1308 locis
3033 1252 3214 1308 citatis
3235 1251 3566 1307 continetur.

1980 1340 2112 1395 Item
2142 1341 2483 1397 Marcellinus
2508 1360 2689 1400 comes
2708 1344 2927 1417 Illyrici,
2944 1346 3011 1400 ab
3031 1362 3121 1401 an.
3148 1346 3252 1403 379
3274 1360 3441 1415 usque
3464 1344 3569 1401 566

1982 1434 2037 1489 in
2070 1432 2343 1506 Sealigero
2368 1446 2422 1491 et
2448 1435 2710 1508 Bouquet.
2760 1436 2870 1494 Nec
2920 1439 3325 1510 praetereundus
3352 1437 3568 1492 Cassio-

1983 1524 2167 1591 dorus,
2198 1524 2349 1595 cujus
2377 1528 2681 1584 Cbronicon
2713 1544 2882 1599 usque
2909 1529 2975 1583 ad
3011 1545 3209 1583 annum
3241 1528 3344 1585 519
3372 1527 3570 1597 legitur

1966 1614 2127 1669 inter
2147 1612 2696 1686 ejusOpera,tom.ll,
2721 1634 2773 1688 p.
2802 1619 2929 1685 554,
2946 1619 3077 1674 edit.
3096 1620 3385 1676 Venet.an.
3406 1617 3567 1672 i729.

1962 1708 2211 1764 Exstant
2234 1711 2287 1765 hi
2316 1709 2430 1767 fere
2457 1727 2644 1767 omnes
2698 1713 2861 1766 etiam
2911 1714 2965 1767 in
2998 1727 3132 1766 nova
3186 1711 3567 1767 chronicorum

1984 1800 2220 1856 editione
2244 1800 2432 1856 Patav.
2464 1818 2554 1856 an.
2585 1802 2717 1857 178⁵1
2746 1818 2776 1857 a
2804 1802 3081 1858 Roncallio
3104 1802 3385 1857 adornata.

2059 1892 2262 1961 Quibus
2290 1894 2508 1965 quidem
2538 1896 2747 1950 cunctis
2797 1910 2953 1949 usum
3001 1894 3167 1948 fuisse
3196 1893 3565 1947 Hermammm

1964 1982 2128 2039 haud
2151 1984 2315 2039 semel
2338 1984 2663 2051 notavimus,
2687 2000 2796 2055 prae
2819 1984 3008 2053 primis
3033 1992 3210 2039 autem
3238 1982 3570 2049 Marcellino,

1985 2089 2049 2130 ex
2080 2090 2187 2145 quo
2230 2076 2437 2148 integra
2471 2084 2741 2131 commata
2784 2076 2851 2136 ad
2898 2066 3123 2132 verbum
3165 2075 3436 2131 Chronico
3469 2086 3570 2129 suo

1985 2167 2235 2225 inseruit.
2490 2186 2493 2187 '

2060 2258 2276 2316 Tertius
2308 2261 2359 2316 in
2391 2261 2661 2318 Bernoldo
2691 2271 3024 2319 memoratur
3049 2261 3337 2334 Dionysius
3368 2274 3575 2330 cogno-

1987 2363 2171 2407 mento
2200 2351 2458 2424 Exiguus,
2488 2355 2579 2425 qui
2606 2370 2778 2411 annos
2806 2371 2835 2410 a
2868 2354 3157 2410 Nativitate
3183 2354 3389 2410 Christi
3417 2367 3569 2408 corn-

1988 2452 2181 2515 putare
2217 2447 2527 2517 crepitacrte
2576 2448 2808 2519 vulgatae
2835 2456 3044 2513 auctor,
3094 2447 3310 2502 ordiens
3358 2443 3572 2518 cyclum

1988 2551 2144 2592 suum
2193 2539 2502 2609 paschalem
2547 2541 2616 2597 ab
2660 2556 2801 2595 anno
2848 2539 2972 2595 551.
3005 2538 3235 2608 Scripsit
3267 2537 3430 2592 etiam
3480 2550 3571 2590 an.

1966 2630 2091 2686 ’527
2116 2631 2357 2689 codicem
2387 2636 2654 2688 ca‘nonum
2705 2632 3193 2690 ecclesiasticarum
3232 2646 3265 2686 e
3293 2631 3484 2687 Graeco
3511 2628 3568 2684 in

1988 2721 2239 2778 Latinum
2272 2725 2612 2789 translatum,
2642 2725 2733 2795 qui
2765 2726 2995 2780 habetur
3028 2723 3094 2793 in_
3129 2719 3574 2779 Justelli'Biblio-

1993 2814 2143 2870 theca
2171 2814 2318 2871 iuris
2346 2816 2616 2881 canonici,
2635 2829 2763 2870 ιοιιι.
2792 2815 2833 2879 l,
2860 2830 2911 2886 p.
2945 2816 3032 2871 97.
3063 2814 3369 2869 Chronicon
3391 2819 3573 2869 autem

1966 2906 2273 2976 scripsisse
2294 2921 2400 2961 non
2446 2907 2682 2977 reperio,
2734 2920 2831 2961 nec
2876 2906 2990 2976 ipse
3034 2902 3377 2961 Hel-manuus
3429 2900 3577 2956 aliud

1990 2995 2093 3049 nisi
2126 2994 2245 3064 ejus
2266 2996 2485 3067 Cyclum
2517 3006 2688 3050 notat.

1966 3103 1972 3111 ·
1996 3094 1999 3099 ‘
2062 3085 2298 3152 Quartus
2330 3096 2416 3142 est
2439 3085 2723 3153 Iordanes,
2767 3085 2889 3141 aliis
2916 3083 3235 3148 Jornandes,
3264 3080 3574 3152 episcopus,

1991 3186 2051 3232 ut
2084 3178 2293 3243 volunt,
2320 3179 2770 3245 Ravennatensis,
2812 3179 2903 3249 qui
2930 3176 3146 3247 scripsit
3171 3174 3247 3229 De
3277 3187 3567 3244 regnorum

1992 3266 2057 3325 ac
2088 3278 2388 3339 temporum
2420 3269 2762 3325 successione
2786 3282 2960 3337 usque
3006 3265 3073 3321 ad
3103 3280 3194 3319 an.
3238 3262 3384 3327 560;
3419 3264 3575 3317 item-

1970 3360 2096 3431 "qne
2125 3359 2415 3416 Historiam
2445 3350 2512 3417 de
2533 3350 2832 3417 Gothorum
2860 3358 3071 3431 origine
3093 3355 3349 3427 usquead
3370 3367 3575 3409 annum

1988 3448 2113 3505 550.
2147 3450 2278 3517 Quae
2309 3464 2472 3521 opera
2504 3459 2723 3506 exstant
2774 3450 2825 3504 in
2874 3433 3150 3504 Mnratorii
3201 3444 3464 3516 Scriptori
3503 3458 3570 3499 us

1988 3541 2189 3597 Rerum
2222 3542 2553 3609 Italicarum,
2585 3552 2714 3598 tom.
2746 3543 2788 3609 1,
2816 3557 2869 3613 p.
2898 3542 2999 3598 187
3027 3550 3083 3597 et
3109 3540 3236 3598 202.

1976 3636 2005 3655 ”“
2059 3632 2201 3688 Beda
2251 3634 2485 3705 denique
2538 3634 2872 3691 Venerabilis
2918 3642 3115 3705 praeter
3168 3647 3311 3703 Opus
3349 3633 3426 3687 De
3478 3645 3577 3685 se;

1988 3725 2174 3779 mundi
2220 3727 2469 3782 retatibus
2512 3741 2685 3797 usque
2715 3726 2782 3780 ad
2814 3739 3014 3780 annum
3061 3723 3174 3779 nati
3224 3722 3429 3779 Christi
3465 3718 3575 3774 624

1990 3816 2147 3888 (Opp.
2191 3825 2230 3871 t.
2262 3817 2322 3887 ll)
2350 3818 2570 3888 scripsit
2596 3827 2653 3874 et
2671 3816 2960 3873 Historiam
2984 3814 3408 3871 ecclesiasticam
3433 3827 3571 3883 gen-

1990 3908 2059 3962 tis
2086 3907 2383 3979 Anglorum
2414 3908 2572 3980 (Opp.
2599 3917 2638 3963 t.
2670 3907 2757 3979 Ill)
2785 3908 2887 3963 sub
2915 3907 3068 3977 cujus
3091 3906 3310 3963 nurnine
3339 3905 3573 3959 habetur

1987 4013 2205 4069 quoque
2252 4000 2416 4055 breve
2460 3999 2765 4055 Chmnicon
2817 4012 2987 4067 usque
3032 3997 3101 4051 ad
3144 4011 3231 4051 an.
3289 3995 3393 4052 810
3427 3994 3569 4064 apud

1989 4090 2059 4145 du
2098 4090 2308 4145 Chesne
2334 4089 2370 4144 1.
2402 4104 2475 4156 c.,
2514 4099 2642 4144 tom.
2670 4088 2757 4154 Ill,
2789 4103 2842 4159 p.
2875 4088 3001 4144 125.

1976 4208 1983 4219 ι
2061 4178 2246 4249 Neque
2272 4187 2452 4232 tamen
2473 4192 2661 4234 omnes
2683 4178 2974 4247 scriptores
2995 4175 3251 4232 indicavit
3271 4175 3569 4232 Bernoldus

1988 4272 2132 4329 unde
2165 4271 2539 4341 depromptum
2591 4277 2677 4326 est
2720 4269 3017 4328 Hermanni
3059 4268 3389 4325 Chronicon.
3420 4268 3572 4323 Alios

1988 4362 2133 4419 enim
2162 4362 2339 4417 adhuc
2363 4361 2665 4417 deterrimus
2689 4402 2705 4431 ,
2750 4376 2979 4431 quorum
3008 4375 3173 4432 opera
3202 4369 3288 4417 est
3312 4375 3462 4416 usus.
3494 4359 3577 4414 Ex

1990 4453 2076 4509 bis
2103 4460 2392 4522 sequentes
2418 4453 2755 4522 potissimum
2784 4461 3055 4507 notamus.

2060 4544 2306 4616 Gregorii
2343 4544 2676 4606 Turonensis
2711 4543 2945 4599 Historia
2971 4541 3257 4607 Francica,
3307 4553 3468 4611 quam
3502 4539 3573 4595 ab

1987 4636 2263 4692 anno-458
2294 4651 2464 4706 usque
2492 4637 2559 4691 ad
2579 4651 2779 4691 annum
2814 4634 2913 4690 591
2944 4641 3320 4690 excurrean
3338 4630 3573 4687 Parisiis

1989 4727 2245 4787 an.1669
2277 4726 2447 4782 edidit
2482 4726 2849 4782 Theodericus
2898 4725 3168 4789 Ruinart;
3217 4722 3304 4777 cui
3344 4720 3579 4792 subjecit

1991 4818 2108 4890 ejus
2135 4818 2404 4887 epitomen
2429 4831 2525 4887 per
2553 4816 2935 4888 Fredegarium
2968 4813 3325 4871 Scolasticum
3348 4811 3570 4875 factam,

1991 4906 2259 4977 hujusque
2289 4916 2345 4961 et
2377 4907 2603 4962 aliorum
2630 4905 3064 4961 continuationes
3085 4916 3256 4970 usque
3277 4901 3346 4955 ad
3372 4916 3574 4956 annum

1996 4999 2118 5064 768,
2156 5014 2283 5068 quae
2324 5000 2502 5055 omnia
2549 4999 2602 5051 in
2647 4996 2906 5068 Bouqueti
2954 5010 3167 5065 quoque
3201 4994 3368 5049 citata
3395 4993 3574 5051 Colic-

1992 5092 2190 5154 ctione,
2208 5092 2414 5153 tom.ll.
2448 5108 2503 5160 p.
2526 5089 2596 5141 74
2621 5104 2803 5160 seqq.,
2833 5087 3123 5151 habentur,
3148 5095 3454 5156 temporum
3487 5096 3575 5142 ta-

1993 5195 2115 5236 men
2153 5177 2364 5236 ratione
2396 5180 2552 5235 aliter
2583 5178 2827 5235 nonnihil
2858 5177 3141 5241 subducta.

2063 5268 2250 5302 lci-inp:
2308 5267 2641 5302 Πζι-ηηιαηαῖο

2689 5269 2994 5302 Ριι-ηηῖηηη
3045 5280 3217 5302 ιιοηηιι
3264 5266 3331 5302 QII.
3380 5281 3580 5302 nrnnna
