4062 5508
500 378 568 433 5i
1328 362 1769 423 HERMANNUS
1804 351 2274 418 CONTRACTUS
2314 346 2619 408 MONACII.
2653 341 2975 402 AUGIENS.

3697 331 3775 394 ω

495 488 619 555 7η,
651 487 688 542 l.
715 502 792 554 c.,
816 500 870 557 p.
899 481 1026 549 596,
1046 486 1107 537 et
1142 494 1262 550 qure
1300 480 1403 536 sub
1428 477 1546 547 ejus
1588 476 1806 535 nomine
1848 472 2082 533 circum-
2112 468 2160 527 Α
2189 462 2321 522 tium
2364 459 2485 516 loco
2531 456 2798 557 inservire
2842 454 3017 527 possit
3044 468 3071 557 ,ε
3098 449 3176 557 .in
3206 465 3342 556 .quo.
3375 449 3598 522 insuper
3633 450 3772 509 anni

492 579 671 637 fertur
699 575 936 634 llistoria
964 570 1199 640 hiiscella
1233 585 1403 649 usque
1430 568 1500 635 ad
1537 581 1737 626 annum
1771 564 1899 631 8l5,
1948 559 2077 615 ibid.

490 683 616 740 pag.
660 666 714 725 ι.

562 757 882 816 Anastasius
907 757 969 815 S.
1001 757 1070 817 Β.
1098 756 1163 819 Ε.
1192 752 1643 813 Bibliothecarius
1670 747 1866 805 sarculo
1895 762 1953 802 rx
1983 742 2079 799 Vi-

492 857 577 904 tas
607 848 978 906 Romanorum
1005 844 1323 918 pontificum
1355 841 1639 913 scripsisse
1667 838 1929 899 creditur,
1960 847 2080 904 qum

414 1000 417 1005 ,
489 940 690 1013 saepius
733 941 987 1011 quidem,
1034 938 1238 1009 optime
1287 945 1469 1003 tamen
1516 932 1704 999 Romae
1743 945 1833 991 an.
1882 926 2016 987 1718
2045 940 2077 981 a

486 1029 685 1089 Franc.
710 1030 995 1087 Biancbini
1037 1013 1196 1091 edita:
1221 1027 1558 1107 prodierunt.

550 1124 854 1200 Hepidanni
880 1125 1287 1189 Saanallensis
1311 1122 1557 1183 monachi
1580 1117 1819 1179 Annales
1845 1116 1912 1173 ab
1935 1128 2078 1177 anno

485 1217 593 1275 709
621 1232 794 1291 usque
824 1216 986 1286 10M,
1012 1218 1059 1275 si
1085 1233 1195 1283 non
1229 1217 1370 1274 inter
1398 1214 1593 1279 fontes,
1622 1219 1769 1268 certe
1790 1210 1933 1264 inter
1953 1206 2079 1262 sub-

486 1311 625 1371 sidia
649 1310 942 1369 Hermanni
957 1308 1382 1371 connumerandi
1402 1308 1676 1370 videntur,
1690 1317 1811 1359 cum
1833 1300 2078 1373 proxime

484 1401 556 1458 ad
579 1403 698 1474 ejus
723 1411 964 1475 temjicra
990 1410 1048 1460 et
1075 1402 1318 1459 locorum
1364 1397 1617 1458 viciniam
1664 1395 1946 1460 accedant,
1972 1392 2077 1449 etsi

483 1494 633 1552 hunc
691 1492 1042 1566 ﬂepidannus
1104 1488 1485 1563 supervixerit.
1547 1487 1660 1547 Hos
1717 1484 1941 1541 exhibet
2006 1483 2077 1538 du

484 1584 699 1641 Chesne
743 1595 878 1641 tom.
921 1584 987 1655 ill
1022 1592 1079 1640 et
1107 1581 1417 1639 Goldstatus
1443 1579 1483 1633 ι.
1516 1594 1535 1636 ι
1585 1575 1923 1647 Scriptorum
1964 1587 2088 1651 rer,_

482 1677 983 1745 Alemannicarum,
1009 1694 1135 1735 cum
1161 1677 1283 1733 aliis
1325 1674 1568 1745 ejusdem
1597 1671 1909 1736 monasterii
1941 1669 2077 1726 scri-

481 1770 733 1855 ptoribus
759 1770 853 1842 qui
893 1786 993 1842 pro
1034 1769 1346 1837 Hermanno
1392 1766 1714 1829 illustrando
1751 1780 1846 1823 seu
1877 1761 2072 1828 contir-

479 1863 684 1920 mando
714 1864 938 1935 faciunt.

553 1953 859 2027 Principem
902 1971 1031 2013 vero
1057 1952 1445 2021 Hermanniani
1486 1950 1737 2009 Chronici
1780 1949 1982 2005 fontem
2007 1947 2077 2004 ab

482 2059 627 2100 mmo
656 2045 761 2104 6M
798 2062 969 2118 usque
993 2047 1061 2111 ad
1087 2063 1179 2102 an.
1207 2046 1312 2102 900
1340 2044 1499 2101 facile
1535 2042 1872 2111 constituunt
1893 2040 2074 2095 Anna-

483 2144 571 2212 les
600 2143 915 2209 Fuldenses,
941 2143 1010 2198 ab
1031 2156 1303 2214 anonymo
1323 2154 1513 2207 eorum
1532 2136 1798 2209 scriptore
1818 2134 2074 2195 Fuldensi

464 2239 754 2306 .mouacho
781 2238 853 2292 ita
880 2234 1214 2319 nuncupati;
1245 2246 1384 2304 quos
1426 2232 1543 2302 ipse
1587 2243 1777 2300 presso
1821 2229 1960 2299 pede
1990 2241 2077 2281 se-

480 2331 691 2403 quitur,
713 2337 773 2386 et
794 2335 1002 2385 mutato
1048 2317 1321 2381 interdum
1366 2321 1507 2395 style
1557 2319 1851 2387 contrahit.
1896 2317 2075 2387 Atque

478 2423 577 2491 tibi
605 2420 696 2478 isti
737 2419 995 2477 deficiunt
1021 2425 1115 2485 aut
1154 2416 1444 2483 desinunt,
1467 2413 1684 2470 brevior
1712 2426 1926 2484 quoque
1952 2424 2074 2465 rur-

479 2532 582 2586 sus
611 2512 800 2585 incipit
820 2527 945 2571 esse
974 2509 1315 2568 Hermannus
1339 2548 1356 2575 ,
1376 2508 1445 2565 et
1472 2505 1769 2579 Reginouis
1789 2503 2075 2561 continua-

479 2618 658 2677 torem
686 2619 859 2676 usque
885 2603 955 2670 ad
983 2618 1076 2665 an.
1107 2600 1214 2659 972
1234 2600 1437 2672 passim
1468 2599 1541 2655 ita
1581 2596 1859 2668 exprimit,
1886 2602 1947 2650 ut
1974 2594 2074 2654 du?

477 2700 637 2759 bium
665 2698 759 2759 vix
782 2684 899 2765 non
923 2695 1155 2768 suboriri
1183 2694 1354 2769 possit
1383 2708 1450 2748 au
1482 2707 1587 2749 non
1613 2691 1713 2746 sub
1763 2688 1867 2745 hoc
1898 2686 2072 2755 conti-

477 2800 715 2865 nuatore
738 2790 854 2863 ipse
876 2780 1221 2862 Hermannus
1247 2786 1412 2840 lateat
1439 2801 1455 2852 ;
1484 2782 1744 2854 pleraque
1770 2779 1914 2835 enim
1943 2792 2071 2847 par-

480 2878 733 2957 ticularla
754 2880 1008 2943 viciniam
1032 2886 1272 2953 nostram
1285 2875 1673 2947 dimcesimque
1692 2869 2074 2935 Constantieu-e

474 2991 598 3035 sem
625 2980 981 3037 concernunt.

551 3064 711 3133 Quod
748 3064 923 3136 ipsum
952 3061 1116 3118 etiam
1151 3059 1279 3129 feeit
1318 3056 1684 3122 llermannus,
1720 3051 1811 3113 ubi
1834 3046 2073 3115 Annales

474 3154 779 3230 Fuldenses
829 3152 1146 3223 excerpsit,
1199 3148 1400 3222 quibus
1444 3147 1642 3210 seriem
1697 3144 2065 3207 Romanorum

475 3245 797 3325 pontiﬁcum
819 3252 876 3299 et
893 3241 1388 3302 Coustantiensium
1409 3239 1805 3309 episcoporum,
1831 3250 1934 3302 nec
1959 3249 2066 3291 non

473 3332 836 3407 Aegiensium
864 3342 922 3391 et
950 3331 1420 3390 San-Gallensium
1450 3328 1704 3385 abbatum
1733 3336 1828 3381 aut
1862 3325 1930 3381 de
1969 3339 2071 3381 suo

472 3431 578 3500 aut
606 3425 823 3483 aliunde
841 3426 1095 3483 haustum
1124 3423 1350 3498 addidit.
1376 3420 1677 3481 Ediderunt
1701 3418 1868 3475 hosce
1890 3416 2069 3483 Anna.

476 3519 562 3587 les
610 3518 902 3585 Freherns,
950 3516 1253 3595 i’itthmus,
1304 3515 1376 3573 du
1430 3515 1679 3580 Cbesue,
1720 3520 1776 3570 et
1826 3511 2067 3571 omnium

478 3609 689 3683 optime
716 3608 779 3666 P.
831 3609 1095 3668 Martinus
1137 3609 1383 3679 Bouquet
1411 3607 1466 3673 ip
1510 3621 1652 3676 saepe
1695 3603 1910 3660 laudata
1946 3601 2068 3658 Cok

474 3700 718 3776 lectione
742 3715 840 3773 per
870 3712 1076 3772 partes,
1108 3708 1238 3755 tom.
1269 3698 1332 3763 ll,
1363 3695 1426 3763 V,
1459 3696 1527 3754 Vl
1556 3704 1612 3753 et
1642 3694 1748 3760 Vll,
1778 3693 1869 3767 ubi
1899 3693 2064 3755 etiam

476 3793 829 3867 depravatam
864 3808 1007 3865 saepe
1035 3791 1443 3869 chronologiam
1481 3788 1815 3861 emendavit,

822 3883 852 3959 ς
884 3885 974 3949 Ν.
995 3915 1065 3928 -—
1094 3885 1260 3955 Nom;
1293 3884 1538 3945 editionis
1568 3883 1725 3939 ratio.

553 3974 722 4037 XXV.
754 3963 955 4046 Exhis
978 3975 1093 4048 jam
1135 3977 1271 4038 satis
1298 3986 1490 4048 patere
1536 3976 1871 4031 arbitramur
1911 3988 2066 4045 nova:

479 4086 511 4139 a
547 4071 701 4128 nobis
747 4080 1013 4142 suscepta:
1060 4071 1317 4128 editionis
1351 4071 1636 4134 rationem.
1671 4069 1823 4129 llauc
1859 4084 1927 4133 ex
1952 4070 2065 4133 Au-

474 4161 656 4245 gicnsi
699 4162 917 4233 codice,
960 4162 1005 4219 si
1039 4177 1147 4218 non
1194 4163 1489 4221 llormanni
1526 4162 1697 4233 ipsius
1730 4161 2064 4245 autographa

476 4239 670 4324 (quod,
706 4251 991 4314 deficiente
1034 4252 1216 4323 aliquo
1254 4250 1373 4324 ejus
1417 4266 1644 4323 operum
1668 4241 1890 4324 pmpria
1921 4236 2064 4308 iliius

469 4348 647 4412 )uanu
683 4344 980 4421 descripto,
1012 4343 1156 4399 unde
1183 4343 1251 4414 de
1288 4330 1685 4413 characterum.
1706 4343 2062 4411 similitudine

471 4433 706 4524 iudicari
736 4442 936 4505 posset,
969 4432 1241 4501 atllrmare
1275 4435 1418 4494 haud
1463 4434 1633 4524 licet),
1662 4436 1925 4505 primario
1955 4434 2062 4500 sal:

2180 552 2371 609 omissi
2397 558 2490 607 aut
2520 549 2661 604 idem
2694 546 2895 613 habent
2916 543 3060 615 quod
3086 542 3398 616 Augiensis,
3430 552 3525 596 aut
3553 551 3613 597 ut
3649 542 3772 614 plus

2177 644 2378 703 simum
2404 640 2559 697 vacui
2586 647 2732 701 sunt.
2760 637 2997 697 Caeteros
3031 650 3161 691 vero
3199 649 3331 692 mss.
3361 634 3581 695 codices
3600 648 3771 704 supra

2180 734 2448 794 iudicatos
2493 732 2762 793 notandos
2799 731 2946 787 haud
2994 728 3326 797 censuimus,
3369 726 3516 799 quod
3564 727 3771 797 partim

2178 827 2483 899 innumeris
2529 824 3035 897 interpolationibus
3083 830 3350 893 seateaut,
3398 822 3597 892 partim
3640 818 3785 899 cum:

2179 894 2287 979 illis
2325 936 2458 992 quos
2500 894 2711 975 edimus
2752 917 2805 972 in
2852 915 3142 988 praecipuis
3179 915 3370 973 saltem
3406 894 3787 971 conveniant."

2179 1013 2365 1068 Solum
2393 1012 2459 1067 ad
2500 1010 2748 1065 ultimum
2780 1007 3073 1064 Hermanni
3112 1005 3459 1070 decennium,
3490 1018 3600 1075 quo
3640 1010 3769 1059 cum

2176 1104 2443 1177 Augiensi
2467 1102 2819 1165 concordant,
2842 1108 2937 1154 aut
2961 1113 3211 1153 mancum
3237 1096 3506 1168 supplent,
3538 1094 3772 1151 Gottwi-

2176 1211 2394 1253 (ensem
2437 1203 2493 1252 et
2540 1192 2847 1257 Murensem
2898 1188 3112 1252 codices
3163 1188 3355 1265 primis
3400 1185 3514 1247 suis
3561 1185 3772 1247 litteris

2177 1296 2450 1346 notamus.
2970 1280 2975 1281 γ

2248 1377 2666 1449 Chronologiam
2699 1390 2863 1446 porro
2905 1374 2959 1428 ln
2991 1370 3272 1429 codicibus
3316 1370 3663 1426 observatam
3696 1384 3769 1425 ex

2177 1484 2339 1542 supra
2364 1466 2479 1537 jam
2509 1465 2671 1523 dictis
2700 1467 2962 1520 intactam
2991 1462 3197 1535 ubique
3227 1474 3531 1525 servamus,
3561 1460 3769 1515 subno-

2178 1568 2314 1629 tato,
2355 1559 2531 1615 sicubi
2576 1566 2729 1614 certo
2785 1555 3148 1620 aberraverit,
3198 1552 3437 1625 genuino
3485 1558 3769 1622 gestorum

2177 1668 2340 1711 anno.
2369 1652 2825 1725 Qrtbographiam
2873 1664 3024 1714 vero,
3055 1648 3109 1703 in
3148 1646 3459 1703 nominibus
3494 1645 3771 1716 pmcipue

2176 1743 2426 1814 propriis,
2454 1752 2638 1798 nostro
2661 1741 2887 1811 tempori
2912 1753 3207 1809 congruam
3230 1736 3628 1808 adoptavimus,
3655 1750 3767 1793 non

2101 1820 2152 1881 Β
2178 1836 2321 1894 illam
2358 1837 2413 1891 in
2441 1835 2609 1896 variis
2635 1834 2912 1893 codicibus
2956 1840 3239 1901 tantopere
3285 1829 3583 1895 diversam,
3606 1837 3665 1884 et
3692 1841 3766 1893 ex

2177 1928 2501 1998 scriptorum
2532 1940 2673 1995 saepe
2718 1923 3090 1995 imperitorum
3136 1921 3295 1993 genio
3338 1920 3665 1992 profectam,
3699 1934 3773 1976 ne

2174 2017 2471 2076 lectoribus
2497 2013 2777 2070 fastidium
2802 2029 2870 2071 ex
2911 2020 2990 2075 tot
3041 2011 3365 2069 soloacismis
3411 2010 3583 2069 textui
3629 2009 3773 2072 alias

2176 2107 2503 2180 inserendis,
2545 2122 2609 2163 ac
2643 2106 2767 2161 dein
2798 2120 2897 2176 per
2925 2104 3240 2175 subjunctas
3264 2102 3542 2158 variantes
3586 2101 3771 2157 corri-

2175 2199 2364 2279 gendis
2401 2199 2731 2269 ingeramus.
2758 2196 2889 2264 Quae
2916 2196 3034 2267 ipsa
3067 2210 3283 2267 quoque
3312 2194 3451 2250 ratio
3492 2202 3580 2256 est
3618 2195 3771 2265 quod

2171 2289 2501 2351 variationes
2527 2290 2583 2344 in
2609 2288 2890 2364 hucusque
2928 2285 3089 2352 editis
3118 2291 3471 2351 occurrentes
3512 2282 3772 2339 omiseris

2174 2394 2327 2448 mus,
2369 2381 2567 2451 quippe
2611 2393 2732 2449 qua:
2781 2376 3015 2433 lectores
3049 2383 3143 2431 aut
3180 2384 3409 2446 gravant
3454 2383 3550 2429 aut
3594 2372 3772 2443 impeq

2173 2470 2356 2537 diunt,
2404 2485 2469 2525 ac
2513 2469 2734 2541 insuper
2778 2466 2902 2522 libri
2952 2464 3149 2523 molem
3196 2462 3401 2519 frustra
3443 2461 3768 2535 adaugent:

2172 2562 2337 2621 editis
2369 2561 2639 2634 siquidem
2674 2558 3081 2631 exemplaribus
3116 2553 3391 2621 instructi,
3421 2567 3517 2609 eas
3553 2569 3622 2608 ex
3652 2552 3771 2612 eol-

2171 2652 2282 2709 lata
2306 2663 2493 2709 nostra
2524 2651 2765 2708 editione
2792 2649 2954 2707 facile
2982 2648 3263 2726 detegent;
3303 2645 3396 2717 qui
3436 2654 3620 2700 autem
3650 2643 3789 2703 illis

2174 2746 2568 2810 destituuntur,
2592 2758 2780 2803 earum
2808 2739 3080 2812 jacturam
3130 2737 3275 2806 haud
3309 2743 3534 2807 gravate
3560 2734 3766 2805 ferent,

2172 2852 2313 2908 quos
2339 2837 2573 2908 genuina
2601 2834 2870 2898 factorum
2892 2830 3137 2891 narratio
3159 2844 3226 2886 ex
3252 2841 3388 2899 puro
3409 2825 3563 2882 fonte
3587 2825 3771 2899 magis

2167 2918 2379 3006 juvabit
2419 2944 2583 3001 quam
2629 2928 2923 2988 lectionum
2975 2931 3256 2992 tantopere
3299 2918 3765 2992 discrepantium,

2172 3029 2229 3086 et
2254 3035 2501 3082 errorum
2549 3034 2693 3092 saepe
2733 3033 2803 3075 ex
2842 3014 3011 3087 variis
3052 3008 3758 3092 editionihusaccumulata

2172 3100 2411 3176 farrago.
2433 3088 2660 3166 Cunctis
2690 3099 2778 3156 bis
2796 3099 3012 3155 demum
3039 3104 3182 3153 nota:
3201 3091 3431 3149 subinde
3451 3091 3522 3146 ad
3544 3088 3760 3151 calcem

2095 3184 2140 3249 C
2168 3194 2461 3262 adduntur,
2489 3193 2579 3259 ubi
2610 3192 2696 3256 eis,
2725 3191 2842 3256 sive
2874 3188 2945 3246 ad
2972 3183 3354 3257 corrigendum
3383 3183 3503 3249 sive
3526 3183 3597 3238 ad
3637 3181 3763 3243 illa-2

2167 3286 2448 3349 strandum
2498 3284 2867 3353 llermannum
2912 3293 3055 3352 opus.
3078 3276 3264 3342 fuerit,
3303 3290 3492 3347 easque
3532 3275 3761 3345 potissi.

2167 3392 2317 3439 mum
2344 3377 2553 3437 strictae
2583 3376 2873 3440 duntaxat,
2906 3387 2979 3428 ne
3027 3369 3500 3430 observationibus
3546 3376 3761 3437 textum

2165 3467 2331 3539 nimis
2377 3468 2623 3540 augendo
2653 3480 2763 3522 non
2809 3473 2918 3520 tam
2963 3461 3191 3519 alterius
3233 3457 3543 3517 Chronicon
3586 3457 3762 3515 edere

2166 3573 2331 3633 quam
2389 3558 2590 3625 norum
2642 3570 2711 3611 ex
2752 3552 2925 3623 variis
2972 3551 3208 3607 condere
3242 3548 3547 3609 videamur.
3584 3546 3765 3606 Utiles

2168 3658 2377 3711 tantum
2424 3663 2547 3712 esse
2600 3655 2786 3711 nostra
2835 3647 2939 3712 hac
2983 3644 3222 3707 editione
3272 3648 3557 3711 Optamus,
3608 3637 3763 3712 quod

2165 3742 2384 3813 quidem
2433 3741 2480 3798 si
2519 3738 2939 3805 obtinuerimus,
2983 3743 3041 3792 et
3069 3732 3273 3792 nostris
3308 3740 3365 3791 et
3406 3731 3756 3790 eruditorum

2164 3834 2308 3891 votis
2339 3831 2541 3889 factum
2571 3831 2675 3887 erit
2701 3829 2859 3885 satis.

2167 3925 2194 4003 ς
2242 3924 2304 3980 γ.
2344 3954 2414 3964 -
2452 3923 2532 3980 De
2583 3921 2892 4003 Bertlroldg,
2935 3916 3243 4003 μεμαυῖαιῃηί
3279 3914 3651 3976 continuatam
3701 3923 3756 3977 et

2813 3988 3095 4059 discipulo.

2233 4088 2423 4146 XXVI.
2440 4087 2539 4144 llic
2556 4086 2667 4159 jam
2691 4088 2757 4141 de
2778 4086 2895 4156 ipso
2919 4083 3229 4143 ller-manno
3251 4078 3505 4141 Chroniei
3527 4088 3758 4136 auctore

2161 4181 2409 4266 pluribus
2440 4177 2815 4235 disserendum
2844 4176 3002 4240 foret,
3034 4173 3177 4266 quod
3221 4180 3426 4266 tamen,
3461 4184 3549 4266 ne:
3557 4169 3755 4233 eadem

2162 4260 2305 4340 saepe
2344 4277 2592 4339 repetere
2626 4280 2849 4321 necesse
2878 4263 2969 4329 sit,
3001 4263 3069 4317 ad
3098 4260 3274 4316 Vitam
3303 4259 3420 4329 ejus
3447 4258 3752 4317 ditferenda

2163 4374 2475 4431 censemus,
2506 4372 2669 4428 quam
2697 4370 2860 4425 supra
2893 4353 3158 4416 dedimus,
3199 4365 3233 4406 a
3266 4348 3556 4417 Bertholdo
3600 4347 3753 4407 illius

2163 4448 2427 4521 discipulo
2456 4458 2512 4504 et
2561 4448 2737 4518 primo
2767 4444 3146 4513 continuatore
3186 4439 3545 4508 descriptam,
3592 4437 3769 4515 cujus

477 4523 589 4596 tem
614 4531 672 4580 et
698 4523 967 4593 omnium,
990 4524 1135 4611 quod
1180 4525 1457 4594 hucusque
1484 4523 1760 4589 detectum
1791 4526 1885 4589 sit,
1922 4526 2062 4580 anti-

2169 4543 2333 4610 etiam
2391 4536 2727 4600 continuatio
2776 4535 2844 4589 ab
2899 4547 3043 4588 anno
3065 4527 3228 4615 Al054
3282 4542 3454 4597 usque
3501 4525 3637 4615 i066
3691 4528 3751 4591 in

477 4616 742 4687 quissimo
786 4603 1119 4697 apograpbo,
1162 4631 1249 4682 ac,
1280 4615 1421 4687 quod
1451 4626 1614 4686 caput
1638 4624 1745 4686 est,
1782 4618 2063 4685 hucusque

462 4705 703 4795 .iuedito,
751 4700 1122 4781 adornandam
1165 4699 1533 4778 suscepimus,
1561 4706 1796 4777 aliorum
1845 4722 2061 4778 quoque

477 4814 782 4866 coaevorum
805 4798 921 4869 fere
939 4800 1187 4869 codicum
1213 4799 1417 4871 sutl‘ulti
1444 4801 1705 4866 subsidio.

548 4890 704 4948 llunc
730 4892 950 4965 quidem
984 4889 1219 4962 primum
1246 4890 1579 4961 fundamenti
1610 4892 1731 4948 loco
1754 4892 2057 4962 posuimus,

479 4985 708 5045 resectis
731 4984 856 5041 inde
897 4982 1227 5055 quibuslibet
1258 4982 1627 5054 additionibus
1669 4985 1783 5040 sive
1810 4985 2055 5053 interpo-

478 5072 777 5142 lationibus
821 5090 852 5130 a
905 5076 1208 5151 posteriore
1274 5091 1437 5145 Insano
1507 5074 1814 5149 indubitate
1871 5074 2055 5141 factis,

479 5163 710 5204 rplnntio
754 5165 1010 5204 dnnln'al
1059 5166 1163 5204 “Hc
1200 5182 1319 5204 nnm
1363 5166 1540 5204 ΛηΙιῖιιδ
1585 5168 1762 5204 ntllnsn
1803 5178 1925 5204 cnnl
1992 5168 2057 5204 {In

2169 4627 2330 4684 editis
2373 4624 2685 4679 immediate
2731 4618 3015 4689 subjicitur
3063 4613 3390 4675 Hermanno,
3423 4612 3627 4667 omissa
3663 4619 3745 4666 ta.

2169 4735 2290 4774 men
2321 4715 2436 4784 ejus
2471 4714 2609 4779 Vita,
2644 4712 2800 4784 cujus
2825 4709 2946 4764 loco
2983 4721 3208 4776 parvum
3240 4703 3472 4773 elogium
3503 4703 3745 4773 pounitur.

2169 4809 2329 4865 Solus
2356 4806 2641 4869 Urstisius,
2675 4790 2829 4857 finito
2866 4797 3163 4856 Ilermanni
3188 4795 3461 4863 Chronico
3492 4804 3613 4865 post
3651 4810 3748 4853 an-

2162 4918 2292 4975 num
2315 4896 2474 4963 1054,
2497 4896 2550 4951 in
2564 4910 2660 4953 sua
2685 4891 2921 4956 editione
2945 4897 3261 4959 sequentem
3282 4885 3745 4946 continuationem

2166 4991 2463 5059 distinguit,
2497 4988 2550 5041 in
2591 5000 2657 5040 eo
2687 4992 2868 5037 tamen
2907 4981 3160 5051 deceptus
3204 4977 3347 5048 quod
3379 4991 3501 5037 eam
3547 4979 3745 5036 subdu-

2163 5084 2385 5139 bitando
2416 5080 2619 5135 tribuat
2661 5073 2953 5130 Bertholdo
2993 5070 3428 5137 Constantiensi,
3459 5071 3619 5142 cujus
3662 5081 3747 5129 ιδ.

2163 5189 2286 5204 ...ιυ-
2327 5186 2451 5204 νηην
2500 5168 2567 5204 ηΙι
2624 5167 2782 5204 ἶηίιῖη
2840 5164 3112 5204 ιΙίιγρνςιιιη
3173 5160 3479 5204 ΙῖΙινηηῘΝιη
3538 5162 3743 5204 midiilit
