4062 5508
303 407 375 464 53
1228 409 1683 471 DISSEIITATIO
1723 413 1812 470 DE
1855 414 2214 471 HERMANNI
2252 414 2624 475 CHRONICO.
3501 419 3572 474 53

298 513 526 574 deﬁunt
553 519 710 589 ponit
734 520 877 588 quod
905 519 1053 589 prior
1081 523 1150 575 ad
1177 536 1264 577 an.
1293 523 1422 582 test
1449 526 1814 583 Alexandrum
1842 529 1860 582 I

2059 544 2268 602 XXVII.
2310 548 2386 603 Ex
2419 549 2485 604 iis
2514 557 2690 604 autem
2721 561 2841 620 qum
2887 548 2938 604 in
2989 550 3088 605 ista
3119 550 3238 606 Vita
3286 551 3349 606 de
3394 553 3576 624 seipse

297 625 495 680 papam
525 610 671 666 sedis
704 611 1010 681 apostolica:
1055 624 1425 684 usurpatorem
1474 619 1737 684 nominet,
1769 619 1878 676 Ilo-

298 701 516 755 norium
545 713 674 756 vero
715 685 810 757 san
858 701 1292 762 Cadolaum~ceu
1344 707 1642 778 legit-imum
1685 725 1877 780 papam

243 841 252 851 ,
299 789 518 845 habeat.
541 790 695 846 Haud
727 801 904 847 tamen
931 792 1052 849 inde
1079 795 1425 852 Bertholdum
1449 801 1591 855 hunc
1618 801 1879 856 schisma-

297 879 422 934 ticis
466 894 842 950 accensemus,
870 894 1066 956 qulppe
1108 887 1199 957 qui
1241 903 1308 944 ex
1350 889 1491 945 fama
1525 893 1604 946 rei
1649 903 1777 948 tunc
1824 892 1877 947 in

293 973 473 1028 Vicina
513 974 615 1030 sibi
648 975 860 1032 Basilea
889 987 944 1033 et
971 994 1069 1034 suo
1103 991 1344 1051 Ietnpme
1373 993 1536 1053 gesta:
1577 985 1876 1056 scripserit,

291 1062 522 1120 alterius
545 1079 681 1121 sane
702 1068 900 1124 mentis
927 1067 1141 1126 futurus
1162 1072 1207 1126 si
1235 1074 1692 1131 continuationem
1722 1091 1876 1133 suam

293 1168 468 1224 usque
497 1156 568 1209 ad
598 1172 802 1212 annum
849 1157 983 1216 1067
1023 1162 1396 1232 produxisset,
1439 1182 1547 1237 quo
1576 1168 1879 1224 Alexander

292 1244 574 1316 legitimis
612 1264 756 1321 papa
816 1250 870 1306 in
914 1254 1118 1322 synodo
1171 1254 1458 1311 Mantuano
1511 1261 1724 1330 agnitus
1771 1270 1874 1317 est.

293 1336 447 1402 Quod
492 1339 668 1410 ipsum
704 1341 991 1398 manifesto
1042 1357 1359 1416 argumento
1407 1357 1491 1404 est
1537 1352 1680 1421 quod
1735 1367 1878 1409 anno

293 1427 433 1482 1066
472 1428 718 1487 scribere
771 1431 992 1488 desierit
1041 1435 1129 1490 hic
1189 1435 1532 1506 Bertholdus,
1581 1456 1701 1496 eum
1748 1458 1874 1514 per-

289 1531 480 1587 peram
530 1519 686 1590 prius
728 1523 928 1593 scripta
971 1524 1261 1582 emendare
1306 1529 1536 1600 amplius
1582 1531 1726 1587 haud
1777 1549 1874 1604 pa-

292 1609 480 1664 tuerit.

358 1699 632 1758 Bernoldo
676 1712 877 1779 autem,
923 1706 1023 1762 etsi
1067 1707 1555 1783 eodemtempore,
1607 1715 1908 1784 posterius

287 1796 475 1844 tamen
511 1792 796 1858 scribenti,
819 1795 899 1850 rei
928 1799 1128 1854 veritas
1150 1815 1215 1854 ex
1237 1811 1430 1856 eventu
1462 1805 1636 1875 magis
1665 1807 1870 1876 patuit;

1986 651 2174 697 narrat
2205 643 2551 708 Bertholdus,
2581 645 2876 698 monachus
2904 644 3186 715 Augiensis
3215 644 3381 700 fuisse
3409 646 3572 705 facile

1983 736 2292 800 coniicitur,
2337 735 2644 792 Hermanno
2669 752 2779 806 pra:
2817 735 3026 792 caeteris
3052 731 3367 805 familiaris;
3404 755 3568 810 quem

1982 826 2286 896 insuper-in
2318 837 2568 884 extremo
2589 830 2779 884 morbo
2815 829 3088 884 assiduum
3118 831 3219 886 sibi
3263 832 3567 904 adjutorem

1979 916 2239 974 assistere
2263 919 2452 984 voluit,
2496 920 2655 991 eique
2700 921 2993 974 moriturus
3025 922 3234 977 tabulas
3266 939 3392 979 snas
3432 935 3569 980 con-

1979 1006 2247 1076 signavit,
2279 1017 2340 1063 ut
2379 1025 2702 1080 qutecmiqne
2746 1011 2917 1063 adhuc
2950 1011 3224 1066 scribenda
3270 1023 3466 1068 restant
3503 1016 3558 1070 in

1917 1155 1926 1157 Α
1979 1098 2075 1162 eis,
2103 1097 2392 1168 diligenter
2418 1101 2690 1166 emendet,
2719 1109 2774 1154 et
2802 1102 3001 1170 scripta
3034 1101 3155 1157 aliis
3185 1106 3525 1160 commendet
3553 1123 3567 1170 ;

1981 1201 2101 1257 qua:
2146 1187 2392 1244 fortassis
2443 1189 2789 1245 continuandi
2855 1190 2999 1246 illius
3042 1189 3294 1249 Cbronici
3348 1196 3566 1250 occasio

1981 1278 2101 1333 fuit.
2133 1279 2268 1334 Dum
2295 1295 2424 1334 vero
2457 1279 2824 1335 llermannum
2847 1284 3166 1353 magistrum
3197 1297 3352 1339 suum
3384 1297 3563 1349 vocat,

1980 1385 2086 1424 non
2119 1371 2185 1426 de
2219 1372 2476 1440 magistro
2522 1385 2837 1442 puerorum,
2885 1375 2978 1429 sed
3013 1374 3255 1430 virorum
3302 1376 3354 1430 in
3408 1377 3564 1432 altio-

1981 1458 2132 1514 ribus
2187 1460 2511 1530 disciplinis,
2557 1461 2752 1531 quibus
2795 1462 3148 1534 prmfnlgebat
3198 1465 3564 1534 llermannus,

1980 1550 2400 1605 enulienzloruni
2446 1552 2827 1623 intelligendus
2872 1563 2974 1609 est.
3011 1555 3196 1612 Virum
3227 1565 3409 1625 certe,
3460 1573 3566 1614 non

1969 1639 2224 1710 juvenem
2266 1640 2613 1698 Bertholdum
2645 1653 3046 1717 arguunt,qme
3077 1661 3200 1703 mox
3233 1648 3566 1703 memoravi-

1976 1750 2117 1789 mus.
2163 1732 2278 1788 Nec
2321 1734 2499 1790 adhuc
2537 1732 2792 1802 juvenem
2826 1735 2975 1789 illum
3015 1737 3198 1806 prodit
3226 1739 3369 1806 quod
3422 1737 3564 1794 Iler-

1979 1838 2210 1878 mannus
2257 1823 2452 1879 librum
2508 1840 2664 1880 suum
2706 1825 2784 1879 De
2822 1843 3067 1880 mensura
3109 1827 3385 1884 astrolabii
3417 1830 3560 1898 apud

283 1877 428 1932 unde
458 1877 626 1934 etiam
675 1884 924 1939 eumdem
972 1885 1338 1943 Alexandrum
1390 1900 1642 1962 tanquam
1682 1910 1863 1950 verum

1971 1877 2529 1982 regnandam;
2565 1877 3565 1986 ιοῶ.ΙΙ-Ι,ρ..11,ῥξήθῦξέίδῶινξιιῠέὶξίῖ

281 1968 600 2037 pontificem
646 1972 909 2041 dilaudat,
941 1991 1106 2048 seque
1140 1993 1234 2050 per
1282 1989 1449 2037 totum
1492 1984 1742 2040 Cltronici
1787 1988 1868 2042 sui

282 2059 484 2114 seriem
529 2059 778 2130 juratum
829 2067 1298 2129 schismaticorum
1353 2077 1561 2132 hostem
1606 2080 1865 2137 declarat.

283 2151 416 2219 Quis
445 2168 581 2211 vero
617 2171 784 2215 sanus
833 2170 939 2216 tam
971 2164 1304 2224 diversarum
1353 2174 1585 2241 partium
1633 2177 1867 2234 studium

281 2242 375 2297 uni
421 2243 712 2316 eidemque
742 2253 949 2308 auctori
978 2257 1256 2314 ascribat?
1283 2261 1540 2331 Equidem
1571 2265 1867 2325 Bertholdo

281 2334 518 2404 primam
566 2337 716 2394 illam
749 2352 804 2398 et
847 2345 1152 2404 breviorem
1184 2355 1641 2415 continuationem
1679 2362 1869 2419 tribuit

282 2423 556 2485 Murensis
603 2430 808 2501 codex,
839 2435 913 2490 ita
941 2439 1006 2494 ad
1037 2441 1238 2498 calcem
1274 2445 1564 2504 llermanni
1593 2466 1682 2506 an.
1729 2454 1866 2508 1054

282 2517 585 2576 scribens:
641 2522 926 2597 [lucusque
982 2530 1228 2589 chronica
1303 2535 1615 2595 llermanni.
1663 2543 1864 2599 Abhinc

282 2605 624 2666 Bertholdus.
656 2611 790 2680 Quis
821 2631 950 2674 vero
979 2619 1114 2676 iste?
1156 2622 1309 2680 llaud
1337 2638 1484 2685 certe
1511 2631 1647 2686 alius
1673 2648 1736 2689 ac
1777 2633 1864 2691 ille

282 2717 347 2756 ex
377 2718 490 2773 quo
543 2706 723 2764 Vitam
763 2709 1058 2770 Hermanni
1101 2733 1225 2772 cum
1272 2721 1414 2777 dicta
1457 2724 1704 2781 breviore
1747 2726 1864 2797 ejus

279 2796 692 2857 continuatione
739 2804 1044 2878 subjungit,
1095 2818 1150 2865 et
1195 2813 1335 2870 unde
1385 2827 1582 2886 praeter
1637 2796 1864 2880 czetcros

277 2898 378 2940 sua
424 2887 675 2977 hausisse
721 2895 789 2951 ad
826 2911 1026 2955 annum
1070 2902 1168 2960 7M
1215 2905 1416 2964 fatetur
1463 2912 1667 2970 codicis
1716 2916 1862 2972 illius

281 2979 890 3076 scripto‘r,Bertboldus
937 2994 1164 3063 scilicet,
1200 2997 1488 3059 I‘Iermanni
1533 3005 1856 3076 discipulus;

280 3083 441 3168 quem
479 3073 683 3168 ibidem
727 3093 758 3134 a
787 3080 1093 3150 Bertholdo,
1127 3089 1185 3144 s.
1213 3089 1372 3148 Blasii
1409 3073 1746 3168 presbytero,
1779 3073 1860 3154 ru;

275 3159 441 3227 sioris
467 3164 677 3222 scilicet
702 3171 1121 3233 continuationis
1146 3191 1387 3250 auctore,
1409 3159 1858 3246 nominatimdis-

1972 2004 2172 2073 pserit,
2217 2019 2486 2074 quemque
2528 2005 2644 2076 ejus
2699 2005 3038 2077 potissimum
3086 2005 3341 2061 instantia
3376 2019 3556 2063 motus

1969 2095 2293 2164 composuit.
2330 2094 2396 2149 Et
2443 2095 2660 2165 quidem
2703 2111 2767 2152 ex
2810 2096 2918 2151 illis
2957 2095 3072 2164 jam
3115 2106 3226 2153 tum
3277 2099 3559 2173 presbyter
3595 2131 3598 2134 ~

1973 2185 2144 2242 fuisse
2171 2187 2342 2244 videri
2373 2199 2586 2260 posset,
2632 2189 2898 2260 siquidem
2940 2190 3062 2246 talis
3096 2205 3329 2260 unquam
3377 2190 3561 2256 fuerit,

1969 2292 2090 2331 cum
2123 2278 2424 2349 presbyteri
2469 2279 2680 2333 titulum
2718 2281 2896 2335 eidem
2928 2296 3026 2337 nec
3054 2280 3379 2336 Mellicensis
3406 2283 3553 2338 Ano-

1967 2382 2194 2439 nymus,
2238 2383 2338 2423 nec
2384 2367 2532 2425 citati
2581 2369 2828 2436 codices,
2891 2386 2990 2426 nec
3049 2372 3162 2442 ipse
3210 2371 3552 2428 llermannus

1970 2458 2244 2525 tribuant,
2289 2469 2450 2530 prout
2500 2469 2679 2534 tamen
2735 2461 3000 2518 Bernoldo
3038 2461 3264 2518 faciunt.
3299 2463 3429 2532 Qua:
3470 2462 3561 2520 hic

1966 2552 2055 2606 alii
2101 2555 2605 2622 comminiscuntur,
2655 2556 2793 2613 infra
2846 2557 2915 2614 ad
2964 2558 3286 2616 Bernoldum
3336 2561 3551 2617 exami-

1967 2653 2185 2699 nantnr.

2038 2735 2271 2792 XXVIII.
2337 2737 2632 2810 Quousque
2681 2756 2813 2798 vero
2864 2743 3328 2801 continuationem
3397 2757 3569 2804 suam

1961 2829 2280 2898 perduxerit
2302 2829 2624 2890 Bertholdus
2648 2832 2771 2900 iSte,
2797 2851 2864 2890 ex
2893 2835 3170 2892 codicibus
3199 2843 3352 2895 certo
3385 2842 3552 2896 statui

1965 2919 2107 2973 haud
2155 2929 2352 2988 potest.
2381 2918 2483 2987 Qui
2521 2921 2742 2977 unicum
2791 2923 3086 2980 Ilermanni
3117 2926 3552 2984 continuatorem

1937 3015 2300 3079 agnoscunt,
2351 3011 2480 3066 illud
2528 3012 2596 3072 ad
2641 3029 2838 3069 annum
2891 3015 3029 3070 1100
3059 3014 3345 3072 deductum
3394 3017 3553 3074 fateri

1962 3101 2188 3165 debent,
2213 3110 2270 3155 ut
2293 3110 2352 3155 ttt
2377 3099 2520 3158 inter
2541 3103 2646 3156 alia
2670 3103 2849 3160 obitus
2874 3104 2989 3174 ejus
3012 3107 3064 3160 in
3092 3107 3344 3163 Bernoldi
3371 3107 3546 3164 Chro—

1959 3192 2084 3247 nico
2133 3192 2198 3246 ad
2245 3207 2445 3247 annum
2499 3195 2640 3250 1088
2690 3206 3022 3269 memoratus
3059 3197 3164 3252 illis
3197 3198 3548 3266 adversetur;

279 3253 498 3356 tinguit,
523 3273 658 3358 quos
680 3275 811 3319 vero
832 3267 1019 3324 ambos
1055 3273 1235 3328 caeteri
1261 3275 1555 3348 scriptores
1581 3279 1858 3355 hucusque
1885 3265 1930 3326 (ἶ
1963 3282 2106 3336 hunc
2135 3281 2279 3336 enim
2322 3281 2495 3353 ipsum
2526 3297 2647 3339 esse
2670 3268 3010 3354 judicamus,
3039 3287 3104 3343 de
3131 3302 3239 3358 quo
3271 3287 3362 3344 ille
3387 3287 3423 3344 l.
3455 3305 3502 3348 c.
3532 3308 3548 3345 :

275 3343 330 3399 in
377 3362 548 3404 unum
591 3349 945 3412 Bertholdum
976 3343 1440 3423 Constantiensem
1483 3343 1858 3444 presbyterum

271 3451 559 3508 perperam
589 3443 912 3515 conﬂarunt,
944 3451 1026 3507 vel
1050 3470 1115 3510 ex
1149 3457 1279 3512 solis
1307 3476 1430 3516 mox
1461 3463 1619 3521 dictis
1645 3443 1860 3524 contra-

274 3531 414 3623 rium
443 3533 736 3605 edocendi,
767 3553 967 3610 pratter
992 3559 1056 3600 ea
1104 3549 1299 3618 quibus
1339 3552 1572 3623 idipsum
1617 3557 1684 3613 ad
1721 3558 1855 3615 Ber-

274 3622 518 3679 tholdum
549 3633 680 3682 tom.
704 3629 747 3687 II
776 3631 1019 3702 pluribus
1043 3622 1431 3699 declarabitur.

340 3713 609 3772 Eumdem
641 3735 858 3792 quoque
887 3724 1236 3785 Bertholdum
1265 3733 1398 3790 satis
1427 3749 1613 3806 aperte
1656 3739 1858 3800 indicat

270 3808 592 3905 anonymus
613 3811 936 3874 Mellicensis
959 3819 1030 3875 De
1051 3825 1240 3894 script.
1266 3827 1463 3884 cccles.
1482 3845 1531 3885 c.
1555 3831 1624 3887 92
1650 3833 1853 3905 (Μιιυει

235 3928 240 3932 -
270 3891 546 3994 Bihlioth.‘
573 3902 776 3994 eccles.,
807 3922 861 3976 p.
910 3910 1034 3981 155)
1072 3912 1143 3967 ita
1164 3891 1440 3974 iscrihens
1467 3938 1480 3974 :
1515 3891 1848 3994 Bertholdus,

268 3986 356 4085 qui
391 3987 627 4058 ejusdem
653 3992 991 4072 (llermanni)
1012 4005 1225 4058 auditor
1246 4017 1294 4061 et
1322 4010 1608 4080 discipulus
1632 3986 1850 4085 exstitit,
1913 4020 1922 4026 “

235 4110 238 4112 ~
273 4075 456 4170 itam
479 4086 718 4154 magistri
738 4099 786 4142 et
813 4088 1123 4150 Chronicam
1145 4099 1341 4166 scribit,
1367 4075 1508 4158 unde
1533 4107 1692 4161 etiam
1720 4075 1851 4170 Vita;

272 4166 414 4258 illius
435 4174 680 4246 scriptor
712 4179 1016 4245 innotescit.
1048 4190 1200 4258 cujus
1231 4208 1424 4250 nomen
1468 4197 1520 4250 in
1571 4199 1658 4254 illa
1707 4202 1849 4258 haud

233 4290 238 4296 α
269 4257 487 4330 legitur.
516 4265 692 4323 Vitam
718 4286 883 4340 porro
914 4275 1058 4332 illam
1091 4257 1355 4340 Murensis
1377 4288 1545 4342 codex
1577 4290 1850 4365 subjungit

271 4365 393 4449 mox
440 4364 568 4449 post
593 4361 754 4416 verba
781 4379 796 4417 :
824 4364 1026 4422 Abhinc
1070 4370 1406 4443 Bertholdus,
1435 4395 1554 4449 qua:
1599 4361 1847 4441 etiamin

268 4439 626 4503 Gottwiccnsi
655 4449 914 4522 habetur;
949 4472 1110 4528 quam
1135 4463 1188 4517 in
1223 4439 1686 4528 dictis'codicibns
1721 4492 1844 4537 mox

268 4536 552 4608 excipiunt
587 4557 709 4612 quae
755 4545 808 4600 in
857 4548 1092 4609 Urstisio
1128 4556 1230 4612 sub
1272 4562 1695 4624 continuationis
1745 4585 1844 4625 no~

229 4626 414 4726 .tnine
466 4640 590 4701 post
646 4635 1014 4698 Hermannum
1072 4659 1400 4718 sequuntur,
1447 4665 1609 4726 atque
1652 4660 1841 4715 eadem

265 4717 436 4778 ferme
478 4735 638 4793 sunt,
689 4731 792 4787 nisi
829 4737 973 4804 quod
1013 4717 1254 4809 quaedam
1297 4717 1536 4805 subinde
1565 4767 1631 4806 ex
1672 4754 1844 4810 altera

265 4829 479 4910 quoque
494 4818 747 4878 Bernoldi
771 4829 1173 4888 continuatione
1197 4834 1524 4905 inserantur;
1542 4845 1843 4910 quamnihae

223 4902 460 4961 ibidem
518 4910 572 4965 in
625 4928 796 4969 unam
849 4919 1280 4991 confunduntur,
1333 4940 1491 4998 prout
1547 4932 1690 4988 inter
1737 4936 1840 4993 alia

265 4995 460 5052 exinde
485 5015 704 5072 quoque
750 5019 972 5075 apparet
1015 5014 1159 5082 quod
1193 5015 1404 5073 illorum
1433 5022 1677 5078 codicum
1710 5029 1840 5081 scri-

265 5090 442 5184 ptores
485 5090 550 5145 ad
591 5111 796 5150 annum
843 5098 966 5154 1061
1000 5104 1308 5163 Alexandro
1336 5110 1378 5164 II
1406 5128 1555 5184 palnc
1600 5115 1834 5184 faveant,

268 5176 494 5208 “Jahn..-
545 5185 610 5208 ης

1959 3371 2312 3438 Bertholdus,
2364 3373 2551 3428 doctor
2601 3377 2871 3446 egregius,
2917 3378 2974 3431 in
3008 3378 3180 3434 sacris
3225 3378 3414 3434 litteris
3459 3397 3550 3453 ap-

1957 3465 2122 3537 prime
2147 3467 2417 3533 eruditus,
2442 3468 2499 3521 in
2523 3477 2784 3524 senectute
2815 3468 2948 3523 bona
2978 3469 3165 3540 plenus
3195 3471 3422 3537 dierum,
3448 3473 3549 3526 m‘i—

1956 3559 2124 3628 gravit
2151 3558 2220 3611 ad
2252 3557 2534 3615 Dominum
2557 3557 2639 3612 IV
2667 3558 2798 3616 Idus
2828 3558 3050 3625 Martii;
3083 3577 3201 3630 qua:
3225 3576 3349 3617 cum
3382 3577 3545 3632 supc-

1957 3654 2071 3708 rius
2098 3653 2259 3708 dictis
2287 3653 2487 3722 optime
2531 3655 2824 3709 convenire
2869 3654 3141 3710 videntur.
3169 3654 3312 3709 Editi
3336 3696 3350 3721 ,
3379 3669 3546 3726 quos-

1956 3756 2172 3812 cunque
2219 3740 2510 3803 habemus.
2544 3741 2685 3796 ultra
2737 3757 2939 3796 annum
2973 3741 3111 3797 1066
3143 3743 3286 3797 haud
3318 3757 3546 3816 progre-

1957 3833 2214 3898 diuntur;
2254 3847 2317 3889 ac
2365 3842 2487 3903 post
2532 3833 2681 3887 illum
2719 3849 2920 3888 annum
2965 3835 3180 3889 codices
3207 3835 3376 3889 nostri
3419 3847 3541 3890 cum

1955 3924 2123 3980 altera
2153 3923 2404 3980 Bernoldi
2436 3924 2842 3982 continuatione
2873 3925 3226 3981 conveniunt.

2024 4014 2098 4071 Ut
2119 4016 2254 4071 adeo
2276 4033 2382 4074 non
2403 4033 2540 4071 vana
2563 4018 2634 4072 sit
2659 4015 3000 4086 conjectura,
3027 4017 3294 4072 editorum
3321 4029 3542 4088 quoque

1952 4106 2166 4162 codices
2197 4105 2252 4160 in
2281 4105 2574 4162 Bertholdo
2603 4107 2744 4161 ultra
2769 4107 2970 4162 dictum
2997 4123 3197 4163 annum
3227 4106 3366 4162 1066
3394 4108 3539 4163 haud

1949 4198 2311 4269 processisse;
2360 4199 2502 4273 quod
2550 4199 2711 4254 etiam
2741 4213 2808 4254 ex
2840 4215 3001 4269 supra
3051 4199 3131 4269 (η.
3181 4198 3274 4270 26)
3307 4199 3538 4269 allegata

1951 4289 2232 4359 utriusque
2279 4290 2520 4345 auctoris
2567 4290 2834 4345 sentiendi
2880 4291 3199 4346 diversitate
3244 4290 3416 4360 magis
3446 4289 3538 4343 lir-

1949 4389 2146 4436 matur.
2178 4380 2376 4435 Demus
2412 4382 2555 4438 enim
2599 4381 2948 4437 Bertholdnm
2990 4392 3177 4453 postea
3209 4382 3534 4438 sententiam

1949 4485 2100 4525 suam
2144 4477 2414 4536 mutasse,
2448 4471 2776 4526 correxisset
2824 4472 3015 4526 saltem
3060 4481 3244 4540 postea
3297 4486 3416 4540 qua:
3465 4473 3536 4528 ad

1947 4576 2144 4616 annum
2174 4563 2322 4618 illum
2355 4561 2481 4619 1061
2525 4572 2715 4619 contra
2747 4563 3044 4634 legitimum
3079 4578 3272 4634 papam
3301 4563 3535 4633 scripse-

1949 4662 2064 4720 rat,
2097 4655 2138 4710 si
2167 4654 2234 4709 ad
2262 4655 2521 4715 ulteriora
2548 4655 2861 4712 schismatis
2894 4668 3138 4726 tempora
3165 4654 3535 4712 continuatio-

1947 4758 2070 4798 nem
2096 4759 2249 4800 suam
2278 4745 2643 4815 perduxisset.

2017 4832 2248 4888 Tantum
2293 4835 2358 4890 de
2401 4835 2696 4891 Hermanni
2727 4834 3002 4891 Chronico
3032 4833 3356 4890 disseruisse
3382 4834 3534 4890 sulﬁ-

1909 4967 1913 4970 .
1943 4924 2075 4979 ciat.
2112 4924 2268 4980 Plura
2296 4924 2626 4984 desideranti
2664 4927 2797 4983 satis
2837 4927 3051 4983 abunde
3095 4923 3256 4980 faciet
3284 4922 3530 4983 Joannes

1945 5015 2057 5084 Ego
2087 5015 2137 5069 in
2170 5031 2266 5070 suo
2304 5025 2537 5073 tractatu
2585 5017 2659 5071 De
2703 5018 2838 5074 viris
2868 5016 3172 5072 illustribus
3209 5021 3534 5076 monasterii

1947 5105 2130 5175 Augim
2163 5107 2352 5164 Divitis
2382 5125 2472 5164 an.
2511 5109 2646 5162 1650
2683 5111 2991 5182 conscripto
3016 5149 3028 5172 ,
3061 5124 3181 5177 cap.
3211 5105 3316 5174 28,
3350 5107 3406 5164 in
3432 5107 3543 5168 Pcw

3131 5197 3226 5208 ηΑΑ
