4062 5508
234 426 303 483 57
1465 432 1554 492 CH
1564 432 1846 523 RONlCOF

1921 460 1981 473 —
2015 429 2186 488 ssc.
2228 428 2270 484 ι.
3409 389 3491 482 ’58

1524 563 2179 644 conexaucmusw.

302 702 356 776 3
382 701 446 758 El
489 698 790 758 Fenestella
813 700 1276 773 bistoriograplms
1297 710 1352 759 et
1372 712 1530 775 poeta
1551 702 1803 761 moritur.
1830 702 1884 763 Α
1907 717 1960 755 a.
1988 700 2078 756 45.
2103 729 2175 741 —
2198 697 2394 755 Fames
2428 713 2619 770 magna
2655 696 2797 753 facta
2820 706 2923 754 est.
2956 698 3071 753 Act.
3102 714 3154 754 xl
3174 739 3189 765 ,
3218 697 3332 766 28.;
3371 698 3489 754 Dio.

238 792 372 852 Eua.
400 812 453 849 ιι.
488 811 573 864 pr.

306 886 378 941 ﬁ
416 885 669 941 Tiberius
697 886 894 943 multos
922 900 1076 957 reges
1101 886 1170 943 ad
1194 902 1254 943 se
1280 898 1500 945 vocatos
1523 887 1646 944 dolo
1673 902 1813 943 nun-

240 991 401 1050 quam
430 979 666 1033 remisit.
698 977 830 1033 Eua.
862 996 914 1033 ιι.
943 994 1025 1048 pr.

303 1069 375 1126 25
412 1068 656 1139 Pompeii
696 1069 967 1123 theatrum
1014 1068 1292 1126 incensum
1332 1078 1435 1127 est.
1474 1069 1608 1125 Eua.
1649 1087 1703 1124 ιι.
1733 1087 1815 1138 pr.

302 1156 375 1214 24
414 1158 669 1213 Tiberius
706 1158 935 1213 Drusum
986 1169 1291 1215 consortem
1345 1160 1498 1232 regni
1546 1159 1693 1227 l'ccit,
1724 1159 1819 1231 qui

237 1248 427 1306 eodem
457 1264 601 1304 anno
631 1261 845 1306 veneno
867 1250 1045 1319 periit.
1076 1248 1209 1304 Eua.
1234 1268 1289 1309 α.
1316 1268 1400 1320 pr.

305 1340 377 1396 27
416 1339 625 1396 Pilatus
653 1355 857 1412 praeses
885 1339 1082 1396 Iudaeae
1105 1356 1135 1395 a
1159 1340 1375 1397 Tiberio
1396 1341 1650 1408 mittitur.
1683 1339 1816 1396 Eua.

305 1432 376 1487 50
411 1431 675 1487 Dominus
710 1430 867 1487 Jesus
910 1431 1161 1488 Christus
1205 1448 1235 1487 a
1273 1431 1481 1488 Joanne
1515 1432 1821 1502 baptizatur

239 1523 515 1594 trigesimo
560 1538 707 1579 anno
755 1524 935 1580 aetatis
984 1539 1097 1580 sua:
1135 1525 1431 1583 secundum
1472 1540 1690 1583 carnem
1740 1525 1823 1581 in-

238 1616 486 1682 choante,
511 1623 566 1671 et
587 1616 893 1685 pmdicare
918 1616 1102 1686 carpit.

305 1705 369 1759 5i
411 1703 650 1762 Joannes
677 1706 920 1777 Baptista
972 1706 1043 1762 ab
1078 1705 1290 1764 Herode
1339 1708 1612 1766 tetrarcba
1640 1708 1821 1766 decol-

240 1795 401 1851 latur.

304 1887 376 1943 55
413 1888 677 1944 Dominus
707 1888 761 1944 in
804 1888 1173 1962 Hierosolyma
1211 1905 1405 1960 passus
1429 1898 1512 1947 est
1537 1899 1599 1957 et
1636 1905 1822 1945 resur-

240 1979 398 2034 rexit.
427 1979 662 2052 Eclipsis
691 1980 821 2036 solis
844 1980 959 2054 (15)
989 1991 1041 2037 et
1070 1984 1289 2038 maximi
1327 1992 1666 2040 terramtetus
1688 1983 1816 2040 facti

238 2077 383 2125 sunt.
419 2068 551 2124 Eua.

306 2159 379 2215 54
414 2159 649 2217 Jacobus
686 2160 858 2218 frater
902 2163 1113 2219 Domini
1168 2165 1664 2238 Hierosolymorum
1708 2167 1825 2237 epi-

241 2266 438 2320 scopus
464 2253 534 2309 ab
564 2256 825 2323 apostolis
848 2257 1151 2324 ordinatura,
1182 2260 1322 2314 sedit
1350 2261 1509 2317 annis
1531 2277 1658 2316 xxx.
1687 2260 1820 2316 Eua.

310 2340 382 2396 55
417 2340 625 2399 Pilatus
656 2344 949 2416 imaginem
977 2345 1208 2403 Caasaris
1249 2348 1305 2403 in
1347 2350 1544 2421 templo
1580 2358 1826 2406 statuens

247 2433 567 2507 seditionem
592 2436 877 2492 excitavit.
903 2437 1035 2493 Eua.
1063 2457 1114 2494 a.
1141 2439 1231 2495 52.

311 2523 382 2578 56
416 2524 624 2582 Pilatus
658 2526 891 2583 Romam
930 2530 1099 2599 venit,
1129 2540 1183 2586 et
1217 2533 1284 2588 de
1308 2532 1583 2590 miraculis
1610 2533 1823 2591 Domini

246 2610 442 2668 Casari
473 2616 761 2671 nuntiavit.
789 2615 926 2670 Eua.
1266 2686 1269 2689 _

314 2708 385 2764 57
424 2709 677 2765 Tiberius
720 2727 808 2778 ea,
858 2728 977 2781 quae
1023 2728 1053 2768 a
1082 2713 1255 2770 Pilato
1299 2717 1565 2785 audierat,
1615 2720 1827 2775 senatui

250 2802 537 2867 nuntiavit,
562 2803 659 2858 sed
691 2815 913 2860 senatus
941 2809 1284 2878 contempsit.
1317 2808 1452 2864 Eua.
1486 2828 1536 2864 a.
1562 2828 1644 2882 pr.

316 2890 386 2945 58
423 2890 674 2946 Tiberius
703 2892 957 2964 populum
991 2893 1295 2951 Romanum
1340 2899 1581 2969 graviter
1616 2898 1826 2969 alliixit,

216 2992 305 3057 “et
340 2983 454 3054 ipse
499 2998 706 3041 veneno
750 2986 933 3055 periit.
980 2987 1113 3044 Eua.
1158 3007 1212 3044 a.
1254 3007 1336 3061 pr.
1368 2990 1437 3046 In
1465 3009 1630 3064 marg.
1663 2994 1829 3052 Gaius

259 3089 385 3130 ann.
414 3092 502 3143 ιιι,
530 3092 703 3134 mens.
740 3094 795 3144 x,
831 3079 949 3135 dies
972 3096 1084 3136 vm.
1113 3081 1209 3136 Vir
1238 3064 1683 3143 scelestissimus.

314 3169 386 3225 59
423 3169 663 3227 Herodes
682 3173 918 3244 Agrippa
944 3190 1036 3229 rex
1057 3175 1254 3233 Iudaea:
1274 3194 1304 3232 a
1324 3177 1461 3234 Gaio
1479 3182 1826 3250 constitutus,

251 3262 497 3333 regnavit
524 3264 682 3319 annis
711 3280 807 3320 vn.
834 3265 968 3320 Eua.
997 3284 1048 3321 a.
1077 3283 1160 3335 pr.
1385 3312 1389 3317 .

314 3351 388 3413 40
444 3351 615 3407 Judaei
663 3354 804 3425 apud
850 3354 1233 3411 Alexandriam
1286 3357 1671 3429 proﬂigantur,
1727 3377 1827 3433 pro

249 3443 444 3513 quibus
466 3444 621 3501 Philo
643 3446 983 3503 clarissimus
1006 3450 1241 3520 scriptor
1259 3450 1450 3506 Gaium
1479 3453 1828 3526 interpellans

250 3535 380 3611 nihil
415 3536 640 3611 profuit.
677 3537 886 3611 Eua._n.
915 3538 1013 3610 38;
1039 3539 1255 3611 Ioseph.
1294 3558 1446 3607 xvm,
1474 3544 1528 3599 9.

315 3606 379 3669 41
414 3606 620 3663 Pilatus
646 3606 1006 3679 semetipsum
1043 3606 1333 3676 interfecit,
1370 3606 1578 3685 magnis
1621 3631 1653 3671 a
1694 3616 1829 3673 Gaio

250 3695 650 3753 calamitatibus
674 3711 982 3769 Oppressus.
1016 3698 1149 3757 Eua.
1183 3703 1295 3758 chr.

312 3788 384 3842 42
423 3788 707 3845 Mattbaaus
737 3792 1077 3863 Evangelium
1103 3793 1365 3852 Hebraice
1387 3797 1627 3869 scripsit.
1660 3800 1830 3860 Gaius

250 3879 518 3933 occiditur
544 3894 573 3932 a
598 3880 731 3935 suis.
760 3879 828 3935 In
852 3898 1019 3953 marg.
1050 3881 1306 3942 Claudius
1336 3902 1464 3943 ann.
1496 3906 1621 3959 xm,
1651 3907 1824 3950 mens.

252 3985 363 4034 vm,
387 3968 506 4026 dies
532 3987 722 4027 xxvm.
751 3973 823 4027 al.
851 3991 904 4029 a.
927 3991 1014 4044 pr.

317 4063 463 4137 ιιι
495 4065 690 4121 Petrus
720 4068 994 4137 apostolus
1043 4069 1272 4126 Romam
1302 4074 1467 4141 venit,
1516 4076 1695 4148 ibique
1734 4095 1836 4151 per
1897 4082 1905 4115 ῖ

252 4170 355 4209 xxv
379 4173 552 4212 annos
576 4160 877 4228 praedicans
895 4162 1266 4235 episcOpatnm
1293 4170 1479 4224 tenuit.
1512 4169 1644 4227 Eua.
1669 4190 1720 4227 a.
1743 4191 1827 4243 pr.

317 4246 389 4301 45
429 4247 670 4305 Herodes
709 4244 944 4323 Agrippa
989 4254 1057 4309 ab
1100 4256 1292 4327 angelo
1319 4274 1608 4329 percussus
1644 4264 1830 4335 exSpi~
1896 4293 1905 4300 -

251 4337 410 4403 ravit,
436 4354 554 4429 gpro
591 4354 700 4409 quo
749 4341 890 4397 illius
941 4342 1056 4412 ejus
1106 4346 1341 4429 Agrippa
1385 4354 1629 4422 regnavit
1670 4356 1829 4413 annis

253 4427 719 4520 xxu.Eua.,-Joa.
745 4450 797 4488 a.
822 4434 914 4490 40.
932 4434 1146 4501 Marcus
1173 4427 1500 4511 evangelista
1525 4444 1578 4499 in
1599 4444 1835 4520 Egypto
1900 4478 1905 4485 -

253 4519 584 4587 przedicavit.
1042 4544 1045 4547 ν

318 4606 390 4674 46
424 4609 683 4669 Claudius
703 4611 1041 4672 Britanniam
1067 4618 1295 4688 subegit.
1320 4620 1452 4678 Eua.
1490 4640 1541 4679 α.
1574 4642 1683 4693 pr.;
1712 4627 1838 4685 Dio.

1915 810 1971 850 α.
2004 793 2093 847 42.

1984 884 2052 938 47
2094 882 2235 938 Nova
2269 881 2442 938 insula
2475 881 2694 954 triginta
2733 880 3029 938 stadiorum
3060 881 3114 937 in
3155 881 3291 938 mari
3330 897 3496 955 appa-

1916 977 2044 1031 ruit.
2081 974 2212 1031 Eus.
2244 995 2297 1030 a.
2326 976 2411 1031 45.
3046 970 3049 975 ⁴
3138 1039 3143 1045 _

1987 1069 2058 1123 48
2095 1067 2254 1124 Cives
2306 1067 2561 1134 Rmnani,
2612 1083 2644 1122 a
2687 1067 2913 1123 Claudio
2957 1067 3495 1145 numeratihinvcnti

1917 1172 2043 1219 sunt
2069 1162 2315 1234 sexagies
2336 1164 2522 1219 novies
2548 1171 2774 1219 centena
2800 1171 2853 1217 et
2886 1152 3239 1233 quadraginta
3258 1148 3498 1233 quatuor

1919 1254 2102 1309 millia.
2139 1253 2268 1310 Eua.
2301 1273 2357 1309 a.
2384 1255 2494 1320 46;
2527 1253 2653 1310 Tac.
3294 1264 3299 1269 '

1986 1344 2058 1400 49
2091 1344 2396 1401 Jndmorum
2433 1346 2487 1401 in
2518 1346 2784 1402 seditione
2815 1345 3033 1415 triginta
3080 1344 3265 1419 millia.
3286 1358 3496 1421 necan-

1919 1446 2007 1492 tur
2035 1438 2086 1493 in
2110 1439 2298 1495 diebus
2323 1455 2658 1513 azymorum.
2686 1439 2817 1496 Eua.
2847 1458 2902 1494 a.
2930 1456 3014 1510 pr.

1987 1532 2050 1587 5i
2087 1530 2341 1589 Claudius
2382 1532 2597 1591 Iudaeos
2643 1534 2779 1590 urbe
2825 1531 3052 1605 expulit.
3101 1529 3244 1587 Beda
3284 1547 3340 1585 a.
3389 1529 3496 1598 L9;

1929 1620 2048 1678 νεά.
2077 1622 2193 1677 Act.
2222 1640 2378 1688 xvnt,
2401 1623 2456 1679 2.

1989 1714 2059 1769 52
2094 1714 2281 1787 Magna
2310 1713 2483 1771 fames
2512 1715 2697 1771 Romze
2723 1713 2862 1770 facta
2895 1723 2997 1770 est.
3032 1713 3164 1768 Eua.
3201 1729 3255 1770 a.
3281 1727 3366 1783 pr.

1988 1808 2058 1865 55
2095 1809 2351 1866 Claudius
2386 1808 2620 1866 Felicem
2661 1816 3068 1881 procuratorem
3108 1805 3306 1862 Iudaeae
3344 1805 3497 1862 fecit.

1921 1900 2054 1955 Eua.
2089 1918 2120 1953 a
2148 1915 2232 1969 pr.
2314 1948 2317 1951 .
2676 1902 2681 1905 ‘

1990 1991 2058 2046 54
2127 1990 2222 2046 llis
2284 1991 2614 2065 temporibus
2674 1988 2861 2047 Simon
2927 1988 3118 2057 Magos
3181 1985 3503 2044 Simoniawe

1845 2052 1893 2112 Β
1923 2085 2193 2140 haereseos
2230 2096 2422 2141 auctor
2448 2084 2683 2140 exstitit.

1992 2176 2061 2234 55
2095 2177 2380 2249 ASgyptius
2426 2175 2642 2247 quidam
2684 2172 3149 2245 pseudopropheta
3193 2168 3502 2227 Judmorttm

1920 2271 2103 2342 plures
2151 2270 2414 2341 seducens
2467 2283 2499 2323 a
2546 2264 2726 2322 Felice
2767 2264 3111 2338 opprimitur.
3149 2261 3282 2316 Eua.
3312 2278 3364 2316 α.
3392 2277 3505 2332 pr.;

1932 2361 2055 2417 Vid.
2083 2361 2197 2417 Act.
2236 2376 2354 2425 xxI,
2383 2358 2471 2415 58.

1993 2452 2063 2508 56
2100 2452 2358 2509 Claudius
2386 2464 2592 2527 veneno
2616 2458 2863 2506 mortuus
2882 2456 2966 2505 est
2991 2462 3132 2504 anno
3154 2444 3330 2502 aetatis
3354 2459 3505 2501 thv.

1925 2543 2058 2598 Eua.
2089 2562 2120 2599 a
2148 2559 2232 2613 pr.

1994 2635 2063 2691 57
2102 2633 2194 2705 (In
2248 2630 2613 2705 marg.'Nero
2667 2647 2797 2688 ann.
2851 2646 2968 2693 xm.
3022 2628 3190 2684 Mens.
3245 2643 3340 2692 vn,
3390 2628 3507 2682 dies

1924 2724 2152 2797 mvm.)
2179 2723 2415 2778 —Nero
2444 2721 2741 2794 ﬂagitiosus
2786 2722 3018 2794 primam
3070 2720 3123 2774 in
3170 2718 3510 2776 Christianos

1925 2815 2354 2889 persecutionem
2410 2814 2675 2871 exercuit.
2733 2812 2941 2868 Seditio
2990 2811 3043 2866 in
3088 2811 3335 2867 Cmsarea
3387 2818 3509 2865 orta

1926 2910 2108 2979 plures
2145 2907 2451 2963 Judazorum
2483 2905 2734 2976 perdidit.
2764 2902 2931 2958 Beda.

1995 2999 2065 3054 58
2094 2998 2289 3053 Paulus
2315 2982 2590 3067 apostolus
2614 2994 2841 3050 Romam
2869 3010 2900 3049 a
2929 2992 3088 3048 Festo
3125 2989 3352 3061 praeside
3380 2989 3507 3044 utit-

1928 3090 2076 3144 titur.
2113 3087 2241 3141 Eua.
2269 3086 2380 3140 chr.
2420 3103 2472 3139 a.
2498 3084 2587 3140 56.

1998 3179 2066 3235 59
2108 3178 2398 3249 ﬂuensque
2446 3175 2642 3231 librum
2689 3173 2859 3231 Actus
2912 3172 3273 3243 apostolorum
3330 3170 3508 3226 Lucas

1928 3269 2257 3337 evangelista
2295 3266 2565 3337 perduxit,
2597 3265 2964 3321 continentem
2994 3277 3168 3317 annos
3195 3276 3224 3315 a
3253 3261 3505 3334 passione

1930 3360 2140 3416 Domini
2171 3374 2344 3414 xxvn.

1999 3449 2068 3505 60
2101 3448 2308 3503 Statius
2336 3454 2495 3518 poeta
2521 3446 2699 3502 clarus
2725 3452 2862 3501 erat.
2888 3443 3022 3499 Eua.
3047 3461 3097 3497 a.
3125 3441 3216 3499 58.

2002 3542 2063 3598 (ii
2096 3541 2259 3611 lNero
2300 3539 2652 3617 Agrippinam
2693 3545 2921 3593 matrem
2965 3550 3142 3601 suam,
3184 3542 3508 3590 etsororem

1931 3633 2106 3704 patris
2139 3632 2416 3687 interﬁcit.
2447 3630 2578 3685 Eua.
2611 3648 2665 3684 a.
2686 3645 2769 3699 pr.

1900 3744 1901 3749 ‘
2007 3726 2076 3781 6?.
2106 3725 2248 3781 Nero
2294 3724 2502 3779 inﬁnita
2548 3722 2782 3787 luxuria,
2824 3728 2881 3775 et
2924 3718 3146 3775 lascivia
3188 3714 3511 3788 ignaviaque

1931 3816 2244 3872 bacchatur.
2280 3815 2410 3870 Eua.
2436 3832 2488 3869 α.
2520 3830 2603 3885 pr.

1898 3858 2615 3980 ~~W§
2642 3902 2852 3961 Domini
2887 3917 2922 3958 a
2969 3900 3171 3958 Iudaeis
3218 3897 3510 3968 lapidatur.

1930 3997 2065 4053 Eua.
2093 4000 2203 4052 chr.
2226 4015 2280 4052 a.
2304 3997 2393 4052 6i.

2003 4090 2071 4145 64
2111 4090 2322 4144 Marcus
2349 4084 2681 4157 evangelista
2719 4083 2860 4156 apud
2895 4078 3279 4137 Alexandriam
3315 4090 3514 4148 passus

1915 4188 2031 4257 est.
2061 4178 2191 4232 Eua.
2222 4195 2274 4231 α.
2298 4193 2379 4247 pr.
3258 4241 3361 4255 Ν..

2005 4270 2074 4326 65
2111 4268 2430 4324 Neroniana:
2454 4267 2679 4322 thermae
2704 4280 2735 4321 a
2759 4263 2974 4321 Nerone
2998 4260 3353 4318 adiﬁcantur.
3377 4256 3511 4311 Eua.

1936 4379 1988 4417 α.
2007 4360 2254 4507 ἓὲοΝθιδο
2274 4459 2335 4504 ιιι
2358 4447 2768 4504 similitudinem
2809 4444 2985 4516 Troiae
3013 4443 3256 4501 ardentis
3279 4440 3514 4506 vident,

1935 4557 2183 4613 magnam
2216 4549 2424 4611 partem
2472 4538 2634 4595 Urbis
2684 4540 2942 4596 incendit.
2976 4536 3109 4593 Eua.
3164 4554 3218 4593 a.
3253 4549 3361 4607 pr.;
3385 4530 3513 4587 Tac.

1935 4650 1988 4686 a.
2018 4631 2104 4686 6i.

1230 4773 1680 4836 COMPENDIUM
1712 4782 1808 4838 EX
1844 4783 2088 4843 CODICE
2124 4782 2491 4842 BERNOLDI.

323 4923 390 4979 29
434 4924 684 4983 Dominus
724 4930 881 4986 Iesus
924 4929 1181 4997 Christus,
1223 4940 1354 5002 etc.,
1402 4948 1468 4992 ut
1508 4933 1646 5008 Aug.
1690 4950 1819 4992 ann.
1853 4949 1902 5008 υ
1995 4942 2063 4998 56
2100 4943 2298 4998 Addit:
2338 4942 2479 4997 Nero
2513 4940 2580 5006 V,
2624 4956 2791 4994 annos
2838 4952 2972 5000 xm,
3013 4947 3216 4987 menses
3250 4945 3357 4993 vlt,
3406 4928 3525 4987 dies

263 5024 372 5071 να.

320 5031 394 5162 ξι
430 5109 584 5166 Addit
620 5129 635 5167 :
669 5110 965 5184 Stephanus
1020 5113 1312 5185 lapidatur.
1371 5116 1576 5173 Paulus
1619 5132 1828 5171 convero

272 5195 390 5236 lilnr

1936 5049 2123 5088 xxvm.
2151 5033 2258 5088 late
2298 5035 2592 5105 ﬂagitiosus
2630 5029 2687 5082 in
2727 5030 2964 5093 cunctis,
3007 5023 3239 5096 primum
3272 5022 3329 5077 in
3362 5021 3527 5086 Chri-

1937 5126 2134 5179 stianos
2163 5127 2570 5194 persecutionem
2601 5124 2860 5178 exercuit.
3036 5112 3039 5115 Δ
3120 5128 3125 5129 “

2012 5214 2077 5236 ενι-ι
2124 5213 2312 5236 ο-.ιξ.ι..
2354 5215 2403 5236 :.-
2441 5211 2681 5236 [καφ-ι.-
2736 5218 2821 5236 Α...
2901 5215 2958 5236 ..ι
2995 5206 3109 5236 Ann
