  <div class='ocr_page' id='page_1' title='image "/cluster/home/n/w/nwhite01/storage/ocr_20150623/143/hvd.32044015471816/041.png"; bbox 0 0 4062 5508; ppageno 0'>
   <div class='ocr_carea' id='block_1_1' title="bbox 543 280 3796 389">
    <p class='ocr_par' dir='ltr' id='par_1_1' title="bbox 543 280 3796 389">
     <span class='ocr_line' id='line_1_1' title="bbox 543 280 3796 389; baseline -0.01 -16"><span class='ocrx_word' id='word_1_1' title='bbox 543 317 605 373; x_wconf 87' lang='lat'><strong>7|</strong></span> <span class='ocrx_word' id='word_1_2' title='bbox 1250 386 1251 389; x_wconf 12' lang='grc' dir='ltr'><strong>η</strong></span> <span class='ocrx_word' id='word_1_3' title='bbox 1408 297 1769 360; x_wconf 78' lang='lat' dir='ltr'><strong>llERMANNl</strong></span> <span class='ocrx_word' id='word_1_4' title='bbox 1805 294 2192 357; x_wconf 76' lang='lat' dir='ltr'><strong>CONTRACTI</strong></span> <span class='ocrx_word' id='word_1_5' title='bbox 2230 293 2596 353; x_wconf 79' lang='lat' dir='ltr'><strong>AUGIENSIS</strong></span> <span class='ocrx_word' id='word_1_6' title='bbox 2636 290 2939 353; x_wconf 77' lang='lat' dir='ltr'><strong>MONACHI</strong></span> <span class='ocrx_word' id='word_1_7' title='bbox 3719 280 3796 353; x_wconf 64' lang='grc' dir='ltr'><strong>ἢ</strong></span> 
     </span>
    </p>
   </div>
   <div class='ocr_carea' id='block_1_2' title="bbox 1417 406 2474 479">
    <p class='ocr_par' dir='ltr' id='par_1_2' title="bbox 1417 406 2474 479">
     <span class='ocr_line' id='line_1_2' title="bbox 1417 406 2474 479; baseline -0.007 -9"><span class='ocrx_word' id='word_1_8' title='bbox 1417 473 1423 479; x_wconf 65' lang='grc'><em>,</em></span> <span class='ocrx_word' id='word_1_9' title='bbox 1821 409 2053 467; x_wconf 72' lang='lat' dir='ltr'><strong>CODEX</strong></span> <span class='ocrx_word' id='word_1_10' title='bbox 2087 406 2474 464; x_wconf 82' lang='lat' dir='ltr'><strong>AUGIENSIS.</strong></span> 
     </span>
    </p>
   </div>
   <div class='ocr_carea' id='block_1_3' title="bbox 614 516 3793 612">
    <p class='ocr_par' dir='ltr' id='par_1_3' title="bbox 614 516 3793 612">
     <span class='ocr_line' id='line_1_3' title="bbox 614 516 3793 612; baseline -0.007 -17"><span class='ocrx_word' id='word_1_11' title='bbox 614 541 721 612; x_wconf 74' lang='grc' dir='ltr'><strong>ιθ</strong></span> <span class='ocrx_word' id='word_1_12' title='bbox 761 538 867 594; x_wconf 79' lang='grc'><strong>245</strong></span> <span class='ocrx_word' id='word_1_13' title='bbox 902 532 1225 598; x_wconf 81' lang='lat' dir='ltr'><strong>Gordianus,</strong></span> <span class='ocrx_word' id='word_1_14' title='bbox 1273 542 1397 587; x_wconf 91' lang='lat' dir='ltr'><strong>cum</strong></span> <span class='ocrx_word' id='word_1_15' title='bbox 1429 528 1603 583; x_wconf 72' lang='lat' dir='ltr'><strong>victor</strong></span> <span class='ocrx_word' id='word_1_16' title='bbox 1626 524 1844 581; x_wconf 78' lang='lat' dir='ltr'><strong>Parthis</strong></span> <span class='ocrx_word' id='word_1_17' title='bbox 1873 531 2113 578; x_wconf 78' lang='lat' dir='ltr'><strong>rererte-</strong></span> <span class='ocrx_word' id='word_1_18' title='bbox 2140 528 2186 587; x_wconf 74' lang='grc' dir='ltr'><strong>Α</strong></span> <span class='ocrx_word' id='word_1_19' title='bbox 2214 520 2485 577; x_wconf 93' lang='lat' dir='ltr'><strong>cutionem</strong></span> <span class='ocrx_word' id='word_1_20' title='bbox 2518 527 2716 576; x_wconf 69' lang='lat' dir='ltr'><strong>movet.</strong></span> <span class='ocrx_word' id='word_1_21' title='bbox 2739 550 2811 562; x_wconf 85' lang='lat'><strong>--</strong></span> <span class='ocrx_word' id='word_1_22' title='bbox 2837 520 3105 577; x_wconf 77' lang='lat' dir='ltr'><strong>Antonius</strong></span> <span class='ocrx_word' id='word_1_23' title='bbox 3153 519 3206 575; x_wconf 94' lang='lat' dir='ltr'><strong>in</strong></span> <span class='ocrx_word' id='word_1_24' title='bbox 3248 516 3484 590; x_wconf 65' lang='lat' dir='ltr'><strong>Aigypto</strong></span> <span class='ocrx_word' id='word_1_25' title='bbox 3526 516 3793 572; x_wconf 81' lang='lat' dir='ltr'><strong>nascitur.</strong></span> 
     </span>
    </p>
   </div>
   <div class='ocr_carea' id='block_1_4' title="bbox 540 612 2111 698">
    <p class='ocr_par' dir='ltr' id='par_1_4' title="bbox 540 612 2111 698">
     <span class='ocr_line' id='line_1_4' title="bbox 540 612 2111 698; baseline -0.013 -10"><span class='ocrx_word' id='word_1_26' title='bbox 540 644 720 698; x_wconf 87' lang='lat' dir='ltr'><strong>retur,</strong></span> <span class='ocrx_word' id='word_1_27' title='bbox 749 628 891 685; x_wconf 92' lang='lat' dir='ltr'><strong>haud</strong></span> <span class='ocrx_word' id='word_1_28' title='bbox 917 627 1074 697; x_wconf 80' lang='lat' dir='ltr'><strong>longe</strong></span> <span class='ocrx_word' id='word_1_29' title='bbox 1113 640 1145 679; x_wconf 90' lang='lat' dir='ltr'><strong>a</strong></span> <span class='ocrx_word' id='word_1_30' title='bbox 1169 624 1416 678; x_wconf 80' lang='lat' dir='ltr'><strong>Romanu</strong></span> <span class='ocrx_word' id='word_1_31' title='bbox 1446 618 1560 674; x_wconf 89' lang='lat' dir='ltr'><strong>solo</strong></span> <span class='ocrx_word' id='word_1_32' title='bbox 1599 614 1941 672; x_wconf 89' lang='lat' dir='ltr'><strong>interﬁcitur.</strong></span> <span class='ocrx_word' id='word_1_33' title='bbox 1977 612 2111 667; x_wconf 66' lang='lat' dir='ltr'><strong>lius.</strong></span> 
     </span>
    </p>
   </div>
   <div class='ocr_carea' id='block_1_5' title="bbox 537 742 737 781">
    <p class='ocr_par' dir='ltr' id='par_1_5' title="bbox 537 742 737 781">
     <span class='ocr_line' id='line_1_5' title="bbox 537 742 737 781; baseline -0.025 0"><span class='ocrx_word' id='word_1_34' title='bbox 537 742 591 781; x_wconf 87' lang='lat' dir='ltr'><strong>a.</strong></span> <span class='ocrx_word' id='word_1_35' title='bbox 632 742 737 781; x_wconf 69' lang='lat'><strong>860.</strong></span> 
     </span>
    </p>
   </div>
   <div class='ocr_carea' id='block_1_6' title="bbox 608 741 2115 871">
    <p class='ocr_par' dir='ltr' id='par_1_6' title="bbox 608 741 2115 871">
     <span class='ocr_line' id='line_1_6' title="bbox 632 742 737 779; baseline -0.029 0"><span class='ocrx_word' id='word_1_36' title='bbox 632 742 685 779; x_wconf 90' lang='lat' dir='ltr'><strong>se</strong></span> <span class='ocrx_word' id='word_1_37' title='bbox 724 764 737 776; x_wconf 92' lang='lat'><strong>.</strong></span> 
     </span>
     <span class='ocr_line' id='line_1_7' title="bbox 608 741 2115 871; baseline -0.018 1"><span class='ocrx_word' id='word_1_38' title='bbox 608 741 719 871; x_wconf 65' lang='grc'><strong>2441</strong></span> <span class='ocrx_word' id='word_1_39' title='bbox 754 812 950 868; x_wconf 81' lang='lat' dir='ltr'><strong>Milites</strong></span> <span class='ocrx_word' id='word_1_40' title='bbox 975 807 1250 866; x_wconf 84' lang='lat' dir='ltr'><strong>Gordiano</strong></span> <span class='ocrx_word' id='word_1_41' title='bbox 1282 801 1545 859; x_wconf 89' lang='lat' dir='ltr'><strong>tumulum</strong></span> <span class='ocrx_word' id='word_1_42' title='bbox 1580 797 1873 860; x_wconf 71' lang='lat' dir='ltr'><strong>mdiﬁcant,</strong></span> <span class='ocrx_word' id='word_1_43' title='bbox 1900 802 1956 848; x_wconf 91' lang='lat' dir='ltr'><strong>et</strong></span> <span class='ocrx_word' id='word_1_44' title='bbox 1991 808 2115 847; x_wconf 85' lang='lat' dir='ltr'><strong>ossa</strong></span> 
     </span>
    </p>
   </div>
   <div class='ocr_carea' id='block_1_7' title="bbox 535 885 2115 976">
    <p class='ocr_par' dir='ltr' id='par_1_7' title="bbox 535 885 2115 976">
     <span class='ocr_line' id='line_1_8' title="bbox 535 885 2115 976; baseline -0.016 -14"><span class='ocrx_word' id='word_1_45' title='bbox 535 907 653 976; x_wconf 87' lang='lat' dir='ltr'><strong>ejus</strong></span> <span class='ocrx_word' id='word_1_46' title='bbox 683 905 904 960; x_wconf 75' lang='lat' dir='ltr'><strong>Romam</strong></span> <span class='ocrx_word' id='word_1_47' title='bbox 936 908 1235 971; x_wconf 65' lang='lat' dir='ltr'><strong>reponant.</strong></span> <span class='ocrx_word' id='word_1_48' title='bbox 1262 895 1393 949; x_wconf 86' lang='lat' dir='ltr'><strong>Eus.</strong></span> <span class='ocrx_word' id='word_1_49' title='bbox 1428 894 1481 948; x_wconf 91' lang='lat' dir='ltr'><strong>h.</strong></span> <span class='ocrx_word' id='word_1_50' title='bbox 1512 908 1565 945; x_wconf 93' lang='lat' dir='ltr'><strong>a.</strong></span> <span class='ocrx_word' id='word_1_51' title='bbox 1596 889 1684 961; x_wconf 84' lang='lat' dir='ltr'><strong>(In</strong></span> <span class='ocrx_word' id='word_1_52' title='bbox 1715 904 1882 958; x_wconf 87' lang='lat' dir='ltr'><strong><em>marg.</em></strong></span> <span class='ocrx_word' id='word_1_53' title='bbox 1905 885 2115 955; x_wconf 86' lang='lat' dir='ltr'><strong>Philip-</strong></span> 
     </span>
    </p>
   </div>
   <div class='ocr_carea' id='block_1_8' title="bbox 537 986 1454 1071">
    <p class='ocr_par' dir='ltr' id='par_1_8' title="bbox 537 986 1454 1071">
     <span class='ocr_line' id='line_1_9' title="bbox 537 986 1454 1071; baseline -0.016 -16"><span class='ocrx_word' id='word_1_54' title='bbox 537 1015 638 1071; x_wconf 91' lang='lat' dir='ltr'><strong>pus</strong></span> <span class='ocrx_word' id='word_1_55' title='bbox 662 996 854 1061; x_wconf 78' lang='lat' dir='ltr'><strong>XXIV,</strong></span> <span class='ocrx_word' id='word_1_56' title='bbox 877 1011 1000 1052; x_wconf 92' lang='lat' dir='ltr'><strong>cum</strong></span> <span class='ocrx_word' id='word_1_57' title='bbox 1030 993 1143 1049; x_wconf 91' lang='lat' dir='ltr'><strong>ﬁlio</strong></span> <span class='ocrx_word' id='word_1_58' title='bbox 1171 1006 1301 1046; x_wconf 89' lang='lat' dir='ltr'><strong>ann.</strong></span> <span class='ocrx_word' id='word_1_59' title='bbox 1330 986 1454 1057; x_wconf 84' lang='lat' dir='ltr'><strong>vn.)</strong></span> 
     </span>
    </p>
   </div>
   <div class='ocr_carea' id='block_1_9' title="bbox 605 1070 2116 1158">
    <p class='ocr_par' dir='ltr' id='par_1_9' title="bbox 605 1070 2116 1158">
     <span class='ocr_line' id='line_1_10' title="bbox 605 1070 2116 1158; baseline -0.015 -12"><span class='ocrx_word' id='word_1_60' title='bbox 605 1091 713 1145; x_wconf 87' lang='grc'><strong>245</strong></span> <span class='ocrx_word' id='word_1_61' title='bbox 750 1087 1029 1158; x_wconf 87' lang='lat' dir='ltr'><strong>Philippus</strong></span> <span class='ocrx_word' id='word_1_62' title='bbox 1047 1085 1251 1156; x_wconf 88' lang='lat' dir='ltr'><strong>primus</strong></span> <span class='ocrx_word' id='word_1_63' title='bbox 1276 1079 1517 1137; x_wconf 89' lang='lat' dir='ltr'><strong>omnium</strong></span> <span class='ocrx_word' id='word_1_64' title='bbox 1546 1075 1932 1145; x_wconf 83' lang='lat' dir='ltr'><strong>imperatorum</strong></span> <span class='ocrx_word' id='word_1_65' title='bbox 1957 1070 2116 1126; x_wconf 82' lang='lat' dir='ltr'><strong>Chri-</strong></span> 
     </span>
    </p>
   </div>
   <div class='ocr_carea' id='block_1_10' title="bbox 536 1168 2114 1239">
    <p class='ocr_par' dir='ltr' id='par_1_10' title="bbox 536 1168 2114 1239">
     <span class='ocr_line' id='line_1_11' title="bbox 536 1168 2114 1239; baseline -0.016 -1"><span class='ocrx_word' id='word_1_66' title='bbox 536 1183 744 1239; x_wconf 87' lang='lat' dir='ltr'><strong>stianus</strong></span> <span class='ocrx_word' id='word_1_67' title='bbox 790 1179 911 1233; x_wconf 81' lang='lat' dir='ltr'><strong>fuit.</strong></span> <span class='ocrx_word' id='word_1_68' title='bbox 954 1177 1054 1232; x_wconf 88' lang='lat' dir='ltr'><strong>llic</strong></span> <span class='ocrx_word' id='word_1_69' title='bbox 1090 1175 1258 1229; x_wconf 91' lang='lat' dir='ltr'><strong>ﬁlium</strong></span> <span class='ocrx_word' id='word_1_70' title='bbox 1287 1185 1442 1228; x_wconf 91' lang='lat' dir='ltr'><strong>suum</strong></span> <span class='ocrx_word' id='word_1_71' title='bbox 1469 1168 1773 1238; x_wconf 77' lang='lat' dir='ltr'><strong>Philippum</strong></span> <span class='ocrx_word' id='word_1_72' title='bbox 1806 1171 2114 1220; x_wconf 81' lang='lat' dir='ltr'><strong>consortem</strong></span> 
     </span>
    </p>
   </div>
   <div class='ocr_carea' id='block_1_11' title="bbox 536 1269 1189 1347">
    <p class='ocr_par' dir='ltr' id='par_1_11' title="bbox 536 1269 1189 1347">
     <span class='ocr_line' id='line_1_12' title="bbox 536 1269 1189 1347; baseline -0.017 -15"><span class='ocrx_word' id='word_1_73' title='bbox 536 1277 686 1347; x_wconf 84' lang='lat' dir='ltr'><strong>regni</strong></span> <span class='ocrx_word' id='word_1_74' title='bbox 714 1274 861 1330; x_wconf 82' lang='lat' dir='ltr'><strong>fecit.</strong></span> <span class='ocrx_word' id='word_1_75' title='bbox 884 1271 1014 1326; x_wconf 85' lang='lat' dir='ltr'><strong>Eus.</strong></span> <span class='ocrx_word' id='word_1_76' title='bbox 1057 1269 1111 1322; x_wconf 88' lang='lat' dir='ltr'><strong>h.</strong></span> <span class='ocrx_word' id='word_1_77' title='bbox 1135 1286 1189 1322; x_wconf 94' lang='lat' dir='ltr'><strong>a.</strong></span> 
     </span>
    </p>
   </div>
   <div class='ocr_carea' id='block_1_12' title="bbox 604 1342 2116 1436">
    <p class='ocr_par' dir='ltr' id='par_1_12' title="bbox 604 1342 2116 1436">
     <span class='ocr_line' id='line_1_13' title="bbox 604 1342 2116 1436; baseline -0.018 -13"><span class='ocrx_word' id='word_1_78' title='bbox 604 1342 710 1424; x_wconf 82' lang='grc'><strong>246</strong></span> <span class='ocrx_word' id='word_1_79' title='bbox 749 1363 1117 1436; x_wconf 80' lang='lat' dir='ltr'><strong>Regnantihus</strong></span> <span class='ocrx_word' id='word_1_80' title='bbox 1154 1355 1416 1427; x_wconf 86' lang='lat' dir='ltr'><strong>Philippis</strong></span> <span class='ocrx_word' id='word_1_81' title='bbox 1449 1351 1768 1407; x_wconf 81' lang='lat' dir='ltr'><strong>millesimus</strong></span> <span class='ocrx_word' id='word_1_82' title='bbox 1793 1359 1964 1402; x_wconf 89' lang='lat' dir='ltr'><strong>annus</strong></span> <span class='ocrx_word' id='word_1_83' title='bbox 2004 1342 2116 1398; x_wconf 79' lang='lat' dir='ltr'><strong>Ro-</strong></span> 
     </span>
    </p>
   </div>
   <div class='ocr_carea' id='block_1_13' title="bbox 534 1444 1618 1524">
    <p class='ocr_par' dir='ltr' id='par_1_13' title="bbox 534 1444 1618 1524">
     <span class='ocr_line' id='line_1_14' title="bbox 534 1444 1618 1524; baseline -0.019 -9"><span class='ocrx_word' id='word_1_84' title='bbox 534 1474 709 1516; x_wconf 75' lang='lat' dir='ltr'><strong>manas</strong></span> <span class='ocrx_word' id='word_1_85' title='bbox 738 1455 888 1511; x_wconf 87' lang='lat' dir='ltr'><strong>urbis</strong></span> <span class='ocrx_word' id='word_1_86' title='bbox 915 1452 1163 1524; x_wconf 77' lang='lat' dir='ltr'><strong>expletus</strong></span> <span class='ocrx_word' id='word_1_87' title='bbox 1190 1455 1292 1504; x_wconf 89' lang='lat' dir='ltr'><strong>est.</strong></span> <span class='ocrx_word' id='word_1_88' title='bbox 1323 1446 1453 1500; x_wconf 87' lang='lat' dir='ltr'><strong>Eus.</strong></span> <span class='ocrx_word' id='word_1_89' title='bbox 1480 1444 1533 1497; x_wconf 80' lang='lat' dir='ltr'><strong>lt.</strong></span> <span class='ocrx_word' id='word_1_90' title='bbox 1564 1459 1618 1495; x_wconf 90' lang='lat' dir='ltr'><strong>a.</strong></span> 
     </span>
    </p>
   </div>
   <div class='ocr_carea' id='block_1_14' title="bbox 602 1530 2117 1607">
    <p class='ocr_par' dir='ltr' id='par_1_14' title="bbox 602 1530 2117 1607">
     <span class='ocr_line' id='line_1_15' title="bbox 602 1530 2117 1607; baseline -0.017 0"><span class='ocrx_word' id='word_1_91' title='bbox 602 1551 707 1607; x_wconf 69' lang='lat'><strong>247</strong></span> <span class='ocrx_word' id='word_1_92' title='bbox 746 1547 1064 1603; x_wconf 80' lang='lat' dir='ltr'><strong>Millesimus</strong></span> <span class='ocrx_word' id='word_1_93' title='bbox 1113 1556 1288 1597; x_wconf 90' lang='lat' dir='ltr'><strong>annus</strong></span> <span class='ocrx_word' id='word_1_94' title='bbox 1341 1546 1396 1591; x_wconf 89' lang='lat' dir='ltr'><strong>a‘</strong></span> <span class='ocrx_word' id='word_1_95' title='bbox 1428 1533 1739 1590; x_wconf 84' lang='lat' dir='ltr'><strong>Christiano</strong></span> <span class='ocrx_word' id='word_1_96' title='bbox 1789 1530 2117 1600; x_wconf 83' lang='lat' dir='ltr'><strong>imperatore</strong></span> 
     </span>
    </p>
   </div>
   <div class='ocr_carea' id='block_1_15' title="bbox 532 1616 1657 1701">
    <p class='ocr_par' dir='ltr' id='par_1_15' title="bbox 532 1616 1657 1701">
     <span class='ocr_line' id='line_1_16' title="bbox 532 1616 1657 1701; baseline -0.019 -2"><span class='ocrx_word' id='word_1_97' title='bbox 532 1632 701 1698; x_wconf 78' lang='lat' dir='ltr'><strong>variis</strong></span> <span class='ocrx_word' id='word_1_98' title='bbox 725 1636 872 1701; x_wconf 63' lang='lat' dir='ltr'><strong>ludi!</strong></span> <span class='ocrx_word' id='word_1_99' title='bbox 897 1633 1200 1693; x_wconf 84' lang='lat' dir='ltr'><strong>celebratus</strong></span> <span class='ocrx_word' id='word_1_100' title='bbox 1227 1616 1337 1684; x_wconf 69' lang='lat' dir='ltr'><strong>esi.</strong></span> <span class='ocrx_word' id='word_1_101' title='bbox 1361 1625 1492 1680; x_wconf 86' lang='lat' dir='ltr'><strong>Eus.</strong></span> <span class='ocrx_word' id='word_1_102' title='bbox 1519 1625 1572 1677; x_wconf 78' lang='lat' dir='ltr'><strong>li.</strong></span> <span class='ocrx_word' id='word_1_103' title='bbox 1601 1641 1657 1678; x_wconf 90' lang='lat' dir='ltr'><strong>a.</strong></span> 
     </span>
    </p>
   </div>
   <div class='ocr_carea' id='block_1_16' title="bbox 524 1706 2112 1793">
    <p class='ocr_par' dir='ltr' id='par_1_16' title="bbox 524 1706 2112 1793">
     <span class='ocr_line' id='line_1_17' title="bbox 524 1706 2112 1793; baseline -0.021 -1"><span class='ocrx_word' id='word_1_104' title='bbox 524 1762 527 1763; x_wconf 52' lang='grc' dir='ltr'><em>ν</em></span> <span class='ocrx_word' id='word_1_105' title='bbox 601 1734 708 1789; x_wconf 81' lang='grc'><strong>248</strong></span> <span class='ocrx_word' id='word_1_106' title='bbox 742 1731 1036 1787; x_wconf 84' lang='lat' dir='ltr'><strong>Theatrum</strong></span> <span class='ocrx_word' id='word_1_107' title='bbox 1088 1720 1330 1793; x_wconf 83' lang='lat' dir='ltr'><strong>Pompeii</strong></span> <span class='ocrx_word' id='word_1_108' title='bbox 1382 1717 1569 1772; x_wconf 64' lang='lat' dir='ltr'><strong>Romae</strong></span> <span class='ocrx_word' id='word_1_109' title='bbox 1621 1713 1922 1768; x_wconf 85' lang='lat' dir='ltr'><strong>incensum.</strong></span> <span class='ocrx_word' id='word_1_110' title='bbox 1977 1706 2112 1762; x_wconf 83' lang='lat' dir='ltr'><strong>Eus.</strong></span> 
     </span>
    </p>
   </div>
   <div class='ocr_carea' id='block_1_17' title="bbox 452 1823 746 1882">
    <p class='ocr_par' dir='ltr' id='par_1_17' title="bbox 452 1823 746 1882">
     <span class='ocr_line' id='line_1_18' title="bbox 452 1823 746 1882; baseline -0.017 1"><span class='ocrx_word' id='word_1_111' title='bbox 452 1862 462 1871; x_wconf 94' lang='lat'><strong><em>-</em></strong></span> <span class='ocrx_word' id='word_1_112' title='bbox 539 1845 594 1882; x_wconf 87' lang='lat' dir='ltr'><strong>a.</strong></span> <span class='ocrx_word' id='word_1_113' title='bbox 618 1823 746 1879; x_wconf 83' lang='grc'><strong>246.</strong></span> 
     </span>
    </p>
   </div>
   <div class='ocr_carea' id='block_1_18' title="bbox 2216 608 3794 669">
    <p class='ocr_par' dir='ltr' id='par_1_18' title="bbox 2216 608 3794 669">
     <span class='ocr_line' id='line_1_19' title="bbox 2216 608 3794 669; baseline -0.001 -2"><span class='ocrx_word' id='word_1_114' title='bbox 2216 613 2411 669; x_wconf 89' lang='lat' dir='ltr'><strong>Decius</strong></span> <span class='ocrx_word' id='word_1_115' title='bbox 2439 628 2560 668; x_wconf 91' lang='lat' dir='ltr'><strong>cum</strong></span> <span class='ocrx_word' id='word_1_116' title='bbox 2592 612 2702 667; x_wconf 90' lang='lat' dir='ltr'><strong>ﬁlio</strong></span> <span class='ocrx_word' id='word_1_117' title='bbox 2748 613 3035 667; x_wconf 86' lang='lat' dir='ltr'><strong>occiditur.</strong></span> <span class='ocrx_word' id='word_1_118' title='bbox 3070 612 3202 666; x_wconf 86' lang='lat' dir='ltr'><strong>Ens.</strong></span> <span class='ocrx_word' id='word_1_119' title='bbox 3246 613 3301 668; x_wconf 81' lang='lat' dir='ltr'><strong>lt.</strong></span> <span class='ocrx_word' id='word_1_120' title='bbox 3342 628 3395 665; x_wconf 82' lang='grc' dir='ltr'>α.</span> <span class='ocrx_word' id='word_1_121' title='bbox 3427 639 3496 650; x_wconf 88' lang='lat'><strong>--</strong></span> <span class='ocrx_word' id='word_1_122' title='bbox 3516 608 3794 666; x_wconf 83' lang='lat' dir='ltr'><strong>Fabianus</strong></span> 
     </span>
    </p>
   </div>
   <div class='ocr_carea' id='block_1_19' title="bbox 2215 701 3796 775">
    <p class='ocr_par' dir='ltr' id='par_1_19' title="bbox 2215 701 3796 775">
     <span class='ocr_line' id='line_1_20' title="bbox 2215 701 3796 775; baseline -0.003 -16"><span class='ocrx_word' id='word_1_123' title='bbox 2215 704 2639 774; x_wconf 84' lang='lat' dir='ltr'><strong>martyrizatur,</strong></span> <span class='ocrx_word' id='word_1_124' title='bbox 2678 719 2778 775; x_wconf 89' lang='lat' dir='ltr'><strong>pro</strong></span> <span class='ocrx_word' id='word_1_125' title='bbox 2818 718 2926 773; x_wconf 82' lang='lat' dir='ltr'><strong>quo</strong></span> <span class='ocrx_word' id='word_1_126' title='bbox 2971 702 3257 758; x_wconf 88' lang='lat' dir='ltr'><strong>Cornelius</strong></span> <span class='ocrx_word' id='word_1_127' title='bbox 3309 716 3445 772; x_wconf 90' lang='lat' dir='ltr'><strong>papa</strong></span> <span class='ocrx_word' id='word_1_128' title='bbox 3505 701 3650 756; x_wconf 79' lang='lat' dir='ltr'><strong>sedit</strong></span> <span class='ocrx_word' id='word_1_129' title='bbox 3692 715 3796 756; x_wconf 85' lang='lat' dir='ltr'><strong>an-</strong></span> 
     </span>
    </p>
   </div>
   <div class='ocr_carea' id='block_1_20' title="bbox 2215 789 3792 865">
    <p class='ocr_par' dir='ltr' id='par_1_20' title="bbox 2215 789 3792 865">
     <span class='ocr_line' id='line_1_21' title="bbox 2215 789 3792 865; baseline -0.003 -17"><span class='ocrx_word' id='word_1_130' title='bbox 2215 794 2300 849; x_wconf 89' lang='lat' dir='ltr'><strong>nis</strong></span> <span class='ocrx_word' id='word_1_131' title='bbox 2339 811 2397 849; x_wconf 92' lang='grc' dir='ltr'><strong>ιιι</strong></span> <span class='ocrx_word' id='word_1_132' title='bbox 2428 793 2564 865; x_wconf 81' lang='grc'><strong>(41),</strong></span> <span class='ocrx_word' id='word_1_133' title='bbox 2598 794 2690 864; x_wconf 87' lang='lat' dir='ltr'><strong>qui</strong></span> <span class='ocrx_word' id='word_1_134' title='bbox 2720 794 2903 864; x_wconf 88' lang='lat' dir='ltr'><strong>etipse</strong></span> <span class='ocrx_word' id='word_1_135' title='bbox 2936 793 3197 862; x_wconf 81' lang='lat' dir='ltr'><strong>martyrio</strong></span> <span class='ocrx_word' id='word_1_136' title='bbox 3228 800 3539 847; x_wconf 79' lang='lat' dir='ltr'><strong>coronatur.</strong></span> <span class='ocrx_word' id='word_1_137' title='bbox 3569 789 3699 846; x_wconf 86' lang='lat' dir='ltr'><strong>Ens.</strong></span> <span class='ocrx_word' id='word_1_138' title='bbox 3733 792 3792 844; x_wconf 85' lang='lat' dir='ltr'><strong>h.</strong></span> 
     </span>
    </p>
   </div>
   <div class='ocr_carea' id='block_1_21' title="bbox 2214 884 2586 955">
    <p class='ocr_par' dir='ltr' id='par_1_21' title="bbox 2214 884 2586 955">
     <span class='ocr_line' id='line_1_22' title="bbox 2214 884 2586 955; baseline 0 -16"><span class='ocrx_word' id='word_1_139' title='bbox 2214 901 2289 951; x_wconf 87' lang='lat' dir='ltr'><strong>a;</strong></span> <span class='ocrx_word' id='word_1_140' title='bbox 2323 884 2396 938; x_wconf 86' lang='lat' dir='ltr'><strong>al.</strong></span> <span class='ocrx_word' id='word_1_141' title='bbox 2422 903 2475 940; x_wconf 94' lang='lat' dir='ltr'><strong>a.</strong></span> <span class='ocrx_word' id='word_1_142' title='bbox 2504 901 2586 955; x_wconf 87' lang='lat' dir='ltr'><strong>pr.</strong></span> 
     </span>
    </p>
   </div>
   <div class='ocr_carea' id='block_1_22' title="bbox 2284 970 3792 1045">
    <p class='ocr_par' dir='ltr' id='par_1_22' title="bbox 2284 970 3792 1045">
     <span class='ocr_line' id='line_1_23' title="bbox 2284 970 3792 1045; baseline -0.004 -16"><span class='ocrx_word' id='word_1_143' title='bbox 2284 973 2392 1029; x_wconf 77' lang='grc'><strong>255</strong></span> <span class='ocrx_word' id='word_1_144' title='bbox 2427 972 2516 1045; x_wconf 87' lang='lat' dir='ltr'><strong>(In</strong></span> <span class='ocrx_word' id='word_1_145' title='bbox 2564 990 2734 1044; x_wconf 85' lang='lat' dir='ltr'><strong>marg.</strong></span> <span class='ocrx_word' id='word_1_146' title='bbox 2794 972 2980 1029; x_wconf 88' lang='lat' dir='ltr'><strong>Gallus</strong></span> <span class='ocrx_word' id='word_1_147' title='bbox 3033 987 3156 1028; x_wconf 89' lang='lat' dir='ltr'><strong>cum</strong></span> <span class='ocrx_word' id='word_1_148' title='bbox 3198 970 3493 1027; x_wconf 79' lang='lat' dir='ltr'><strong>Volusiano</strong></span> <span class='ocrx_word' id='word_1_149' title='bbox 3540 986 3670 1025; x_wconf 89' lang='lat' dir='ltr'><strong>ann.</strong></span> <span class='ocrx_word' id='word_1_150' title='bbox 3724 985 3792 1035; x_wconf 84' lang='grc' dir='ltr'>ιι,</span> 
     </span>
    </p>
   </div>
   <div class='ocr_carea' id='block_1_23' title="bbox 2215 1057 3811 1136">
    <p class='ocr_par' dir='ltr' id='par_1_23' title="bbox 2215 1057 3811 1136">
     <span class='ocr_line' id='line_1_24' title="bbox 2215 1057 3811 1136; baseline -0.003 -18"><span class='ocrx_word' id='word_1_151' title='bbox 2215 1079 2388 1120; x_wconf 88' lang='lat' dir='ltr'><strong>mens.</strong></span> <span class='ocrx_word' id='word_1_152' title='bbox 2431 1065 2536 1136; x_wconf 92' lang='grc' dir='ltr'>ιιι.)</span> <span class='ocrx_word' id='word_1_153' title='bbox 2566 1061 2829 1134; x_wconf 78' lang='lat' dir='ltr'><strong>Origenes</strong></span> <span class='ocrx_word' id='word_1_154' title='bbox 2863 1078 3006 1118; x_wconf 89' lang='lat' dir='ltr'><strong>anno</strong></span> <span class='ocrx_word' id='word_1_155' title='bbox 3047 1063 3225 1117; x_wconf 69' lang='lat' dir='ltr'><strong>aetatis</strong></span> <span class='ocrx_word' id='word_1_156' title='bbox 3255 1076 3381 1126; x_wconf 74' lang='lat' dir='ltr'><strong>us,</strong></span> <span class='ocrx_word' id='word_1_157' title='bbox 3409 1059 3658 1114; x_wconf 88' lang='lat' dir='ltr'><strong>moritur.</strong></span> <span class='ocrx_word' id='word_1_158' title='bbox 3684 1057 3811 1114; x_wconf 46' lang='lat' dir='ltr'><strong>Now</strong></span> 
     </span>
    </p>
   </div>
   <div class='ocr_carea' id='block_1_24' title="bbox 2214 1150 3792 1228">
    <p class='ocr_par' dir='ltr' id='par_1_24' title="bbox 2214 1150 3792 1228">
     <span class='ocr_line' id='line_1_25' title="bbox 2214 1150 3792 1228; baseline -0.003 -18"><span class='ocrx_word' id='word_1_159' title='bbox 2214 1165 2374 1210; x_wconf 76' lang='lat' dir='ltr'><strong>vatus</strong></span> <span class='ocrx_word' id='word_1_160' title='bbox 2428 1157 2709 1228; x_wconf 84' lang='lat' dir='ltr'><strong>presbyter</strong></span> <span class='ocrx_word' id='word_1_161' title='bbox 2760 1164 2952 1211; x_wconf 87' lang='lat' dir='ltr'><strong>auctor</strong></span> <span class='ocrx_word' id='word_1_162' title='bbox 3006 1155 3275 1211; x_wconf 74' lang='lat' dir='ltr'><strong>haereseos</strong></span> <span class='ocrx_word' id='word_1_163' title='bbox 3321 1153 3507 1209; x_wconf 80' lang='lat' dir='ltr'><strong>exstit.</strong></span> <span class='ocrx_word' id='word_1_164' title='bbox 3555 1150 3792 1206; x_wconf 78' lang='lat' dir='ltr'><strong>Maxima</strong></span> 
     </span>
    </p>
   </div>
   <div class='ocr_carea' id='block_1_25' title="bbox 2215 1246 3154 1319">
    <p class='ocr_par' dir='ltr' id='par_1_25' title="bbox 2215 1246 3154 1319">
     <span class='ocr_line' id='line_1_26' title="bbox 2215 1246 3154 1319; baseline -0.001 -17"><span class='ocrx_word' id='word_1_165' title='bbox 2215 1248 2521 1319; x_wconf 88' lang='lat' dir='ltr'><strong>pestilentia</strong></span> <span class='ocrx_word' id='word_1_166' title='bbox 2551 1248 2693 1303; x_wconf 78' lang='lat' dir='ltr'><strong>facta</strong></span> <span class='ocrx_word' id='word_1_167' title='bbox 2722 1255 2823 1303; x_wconf 89' lang='lat' dir='ltr'><strong>est.</strong></span> <span class='ocrx_word' id='word_1_168' title='bbox 2861 1246 2993 1302; x_wconf 87' lang='lat' dir='ltr'><strong>Eus.</strong></span> <span class='ocrx_word' id='word_1_169' title='bbox 3023 1247 3074 1302; x_wconf 89' lang='lat' dir='ltr'><strong>h.</strong></span> <span class='ocrx_word' id='word_1_170' title='bbox 3102 1264 3154 1301; x_wconf 91' lang='lat' dir='ltr'><strong>a.</strong></span> 
     </span>
    </p>
   </div>
   <div class='ocr_carea' id='block_1_26' title="bbox 2285 1338 3794 1412">
    <p class='ocr_par' dir='ltr' id='par_1_26' title="bbox 2285 1338 3794 1412">
     <span class='ocr_line' id='line_1_27' title="bbox 2285 1338 3794 1412; baseline 0 -19"><span class='ocrx_word' id='word_1_171' title='bbox 2285 1340 2391 1394; x_wconf 81' lang='grc'><strong>254</strong></span> <span class='ocrx_word' id='word_1_172' title='bbox 2429 1340 2627 1396; x_wconf 88' lang='lat' dir='ltr'><strong>Lucius</strong></span> <span class='ocrx_word' id='word_1_173' title='bbox 2666 1356 2805 1412; x_wconf 89' lang='lat' dir='ltr'><strong>papa</strong></span> <span class='ocrx_word' id='word_1_174' title='bbox 2833 1339 2977 1407; x_wconf 77' lang='lat' dir='ltr'><strong>XXl,</strong></span> <span class='ocrx_word' id='word_1_175' title='bbox 3014 1338 3288 1395; x_wconf 88' lang='lat' dir='ltr'><strong>mensibus</strong></span> <span class='ocrx_word' id='word_1_176' title='bbox 3317 1354 3447 1403; x_wconf 86' lang='lat' dir='ltr'><strong>vm;</strong></span> <span class='ocrx_word' id='word_1_177' title='bbox 3477 1343 3599 1409; x_wconf 90' lang='lat' dir='ltr'><strong>post</strong></span> <span class='ocrx_word' id='word_1_178' title='bbox 3629 1351 3794 1406; x_wconf 88' lang='lat' dir='ltr'><strong>quem</strong></span> 
     </span>
    </p>
   </div>
   <div class='ocr_carea' id='block_1_27' title="bbox 2218 1428 3790 1502">
    <p class='ocr_par' dir='ltr' id='par_1_27' title="bbox 2218 1428 3790 1502">
     <span class='ocr_line' id='line_1_28' title="bbox 2218 1428 3790 1502; baseline -0.003 -16"><span class='ocrx_word' id='word_1_179' title='bbox 2218 1430 2529 1502; x_wconf 85' lang='lat' dir='ltr'><strong>Stephanus</strong></span> <span class='ocrx_word' id='word_1_180' title='bbox 2575 1433 2733 1488; x_wconf 88' lang='lat' dir='ltr'><strong>annis</strong></span> <span class='ocrx_word' id='word_1_181' title='bbox 2776 1448 2839 1487; x_wconf 88' lang='grc' dir='ltr'>ιι.</span> <span class='ocrx_word' id='word_1_182' title='bbox 2889 1430 3073 1488; x_wconf 84' lang='lat' dir='ltr'><strong>Gallus</strong></span> <span class='ocrx_word' id='word_1_183' title='bbox 3125 1447 3246 1486; x_wconf 92' lang='lat' dir='ltr'><strong>cum</strong></span> <span class='ocrx_word' id='word_1_184' title='bbox 3295 1429 3405 1484; x_wconf 88' lang='lat' dir='ltr'><strong>ﬁlio</strong></span> <span class='ocrx_word' id='word_1_185' title='bbox 3449 1428 3790 1494; x_wconf 81' lang='lat' dir='ltr'><strong>interﬁcitur,</strong></span> 
     </span>
    </p>
   </div>
   <div class='ocr_carea' id='block_1_28' title="bbox 2215 1522 2517 1579">
    <p class='ocr_par' dir='ltr' id='par_1_28' title="bbox 2215 1522 2517 1579">
     <span class='ocr_line' id='line_1_29' title="bbox 2215 1522 2517 1579; baseline 0.007 -2"><span class='ocrx_word' id='word_1_186' title='bbox 2215 1522 2347 1579; x_wconf 69' lang='lat' dir='ltr'><strong>Eua.</strong></span> <span class='ocrx_word' id='word_1_187' title='bbox 2377 1524 2432 1578; x_wconf 88' lang='lat' dir='ltr'><strong>h.</strong></span> <span class='ocrx_word' id='word_1_188' title='bbox 2464 1542 2517 1579; x_wconf 91' lang='lat' dir='ltr'><strong>a.</strong></span> 
     </span>
    </p>
   </div>
   <div class='ocr_carea' id='block_1_29' title="bbox 2285 1612 3795 1690">
    <p class='ocr_par' dir='ltr' id='par_1_29' title="bbox 2285 1612 3795 1690">
     <span class='ocr_line' id='line_1_30' title="bbox 2285 1612 3795 1690; baseline -0.004 -18"><span class='ocrx_word' id='word_1_189' title='bbox 2285 1617 2392 1672; x_wconf 82' lang='grc'><strong>255</strong></span> <span class='ocrx_word' id='word_1_190' title='bbox 2427 1617 2518 1690; x_wconf 88' lang='lat' dir='ltr'><strong>(In</strong></span> <span class='ocrx_word' id='word_1_191' title='bbox 2556 1633 2724 1688; x_wconf 83' lang='lat' dir='ltr'><strong>marg.</strong></span> <span class='ocrx_word' id='word_1_192' title='bbox 2768 1616 3092 1676; x_wconf 73' lang='lat' dir='ltr'><strong>Valerianus</strong></span> <span class='ocrx_word' id='word_1_193' title='bbox 3132 1624 3186 1671; x_wconf 90' lang='lat' dir='ltr'><strong>ct</strong></span> <span class='ocrx_word' id='word_1_194' title='bbox 3212 1612 3486 1671; x_wconf 71' lang='lat' dir='ltr'><strong>Gallienus</strong></span> <span class='ocrx_word' id='word_1_195' title='bbox 3515 1630 3645 1669; x_wconf 90' lang='lat' dir='ltr'><strong>ann.</strong></span> <span class='ocrx_word' id='word_1_196' title='bbox 3677 1613 3795 1685; x_wconf 78' lang='lat' dir='ltr'><strong>xv.)</strong></span> 
     </span>
    </p>
   </div>
   <div class='ocr_carea' id='block_1_30' title="bbox 2216 1703 3798 1779">
    <p class='ocr_par' dir='ltr' id='par_1_30' title="bbox 2216 1703 3798 1779">
     <span class='ocr_line' id='line_1_31' title="bbox 2216 1703 3798 1779; baseline -0.005 -14"><span class='ocrx_word' id='word_1_197' title='bbox 2216 1707 2541 1766; x_wconf 74' lang='lat' dir='ltr'><strong>Valerianus</strong></span> <span class='ocrx_word' id='word_1_198' title='bbox 2574 1717 2822 1764; x_wconf 83' lang='lat' dir='ltr'><strong>octavam</strong></span> <span class='ocrx_word' id='word_1_199' title='bbox 2873 1706 3307 1779; x_wconf 86' lang='lat' dir='ltr'><strong>persecutionem</strong></span> <span class='ocrx_word' id='word_1_200' title='bbox 3355 1706 3407 1760; x_wconf 91' lang='lat' dir='ltr'><strong>in</strong></span> <span class='ocrx_word' id='word_1_201' title='bbox 3456 1703 3798 1760; x_wconf 85' lang='lat' dir='ltr'><strong>Christianos</strong></span> 
     </span>
    </p>
   </div>
   <div class='ocr_carea' id='block_1_31' title="bbox 2217 1798 2873 1857">
    <p class='ocr_par' dir='ltr' id='par_1_31' title="bbox 2217 1798 2873 1857">
     <span class='ocr_line' id='line_1_32' title="bbox 2217 1798 2873 1857; baseline -0.008 0"><span class='ocrx_word' id='word_1_202' title='bbox 2217 1801 2481 1857; x_wconf 81' lang='lat' dir='ltr'><strong>exercuit.</strong></span> <span class='ocrx_word' id='word_1_203' title='bbox 2516 1799 2648 1854; x_wconf 81' lang='lat' dir='ltr'><strong>Eas.</strong></span> <span class='ocrx_word' id='word_1_204' title='bbox 2687 1816 2720 1852; x_wconf 90' lang='lat' dir='ltr'><strong>a</strong></span> <span class='ocrx_word' id='word_1_205' title='bbox 2745 1798 2873 1853; x_wconf 88' lang='lat'><strong>257.</strong></span> 
     </span>
    </p>
   </div>
   <div class='ocr_carea' id='block_1_32' title="bbox 602 1886 3800 1982">
    <p class='ocr_par' dir='ltr' id='par_1_32' title="bbox 602 1886 3800 1982">
     <span class='ocr_line' id='line_1_33' title="bbox 602 1886 3800 1982; baseline -0.009 -10"><span class='ocrx_word' id='word_1_206' title='bbox 602 1917 708 1972; x_wconf 81' lang='grc'><strong>249</strong></span> <span class='ocrx_word' id='word_1_207' title='bbox 746 1911 1026 1982; x_wconf 88' lang='lat' dir='ltr'><strong>Philippus</strong></span> <span class='ocrx_word' id='word_1_208' title='bbox 1054 1905 1244 1962; x_wconf 89' lang='lat' dir='ltr'><strong>urbem</strong></span> <span class='ocrx_word' id='word_1_209' title='bbox 1269 1899 1505 1958; x_wconf 89' lang='lat' dir='ltr'><strong>nominis</strong></span> <span class='ocrx_word' id='word_1_210' title='bbox 1528 1897 1611 1953; x_wconf 91' lang='lat' dir='ltr'><strong>sui</strong></span> <span class='ocrx_word' id='word_1_211' title='bbox 1638 1896 1691 1950; x_wconf 92' lang='lat' dir='ltr'><strong>iu</strong></span> <span class='ocrx_word' id='word_1_212' title='bbox 1725 1893 1955 1949; x_wconf 84' lang='lat' dir='ltr'><strong>Thracia</strong></span> <span class='ocrx_word' id='word_1_213' title='bbox 1986 1905 2113 1982; x_wconf 88' lang='lat' dir='ltr'><strong>cou-</strong></span> <span class='ocrx_word' id='word_1_214' title='bbox 2143 1895 2190 1956; x_wconf 87' lang='lat' dir='ltr'><strong>B</strong></span> <span class='ocrx_word' id='word_1_215' title='bbox 2284 1893 2388 1948; x_wconf 83' lang='lat'><strong>257</strong></span> <span class='ocrx_word' id='word_1_216' title='bbox 2428 1892 2731 1964; x_wconf 83' lang='lat' dir='ltr'><strong>Cyprianus</strong></span> <span class='ocrx_word' id='word_1_217' title='bbox 2786 1891 2978 1947; x_wconf 90' lang='lat' dir='ltr'><strong>doctor</strong></span> <span class='ocrx_word' id='word_1_218' title='bbox 3025 1890 3289 1954; x_wconf 74' lang='lat' dir='ltr'><strong>eximius,</strong></span> <span class='ocrx_word' id='word_1_219' title='bbox 3342 1886 3800 1956; x_wconf 76' lang='lat' dir='ltr'><strong>Carthaginensis</strong></span> 
     </span>
    </p>
   </div>
   <div class='ocr_carea' id='block_1_33' title="bbox 533 1981 2113 2071">
    <p class='ocr_par' dir='ltr' id='par_1_33' title="bbox 533 1981 2113 2071">
     <span class='ocr_line' id='line_1_34' title="bbox 533 1981 2113 2071; baseline -0.02 -5"><span class='ocrx_word' id='word_1_220' title='bbox 533 2008 759 2065; x_wconf 73' lang='lat' dir='ltr'><strong>struxit.</strong></span> <span class='ocrx_word' id='word_1_221' title='bbox 776 2004 910 2059; x_wconf 87' lang='lat' dir='ltr'><strong>Eus.</strong></span> <span class='ocrx_word' id='word_1_222' title='bbox 930 1981 988 2056; x_wconf 11' lang='grc' dir='ltr'><strong>θα.</strong></span> <span class='ocrx_word' id='word_1_223' title='bbox 1011 2016 1093 2071; x_wconf 90' lang='lat' dir='ltr'><strong>pr.</strong></span> <span class='ocrx_word' id='word_1_224' title='bbox 1116 2027 1185 2040; x_wconf 89' lang='lat'><strong>—-</strong></span> <span class='ocrx_word' id='word_1_225' title='bbox 1202 1995 1298 2051; x_wconf 80' lang='lat' dir='ltr'><strong>His</strong></span> <span class='ocrx_word' id='word_1_226' title='bbox 1314 1990 1644 2061; x_wconf 83' lang='lat' dir='ltr'><strong>temporibus</strong></span> <span class='ocrx_word' id='word_1_227' title='bbox 1656 1986 1917 2056; x_wconf 78' lang='lat' dir='ltr'><strong>Origenes</strong></span> <span class='ocrx_word' id='word_1_228' title='bbox 1944 1981 2113 2037; x_wconf 89' lang='lat' dir='ltr'><strong>multa</strong></span> 
     </span>
    </p>
   </div>
   <div class='ocr_carea' id='block_1_34' title="bbox 532 2110 2112 2251">
    <p class='ocr_par' dir='ltr' id='par_1_34' title="bbox 532 2110 2112 2251">
     <span class='ocr_line' id='line_1_35' title="bbox 532 2110 2112 2251; baseline -0.022 1"><span class='ocrx_word' id='word_1_229' title='bbox 532 2110 1096 2250; x_wconf 50' lang='lat' dir='ltr'><strong>sel25):)“:Uesandriu:</strong></span> <span class='ocrx_word' id='word_1_230' title='bbox 1140 2177 1431 2251; x_wconf 82' lang='lat' dir='ltr'><strong>Dionysius</strong></span> <span class='ocrx_word' id='word_1_231' title='bbox 1474 2172 1591 2230; x_wconf 79' lang='lat' dir='ltr'><strong>Xlll</strong></span> <span class='ocrx_word' id='word_1_232' title='bbox 1640 2178 1926 2242; x_wconf 73' lang='lat' dir='ltr'><strong>cpiswpus</strong></span> <span class='ocrx_word' id='word_1_233' title='bbox 1971 2163 2112 2220; x_wconf 86' lang='lat' dir='ltr'><strong>sedit</strong></span> 
     </span>
    </p>
   </div>
   <div class='ocr_carea' id='block_1_35' title="bbox 531 2280 1220 2346">
    <p class='ocr_par' dir='ltr' id='par_1_35' title="bbox 531 2280 1220 2346">
     <span class='ocr_line' id='line_1_36' title="bbox 531 2280 1220 2346; baseline -0.022 -3"><span class='ocrx_word' id='word_1_234' title='bbox 531 2287 689 2343; x_wconf 89' lang='lat' dir='ltr'><strong>anuis</strong></span> <span class='ocrx_word' id='word_1_235' title='bbox 720 2299 853 2340; x_wconf 76' lang='lat' dir='ltr'><strong>ml.</strong></span> <span class='ocrx_word' id='word_1_236' title='bbox 888 2280 1019 2336; x_wconf 86' lang='lat' dir='ltr'><strong>Eus.</strong></span> <span class='ocrx_word' id='word_1_237' title='bbox 1058 2296 1109 2332; x_wconf 91' lang='lat' dir='ltr'><strong>a.</strong></span> <span class='ocrx_word' id='word_1_238' title='bbox 1139 2292 1220 2346; x_wconf 92' lang='lat' dir='ltr'><strong>pr.</strong></span> 
     </span>
    </p>
   </div>
   <div class='ocr_carea' id='block_1_36' title="bbox 2215 1978 3797 2056">
    <p class='ocr_par' dir='ltr' id='par_1_36' title="bbox 2215 1978 3797 2056">
     <span class='ocr_line' id='line_1_37' title="bbox 2215 1978 3797 2056; baseline -0.006 -16"><span class='ocrx_word' id='word_1_239' title='bbox 2215 1986 2525 2056; x_wconf 91' lang='lat' dir='ltr'><strong>episcopus,</strong></span> <span class='ocrx_word' id='word_1_240' title='bbox 2558 1984 2819 2056; x_wconf 88' lang='lat' dir='ltr'><strong>martyrio</strong></span> <span class='ocrx_word' id='word_1_241' title='bbox 2847 1991 3162 2039; x_wconf 85' lang='lat' dir='ltr'><strong>coronatur.</strong></span> <span class='ocrx_word' id='word_1_242' title='bbox 3209 1980 3342 2035; x_wconf 79' lang='lat' dir='ltr'><strong>Eus.</strong></span> <span class='ocrx_word' id='word_1_243' title='bbox 3371 1981 3425 2034; x_wconf 90' lang='lat' dir='ltr'><strong>h.</strong></span> <span class='ocrx_word' id='word_1_244' title='bbox 3457 1996 3532 2046; x_wconf 69' lang='grc' dir='ltr'><strong>ας</strong></span> <span class='ocrx_word' id='word_1_245' title='bbox 3569 1978 3667 2035; x_wconf 84' lang='lat' dir='ltr'><strong>alii</strong></span> <span class='ocrx_word' id='word_1_246' title='bbox 3698 1995 3797 2033; x_wconf 81' lang='lat' dir='ltr'><strong>an.</strong></span> 
     </span>
    </p>
   </div>
   <div class='ocr_carea' id='block_1_37' title="bbox 2218 2092 2323 2131">
    <p class='ocr_par' dir='ltr' id='par_1_37' title="bbox 2218 2092 2323 2131">
     <span class='ocr_line' id='line_1_38' title="bbox 2218 2092 2323 2131; baseline -0.019 1"><span class='ocrx_word' id='word_1_247' title='bbox 2218 2092 2323 2131; x_wconf 64' lang='grc' dir='ltr'><strong>τεο.</strong></span> 
     </span>
    </p>
   </div>
   <div class='ocr_carea' id='block_1_38' title="bbox 2271 2092 3797 2236">
    <p class='ocr_par' dir='ltr' id='par_1_38' title="bbox 2271 2092 3797 2236">
     <span class='ocr_line' id='line_1_39' title="bbox 2271 2092 3797 2236; baseline -0.005 -13"><span class='ocrx_word' id='word_1_248' title='bbox 2271 2092 2390 2223; x_wconf 45' lang='grc'><strong>(258</strong></span> <span class='ocrx_word' id='word_1_249' title='bbox 2430 2165 2745 2223; x_wconf 79' lang='lat' dir='ltr'><strong>Valerianus</strong></span> <span class='ocrx_word' id='word_1_250' title='bbox 2782 2181 2812 2219; x_wconf 89' lang='lat' dir='ltr'><strong>a</strong></span> <span class='ocrx_word' id='word_1_251' title='bbox 2857 2164 3063 2236; x_wconf 86' lang='lat' dir='ltr'><strong>Sapore</strong></span> <span class='ocrx_word' id='word_1_252' title='bbox 3091 2162 3382 2218; x_wconf 87' lang='lat' dir='ltr'><strong>Persarum</strong></span> <span class='ocrx_word' id='word_1_253' title='bbox 3412 2177 3535 2233; x_wconf 76' lang='lat' dir='ltr'><strong>rege</strong></span> <span class='ocrx_word' id='word_1_254' title='bbox 3561 2160 3797 2233; x_wconf 80' lang='lat' dir='ltr'><strong>capitur.</strong></span> 
     </span>
    </p>
   </div>
   <div class='ocr_carea' id='block_1_39' title="bbox 2120 2252 3796 2326">
    <p class='ocr_par' dir='ltr' id='par_1_39' title="bbox 2120 2252 3796 2326">
     <span class='ocr_line' id='line_1_40' title="bbox 2120 2252 3796 2326; baseline -0.004 -14"><span class='ocrx_word' id='word_1_255' title='bbox 2120 2292 2125 2297; x_wconf 84' lang='grc'><strong>-</strong></span> <span class='ocrx_word' id='word_1_256' title='bbox 2216 2256 2347 2313; x_wconf 74' lang='grc' dir='ltr'>Ειιε.</span> <span class='ocrx_word' id='word_1_257' title='bbox 2393 2259 2446 2312; x_wconf 86' lang='grc' dir='ltr'>Ιι.</span> <span class='ocrx_word' id='word_1_258' title='bbox 2481 2275 2533 2312; x_wconf 91' lang='lat' dir='ltr'><strong>a.</strong></span> <span class='ocrx_word' id='word_1_259' title='bbox 2571 2257 2674 2326; x_wconf 78' lang='lat'><strong>21</strong></span> <span class='ocrx_word' id='word_1_260' title='bbox 2700 2254 2888 2321; x_wconf 76' lang='lat' dir='ltr'><strong>Xistus</strong></span> <span class='ocrx_word' id='word_1_261' title='bbox 2909 2270 3047 2326; x_wconf 82' lang='lat' dir='ltr'><strong>papa</strong></span> <span class='ocrx_word' id='word_1_262' title='bbox 3085 2253 3225 2309; x_wconf 86' lang='lat' dir='ltr'><strong>sedit</strong></span> <span class='ocrx_word' id='word_1_263' title='bbox 3258 2253 3418 2308; x_wconf 89' lang='lat' dir='ltr'><strong>anuis</strong></span> <span class='ocrx_word' id='word_1_264' title='bbox 3446 2268 3542 2307; x_wconf 87' lang='lat' dir='ltr'><strong>vu.</strong></span> <span class='ocrx_word' id='word_1_265' title='bbox 3574 2252 3706 2308; x_wconf 73' lang='lat' dir='ltr'><strong>Eas.</strong></span> <span class='ocrx_word' id='word_1_266' title='bbox 3736 2270 3796 2306; x_wconf 82' lang='grc' dir='ltr'>α.</span> 
     </span>
    </p>
   </div>
   <div class='ocr_carea' id='block_1_40' title="bbox 597 2348 2751 2444">
    <p class='ocr_par' dir='ltr' id='par_1_40' title="bbox 597 2348 2751 2444">
     <span class='ocr_line' id='line_1_41' title="bbox 597 2348 2751 2444; baseline -0.015 -9"><span class='ocrx_word' id='word_1_267' title='bbox 597 2379 702 2434; x_wconf 76' lang='grc'><strong>251</strong></span> <span class='ocrx_word' id='word_1_268' title='bbox 746 2375 1027 2444; x_wconf 81' lang='lat' dir='ltr'><strong>Philippus</strong></span> <span class='ocrx_word' id='word_1_269' title='bbox 1070 2369 1254 2425; x_wconf 87' lang='lat' dir='ltr'><strong>scuior</strong></span> <span class='ocrx_word' id='word_1_270' title='bbox 1282 2364 1534 2421; x_wconf 63' lang='lat' dir='ltr'><strong>Veronae,</strong></span> <span class='ocrx_word' id='word_1_271' title='bbox 1572 2356 1758 2411; x_wconf 71' lang='lat' dir='ltr'><strong>ltomte</strong></span> <span class='ocrx_word' id='word_1_272' title='bbox 1779 2348 2112 2419; x_wconf 74' lang='lat' dir='ltr'><strong>verojunior</strong></span> <span class='ocrx_word' id='word_1_273' title='bbox 2211 2348 2337 2408; x_wconf 75' lang='lat'><strong>256.</strong></span> <span class='ocrx_word' id='word_1_274' title='bbox 2363 2351 2515 2403; x_wconf 88' lang='lat' dir='ltr'><strong>annis</strong></span> <span class='ocrx_word' id='word_1_275' title='bbox 2544 2365 2656 2403; x_wconf 78' lang='grc' dir='ltr'>νιιι.</span> <span class='ocrx_word' id='word_1_276' title='bbox 2744 2408 2751 2414; x_wconf 53' lang='grc'><em>,</em></span> 
     </span>
    </p>
   </div>
   <div class='ocr_carea' id='block_1_41' title="bbox 530 2446 2109 2530">
    <p class='ocr_par' dir='ltr' id='par_1_41' title="bbox 530 2446 2109 2530">
     <span class='ocr_line' id='line_1_42' title="bbox 530 2446 2109 2530; baseline -0.023 -1"><span class='ocrx_word' id='word_1_277' title='bbox 530 2446 819 2529; x_wconf 65' lang='grc' dir='ltr'>ορέἱαὶιιιι.</span> <span class='ocrx_word' id='word_1_278' title='bbox 872 2467 1004 2521; x_wconf 81' lang='lat' dir='ltr'><strong>Eus.</strong></span> <span class='ocrx_word' id='word_1_279' title='bbox 1062 2463 1118 2517; x_wconf 90' lang='lat' dir='ltr'><strong>h.</strong></span> <span class='ocrx_word' id='word_1_280' title='bbox 1173 2478 1224 2514; x_wconf 90' lang='lat' dir='ltr'><strong>a.</strong></span> <span class='ocrx_word' id='word_1_281' title='bbox 1277 2456 1377 2530; x_wconf 84' lang='lat' dir='ltr'><strong>(In</strong></span> <span class='ocrx_word' id='word_1_282' title='bbox 1430 2468 1598 2522; x_wconf 85' lang='lat' dir='ltr'><strong>marg.</strong></span> <span class='ocrx_word' id='word_1_283' title='bbox 1647 2447 1839 2504; x_wconf 83' lang='lat' dir='ltr'><strong>Decius</strong></span> <span class='ocrx_word' id='word_1_284' title='bbox 1876 2459 2003 2497; x_wconf 91' lang='lat' dir='ltr'><strong>ann.</strong></span> <span class='ocrx_word' id='word_1_285' title='bbox 2060 2456 2109 2504; x_wconf 85' lang='grc' dir='ltr'>ι,</span> 
     </span>
    </p>
   </div>
   <div class='ocr_carea' id='block_1_42' title="bbox 532 2552 1476 2624">
    <p class='ocr_par' dir='ltr' id='par_1_42' title="bbox 532 2552 1476 2624">
     <span class='ocr_line' id='line_1_43' title="bbox 532 2552 1476 2624; baseline -0.017 -4"><span class='ocrx_word' id='word_1_286' title='bbox 532 2574 704 2620; x_wconf 86' lang='lat' dir='ltr'><strong>mens.</strong></span> <span class='ocrx_word' id='word_1_287' title='bbox 735 2574 826 2624; x_wconf 77' lang='lat' dir='ltr'><strong>ru;</strong></span> <span class='ocrx_word' id='word_1_288' title='bbox 860 2558 930 2613; x_wconf 88' lang='lat' dir='ltr'><strong>al.</strong></span> <span class='ocrx_word' id='word_1_289' title='bbox 958 2576 1011 2611; x_wconf 90' lang='lat' dir='ltr'><strong>a.</strong></span> <span class='ocrx_word' id='word_1_290' title='bbox 1038 2552 1190 2622; x_wconf 80' lang='grc'><strong>249.)</strong></span> <span class='ocrx_word' id='word_1_291' title='bbox 1342 2594 1347 2601; x_wconf 87' lang='lat'><strong>.</strong></span> <span class='ocrx_word' id='word_1_292' title='bbox 1472 2600 1476 2604; x_wconf 88' lang='lat'><strong>.</strong></span> 
     </span>
    </p>
   </div>
   <div class='ocr_carea' id='block_1_43' title="bbox 603 2623 2113 2727">
    <p class='ocr_par' dir='ltr' id='par_1_43' title="bbox 603 2623 2113 2727">
     <span class='ocr_line' id='line_1_44' title="bbox 603 2623 2113 2727; baseline -0.026 -14"><span class='ocrx_word' id='word_1_293' title='bbox 603 2656 713 2726; x_wconf 74' lang='grc' dir='ltr'><strong>2ο</strong></span> <span class='ocrx_word' id='word_1_294' title='bbox 737 2653 848 2709; x_wconf 87' lang='grc'><strong>252</strong></span> <span class='ocrx_word' id='word_1_295' title='bbox 885 2650 1099 2711; x_wconf 91' lang='lat' dir='ltr'><strong>Decius,</strong></span> <span class='ocrx_word' id='word_1_296' title='bbox 1129 2659 1251 2727; x_wconf 77' lang='lat' dir='ltr'><strong>cum</strong></span> <span class='ocrx_word' id='word_1_297' title='bbox 1280 2639 1561 2708; x_wconf 87' lang='lat' dir='ltr'><strong>Philippos</strong></span> <span class='ocrx_word' id='word_1_298' title='bbox 1611 2639 1820 2704; x_wconf 88' lang='lat' dir='ltr'><strong>patrem</strong></span> <span class='ocrx_word' id='word_1_299' title='bbox 1848 2635 1904 2681; x_wconf 89' lang='lat' dir='ltr'><strong>et</strong></span> <span class='ocrx_word' id='word_1_300' title='bbox 1944 2623 2113 2677; x_wconf 85' lang='lat' dir='ltr'><strong>lilium</strong></span> 
     </span>
    </p>
   </div>
   <div class='ocr_carea' id='block_1_44' title="bbox 534 2725 2112 2809">
    <p class='ocr_par' dir='ltr' id='par_1_44' title="bbox 534 2725 2112 2809">
     <span class='ocr_line' id='line_1_45' title="bbox 534 2725 2112 2809; baseline -0.023 -4"><span class='ocrx_word' id='word_1_301' title='bbox 534 2725 921 2809; x_wconf 76' lang='lat' dir='ltr'><strong>interiecisset,</strong></span> <span class='ocrx_word' id='word_1_302' title='bbox 951 2742 1020 2797; x_wconf 88' lang='lat' dir='ltr'><strong>ob</strong></span> <span class='ocrx_word' id='word_1_303' title='bbox 1042 2725 1228 2795; x_wconf 87' lang='lat' dir='ltr'><strong>eorum</strong></span> <span class='ocrx_word' id='word_1_304' title='bbox 1256 2730 1439 2795; x_wconf 61' lang='lat' dir='ltr'><strong>etiam</strong></span> <span class='ocrx_word' id='word_1_305' title='bbox 1470 2730 1524 2784; x_wconf 91' lang='lat' dir='ltr'><strong>in</strong></span> <span class='ocrx_word' id='word_1_306' title='bbox 1561 2725 1902 2783; x_wconf 87' lang='lat' dir='ltr'><strong>Christianos</strong></span> <span class='ocrx_word' id='word_1_307' title='bbox 1929 2730 2112 2785; x_wconf 85' lang='lat' dir='ltr'><strong>perse-</strong></span> 
     </span>
    </p>
   </div>
   <div class='ocr_carea' id='block_1_45' title="bbox 2284 2439 3797 2512">
    <p class='ocr_par' dir='ltr' id='par_1_45' title="bbox 2284 2439 3797 2512">
     <span class='ocr_line' id='line_1_46' title="bbox 2284 2439 3797 2512; baseline -0.002 -16"><span class='ocrx_word' id='word_1_308' title='bbox 2284 2442 2390 2498; x_wconf 66' lang='lat'><strong>239</strong></span> <span class='ocrx_word' id='word_1_309' title='bbox 2434 2443 2719 2498; x_wconf 77' lang='lat' dir='ltr'><strong>Valeriano</strong></span> <span class='ocrx_word' id='word_1_310' title='bbox 2767 2442 2819 2497; x_wconf 92' lang='lat' dir='ltr'><strong>in</strong></span> <span class='ocrx_word' id='word_1_311' title='bbox 2846 2442 3042 2498; x_wconf 77' lang='lat' dir='ltr'><strong>Persas</strong></span> <span class='ocrx_word' id='word_1_312' title='bbox 3068 2443 3254 2504; x_wconf 82' lang='lat' dir='ltr'><strong>ducto,</strong></span> <span class='ocrx_word' id='word_1_313' title='bbox 3285 2451 3339 2497; x_wconf 88' lang='lat' dir='ltr'><strong>et</strong></span> <span class='ocrx_word' id='word_1_314' title='bbox 3360 2440 3531 2497; x_wconf 90' lang='lat' dir='ltr'><strong>oculis</strong></span> <span class='ocrx_word' id='word_1_315' title='bbox 3559 2439 3797 2512; x_wconf 80' lang='lat' dir='ltr'><strong>privato,</strong></span> 
     </span>
    </p>
   </div>
   <div class='ocr_carea' id='block_1_46' title="bbox 2212 2532 3515 2603">
    <p class='ocr_par' dir='ltr' id='par_1_46' title="bbox 2212 2532 3515 2603">
     <span class='ocr_line' id='line_1_47' title="bbox 2212 2532 3515 2603; baseline -0.003 -12"><span class='ocrx_word' id='word_1_316' title='bbox 2212 2534 2492 2591; x_wconf 86' lang='lat' dir='ltr'><strong>Gallienus</strong></span> <span class='ocrx_word' id='word_1_317' title='bbox 2520 2550 2706 2603; x_wconf 87' lang='lat' dir='ltr'><strong>pacem</strong></span> <span class='ocrx_word' id='word_1_318' title='bbox 2737 2534 2911 2591; x_wconf 84' lang='lat' dir='ltr'><strong>reddit</strong></span> <span class='ocrx_word' id='word_1_319' title='bbox 2941 2534 3164 2589; x_wconf 87' lang='lat' dir='ltr'><strong>nostris.</strong></span> <span class='ocrx_word' id='word_1_320' title='bbox 3195 2532 3327 2588; x_wconf 84' lang='lat' dir='ltr'><strong>Eas.</strong></span> <span class='ocrx_word' id='word_1_321' title='bbox 3349 2551 3381 2587; x_wconf 90' lang='lat' dir='ltr'><strong>a</strong></span> <span class='ocrx_word' id='word_1_322' title='bbox 3408 2550 3515 2603; x_wconf 82' lang='lat' dir='ltr'><strong>seq.</strong></span> 
     </span>
    </p>
   </div>
   <div class='ocr_carea' id='block_1_47' title="bbox 2217 2621 3799 2768">
    <p class='ocr_par' dir='ltr' id='par_1_47' title="bbox 2217 2621 3799 2768">
     <span class='ocr_line' id='line_1_48' title="bbox 2217 2621 3799 2768; baseline -0.001 -88"><span class='ocrx_word' id='word_1_323' title='bbox 2217 2625 2395 2768; x_wconf 66' lang='lat' dir='ltr'><strong>E261,</strong></span> <span class='ocrx_word' id='word_1_324' title='bbox 2426 2624 2703 2683; x_wconf 87' lang='lat' dir='ltr'><strong>Gallienus</strong></span> <span class='ocrx_word' id='word_1_325' title='bbox 2753 2626 2807 2680; x_wconf 92' lang='lat' dir='ltr'><strong>in</strong></span> <span class='ocrx_word' id='word_1_326' title='bbox 2861 2640 3078 2682; x_wconf 88' lang='lat' dir='ltr'><strong>onmem</strong></span> <span class='ocrx_word' id='word_1_327' title='bbox 3134 2625 3409 2681; x_wconf 68' lang='lat' dir='ltr'><strong>lasciviam</strong></span> <span class='ocrx_word' id='word_1_328' title='bbox 3461 2621 3799 2683; x_wconf 75' lang='lat' dir='ltr'><strong>dissolvitur.</strong></span> 
     </span>
     <span class='ocr_line' id='line_1_49' title="bbox 2270 2733 2513 2768; baseline 0 0"><span class='ocrx_word' id='word_1_329' title='bbox 2270 2733 2348 2768; x_wconf 87' lang='lat' dir='ltr'><strong>ns.</strong></span> <span class='ocrx_word' id='word_1_330' title='bbox 2392 2734 2428 2768; x_wconf 84' lang='grc' dir='ltr'><strong>ι.</strong></span> <span class='ocrx_word' id='word_1_331' title='bbox 2459 2734 2513 2768; x_wconf 85' lang='grc' dir='ltr'>α.</span> 
     </span>
    </p>
   </div>
   <div class='ocr_carea' id='block_1_48' title="bbox 2270 2733 2513 2770">
    <p class='ocr_par' dir='ltr' id='par_1_48' title="bbox 2270 2733 2513 2770">
     <span class='ocr_line' id='line_1_50' title="bbox 2270 2733 2513 2770; baseline 0.004 -1"><span class='ocrx_word' id='word_1_332' title='bbox 2270 2733 2348 2770; x_wconf 87' lang='lat' dir='ltr'><strong>ns.</strong></span> <span class='ocrx_word' id='word_1_333' title='bbox 2376 2733 2428 2769; x_wconf 84' lang='lat' dir='ltr'><strong>Il.</strong></span> <span class='ocrx_word' id='word_1_334' title='bbox 2459 2734 2513 2770; x_wconf 91' lang='lat' dir='ltr'><strong>a.</strong></span> 
     </span>
    </p>
   </div>
   <div class='ocr_carea' id='block_1_49' title="bbox 1539 2840 2802 2920">
    <p class='ocr_par' dir='ltr' id='par_1_49' title="bbox 1539 2840 2802 2920">
     <span class='ocr_line' id='line_1_51' title="bbox 1539 2840 2802 2920; baseline -0.012 -1"><span class='ocrx_word' id='word_1_335' title='bbox 1539 2852 1986 2920; x_wconf 76' lang='lat' dir='ltr'><strong>COMPENDIUM</strong></span> <span class='ocrx_word' id='word_1_336' title='bbox 2024 2840 2119 2906; x_wconf 69' lang='lat' dir='ltr'><strong>EX</strong></span> <span class='ocrx_word' id='word_1_337' title='bbox 2153 2848 2398 2906; x_wconf 86' lang='lat' dir='ltr'><strong>CODICE</strong></span> <span class='ocrx_word' id='word_1_338' title='bbox 2437 2850 2802 2907; x_wconf 75' lang='lat' dir='ltr'><strong>BERNOLDI.</strong></span> 
     </span>
    </p>
   </div>
   <div class='ocr_carea' id='block_1_50' title="bbox 601 2946 2117 3058">
    <p class='ocr_par' dir='ltr' id='par_1_50' title="bbox 601 2946 2117 3058">
     <span class='ocr_line' id='line_1_52' title="bbox 601 2946 2117 3058; baseline -0.023 0"><span class='ocrx_word' id='word_1_339' title='bbox 601 3002 709 3058; x_wconf 84' lang='grc'><strong>244</strong></span> <span class='ocrx_word' id='word_1_340' title='bbox 747 2998 1045 3054; x_wconf 87' lang='lat' dir='ltr'><strong>Gordianus</strong></span> <span class='ocrx_word' id='word_1_341' title='bbox 1077 3007 1193 3048; x_wconf 88' lang='lat' dir='ltr'><strong>cum</strong></span> <span class='ocrx_word' id='word_1_342' title='bbox 1228 2989 1413 3052; x_wconf 75' lang='lat' dir='ltr'><strong>uictor,</strong></span> <span class='ocrx_word' id='word_1_343' title='bbox 1444 2992 1551 3039; x_wconf 86' lang='lat' dir='ltr'><strong>etc.</strong></span> <span class='ocrx_word' id='word_1_344' title='bbox 1592 2989 1649 3036; x_wconf 94' lang='lat' dir='ltr'><strong>ut</strong></span> <span class='ocrx_word' id='word_1_345' title='bbox 1678 2979 1815 3048; x_wconf 82' lang='lat' dir='ltr'><strong>Aug.</strong></span> <span class='ocrx_word' id='word_1_346' title='bbox 1847 2990 1900 3029; x_wconf 87' lang='lat' dir='ltr'><strong>a.</strong></span> <span class='ocrx_word' id='word_1_347' title='bbox 1931 2987 2014 3044; x_wconf 88' lang='lat' dir='ltr'><strong>pr.</strong></span> <span class='ocrx_word' id='word_1_348' title='bbox 2046 2946 2117 3009; x_wconf 22' lang='lat'><strong>—&#39;</strong></span> 
     </span>
    </p>
   </div>
   <div class='ocr_carea' id='block_1_51' title="bbox 536 3069 2113 3166">
    <p class='ocr_par' dir='ltr' id='par_1_51' title="bbox 536 3069 2113 3166">
     <span class='ocr_line' id='line_1_53' title="bbox 536 3069 2113 3166; baseline -0.025 -13"><span class='ocrx_word' id='word_1_349' title='bbox 536 3096 813 3166; x_wconf 74' lang='lat' dir='ltr'><strong>Philippus</strong></span> <span class='ocrx_word' id='word_1_350' title='bbox 858 3086 1049 3144; x_wconf 76' lang='lat' dir='ltr'><strong>XXIV</strong></span> <span class='ocrx_word' id='word_1_351' title='bbox 1101 3100 1219 3139; x_wconf 89' lang='lat' dir='ltr'><strong>cum</strong></span> <span class='ocrx_word' id='word_1_352' title='bbox 1267 3081 1380 3150; x_wconf 78' lang='lat' dir='ltr'><strong>[illo</strong></span> <span class='ocrx_word' id='word_1_353' title='bbox 1432 3074 1676 3144; x_wconf 86' lang='lat' dir='ltr'><strong>Philippo</strong></span> <span class='ocrx_word' id='word_1_354' title='bbox 1706 3069 1859 3125; x_wconf 75' lang='lat' dir='ltr'><strong>antiis</strong></span> <span class='ocrx_word' id='word_1_355' title='bbox 1899 3073 2113 3166; x_wconf 58' lang='lat' dir='ltr'><strong>septem.</strong></span> 
     </span>
    </p>
   </div>
   <div class='ocr_carea' id='block_1_52' title="bbox 538 3150 2113 3254">
    <p class='ocr_par' dir='ltr' id='par_1_52' title="bbox 538 3150 2113 3254">
     <span class='ocr_line' id='line_1_54' title="bbox 538 3150 2113 3254; baseline -0.024 -13"><span class='ocrx_word' id='word_1_356' title='bbox 538 3186 642 3241; x_wconf 83' lang='lat' dir='ltr'><strong>Hic</strong></span> <span class='ocrx_word' id='word_1_357' title='bbox 684 3150 892 3254; x_wconf 52' lang='lat' dir='ltr'><strong>&#39;primus</strong></span> <span class='ocrx_word' id='word_1_358' title='bbox 942 3175 1173 3230; x_wconf 87' lang='lat' dir='ltr'><strong>omnium</strong></span> <span class='ocrx_word' id='word_1_359' title='bbox 1212 3172 1585 3239; x_wconf 84' lang='lat' dir='ltr'><strong>imperatorum</strong></span> <span class='ocrx_word' id='word_1_360' title='bbox 1617 3157 1943 3215; x_wconf 85' lang='lat' dir='ltr'><strong>Christianus</strong></span> <span class='ocrx_word' id='word_1_361' title='bbox 1994 3150 2113 3222; x_wconf 84' lang='lat' dir='ltr'><strong>fuit.</strong></span> 
     </span>
    </p>
   </div>
   <div class='ocr_carea' id='block_1_53' title="bbox 536 3239 2163 3333">
    <p class='ocr_par' dir='ltr' id='par_1_53' title="bbox 536 3239 2163 3333">
     <span class='ocr_line' id='line_1_55' title="bbox 536 3239 2163 3333; baseline -0.026 0"><span class='ocrx_word' id='word_1_362' title='bbox 536 3239 965 3333; x_wconf 53' lang='lat' dir='ltr'><strong>Dota&#39;Bernoldi</strong></span> <span class='ocrx_word' id='word_1_363' title='bbox 1007 3267 1060 3320; x_wconf 92' lang='lat' dir='ltr'><strong>in</strong></span> <span class='ocrx_word' id='word_1_364' title='bbox 1113 3259 1358 3330; x_wconf 74' lang='lat' dir='ltr'><strong>margine</strong></span> <span class='ocrx_word' id='word_1_365' title='bbox 1406 3253 1710 3323; x_wconf 84' lang='lat' dir='ltr'><strong>superiore.</strong></span> <span class='ocrx_word' id='word_1_366' title='bbox 1747 3249 1819 3302; x_wconf 88' lang='lat' dir='ltr'><strong>De</strong></span> <span class='ocrx_word' id='word_1_367' title='bbox 1862 3246 1960 3333; x_wconf 81' lang='lat' dir='ltr'><strong>hoc</strong></span> <span class='ocrx_word' id='word_1_368' title='bbox 1994 3239 2121 3333; x_wconf 82' lang='lat' dir='ltr'><strong>Phi-</strong></span> <span class='ocrx_word' id='word_1_369' title='bbox 2160 3272 2163 3277; x_wconf 93' lang='lat'><strong><em>-</em></strong></span> 
     </span>
    </p>
   </div>
   <div class='ocr_carea' id='block_1_54' title="bbox 538 3330 2118 3440">
    <p class='ocr_par' dir='ltr' id='par_1_54' title="bbox 538 3330 2118 3440">
     <span class='ocr_line' id='line_1_56' title="bbox 538 3330 2118 3440; baseline -0.027 -16"><span class='ocrx_word' id='word_1_370' title='bbox 538 3330 679 3440; x_wconf 81' lang='lat' dir='ltr'><strong>lippo</strong></span> <span class='ocrx_word' id='word_1_371' title='bbox 704 3365 896 3437; x_wconf 85' lang='lat' dir='ltr'><strong>legitur</strong></span> <span class='ocrx_word' id='word_1_372' title='bbox 925 3360 978 3415; x_wconf 89' lang='lat' dir='ltr'><strong>in</strong></span> <span class='ocrx_word' id='word_1_373' title='bbox 1005 3355 1188 3412; x_wconf 87' lang='lat' dir='ltr'><strong>eccles.</strong></span> <span class='ocrx_word' id='word_1_374' title='bbox 1225 3349 1368 3405; x_wconf 85' lang='lat' dir='ltr'><strong>Hist.</strong></span> <span class='ocrx_word' id='word_1_375' title='bbox 1401 3344 1539 3417; x_wconf 86' lang='lat' dir='ltr'><strong>quod</strong></span> <span class='ocrx_word' id='word_1_376' title='bbox 1569 3345 1623 3396; x_wconf 80' lang='lat' dir='ltr'><strong>in</strong></span> <span class='ocrx_word' id='word_1_377' title='bbox 1648 3342 1760 3411; x_wconf 90' lang='lat' dir='ltr'><strong>ipsa</strong></span> <span class='ocrx_word' id='word_1_378' title='bbox 1789 3337 1873 3390; x_wconf 89' lang='lat' dir='ltr'><strong>die</strong></span> <span class='ocrx_word' id='word_1_379' title='bbox 1902 3330 2118 3435; x_wconf 64' lang='lat' dir='ltr'><strong>Pascha:</strong></span> 
     </span>
    </p>
   </div>
   <div class='ocr_carea' id='block_1_55' title="bbox 2218 2955 3800 3039">
    <p class='ocr_par' dir='ltr' id='par_1_55' title="bbox 2218 2955 3800 3039">
     <span class='ocr_line' id='line_1_57' title="bbox 2218 2955 3800 3039; baseline -0.002 -15"><span class='ocrx_word' id='word_1_380' title='bbox 2218 2983 2322 3039; x_wconf 80' lang='lat' dir='ltr'><strong>quo</strong></span> <span class='ocrx_word' id='word_1_381' title='bbox 2353 2968 2623 3024; x_wconf 79' lang='lat' dir='ltr'><strong>Cornelius</strong></span> <span class='ocrx_word' id='word_1_382' title='bbox 2676 2977 2810 3039; x_wconf 81' lang='lat' dir='ltr'><strong>papa</strong></span> <span class='ocrx_word' id='word_1_383' title='bbox 2856 2965 2962 3020; x_wconf 79' lang='lat' dir='ltr'><strong><em>XX</em></strong></span> <span class='ocrx_word' id='word_1_384' title='bbox 3003 2960 3133 3021; x_wconf 80' lang='lat' dir='ltr'><strong>sedit</strong></span> <span class='ocrx_word' id='word_1_385' title='bbox 3185 2965 3339 3020; x_wconf 85' lang='lat' dir='ltr'><strong>annis</strong></span> <span class='ocrx_word' id='word_1_386' title='bbox 3388 2964 3575 3018; x_wconf 83' lang='lat' dir='ltr'><strong>tribus.</strong></span> <span class='ocrx_word' id='word_1_387' title='bbox 3607 2955 3800 3022; x_wconf 78' lang='lat' dir='ltr'><strong>Decius</strong></span> 
     </span>
    </p>
   </div>
   <div class='ocr_carea' id='block_1_56' title="bbox 2219 3054 3793 3129">
    <p class='ocr_par' dir='ltr' id='par_1_56' title="bbox 2219 3054 3793 3129">
     <span class='ocr_line' id='line_1_58' title="bbox 2219 3054 3793 3129; baseline -0.003 -15"><span class='ocrx_word' id='word_1_388' title='bbox 2219 3077 2336 3114; x_wconf 89' lang='lat' dir='ltr'><strong>cum</strong></span> <span class='ocrx_word' id='word_1_389' title='bbox 2385 3060 2495 3129; x_wconf 85' lang='lat' dir='ltr'><strong>ﬁlio</strong></span> <span class='ocrx_word' id='word_1_390' title='bbox 2542 3076 2635 3115; x_wconf 88' lang='lat' dir='ltr'><strong>suo</strong></span> <span class='ocrx_word' id='word_1_391' title='bbox 2687 3062 2741 3113; x_wconf 91' lang='lat' dir='ltr'><strong>in</strong></span> <span class='ocrx_word' id='word_1_392' title='bbox 2795 3059 3018 3113; x_wconf 88' lang='lat' dir='ltr'><strong>Thracia</strong></span> <span class='ocrx_word' id='word_1_393' title='bbox 3057 3075 3089 3111; x_wconf 90' lang='lat' dir='ltr'><strong>a</strong></span> <span class='ocrx_word' id='word_1_394' title='bbox 3135 3054 3317 3110; x_wconf 81' lang='lat' dir='ltr'><strong>Gothis</strong></span> <span class='ocrx_word' id='word_1_395' title='bbox 3357 3056 3616 3112; x_wconf 85' lang='lat' dir='ltr'><strong>occiditur</strong></span> <span class='ocrx_word' id='word_1_396' title='bbox 3660 3054 3793 3112; x_wconf 78' lang='lat' dir='ltr'><strong>Gat-</strong></span> 
     </span>
    </p>
   </div>
   <div class='ocr_carea' id='block_1_57' title="bbox 2221 3146 3803 3217">
    <p class='ocr_par' dir='ltr' id='par_1_57' title="bbox 2221 3146 3803 3217">
     <span class='ocr_line' id='line_1_59' title="bbox 2221 3146 3803 3217; baseline -0.002 -14"><span class='ocrx_word' id='word_1_397' title='bbox 2221 3150 2304 3205; x_wconf 85' lang='lat' dir='ltr'><strong>lus</strong></span> <span class='ocrx_word' id='word_1_398' title='bbox 2354 3148 2457 3204; x_wconf 79' lang='lat' dir='ltr'><em>XX</em></span> <span class='ocrx_word' id='word_1_399' title='bbox 2474 3148 2546 3204; x_wconf 90' lang='lat' dir='ltr'><strong>Vl</strong></span> <span class='ocrx_word' id='word_1_400' title='bbox 2579 3167 2695 3205; x_wconf 87' lang='lat' dir='ltr'><strong>cum</strong></span> <span class='ocrx_word' id='word_1_401' title='bbox 2744 3148 3031 3204; x_wconf 89' lang='lat' dir='ltr'><strong>Volusiano</strong></span> <span class='ocrx_word' id='word_1_402' title='bbox 3076 3147 3188 3217; x_wconf 78' lang='lat' dir='ltr'><strong>ﬁlio</strong></span> <span class='ocrx_word' id='word_1_403' title='bbox 3215 3147 3367 3201; x_wconf 89' lang='lat' dir='ltr'><strong>annis</strong></span> <span class='ocrx_word' id='word_1_404' title='bbox 3398 3146 3623 3213; x_wconf 82' lang='lat' dir='ltr'><strong>duobus,</strong></span> <span class='ocrx_word' id='word_1_405' title='bbox 3652 3163 3803 3202; x_wconf 54' lang='lat' dir='ltr'><strong>mene</strong></span> 
     </span>
    </p>
   </div>
   <div class='ocr_carea' id='block_1_58' title="bbox 2222 3243 2812 3299">
    <p class='ocr_par' dir='ltr' id='par_1_58' title="bbox 2222 3243 2812 3299">
     <span class='ocr_line' id='line_1_60' title="bbox 2222 3243 2812 3299; baseline -0.005 0"><span class='ocrx_word' id='word_1_406' title='bbox 2222 3244 2365 3299; x_wconf 85' lang='lat' dir='ltr'><strong>sibus</strong></span> <span class='ocrx_word' id='word_1_407' title='bbox 2388 3259 2470 3299; x_wconf 92' lang='grc' dir='ltr'>ιιι.</span> <span class='ocrx_word' id='word_1_408' title='bbox 2495 3244 2566 3298; x_wconf 86' lang='lat' dir='ltr'><strong>al.</strong></span> <span class='ocrx_word' id='word_1_409' title='bbox 2604 3259 2657 3298; x_wconf 90' lang='lat' dir='ltr'><strong>a.</strong></span> <span class='ocrx_word' id='word_1_410' title='bbox 2688 3243 2812 3298; x_wconf 76' lang='grc'><strong>251.</strong></span> 
     </span>
    </p>
   </div>
   <div class='ocr_carea' id='block_1_59' title="bbox 2290 3329 3800 3406">
    <p class='ocr_par' dir='ltr' id='par_1_59' title="bbox 2290 3329 3800 3406">
     <span class='ocr_line' id='line_1_61' title="bbox 2290 3329 3800 3406; baseline -0.005 -16"><span class='ocrx_word' id='word_1_411' title='bbox 2290 3334 2416 3390; x_wconf 82' lang='grc'><strong>25⁵5.</strong></span> <span class='ocrx_word' id='word_1_412' title='bbox 2450 3334 2697 3405; x_wconf 79' lang='lat' dir='ltr'><strong>Origenes</strong></span> <span class='ocrx_word' id='word_1_413' title='bbox 2725 3352 2864 3389; x_wconf 88' lang='lat' dir='ltr'><strong>anno</strong></span> <span class='ocrx_word' id='word_1_414' title='bbox 2898 3335 3096 3398; x_wconf 65' lang='lat' dir='ltr'><strong>a’tatis,</strong></span> <span class='ocrx_word' id='word_1_415' title='bbox 3127 3341 3255 3397; x_wconf 88' lang='lat' dir='ltr'><strong>etc.,</strong></span> <span class='ocrx_word' id='word_1_416' title='bbox 3287 3331 3399 3406; x_wconf 80' lang='grc'><strong>(42)</strong></span> <span class='ocrx_word' id='word_1_417' title='bbox 3425 3338 3484 3385; x_wconf 86' lang='grc' dir='ltr'><strong>ιιι</strong></span> <span class='ocrx_word' id='word_1_418' title='bbox 3511 3330 3646 3401; x_wconf 79' lang='lat' dir='ltr'><strong>Aug.</strong></span> <span class='ocrx_word' id='word_1_419' title='bbox 3683 3329 3800 3384; x_wconf 76' lang='grc' dir='ltr'><strong>Νο-Ι</strong></span> 
     </span>
    </p>
   </div>
   <div class='ocr_carea' id='block_1_60' title="bbox 541 3418 3805 3525">
    <p class='ocr_par' dir='ltr' id='par_1_60' title="bbox 541 3418 3805 3525">
     <span class='ocr_line' id='line_1_62' title="bbox 541 3418 3805 3525; baseline -0.013 -10"><span class='ocrx_word' id='word_1_420' title='bbox 541 3418 664 3516; x_wconf 57' lang='lat' dir='ltr'><strong>cuin</strong></span> <span class='ocrx_word' id='word_1_421' title='bbox 684 3418 1069 3510; x_wconf 70' lang='lat' dir='ltr'><strong>communicare</strong></span> <span class='ocrx_word' id='word_1_422' title='bbox 1095 3443 1265 3509; x_wconf 84' lang='lat' dir='ltr'><strong>uellet,</strong></span> <span class='ocrx_word' id='word_1_423' title='bbox 1289 3441 1353 3495; x_wconf 92' lang='lat' dir='ltr'><strong>ab</strong></span> <span class='ocrx_word' id='word_1_424' title='bbox 1378 3439 1615 3510; x_wconf 87' lang='lat' dir='ltr'><strong>episcopo</strong></span> <span class='ocrx_word' id='word_1_425' title='bbox 1627 3432 1728 3486; x_wconf 88' lang='lat' dir='ltr'><strong>loci</strong></span> <span class='ocrx_word' id='word_1_426' title='bbox 1750 3446 1853 3484; x_wconf 90' lang='lat' dir='ltr'><strong>non</strong></span> <span class='ocrx_word' id='word_1_427' title='bbox 1865 3423 2124 3497; x_wconf 81' lang='lat' dir='ltr'><strong>permitte-</strong></span> <span class='ocrx_word' id='word_1_428' title='bbox 2147 3459 2197 3525; x_wconf 61' lang='grc' dir='ltr'><em>ς</em></span> <span class='ocrx_word' id='word_1_429' title='bbox 2226 3436 2373 3501; x_wconf 71' lang='lat' dir='ltr'><strong>palus</strong></span> <span class='ocrx_word' id='word_1_430' title='bbox 2410 3427 2677 3498; x_wconf 75' lang='lat' dir='ltr'><strong>presbyter</strong></span> <span class='ocrx_word' id='word_1_431' title='bbox 2719 3424 2976 3480; x_wconf 77' lang='lat' dir='ltr'><strong>Romana:</strong></span> <span class='ocrx_word' id='word_1_432' title='bbox 3005 3424 3254 3479; x_wconf 78' lang='lat' dir='ltr'><strong>Ecclesiw</strong></span> <span class='ocrx_word' id='word_1_433' title='bbox 3280 3421 3393 3495; x_wconf 77' lang='grc'><strong>(45)</strong></span> <span class='ocrx_word' id='word_1_434' title='bbox 3432 3420 3645 3476; x_wconf 75' lang='lat' dir='ltr'><strong>hwresis</strong></span> <span class='ocrx_word' id='word_1_435' title='bbox 3685 3418 3805 3474; x_wconf 90' lang='lat' dir='ltr'><strong>No-</strong></span> 
     </span>
     <span class='ocr_line' id='line_1_63' title="bbox 2044 3501 3791 3525; baseline -0.026 46"><span class='ocrx_word' id='word_1_436' title='bbox 2044 3515 2055 3525; x_wconf 51' lang='lat'><strong>.</strong></span> <span class='ocrx_word' id='word_1_437' title='bbox 2320 3517 2331 3525; x_wconf 75' lang='grc'><strong>’</strong></span> <span class='ocrx_word' id='word_1_438' title='bbox 2724 3523 2729 3525; x_wconf 74' lang='lat'><em>‘</em></span> <span class='ocrx_word' id='word_1_439' title='bbox 2949 3514 2961 3525; x_wconf 87' lang='lat'><strong>&#39;</strong></span> <span class='ocrx_word' id='word_1_440' title='bbox 3115 3511 3150 3525; x_wconf 79' lang='lat'><em>&quot;</em></span> <span class='ocrx_word' id='word_1_441' title='bbox 3216 3501 3231 3525; x_wconf 72' lang='grc' dir='ltr'><strong><em>ί</em></strong></span> <span class='ocrx_word' id='word_1_442' title='bbox 3441 3510 3473 3525; x_wconf 80' lang='grc' dir='ltr'>ι·</span> <span class='ocrx_word' id='word_1_443' title='bbox 3648 3517 3664 3525; x_wconf 87' lang='grc'><strong><em>-</em></strong></span> <span class='ocrx_word' id='word_1_444' title='bbox 3747 3503 3791 3525; x_wconf 59' lang='lat'><strong>3,</strong></span> 
     </span>
    </p>
   </div>
   <div class='ocr_carea' id='block_1_61' title="bbox 544 3515 2121 3616">
    <p class='ocr_par' dir='ltr' id='par_1_61' title="bbox 544 3515 2121 3616">
     <span class='ocr_line' id='line_1_64' title="bbox 544 3515 2121 3616; baseline -0.025 -10"><span class='ocrx_word' id='word_1_445' title='bbox 544 3560 709 3614; x_wconf 76' lang='lat' dir='ltr'><strong>retur,</strong></span> <span class='ocrx_word' id='word_1_446' title='bbox 735 3536 894 3616; x_wconf 83' lang='lat' dir='ltr'><strong>usque</strong></span> <span class='ocrx_word' id='word_1_447' title='bbox 908 3542 1032 3596; x_wconf 86' lang='lat' dir='ltr'><strong>dum</strong></span> <span class='ocrx_word' id='word_1_448' title='bbox 1053 3535 1324 3609; x_wconf 73' lang='lat' dir='ltr'><strong>prtemissa</strong></span> <span class='ocrx_word' id='word_1_449' title='bbox 1345 3528 1671 3599; x_wconf 77' lang='lat' dir='ltr'><strong>confessione</strong></span> <span class='ocrx_word' id='word_1_450' title='bbox 1685 3530 2015 3593; x_wconf 85' lang='lat' dir='ltr'><strong>peccatorum</strong></span> <span class='ocrx_word' id='word_1_451' title='bbox 2038 3515 2121 3568; x_wconf 90' lang='lat' dir='ltr'><strong>in-</strong></span> 
     </span>
    </p>
   </div>
   <div class='ocr_carea' id='block_1_62' title="bbox 537 3621 1522 3713">
    <p class='ocr_par' dir='ltr' id='par_1_62' title="bbox 537 3621 1522 3713">
     <span class='ocr_line' id='line_1_65' title="bbox 537 3621 1522 3713; baseline -0.024 -15"><span class='ocrx_word' id='word_1_452' title='bbox 537 3653 618 3697; x_wconf 88' lang='lat' dir='ltr'><strong>ter</strong></span> <span class='ocrx_word' id='word_1_453' title='bbox 653 3638 955 3711; x_wconf 69' lang='lat' dir='ltr'><strong>panitentes</strong></span> <span class='ocrx_word' id='word_1_454' title='bbox 991 3632 1317 3699; x_wconf 75' lang='lat' dir='ltr'><strong>satisfaceret</strong></span> <span class='ocrx_word' id='word_1_455' title='bbox 1348 3621 1483 3691; x_wconf 77' lang='lat'><strong>(59).</strong></span> <span class='ocrx_word' id='word_1_456' title='bbox 1511 3701 1522 3713; x_wconf 39' lang='lat'><strong>&#39;</strong></span> 
     </span>
    </p>
   </div>
   <div class='ocr_carea' id='block_1_63' title="bbox 607 3709 2119 3798">
    <p class='ocr_par' dir='ltr' id='par_1_63' title="bbox 607 3709 2119 3798">
     <span class='ocr_line' id='line_1_66' title="bbox 607 3709 2119 3798; baseline -0.023 -11"><span class='ocrx_word' id='word_1_457' title='bbox 607 3709 715 3787; x_wconf 81' lang='grc'><strong>245</strong></span> <span class='ocrx_word' id='word_1_458' title='bbox 752 3727 1028 3798; x_wconf 88' lang='lat' dir='ltr'><strong>Philippus</strong></span> <span class='ocrx_word' id='word_1_459' title='bbox 1081 3718 1386 3790; x_wconf 88' lang='lat' dir='ltr'><strong>Philippum</strong></span> <span class='ocrx_word' id='word_1_460' title='bbox 1414 3709 1585 3783; x_wconf 77' lang='lat' dir='ltr'><strong>filium</strong></span> <span class='ocrx_word' id='word_1_461' title='bbox 1625 3722 1780 3764; x_wconf 88' lang='lat' dir='ltr'><strong>suum</strong></span> <span class='ocrx_word' id='word_1_462' title='bbox 1826 3709 2119 3758; x_wconf 85' lang='lat' dir='ltr'><strong>consortem</strong></span> 
     </span>
    </p>
   </div>
   <div class='ocr_carea' id='block_1_64' title="bbox 539 3820 979 3898">
    <p class='ocr_par' dir='ltr' id='par_1_64' title="bbox 539 3820 979 3898">
     <span class='ocr_line' id='line_1_67' title="bbox 539 3820 979 3898; baseline -0.02 -16"><span class='ocrx_word' id='word_1_463' title='bbox 539 3826 685 3898; x_wconf 86' lang='lat' dir='ltr'><strong>regni</strong></span> <span class='ocrx_word' id='word_1_464' title='bbox 717 3823 804 3878; x_wconf 89' lang='lat' dir='ltr'><strong>sui</strong></span> <span class='ocrx_word' id='word_1_465' title='bbox 837 3820 979 3891; x_wconf 86' lang='lat' dir='ltr'><strong>fecit.</strong></span> 
     </span>
    </p>
   </div>
   <div class='ocr_carea' id='block_1_65' title="bbox 2226 3501 3803 3583">
    <p class='ocr_par' dir='ltr' id='par_1_65' title="bbox 2226 3501 3803 3583">
     <span class='ocr_line' id='line_1_68' title="bbox 2226 3501 3803 3583; baseline -0.006 -12"><span class='ocrx_word' id='word_1_466' title='bbox 2226 3517 2557 3571; x_wconf 82' lang='lat' dir='ltr'><strong>vatianorum</strong></span> <span class='ocrx_word' id='word_1_467' title='bbox 2612 3523 2843 3570; x_wconf 88' lang='lat' dir='ltr'><strong>auctor:</strong></span> <span class='ocrx_word' id='word_1_468' title='bbox 2872 3514 2961 3583; x_wconf 83' lang='lat' dir='ltr'><strong>qui</strong></span> <span class='ocrx_word' id='word_1_469' title='bbox 3008 3529 3064 3567; x_wconf 88' lang='lat' dir='ltr'><strong>se</strong></span> <span class='ocrx_word' id='word_1_470' title='bbox 3109 3501 3366 3566; x_wconf 68' lang='lat' dir='ltr'><strong>Cat/raros</strong></span> <span class='ocrx_word' id='word_1_471' title='bbox 3418 3510 3685 3565; x_wconf 73' lang='lat' dir='ltr'><strong>dixerunt.</strong></span> <span class='ocrx_word' id='word_1_472' title='bbox 3743 3503 3803 3563; x_wconf 73' lang='lat' dir='ltr'><strong>in</strong></span> 
     </span>
    </p>
   </div>
   <div class='ocr_carea' id='block_1_66' title="bbox 2225 3599 3804 3678">
    <p class='ocr_par' dir='ltr' id='par_1_66' title="bbox 2225 3599 3804 3678">
     <span class='ocr_line' id='line_1_69' title="bbox 2225 3599 3804 3678; baseline -0.004 -14"><span class='ocrx_word' id='word_1_473' title='bbox 2225 3609 2471 3678; x_wconf 84' lang='lat' dir='ltr'><strong>margine</strong></span> <span class='ocrx_word' id='word_1_474' title='bbox 2500 3615 2627 3662; x_wconf 90' lang='lat' dir='ltr'><strong>nota</strong></span> <span class='ocrx_word' id='word_1_475' title='bbox 2659 3603 2907 3660; x_wconf 88' lang='lat' dir='ltr'><strong>Beruoldi</strong></span> <span class='ocrx_word' id='word_1_476' title='bbox 2935 3620 2949 3657; x_wconf 90' lang='lat'><strong>:</strong></span> <span class='ocrx_word' id='word_1_477' title='bbox 2985 3602 3268 3657; x_wconf 80' lang='lat' dir='ltr'><strong>Novatiani</strong></span> <span class='ocrx_word' id='word_1_478' title='bbox 3308 3602 3362 3657; x_wconf 88' lang='lat' dir='ltr'><strong>in</strong></span> <span class='ocrx_word' id='word_1_479' title='bbox 3399 3601 3617 3656; x_wconf 82' lang='lat' dir='ltr'><strong>crimine</strong></span> <span class='ocrx_word' id='word_1_480' title='bbox 3641 3599 3804 3672; x_wconf 76' lang='lat' dir='ltr'><strong>lapsis</strong></span> 
     </span>
    </p>
   </div>
   <div class='ocr_carea' id='block_1_67' title="bbox 2224 3694 3377 3767">
    <p class='ocr_par' dir='ltr' id='par_1_67' title="bbox 2224 3694 3377 3767">
     <span class='ocr_line' id='line_1_70' title="bbox 2224 3694 3377 3767; baseline -0.007 -12"><span class='ocrx_word' id='word_1_481' title='bbox 2224 3699 2429 3755; x_wconf 82' lang='lat' dir='ltr'><strong>veniam</strong></span> <span class='ocrx_word' id='word_1_482' title='bbox 2453 3698 2729 3767; x_wconf 85' lang='lat' dir='ltr'><strong>denegant,</strong></span> <span class='ocrx_word' id='word_1_483' title='bbox 2758 3706 2805 3749; x_wconf 84' lang='lat' dir='ltr'><strong>et</strong></span> <span class='ocrx_word' id='word_1_484' title='bbox 2832 3695 2876 3749; x_wconf 92' lang='lat' dir='ltr'><strong>si</strong></span> <span class='ocrx_word' id='word_1_485' title='bbox 2906 3694 3059 3765; x_wconf 87' lang='lat' dir='ltr'><strong>digne</strong></span> <span class='ocrx_word' id='word_1_486' title='bbox 3079 3694 3377 3763; x_wconf 80' lang='lat' dir='ltr'><strong>pamiteant.</strong></span> 
     </span>
    </p>
   </div>
   <div class='ocr_carea' id='block_1_68' title="bbox 2296 3782 3807 3855">
    <p class='ocr_par' dir='ltr' id='par_1_68' title="bbox 2296 3782 3807 3855">
     <span class='ocr_line' id='line_1_71' title="bbox 2296 3782 3807 3855; baseline -0.004 -10"><span class='ocrx_word' id='word_1_487' title='bbox 2296 3790 2401 3845; x_wconf 84' lang='grc'><strong>254</strong></span> <span class='ocrx_word' id='word_1_488' title='bbox 2440 3787 2625 3844; x_wconf 83' lang='lat' dir='ltr'><strong>Gallus</strong></span> <span class='ocrx_word' id='word_1_489' title='bbox 2647 3797 2694 3842; x_wconf 88' lang='lat' dir='ltr'><strong>et</strong></span> <span class='ocrx_word' id='word_1_490' title='bbox 2730 3786 3051 3841; x_wconf 85' lang='lat' dir='ltr'><strong>Volusianus</strong></span> <span class='ocrx_word' id='word_1_491' title='bbox 3079 3785 3339 3855; x_wconf 84' lang='lat' dir='ltr'><strong>interfecti</strong></span> <span class='ocrx_word' id='word_1_492' title='bbox 3380 3793 3503 3840; x_wconf 85' lang='lat' dir='ltr'><strong>sunt</strong></span> <span class='ocrx_word' id='word_1_493' title='bbox 3542 3782 3807 3843; x_wconf 76' lang='lat' dir='ltr'><strong>Interam-</strong></span> 
     </span>
    </p>
   </div>
   <div class='ocr_carea' id='block_1_69' title="bbox 608 3877 3808 3974">
    <p class='ocr_par' dir='ltr' id='par_1_69' title="bbox 608 3877 3808 3974">
     <span class='ocr_line' id='line_1_72' title="bbox 608 3877 3808 3974; baseline -0.012 -2"><span class='ocrx_word' id='word_1_494' title='bbox 608 3877 1101 3972; x_wconf 18' lang='lat' dir='ltr'><strong>2i7iAlexandritz.</strong></span> <span class='ocrx_word' id='word_1_495' title='bbox 1130 3901 1281 3959; x_wconf 82' lang='lat' dir='ltr'><strong><em>XIII</em></strong></span> <span class='ocrx_word' id='word_1_496' title='bbox 1321 3895 1605 3970; x_wconf 78' lang='lat' dir='ltr'><strong>Dionysius</strong></span> <span class='ocrx_word' id='word_1_497' title='bbox 1635 3893 1907 3974; x_wconf 83' lang='lat' dir='ltr'><strong>episcopus</strong></span> <span class='ocrx_word' id='word_1_498' title='bbox 1944 3888 2121 3943; x_wconf 87' lang='lat' dir='ltr'><strong>clarus</strong></span> <span class='ocrx_word' id='word_1_499' title='bbox 2227 3903 2327 3942; x_wconf 67' lang='lat' dir='ltr'><strong>nec.</strong></span> <span class='ocrx_word' id='word_1_500' title='bbox 2366 3879 2680 3940; x_wconf 85' lang='lat' dir='ltr'><strong>Valerianus</strong></span> <span class='ocrx_word' id='word_1_501' title='bbox 2723 3879 2826 3934; x_wconf 82' lang='lat' dir='ltr'><em>XX</em></span> <span class='ocrx_word' id='word_1_502' title='bbox 2841 3880 2948 3935; x_wconf 85' lang='lat' dir='ltr'><strong>VII</strong></span> <span class='ocrx_word' id='word_1_503' title='bbox 2974 3890 3091 3934; x_wconf 83' lang='lat' dir='ltr'><strong>cum</strong></span> <span class='ocrx_word' id='word_1_504' title='bbox 3120 3877 3356 3934; x_wconf 81' lang='lat' dir='ltr'><strong>Gallieno</strong></span> <span class='ocrx_word' id='word_1_505' title='bbox 3395 3878 3546 3933; x_wconf 84' lang='lat' dir='ltr'><strong>annis</strong></span> <span class='ocrx_word' id='word_1_506' title='bbox 3581 3892 3670 3935; x_wconf 78' lang='lat' dir='ltr'><strong>xv.</strong></span> <span class='ocrx_word' id='word_1_507' title='bbox 3695 3878 3808 3934; x_wconf 71' lang='lat' dir='ltr'><strong>Iste</strong></span> 
     </span>
    </p>
   </div>
   <div class='ocr_carea' id='block_1_70' title="bbox 540 3968 3605 4063">
    <p class='ocr_par' dir='ltr' id='par_1_70' title="bbox 540 3968 3605 4063">
     <span class='ocr_line' id='line_1_73' title="bbox 540 3968 3605 4063; baseline -0.014 0"><span class='ocrx_word' id='word_1_508' title='bbox 540 4009 726 4063; x_wconf 84' lang='lat' dir='ltr'><strong>doctor</strong></span> <span class='ocrx_word' id='word_1_509' title='bbox 763 4003 895 4058; x_wconf 84' lang='lat' dir='ltr'><strong>sedit</strong></span> <span class='ocrx_word' id='word_1_510' title='bbox 934 4000 1089 4055; x_wconf 86' lang='lat' dir='ltr'><strong>annis</strong></span> <span class='ocrx_word' id='word_1_511' title='bbox 1117 4012 1231 4060; x_wconf 79' lang='lat' dir='ltr'><strong>snt,</strong></span> <span class='ocrx_word' id='word_1_512' title='bbox 1261 3994 1350 4063; x_wconf 85' lang='lat' dir='ltr'><strong>qui</strong></span> <span class='ocrx_word' id='word_1_513' title='bbox 1388 3968 1483 4046; x_wconf 81' lang='lat' dir='ltr'><strong>suo</strong></span> <span class='ocrx_word' id='word_1_514' title='bbox 1506 3970 1731 4057; x_wconf 82' lang='lat' dir='ltr'><strong>tempore</strong></span> <span class='ocrx_word' id='word_1_515' title='bbox 1762 3976 2122 4037; x_wconf 83' lang='lat' dir='ltr'><strong>Sabellianam</strong></span> <span class='ocrx_word' id='word_1_516' title='bbox 2223 3973 2877 4047; x_wconf 36' lang='lat' dir='ltr'><strong>octat&#39;us‘persecntionem</strong></span> <span class='ocrx_word' id='word_1_517' title='bbox 2906 3972 2959 4027; x_wconf 88' lang='lat' dir='ltr'><strong>in</strong></span> <span class='ocrx_word' id='word_1_518' title='bbox 2995 3969 3322 4024; x_wconf 86' lang='lat' dir='ltr'><strong>Christianos</strong></span> <span class='ocrx_word' id='word_1_519' title='bbox 3354 3968 3605 4022; x_wconf 78' lang='lat' dir='ltr'><strong>exercuit.</strong></span> 
     </span>
    </p>
   </div>
   <div class='ocr_carea' id='block_1_71' title="bbox 539 4067 2121 4166">
    <p class='ocr_par' dir='ltr' id='par_1_71' title="bbox 539 4067 2121 4166">
     <span class='ocr_line' id='line_1_74' title="bbox 539 4067 2121 4166; baseline -0.022 -11"><span class='ocrx_word' id='word_1_520' title='bbox 539 4100 763 4155; x_wconf 62' lang='lat' dir='ltr'><strong>heresin</strong></span> <span class='ocrx_word' id='word_1_521' title='bbox 809 4093 951 4166; x_wconf 86' lang='lat' dir='ltr'><strong>apud</strong></span> <span class='ocrx_word' id='word_1_522' title='bbox 1016 4085 1405 4144; x_wconf 84' lang='lat' dir='ltr'><strong>Ptolemaidam</strong></span> <span class='ocrx_word' id='word_1_523' title='bbox 1451 4078 1638 4149; x_wconf 85' lang='lat' dir='ltr'><strong>asserit</strong></span> <span class='ocrx_word' id='word_1_524' title='bbox 1681 4082 1940 4158; x_wconf 77' lang='lat' dir='ltr'><strong>exortam.</strong></span> <span class='ocrx_word' id='word_1_525' title='bbox 1991 4067 2121 4124; x_wconf 87' lang='lat' dir='ltr'><strong>Eus.</strong></span> 
     </span>
    </p>
   </div>
   <div class='ocr_carea' id='block_1_72' title="bbox 540 4190 750 4248">
    <p class='ocr_par' dir='ltr' id='par_1_72' title="bbox 540 4190 750 4248">
     <span class='ocr_line' id='line_1_75' title="bbox 540 4190 750 4248; baseline -0.014 -2"><span class='ocrx_word' id='word_1_526' title='bbox 540 4206 596 4248; x_wconf 81' lang='grc' dir='ltr'><strong>ιι.</strong></span> <span class='ocrx_word' id='word_1_527' title='bbox 622 4190 750 4245; x_wconf 77' lang='grc'><strong>249.</strong></span> 
     </span>
    </p>
   </div>
   <div class='ocr_carea' id='block_1_73' title="bbox 607 4242 2127 4338">
    <p class='ocr_par' dir='ltr' id='par_1_73' title="bbox 607 4242 2127 4338">
     <span class='ocr_line' id='line_1_76' title="bbox 607 4242 2127 4338; baseline -0.02 1"><span class='ocrx_word' id='word_1_528' title='bbox 607 4242 719 4338; x_wconf 62' lang='grc'><strong>245</strong></span> <span class='ocrx_word' id='word_1_529' title='bbox 742 4242 1070 4335; x_wconf 71' lang='grc' dir='ltr'>Μίιιεεὶιιιιιε</span> <span class='ocrx_word' id='word_1_530' title='bbox 1098 4288 1268 4327; x_wconf 87' lang='lat' dir='ltr'><strong>annus</strong></span> <span class='ocrx_word' id='word_1_531' title='bbox 1293 4267 1358 4324; x_wconf 87' lang='lat' dir='ltr'><strong>ab</strong></span> <span class='ocrx_word' id='word_1_532' title='bbox 1388 4266 1513 4323; x_wconf 89' lang='lat' dir='ltr'><strong>urbe</strong></span> <span class='ocrx_word' id='word_1_533' title='bbox 1540 4242 1751 4319; x_wconf 80' lang='lat' dir='ltr'><strong>condita</strong></span> <span class='ocrx_word' id='word_1_534' title='bbox 1787 4258 1965 4329; x_wconf 83' lang='lat' dir='ltr'><strong>festive</strong></span> <span class='ocrx_word' id='word_1_535' title='bbox 1995 4253 2127 4310; x_wconf 82' lang='lat' dir='ltr'><strong>cele-</strong></span> 
     </span>
    </p>
   </div>
   <div class='ocr_carea' id='block_1_74' title="bbox 543 4363 749 4430">
    <p class='ocr_par' dir='ltr' id='par_1_74' title="bbox 543 4363 749 4430">
     <span class='ocr_line' id='line_1_77' title="bbox 543 4363 749 4430; baseline -0.029 0"><span class='ocrx_word' id='word_1_536' title='bbox 543 4363 749 4430; x_wconf 70' lang='lat' dir='ltr'><strong>bratur.</strong></span> 
     </span>
    </p>
   </div>
   <div class='ocr_carea' id='block_1_75' title="bbox 613 4436 2126 4531">
    <p class='ocr_par' dir='ltr' id='par_1_75' title="bbox 613 4436 2126 4531">
     <span class='ocr_line' id='line_1_78' title="bbox 613 4436 2126 4531; baseline -0.022 -11"><span class='ocrx_word' id='word_1_537' title='bbox 613 4464 720 4520; x_wconf 78' lang='grc'><strong>249</strong></span> <span class='ocrx_word' id='word_1_538' title='bbox 759 4462 1010 4531; x_wconf 78' lang='lat' dir='ltr'><strong>Origenes</strong></span> <span class='ocrx_word' id='word_1_539' title='bbox 1047 4453 1312 4528; x_wconf 82' lang='lat' dir='ltr'><strong>presbyter</strong></span> <span class='ocrx_word' id='word_1_540' title='bbox 1346 4450 1426 4503; x_wconf 88' lang='lat' dir='ltr'><strong>his</strong></span> <span class='ocrx_word' id='word_1_541' title='bbox 1456 4442 1770 4517; x_wconf 85' lang='lat' dir='ltr'><strong>temporibus</strong></span> <span class='ocrx_word' id='word_1_542' title='bbox 1811 4448 1956 4492; x_wconf 87' lang='lat' dir='ltr'><strong>tanta</strong></span> <span class='ocrx_word' id='word_1_543' title='bbox 1996 4436 2126 4490; x_wconf 89' lang='lat' dir='ltr'><strong>scri-</strong></span> 
     </span>
    </p>
   </div>
   <div class='ocr_carea' id='block_1_76' title="bbox 545 4526 2127 4628">
    <p class='ocr_par' dir='ltr' id='par_1_76' title="bbox 545 4526 2127 4628">
     <span class='ocr_line' id='line_1_79' title="bbox 545 4526 2127 4628; baseline -0.02 -17"><span class='ocrx_word' id='word_1_544' title='bbox 545 4550 672 4628; x_wconf 74' lang='lat' dir='ltr'><strong>psit,</strong></span> <span class='ocrx_word' id='word_1_545' title='bbox 699 4562 754 4607; x_wconf 88' lang='lat' dir='ltr'><strong>ut</strong></span> <span class='ocrx_word' id='word_1_546' title='bbox 789 4526 1144 4619; x_wconf 69' lang='lat' dir='ltr'><strong>Hieronymus</strong></span> <span class='ocrx_word' id='word_1_547' title='bbox 1172 4542 1397 4615; x_wconf 86' lang='lat' dir='ltr'><strong>quodam</strong></span> <span class='ocrx_word' id='word_1_548' title='bbox 1428 4538 1542 4592; x_wconf 90' lang='lat' dir='ltr'><strong>loco</strong></span> <span class='ocrx_word' id='word_1_549' title='bbox 1568 4535 1680 4608; x_wconf 86' lang='grc'><strong>(40)</strong></span> <span class='ocrx_word' id='word_1_550' title='bbox 1705 4536 1932 4604; x_wconf 82' lang='lat' dir='ltr'><strong>quinque</strong></span> <span class='ocrx_word' id='word_1_551' title='bbox 1962 4526 2127 4582; x_wconf 87' lang='lat' dir='ltr'><strong>millia</strong></span> 
     </span>
    </p>
   </div>
   <div class='ocr_carea' id='block_1_77' title="bbox 543 4634 1407 4712">
    <p class='ocr_par' dir='ltr' id='par_1_77' title="bbox 543 4634 1407 4712">
     <span class='ocr_line' id='line_1_80' title="bbox 543 4634 1407 4712; baseline -0.022 -8"><span class='ocrx_word' id='word_1_552' title='bbox 543 4647 798 4704; x_wconf 84' lang='lat' dir='ltr'><strong>librorum</strong></span> <span class='ocrx_word' id='word_1_553' title='bbox 825 4642 940 4712; x_wconf 85' lang='lat' dir='ltr'><strong>ejus</strong></span> <span class='ocrx_word' id='word_1_554' title='bbox 978 4656 1031 4694; x_wconf 89' lang='lat' dir='ltr'><strong>se</strong></span> <span class='ocrx_word' id='word_1_555' title='bbox 1055 4637 1240 4708; x_wconf 88' lang='lat' dir='ltr'><strong>legisse</strong></span> <span class='ocrx_word' id='word_1_556' title='bbox 1267 4634 1407 4687; x_wconf 84' lang='lat' dir='ltr'><strong>dicat</strong></span> 
     </span>
    </p>
   </div>
   <div class='ocr_carea' id='block_1_78' title="bbox 2294 4048 3803 4135">
    <p class='ocr_par' dir='ltr' id='par_1_78' title="bbox 2294 4048 3803 4135">
     <span class='ocr_line' id='line_1_81' title="bbox 2294 4048 3803 4135; baseline -0.007 -12"><span class='ocrx_word' id='word_1_557' title='bbox 2294 4068 2401 4123; x_wconf 85' lang='grc'><strong>255</strong></span> <span class='ocrx_word' id='word_1_558' title='bbox 2435 4066 2708 4122; x_wconf 86' lang='lat' dir='ltr'><strong>Cornelius</strong></span> <span class='ocrx_word' id='word_1_559' title='bbox 2736 4082 2872 4135; x_wconf 88' lang='lat' dir='ltr'><strong>papa</strong></span> <span class='ocrx_word' id='word_1_560' title='bbox 2902 4070 3101 4132; x_wconf 87' lang='lat' dir='ltr'><strong>martyr</strong></span> <span class='ocrx_word' id='word_1_561' title='bbox 3128 4061 3498 4131; x_wconf 80' lang='lat' dir='ltr'><strong>efﬁciturxvm</strong></span> <span class='ocrx_word' id='word_1_562' title='bbox 3530 4056 3656 4114; x_wconf 84' lang='lat' dir='ltr'><strong>Kal.</strong></span> <span class='ocrx_word' id='word_1_563' title='bbox 3682 4048 3803 4113; x_wconf 85' lang='lat' dir='ltr'><strong>Oct.</strong></span> 
     </span>
    </p>
   </div>
   <div class='ocr_carea' id='block_1_79' title="bbox 2228 4144 3800 4229">
    <p class='ocr_par' dir='ltr' id='par_1_79' title="bbox 2228 4144 3800 4229">
     <span class='ocr_line' id='line_1_82' title="bbox 2228 4144 3800 4229; baseline -0.01 -15"><span class='ocrx_word' id='word_1_564' title='bbox 2228 4158 2421 4214; x_wconf 85' lang='lat' dir='ltr'><strong>Lucius</strong></span> <span class='ocrx_word' id='word_1_565' title='bbox 2465 4175 2602 4229; x_wconf 84' lang='lat' dir='ltr'><strong>papa</strong></span> <span class='ocrx_word' id='word_1_566' title='bbox 2638 4152 2774 4208; x_wconf 84' lang='lat' dir='ltr'><strong>XXI</strong></span> <span class='ocrx_word' id='word_1_567' title='bbox 2813 4153 2945 4208; x_wconf 82' lang='lat' dir='ltr'><strong>sedit</strong></span> <span class='ocrx_word' id='word_1_568' title='bbox 2978 4166 3176 4205; x_wconf 83' lang='lat' dir='ltr'><strong>menses</strong></span> <span class='ocrx_word' id='word_1_569' title='bbox 3208 4164 3323 4216; x_wconf 79' lang='lat' dir='ltr'><strong>vui,</strong></span> <span class='ocrx_word' id='word_1_570' title='bbox 3352 4163 3537 4219; x_wconf 88' lang='lat' dir='ltr'><strong>passus</strong></span> <span class='ocrx_word' id='word_1_571' title='bbox 3566 4160 3620 4201; x_wconf 81' lang='lat' dir='ltr'><strong>tv</strong></span> <span class='ocrx_word' id='word_1_572' title='bbox 3654 4144 3800 4200; x_wconf 81' lang='lat' dir='ltr'><strong>Non.</strong></span> 
     </span>
    </p>
   </div>
   <div class='ocr_carea' id='block_1_80' title="bbox 2158 4247 2432 4302">
    <p class='ocr_par' dir='ltr' id='par_1_80' title="bbox 2158 4247 2432 4302">
     <span class='ocr_line' id='line_1_83' title="bbox 2158 4247 2432 4302; baseline -0.011 1"><span class='ocrx_word' id='word_1_573' title='bbox 2158 4250 2163 4256; x_wconf 68' lang='grc'><em>”</em></span> <span class='ocrx_word' id='word_1_574' title='bbox 2229 4247 2432 4302; x_wconf 81' lang='lat' dir='ltr'><strong>Martii.</strong></span> 
     </span>
    </p>
   </div>
   <div class='ocr_carea' id='block_1_81' title="bbox 2297 4325 3805 4407">
    <p class='ocr_par' dir='ltr' id='par_1_81' title="bbox 2297 4325 3805 4407">
     <span class='ocr_line' id='line_1_84' title="bbox 2297 4325 3805 4407; baseline -0.008 -15"><span class='ocrx_word' id='word_1_575' title='bbox 2297 4337 2403 4392; x_wconf 85' lang='lat'><strong>256</strong></span> <span class='ocrx_word' id='word_1_576' title='bbox 2444 4334 2740 4407; x_wconf 79' lang='lat' dir='ltr'><strong>Stephanus</strong></span> <span class='ocrx_word' id='word_1_577' title='bbox 2777 4348 2914 4404; x_wconf 85' lang='lat' dir='ltr'><strong>papa</strong></span> <span class='ocrx_word' id='word_1_578' title='bbox 2971 4329 3143 4384; x_wconf 82' lang='lat' dir='ltr'><strong>XXII</strong></span> <span class='ocrx_word' id='word_1_579' title='bbox 3193 4328 3323 4384; x_wconf 85' lang='lat' dir='ltr'><strong>sedit</strong></span> <span class='ocrx_word' id='word_1_580' title='bbox 3371 4327 3522 4381; x_wconf 88' lang='lat' dir='ltr'><strong>annis</strong></span> <span class='ocrx_word' id='word_1_581' title='bbox 3577 4325 3805 4380; x_wconf 69' lang='lat' dir='ltr'><strong>duobus.</strong></span> 
     </span>
    </p>
   </div>
   <div class='ocr_carea' id='block_1_82' title="bbox 2234 4419 3420 4499">
    <p class='ocr_par' dir='ltr' id='par_1_82' title="bbox 2234 4419 3420 4499">
     <span class='ocr_line' id='line_1_85' title="bbox 2234 4419 3420 4499; baseline -0.01 -15"><span class='ocrx_word' id='word_1_582' title='bbox 2234 4429 2490 4499; x_wconf 78' lang='lat' dir='ltr'><strong>Martyrio</strong></span> <span class='ocrx_word' id='word_1_583' title='bbox 2511 4437 2789 4482; x_wconf 87' lang='lat' dir='ltr'><strong>coronatus</strong></span> <span class='ocrx_word' id='word_1_584' title='bbox 2821 4434 2895 4479; x_wconf 86' lang='lat' dir='ltr'><strong>est</strong></span> <span class='ocrx_word' id='word_1_585' title='bbox 2921 4438 2975 4478; x_wconf 83' lang='lat' dir='ltr'><strong>tv</strong></span> <span class='ocrx_word' id='word_1_586' title='bbox 3008 4422 3150 4477; x_wconf 87' lang='lat' dir='ltr'><strong>Non.</strong></span> <span class='ocrx_word' id='word_1_587' title='bbox 3177 4419 3420 4489; x_wconf 77' lang='lat' dir='ltr'><strong>Augusti.</strong></span> 
     </span>
    </p>
   </div>
   <div class='ocr_carea' id='block_1_83' title="bbox 2297 4504 3807 4587">
    <p class='ocr_par' dir='ltr' id='par_1_83' title="bbox 2297 4504 3807 4587">
     <span class='ocr_line' id='line_1_86' title="bbox 2297 4504 3807 4587; baseline -0.009 -13"><span class='ocrx_word' id='word_1_588' title='bbox 2297 4520 2403 4574; x_wconf 76' lang='lat'><strong>258</strong></span> <span class='ocrx_word' id='word_1_589' title='bbox 2438 4515 2621 4572; x_wconf 73' lang='lat' dir='ltr'><strong>Sixtus</strong></span> <span class='ocrx_word' id='word_1_590' title='bbox 2649 4533 2786 4587; x_wconf 88' lang='lat' dir='ltr'><strong>papa</strong></span> <span class='ocrx_word' id='word_1_591' title='bbox 2824 4512 3029 4568; x_wconf 82' lang='lat' dir='ltr'><strong><em>XXIII</em></strong></span> <span class='ocrx_word' id='word_1_592' title='bbox 3051 4513 3183 4566; x_wconf 84' lang='lat' dir='ltr'><strong>sedit</strong></span> <span class='ocrx_word' id='word_1_593' title='bbox 3222 4510 3374 4565; x_wconf 89' lang='lat' dir='ltr'><strong>annis</strong></span> <span class='ocrx_word' id='word_1_594' title='bbox 3413 4504 3675 4574; x_wconf 81' lang='lat' dir='ltr'><strong>undecim,</strong></span> <span class='ocrx_word' id='word_1_595' title='bbox 3717 4506 3807 4577; x_wconf 87' lang='lat' dir='ltr'><strong>qui</strong></span> 
     </span>
    </p>
   </div>
   <div class='ocr_carea' id='block_1_84' title="bbox 2227 4594 3810 4684">
    <p class='ocr_par' dir='ltr' id='par_1_84' title="bbox 2227 4594 3810 4684">
     <span class='ocr_line' id='line_1_87' title="bbox 2227 4594 3810 4684; baseline -0.011 -18"><span class='ocrx_word' id='word_1_596' title='bbox 2227 4628 2321 4684; x_wconf 85' lang='lat' dir='ltr'><strong>pro</strong></span> <span class='ocrx_word' id='word_1_597' title='bbox 2347 4609 2554 4665; x_wconf 77' lang='lat' dir='ltr'><strong>Christo</strong></span> <span class='ocrx_word' id='word_1_598' title='bbox 2593 4606 2882 4662; x_wconf 87' lang='lat' dir='ltr'><strong>decollatus</strong></span> <span class='ocrx_word' id='word_1_599' title='bbox 2920 4613 2995 4659; x_wconf 90' lang='lat' dir='ltr'><strong>est</strong></span> <span class='ocrx_word' id='word_1_600' title='bbox 3024 4618 3120 4658; x_wconf 72' lang='lat' dir='ltr'><strong>rm</strong></span> <span class='ocrx_word' id='word_1_601' title='bbox 3152 4600 3283 4655; x_wconf 91' lang='lat' dir='ltr'><strong>Idus</strong></span> <span class='ocrx_word' id='word_1_602' title='bbox 3308 4600 3443 4669; x_wconf 82' lang='lat' dir='ltr'><strong>Aug.</strong></span> <span class='ocrx_word' id='word_1_603' title='bbox 3472 4628 3542 4639; x_wconf 89' lang='lat'><strong>—-</strong></span> <span class='ocrx_word' id='word_1_604' title='bbox 3566 4594 3810 4652; x_wconf 53' lang='lat' dir='ltr'><strong>Valeriae</strong></span> 
     </span>
    </p>
   </div>
   <div class='ocr_carea' id='block_1_85' title="bbox 617 4687 3808 4802">
    <p class='ocr_par' dir='ltr' id='par_1_85' title="bbox 617 4687 3808 4802">
     <span class='ocr_line' id='line_1_88' title="bbox 621 4687 1228 4712; baseline -0.018 -12"><span class='ocrx_word' id='word_1_605' title='bbox 621 4687 696 4702; x_wconf 70' lang='grc' dir='ltr'><strong>’ν’</strong></span> <span class='ocrx_word' id='word_1_606' title='bbox 713 4687 798 4700; x_wconf 66' lang='lat' dir='ltr'><strong>&quot;III</strong></span> <span class='ocrx_word' id='word_1_607' title='bbox 826 4687 939 4712; x_wconf 59' lang='grc' dir='ltr'><strong>νιν-ν-</strong></span> <span class='ocrx_word' id='word_1_608' title='bbox 978 4687 1026 4694; x_wconf 67' lang='grc' dir='ltr'><strong>-ν</strong></span> <span class='ocrx_word' id='word_1_609' title='bbox 1056 4687 1228 4708; x_wconf 59' lang='grc' dir='ltr'><strong>-νΰ---ν</strong></span> 
     </span>
     <span class='ocr_line' id='line_1_89' title="bbox 617 4687 3808 4802; baseline -0.017 -9"><span class='ocrx_word' id='word_1_610' title='bbox 617 4736 747 4793; x_wconf 83' lang='grc'><strong>251.</strong></span> <span class='ocrx_word' id='word_1_611' title='bbox 787 4714 1064 4802; x_wconf 81' lang='lat' dir='ltr'><strong>Philippus</strong></span> <span class='ocrx_word' id='word_1_612' title='bbox 1093 4727 1284 4784; x_wconf 87' lang='lat' dir='ltr'><strong>Senior</strong></span> <span class='ocrx_word' id='word_1_613' title='bbox 1317 4720 1559 4785; x_wconf 70' lang='lat' dir='ltr'><strong>Verania,</strong></span> <span class='ocrx_word' id='word_1_614' title='bbox 1580 4716 1776 4772; x_wconf 74' lang='lat' dir='ltr'><strong>Iunior</strong></span> <span class='ocrx_word' id='word_1_615' title='bbox 1802 4731 1917 4768; x_wconf 81' lang='lat' dir='ltr'><strong>vero</strong></span> <span class='ocrx_word' id='word_1_616' title='bbox 1949 4708 2128 4766; x_wconf 70' lang='lat' dir='ltr'><strong>Romae</strong></span> <span class='ocrx_word' id='word_1_617' title='bbox 2233 4722 2329 4761; x_wconf 88' lang='lat' dir='ltr'><strong>nns</strong></span> <span class='ocrx_word' id='word_1_618' title='bbox 2360 4711 2619 4757; x_wconf 89' lang='lat' dir='ltr'><strong>commota</strong></span> <span class='ocrx_word' id='word_1_619' title='bbox 2649 4700 3028 4771; x_wconf 87' lang='lat' dir='ltr'><strong>persecutione,</strong></span> <span class='ocrx_word' id='word_1_620' title='bbox 3056 4712 3089 4749; x_wconf 91' lang='lat' dir='ltr'><strong>a</strong></span> <span class='ocrx_word' id='word_1_621' title='bbox 3134 4693 3331 4762; x_wconf 84' lang='lat' dir='ltr'><strong>Sapore</strong></span> <span class='ocrx_word' id='word_1_622' title='bbox 3367 4706 3485 4760; x_wconf 85' lang='lat' dir='ltr'><strong>rege</strong></span> <span class='ocrx_word' id='word_1_623' title='bbox 3523 4687 3808 4742; x_wconf 86' lang='lat' dir='ltr'><strong>Persarum</strong></span> 
     </span>
     <span class='ocr_line' id='line_1_90' title="bbox 2630 4778 3781 4802; baseline 0 0"><span class='ocrx_word' id='word_1_624' title='bbox 2630 4793 2661 4802; x_wconf 81' lang='grc' dir='ltr'><strong>ι.</strong></span> <span class='ocrx_word' id='word_1_625' title='bbox 2789 4791 2802 4802; x_wconf 75' lang='grc' dir='ltr'><strong>ο</strong></span> <span class='ocrx_word' id='word_1_626' title='bbox 2877 4800 2884 4802; x_wconf 37' lang='grc' dir='ltr'><em>Α</em></span> <span class='ocrx_word' id='word_1_627' title='bbox 3017 4788 3028 4801; x_wconf 76' lang='grc' dir='ltr'>ι</span> <span class='ocrx_word' id='word_1_628' title='bbox 3223 4786 3271 4802; x_wconf 61' lang='lat'><strong>0.,</strong></span> <span class='ocrx_word' id='word_1_629' title='bbox 3301 4794 3341 4802; x_wconf 65' lang='lat'><strong>._</strong></span> <span class='ocrx_word' id='word_1_630' title='bbox 3379 4778 3658 4802; x_wconf 32' lang='lat' dir='ltr'><strong>A_.!_-_-_L.&#39;l.&#39;</strong></span> <span class='ocrx_word' id='word_1_631' title='bbox 3692 4793 3781 4802; x_wconf 59' lang='grc' dir='ltr'><strong>Α-..</strong></span> 
     </span>
    </p>
   </div>
   <div class='ocr_carea' id='block_1_86' title="bbox 549 4803 2127 4891">
    <p class='ocr_par' dir='ltr' id='par_1_86' title="bbox 549 4803 2127 4891">
     <span class='ocr_line' id='line_1_91' title="bbox 549 4803 2127 4891; baseline -0.018 -5"><span class='ocrx_word' id='word_1_632' title='bbox 549 4828 827 4886; x_wconf 79' lang='lat' dir='ltr'><strong>occiditur.</strong></span> <span class='ocrx_word' id='word_1_633' title='bbox 858 4823 1049 4879; x_wconf 87' lang='lat' dir='ltr'><strong>Decius</strong></span> <span class='ocrx_word' id='word_1_634' title='bbox 1076 4815 1257 4882; x_wconf 81' lang='lat' dir='ltr'><strong>XXV,</strong></span> <span class='ocrx_word' id='word_1_635' title='bbox 1289 4831 1427 4891; x_wconf 84' lang='lat' dir='ltr'><strong>anno</strong></span> <span class='ocrx_word' id='word_1_636' title='bbox 1466 4828 1588 4875; x_wconf 89' lang='lat' dir='ltr'><strong>uno,</strong></span> <span class='ocrx_word' id='word_1_637' title='bbox 1633 4808 1896 4863; x_wconf 85' lang='lat' dir='ltr'><strong>mensibus</strong></span> <span class='ocrx_word' id='word_1_638' title='bbox 1941 4803 2127 4858; x_wconf 87' lang='lat' dir='ltr'><strong>tribus.</strong></span> 
     </span>
    </p>
   </div>
   <div class='ocr_carea' id='block_1_87' title="bbox 549 4889 2479 4992">
    <p class='ocr_par' dir='ltr' id='par_1_87' title="bbox 549 4889 2479 4992">
     <span class='ocr_line' id='line_1_92' title="bbox 549 4889 2479 4992; baseline -0.019 -15"><span class='ocrx_word' id='word_1_639' title='bbox 549 4920 660 4977; x_wconf 81' lang='lat' dir='ltr'><strong>Iste</strong></span> <span class='ocrx_word' id='word_1_640' title='bbox 700 4918 949 4990; x_wconf 78' lang='lat' dir='ltr'><strong>septimus</strong></span> <span class='ocrx_word' id='word_1_641' title='bbox 994 4914 1047 4968; x_wconf 91' lang='lat' dir='ltr'><strong>in</strong></span> <span class='ocrx_word' id='word_1_642' title='bbox 1080 4889 1411 4968; x_wconf 85' lang='lat' dir='ltr'><strong>Christianos</strong></span> <span class='ocrx_word' id='word_1_643' title='bbox 1431 4902 1837 4978; x_wconf 81' lang='lat' dir='ltr'><strong>persecutionem</strong></span> <span class='ocrx_word' id='word_1_644' title='bbox 1862 4898 2123 4954; x_wconf 74' lang='lat' dir='ltr'><strong>excitauit.</strong></span> <span class='ocrx_word' id='word_1_645' title='bbox 2155 4929 2208 4992; x_wconf 68' lang='grc' dir='ltr'><strong>υ</strong></span> <span class='ocrx_word' id='word_1_646' title='bbox 2236 4889 2479 4955; x_wconf 84' lang='lat' dir='ltr'><strong>senescit,</strong></span> 
     </span>
    </p>
   </div>
   <div class='ocr_carea' id='block_1_88' title="bbox 2236 4778 3811 4869">
    <p class='ocr_par' dir='ltr' id='par_1_88' title="bbox 2236 4778 3811 4869">
     <span class='ocr_line' id='line_1_93' title="bbox 2236 4778 3811 4869; baseline -0.014 -16"><span class='ocrx_word' id='word_1_647' title='bbox 2236 4810 2417 4869; x_wconf 88' lang='lat' dir='ltr'><strong>captus</strong></span> <span class='ocrx_word' id='word_1_648' title='bbox 2447 4806 2494 4850; x_wconf 89' lang='lat' dir='ltr'><strong>et</strong></span> <span class='ocrx_word' id='word_1_649' title='bbox 2522 4793 2688 4849; x_wconf 82' lang='lat' dir='ltr'><strong>oculis</strong></span> <span class='ocrx_word' id='word_1_650' title='bbox 2719 4791 2973 4862; x_wconf 80' lang='lat' dir='ltr'><strong>privatus,</strong></span> <span class='ocrx_word' id='word_1_651' title='bbox 3013 4788 3067 4841; x_wconf 90' lang='lat' dir='ltr'><strong>in</strong></span> <span class='ocrx_word' id='word_1_652' title='bbox 3101 4786 3344 4840; x_wconf 75' lang='lat' dir='ltr'><strong>seruitute</strong></span> <span class='ocrx_word' id='word_1_653' title='bbox 3374 4778 3658 4836; x_wconf 88' lang='lat' dir='ltr'><strong>miserabili</strong></span> <span class='ocrx_word' id='word_1_654' title='bbox 3686 4793 3811 4832; x_wconf 72' lang='lat' dir='ltr'><strong>cono</strong></span> 
     </span>
    </p>
   </div>
   <div class='ocr_carea' id='block_1_89' title="bbox 2509 4869 3812 4947">
    <p class='ocr_par' dir='ltr' id='par_1_89' title="bbox 2509 4869 3812 4947">
     <span class='ocr_line' id='line_1_94' title="bbox 2509 4869 3812 4947; baseline -0.013 -6"><span class='ocrx_word' id='word_1_655' title='bbox 2509 4895 2557 4941; x_wconf 86' lang='lat' dir='ltr'><strong>et</strong></span> <span class='ocrx_word' id='word_1_656' title='bbox 2584 4882 2857 4941; x_wconf 80' lang='lat' dir='ltr'><strong>Gallienus</strong></span> <span class='ocrx_word' id='word_1_657' title='bbox 2896 4880 3106 4934; x_wconf 88' lang='lat' dir='ltr'><strong>territus</strong></span> <span class='ocrx_word' id='word_1_658' title='bbox 3132 4891 3308 4947; x_wconf 75' lang='lat' dir='ltr'><strong>pacem</strong></span> <span class='ocrx_word' id='word_1_659' title='bbox 3334 4873 3664 4927; x_wconf 82' lang='lat' dir='ltr'><strong>Christianus</strong></span> <span class='ocrx_word' id='word_1_660' title='bbox 3692 4869 3812 4924; x_wconf 84' lang='lat' dir='ltr'><strong>red-</strong></span> 
     </span>
    </p>
   </div>
   <div class='ocr_carea' id='block_1_90' title="bbox 619 4982 2386 5066">
    <p class='ocr_par' dir='ltr' id='par_1_90' title="bbox 619 4982 2386 5066">
     <span class='ocr_line' id='line_1_95' title="bbox 619 4982 2386 5066; baseline -0.018 1"><span class='ocrx_word' id='word_1_661' title='bbox 619 4982 1038 5066; x_wconf 45' lang='lat' dir='ltr'><strong>252&#39;Fabianns</strong></span> <span class='ocrx_word' id='word_1_662' title='bbox 1090 5019 1184 5058; x_wconf 75' lang='lat' dir='ltr'><strong>sui</strong></span> <span class='ocrx_word' id='word_1_663' title='bbox 1235 4999 1361 5054; x_wconf 84' lang='lat' dir='ltr'><strong>Kal.</strong></span> <span class='ocrx_word' id='word_1_664' title='bbox 1410 4996 1541 5051; x_wconf 83' lang='lat' dir='ltr'><strong>Feb.</strong></span> <span class='ocrx_word' id='word_1_665' title='bbox 1591 4993 1983 5064; x_wconf 76' lang='lat' dir='ltr'><strong>martyrizatnr,</strong></span> <span class='ocrx_word' id='word_1_666' title='bbox 2031 5005 2126 5059; x_wconf 87' lang='lat' dir='ltr'><strong>pro</strong></span> <span class='ocrx_word' id='word_1_667' title='bbox 2157 4982 2197 4992; x_wconf 62' lang='grc'><strong>⁷</strong></span> <span class='ocrx_word' id='word_1_668' title='bbox 2232 4982 2386 5036; x_wconf 88' lang='lat' dir='ltr'><strong>didit.</strong></span> 
     </span>
    </p>
   </div>
   <div class='ocr_carea' id='block_1_91' title="bbox 2072 5089 2323 5154">
    <p class='ocr_par' dir='ltr' id='par_1_91' title="bbox 2072 5089 2323 5154">
     <span class='ocr_line' id='line_1_96' title="bbox 2072 5089 2323 5154; baseline 0.004 -2"><span class='ocrx_word' id='word_1_669' title='bbox 2072 5089 2298 5154; x_wconf 69' lang='lat' dir='ltr'><strong>NOT/E.</strong></span> <span class='ocrx_word' id='word_1_670' title='bbox 2318 5147 2323 5153; x_wconf 93' lang='lat'><strong>.</strong></span> 
     </span>
    </p>
   </div>
   <div class='ocr_carea' id='block_1_92' title="bbox 626 5232 2133 5385">
    <p class='ocr_par' dir='ltr' id='par_1_92' title="bbox 626 5232 2133 5385">
     <span class='ocr_line' id='line_1_97' title="bbox 626 5232 2133 5385; baseline -0.02 -70"><span class='ocrx_word' id='word_1_671' title='bbox 626 5256 740 5385; x_wconf 47' lang='lat'><strong>$39)</strong></span> <span class='ocrx_word' id='word_1_672' title='bbox 780 5246 1043 5312; x_wconf 79' lang='lat' dir='ltr'><strong>Eusebius</strong></span> <span class='ocrx_word' id='word_1_673' title='bbox 1092 5249 1227 5306; x_wconf 90' lang='lat' dir='ltr'><strong>duos</strong></span> <span class='ocrx_word' id='word_1_674' title='bbox 1266 5254 1476 5302; x_wconf 90' lang='lat' dir='ltr'><strong>tantum</strong></span> <span class='ocrx_word' id='word_1_675' title='bbox 1528 5249 1699 5294; x_wconf 83' lang='lat' dir='ltr'><strong>annos</strong></span> <span class='ocrx_word' id='word_1_676' title='bbox 1735 5233 1986 5293; x_wconf 83' lang='lat' dir='ltr'><strong>Cornelio</strong></span> <span class='ocrx_word' id='word_1_677' title='bbox 2035 5232 2133 5306; x_wconf 60' lang='lat' dir='ltr'><strong>trig-</strong></span> 
     </span>
     <span class='ocr_line' id='line_1_98' title="bbox 626 5339 695 5384; baseline -0.014 0"><span class='ocrx_word' id='word_1_678' title='bbox 626 5352 628 5384; x_wconf 97' lang='lat'><strong><em>|</em></strong></span> <span class='ocrx_word' id='word_1_679' title='bbox 656 5339 695 5384; x_wconf 83' lang='grc' dir='ltr'><strong>ι.</strong></span> 
     </span>
    </p>
   </div>
   <div class='ocr_carea' id='block_1_93' title="bbox 599 5339 2136 5478">
    <p class='ocr_par' dir='ltr' id='par_1_93' title="bbox 599 5339 2136 5478">
     <span class='ocr_line' id='line_1_99' title="bbox 599 5339 2136 5478; baseline 0 0"><span class='ocrx_word' id='word_1_680' title='bbox 599 5339 1003 5478; x_wconf 55' lang='lat' dir='ltr'><strong>&quot;limacem</strong></span> <span class='ocrx_word' id='word_1_681' title='bbox 1034 5387 1254 5478; x_wconf 51' lang='lat' dir='ltr'><strong>“Las:</strong></span> <span class='ocrx_word' id='word_1_682' title='bbox 1272 5385 1470 5478; x_wconf 51' lang='lat' dir='ltr'><strong>Babae</strong></span> <span class='ocrx_word' id='word_1_683' title='bbox 1502 5375 2136 5478; x_wconf 61' lang='grc' dir='ltr'><strong>ερίεεοιιε.Αηπξξέοςέιηειε</strong></span> 
     </span>
    </p>
   </div>
   <div class='ocr_carea' id='block_1_94' title="bbox 2243 5212 3814 5299">
    <p class='ocr_par' dir='ltr' id='par_1_94' title="bbox 2243 5212 3814 5299">
     <span class='ocr_line' id='line_1_100' title="bbox 2243 5212 3814 5299; baseline -0.012 -13"><span class='ocrx_word' id='word_1_684' title='bbox 2243 5243 2361 5286; x_wconf 86' lang='lat' dir='ltr'><strong>rum</strong></span> <span class='ocrx_word' id='word_1_685' title='bbox 2388 5226 2637 5299; x_wconf 73' lang='lat' dir='ltr'><strong>Origenis</strong></span> <span class='ocrx_word' id='word_1_686' title='bbox 2662 5224 2964 5295; x_wconf 78' lang='lat' dir='ltr'><strong>ealalogum</strong></span> <span class='ocrx_word' id='word_1_687' title='bbox 3006 5218 3494 5299; x_wconf 67' lang='lat' dir='ltr'><strong>texuissetestatur</strong></span> <span class='ocrx_word' id='word_1_688' title='bbox 3513 5227 3633 5283; x_wconf 87' lang='lat' dir='ltr'><strong>cap.</strong></span> <span class='ocrx_word' id='word_1_689' title='bbox 3656 5212 3726 5268; x_wconf 80' lang='grc'><strong>54</strong></span> <span class='ocrx_word' id='word_1_690' title='bbox 3748 5212 3814 5268; x_wconf 84' lang='lat' dir='ltr'><strong>de</strong></span> 
     </span>
    </p>
   </div>
   <div class='ocr_carea' id='block_1_95' title="bbox 2244 5290 3300 5367">
    <p class='ocr_par' dir='ltr' id='par_1_95' title="bbox 2244 5290 3300 5367">
     <span class='ocr_line' id='line_1_101' title="bbox 2244 5290 3300 5367; baseline -0.015 -9"><span class='ocrx_word' id='word_1_691' title='bbox 2244 5300 2386 5359; x_wconf 69' lang='lat' dir='ltr'><strong>Viris</strong></span> <span class='ocrx_word' id='word_1_692' title='bbox 2422 5290 2615 5355; x_wconf 66' lang='lat' dir='ltr'><strong>illiistr.</strong></span> <span class='ocrx_word' id='word_1_693' title='bbox 2654 5311 2773 5367; x_wconf 64' lang='lat' dir='ltr'><strong>quin</strong></span> <span class='ocrx_word' id='word_1_694' title='bbox 2804 5290 2981 5367; x_wconf 69' lang='lat' dir='ltr'><strong>tamen</strong></span> <span class='ocrx_word' id='word_1_695' title='bbox 3009 5290 3300 5367; x_wconf 53' lang='lat' dir='ltr'><strong>intercidit.</strong></span> 
     </span>
    </p>
   </div>
   <div class='ocr_carea' id='block_1_96' title="bbox 2320 5354 3815 5445">
    <p class='ocr_par' dir='ltr' id='par_1_96' title="bbox 2320 5354 3815 5445">
     <span class='ocr_line' id='line_1_102' title="bbox 2320 5354 3815 5445; baseline -0.011 -21"><span class='ocrx_word' id='word_1_696' title='bbox 2320 5354 2451 5445; x_wconf 11' lang='lat' dir='ltr'><strong>(l2),</strong></span> <span class='ocrx_word' id='word_1_697' title='bbox 2474 5354 2741 5445; x_wconf 70' lang='lat' dir='ltr'><strong>Murensis</strong></span> <span class='ocrx_word' id='word_1_698' title='bbox 2760 5366 3029 5445; x_wconf 36' lang='lat' dir='ltr'><strong>addite-et</strong></span> <span class='ocrx_word' id='word_1_699' title='bbox 3058 5359 3281 5445; x_wconf 47' lang='lat' dir='ltr'><strong>inhTyro</strong></span> <span class='ocrx_word' id='word_1_700' title='bbox 3305 5354 3569 5426; x_wconf 84' lang='lat' dir='ltr'><strong>sepelitur,</strong></span> <span class='ocrx_word' id='word_1_701' title='bbox 3602 5362 3815 5410; x_wconf 86' lang='lat' dir='ltr'><strong>notam-</strong></span> 
     </span>
    </p>
   </div>
   <div class='ocr_carea' id='block_1_97' title="bbox 1778 5432 3172 5478">
    <p class='ocr_par' dir='ltr' id='par_1_97' title="bbox 1778 5432 3172 5478">
     <span class='ocr_line' id='line_1_103' title="bbox 1778 5432 3172 5478; baseline 0 0"><span class='ocrx_word' id='word_1_702' title='bbox 1778 5464 1791 5477; x_wconf 75' lang='grc' dir='ltr'>ι</span> <span class='ocrx_word' id='word_1_703' title='bbox 1821 5462 1928 5478; x_wconf 73' lang='lat' dir='ltr'><strong>nun</strong></span> <span class='ocrx_word' id='word_1_704' title='bbox 1955 5457 2133 5478; x_wconf 78' lang='lat' dir='ltr'><strong>Inmnn</strong></span> <span class='ocrx_word' id='word_1_705' title='bbox 2246 5432 2349 5478; x_wconf 62' lang='lat' dir='ltr'><strong>nsu‘s</strong></span> <span class='ocrx_word' id='word_1_706' title='bbox 2379 5432 2728 5478; x_wconf 64' lang='grc' dir='ltr'>ηίαιοηῖιιειιοηι</span> <span class='ocrx_word' id='word_1_707' title='bbox 2758 5435 2926 5478; x_wconf 60' lang='grc' dir='ltr'><strong>ΙρῗΙΙΙῘ</strong></span> <span class='ocrx_word' id='word_1_708' title='bbox 2961 5432 3172 5478; x_wconf 72' lang='lat' dir='ltr'><strong>inserit.</strong></span> 
     </span>
    </p>
   </div>
  </div>
