4062 5508
516 338 587 396 75
1380 330 1737 386 IIERMANNI
1779 329 2169 386 CONTIIACTI
2212 325 2575 381 AliGIENSIS
2613 323 2918 380 MONACIll
3727 316 3799 371 76

1806 487 2034 545 CODEX
2071 486 2462 544 AUCIENSIS.

583 635 688 692 286
731 631 1092 688 Diocletianus
1149 629 1531 685 l-Ierculianuni
1593 627 1983 682 Maximianum
2043 629 2095 680 in
2129 637 2210 695 Α.
2271 625 2378 695 25
2423 624 2526 678 500
2561 621 2813 677 Galerius
2843 618 3220 682 Maximianus,
3267 615 3442 670 victus
3490 630 3521 669 a
3564 614 3800 679 Narsea,

514 727 846 785 consortium
879 723 1027 796 regni
1055 723 1302 777 assumit.
1334 721 1464 774 Eus.
1491 739 1541 774 a.
1573 719 1698 774 288.

584 820 690 876 287
730 817 1092 872 Maximianus
1123 814 1174 868 in
1203 812 1373 868 Gallia
1402 813 1707 866 Amandum
1731 827 1853 866 cum
1894 809 2110 864 rusticis

515 912 670 968 vicit.
704 911 836 964 Eus.
866 927 919 962 a.
943 924 1048 976 seq.

584 1001 695 1075 25.
729 1001 836 1057 288
874 998 987 1054 Hoc
1011 1008 1253 1068 tempore
1278 995 1448 1050 Carus
1476 991 1628 1067 [Eus.
1659 989 1970 1061 Carausius]
1995 990 2112 1045 Bri-

517 1094 779 1155 tanniam,
806 1089 1047 1144 Narseus
1078 1102 1171 1141 rex
1200 1085 1490 1140 Persarum
1511 1082 1808 1145 Orientem,
1837 1079 2113 1134 Achilleus

517 1175 835 1257 z’Egyptum,
869 1167 1364 1249 Quinquegentiani
1400 1174 1638 1229 Africam
1681 1173 2109 1235 inl'eslaveruut;

516 1277 588 1332 ob
624 1291 746 1346 qua:
801 1270 1188 1330 Constantinus
1229 1266 1352 1339 [leg.
1409 1263 1808 1334 Constantius],
1863 1260 2113 1316 Galerius

515 1379 572 1424 et
605 1366 970 1423 Maximianus
1001 1365 1053 1417 in
1087 1375 1314 1430 regnum
1345 1364 1719 1412 assumuntur.
1755 1352 1884 1407 Eus.
1915 1371 1966 1406 a.
1998 1370 2110 1423 seq.

585 1459 694 1517 290
732 1455 1103 1514 Diocletianus
1161 1451 1542 1507 Constantium
1595 1445 1944 1502 Constantini
2009 1459 2108 1513 pa-

518 1561 660 1608 trem
702 1550 973 1606 Czesarem
1005 1546 1153 1611 fecit,
1185 1542 1277 1614 qui
1328 1540 1577 1612 regnavit
1616 1537 1773 1594 annis
1817 1552 1928 1590 xw.
1974 1534 2109 1589 Eus.

518 1662 572 1697 a.
603 1658 687 1712 pr.

585 1729 686 1786 291
728 1728 1027 1800 Imperator
1077 1723 1356 1780 Galerium
1407 1718 1795 1774 Maximianum
1837 1714 2109 1772 Caesarem

522 1822 672 1878 fecit.
702 1820 838 1875 Eus.
869 1837 923 1874 a.
953 1817 1080 1874 289.

588 1915 698 1972 292
736 1915 851 1970 Hoc
883 1923 1126 1983 tempore
1164 1907 1416 1963 Phierius
1450 1904 1758 1976 presbyter,
1787 1910 1840 1956 et
1876 1897 2114 1954 Achillas

517 2018 575 2064 et
599 2005 815 2061 Melitus
841 2001 1184 2071 Alexandria:
1213 1998 1548 2054 claruerunt.

592 2097 699 2153 295
739 2095 834 2149 IIis
890 2091 1227 2162 letnporibus
1282 2087 1516 2141 diversis
1569 2093 1625 2137 et
1675 2081 1862 2137 multis
1913 2079 2114 2151 pt'atliis

522 2194 712 2248 hostes
743 2187 942 2244 diversi
973 2186 1281 2240 vincuntur.
1316 2180 1449 2234 Eus.

589 2283 696 2340 295
735 2280 1103 2337 Diocletianus
1139 2291 1199 2332 se
1241 2282 1301 2329 ut
1331 2273 1492 2329 deum
1522 2268 1739 2325 adorari
1761 2266 1944 2338 jussit.
1977 2265 2108 2320 Eus.

518 2379 574 2433 Ii.
601 2395 681 2443 a.,
711 2375 782 2431 al.
817 2393 869 2430 a.
893 2374 1020 2430 295.

590 2468 698 2526 296
735 2467 871 2524 Gaio
901 2480 1053 2538 papa:
1080 2479 1175 2535 per
1198 2459 1523 2532 martyrium
1551 2462 1811 2511 coronato
1839 2448 2109 2506 Marcelli-

529 2574 634 2619 nus
662 2557 878 2616 XXVIII
903 2556 1186 2613 successit.
1219 2552 1351 2606 Eus.
1382 2568 1436 2604 a.
1471 2565 1577 2618 seq.

590 2653 697 2710 297
739 2651 1105 2708 Diocletianus
1150 2647 1295 2703 victo
1340 2643 1585 2699 Achilleo
1622 2638 2010 2694 Alexandriam
2059 2642 2114 2690 et

524 2745 820 2818 Egyptum
850 2742 1073 2812 recepit.
1114 2739 1246 2794 Eus.
1274 2756 1327 2792 a.
1358 2753 1466 2806 seq.

594 2817 700 2892 298
739 2835 882 2890 Idem
930 2832 1191 2904 plurimos
1219 2845 1317 2900 per
1348 2837 1516 2883 totam
1555 2824 1851 2895 .‘Egyptum
1882 2817 2119 2891 proscri-

523 2926 798 2996 ptionibus
828 2933 883 2980 et
914 2923 1123 2979 exsiliis
1153 2920 1446 2976 damnavit.
1479 2917 1610 2970 Eus.
1641 2915 1696 2968 It.
1729 2931 1782 2967 a.

594 3002 702 3072 299
739 3015 1090 3072 Constantius
1137 3012 1418 3082 sexaginta
1471 3007 1637 3062 millia
1689 3005 2112 3059 Alamannorum

524 3107 674 3178 iuxta
707 3107 981 3178 Lingonas
1011 3104 1232 3161 occidit.
1270 3101 1404 3155 Eus.
1435 3117 1488 3154 a.
1522 3099 1646 3154 501.
1682 3097 1837 3150 Eutr.
1881 3112 1935 3146 a.
1980 3091 2108 3146 297.

2212 730 2336 773 ante
2386 725 2703 786 carpentum
2768 712 3085 769 Diocletiani
3148 720 3479 781 purpuratus
3534 710 3804 765 cucurrit.

2215 810 2344 864 Eus.
2375 826 2426 861 a.
2453 807 2578 861 501.

2280 905 2380 960 501
2425 904 2780 959 Maximianus
2809 901 3069 957 Narscum
3116 900 3412 970 superavit,
3468 907 3524 953 et
3578 913 3810 954 uxorem

2213 996 2328 1067 ejus
2379 1013 2443 1052 ac
2500 997 2700 1053 liberos
2757 993 3066 1065 captivavit.
3130 991 3260 1045 Eus.
3326 1009 3378 1044 a.
3447 989 3574 1043 505.
3645 985 3808 1044 Eutr.

2213 1108 2266 1144 α.
2296 1091 2419 1145 297.
2531 1115 2533 1117 -
3779 1099 3784 1103 η

2283 1181 2387 1235 502
2424 1180 2792 1236 Diocletianus
2819 1187 2874 1234 et
2900 1176 3259 1232 Maximianus
3287 1174 3484 1247 insigni
3509 1189 3708 1246 pompa
3738 1175 3808 1229 de

2217 1274 2464 1328 ltostihus
2496 1273 2854 1341 triumphant.
2916 1267 3048 1322 Eus.
3074 1287 3128 1322 a.
3160 1284 3266 1338 seq.

2285 1363 2389 1416 505
2432 1362 2794 1416 Diocletianus
2819 1369 2873 1414 et
2901 1358 3260 1412 Maximianus
3295 1354 3557 1411 ecclesias
3585 1354 3819 1412 subver-

2217 1464 2357 1519 tunt,
2402 1455 2569 1509 libros
2610 1454 2823 1507 divinos
2871 1451 3188 1516 incendunt,
3225 1459 3281 1505 et
3305 1449 3647 1504 Christianos
3679 1463 3812 1503 cru»

2217 1548 2387 1602 ciant.
2417 1545 2551 1600 Eus.
2581 1565 2633 1601 α.
2658 1563 2764 1616 seq.

2287 1637 2391 1694 504
2431 1637 2796 1692 Diocletianus
2825 1635 3173 1700 Nicomediaz,
3211 1643 3266 1689 et
3296 1631 3659 1687 Maximianus
3692 1631 3812 1687 Ma-

2215 1729 2416 1786 diolani
2449 1744 2743 1800 purpuram
2775 1737 2829 1782 et
2861 1743 3088 1797 regnum
3119 1728 3417 1796 deponunt.
3449 1724 3583 1779 Eus.
3610 1742 3664 1778 a.
3697 1741 3814 1794 seq.

2218 1852 2287 1860 —
2315 1820 2579 1874 Eusebius
2610 1834 2744 1888 papa
2784 1817 2922 1872 sedit
2944 1832 3158 1870 menses
3186 1831 3315 1879 vin,
3352 1822 3474 1883 post
3499 1827 3663 1884 quem
3691 1812 3821 1868 Mil-

2220 1913 2390 1966 tiades
2413 1927 2585 1965 annos
2611 1925 2660 1962 tv
2684 1909 2816 1979 (i7).
2850 1907 2978 1961 Eas.
3003 1925 3054 1960 a.
3090 1923 3196 1975 seq.

2149 2000 2191 2058 Ii
2292 2003 2397 2058 505
2434 2001 2758 2056 Maximinus
2808 2009 2862 2053 et
2909 1999 3144 2052 Severus
3193 1997 3435 2051 Caesares
3484 1995 3610 2051 facti
3661 2001 3816 2051 sunt.

2219 2095 2352 2150 Eus.
2387 2111 2440 2146 a.
2487 2110 2594 2162 seq.
2641 2121 2708 2131 —
2754 2089 3109 2145 Constantius
3156 2089 3433 2159 Augustus
3486 2087 3642 2150 obiit,
3691 2094 3824 2156 post

2218 2202 2377 2259 quem
2409 2185 2798 2241 Constantinus
2831 2183 2971 2236 lilins
2996 2183 3133 2252 ejus.
3163 2179 3298 2234 Eas.
3322 2198 3374 2233 a.
3405 2179 3532 2234 507.
3562 2205 3636 2220 —-
3668 2178 3818 2233 Con-

2218 2280 2492 2336 stantinus
2523 2276 2824 2332 Constantii
2857 2290 2923 2329 ex
2953 2273 3256 2328 concubina
3285 2271 3485 2326 llelena
3521 2270 3664 2324 ﬁlias
3694 2270 3816 2338 pri-

2219 2387 2339 2427 mus
2374 2371 2688 2440 imperator,
2721 2374 2948 2434 excepto
2988 2364 3254 2433 Philippo,
3300 2362 3647 2418 Christianus
3685 2357 3820 2424 fuit,

2217 2473 2269 2519 et
2315 2463 2383 2518 ab
2421 2463 2522 2517 hoc
2571 2459 2866 2516 Christiani
2917 2458 3274 2527 imperatores
3329 2470 3450 2509 esse
3504 2461 3818 2523 cmperunt.

2221 2555 2348 2609 Eus.
2380 2571 2432 2607 a.
2457 2553 2583 2608 507.
3611 2553 3614 2556 ’

2291 2645 2397 2702 500
2436 2643 2526 2716 (In
2563 2660 2732 2713 marg.
2762 2639 3158 2696 Constantinus
3187 2653 3314 2691 ann.
3355 2654 3486 2700 xxx,
3521 2650 3695 2692 mens.
3735 2635 3824 2706 π.)

2223 2739 2526 2795 Maxentius
2553 2719 2864 2790 Maximiani
2892 2731 3131 2787 Herculii
3164 2731 3305 2784 [ilius
3328 2731 3605 2801 Augustus
3633 2725 3826 2796 appel-

2223 2833 2386 2886 latur.
2429 2829 2562 2882 Eus.
2593 2845 2649 2880 a.
2680 2826 2804 2881 508.

2298 2923 2406 2994 26
2424 2922 2523 2976 507
2566 2917 2929 2973 Maximianus
2969 2915 3109 2986 apud
3153 2912 3446 2968 Massiliam
3478 2910 3711 2980 turpiter
3739 2909 3826 2963 in-

2227 3015 2513 3071 terlicitur.
2542 3010 2768 3080 Eutrop.
2802 3026 2854 3063 α.
2887 3007 3011 3060 510.

1515 3226 1968 3285 COMPENDIUM
2005 3225 2095 3279 EX
2139 3218 2387 3279 CODICE
2423 3209 2788 3269 BERNOLDI.

596 3373 704 3430 286
739 3373 815 3425 Ab
842 3372 940 3425 hoc
963 3384 1128 3434 anno,
1151 3373 1211 3420 ut
1230 3365 1297 3420 A.
1321 3380 1382 3419 a.
1408 3379 1495 3433 pr.

2149 3361 2196 3424 ο
2253 3347 2395 3431 _50l
2439 3338 2859 3400 Alexandrire'X
2876 3337 2946 3390 Vl
2972 3335 3160 3390 Petrus
3196 3349 3466 3404 episcopus
3499 3332 3632 3388 sedit
3663 3333 3826 3386 annis

595 3464 701 3520 287
742 3420 1439 3518 Diocletianus'Herculium
1483 3454 1873 3510 Maximianus»
1904 3450 1958 3503 in
1998 3463 2124 3503 con—
2162 3420 2195 3424 Ψ
2228 3420 2328 3494 ὦ.
2365 3437 2496 3491 Eus.
2531 3451 2583 3488 a.
2619 3433 2747 3496 505,
2780 3430 2851 3483 al.
2886 3445 2936 3482 a.
2968 3427 3092 3482 500.

531 3557 754 3614 sortium
782 3553 928 3625 regni
950 3551 1194 3617 assumit,
1223 3548 1294 3604 al.
1321 3564 1374 3602 a.
1399 3546 1528 3601 285.

600 3649 708 3706 288
748 3645 1123 3706 Maximianus,
1155 3651 1286 3707 etc.,
1325 3647 1384 3695 ut
1418 3653 1469 3692 θ.
1496 3654 1578 3709 pr.

598 3740 706 3798 289
747 3737 862 3792 Hoc
905 3747 1133 3807 tempore
1175 3731 1488 3788 Carausius.
1508 3769 1520 3783 .
1543 3768 1557 3784 .
1584 3734 1936 3788 vasta-verunt,
1969 3731 2027 3777 ut
2050 3723 2118 3776 A.

534 3849 586 3888 a.
614 3847 704 3904 pr.

602 3902 706 3978 291
749 3917 1106 3974 Diocletianus
1153 3911 1538 3974 Constantiam,
1595 3916 1730 3970 etc.,
1782 3914 1841 3960 ut
1888 3905 1939 3958 in
1984 3902 2121 3969 Aug.

538 4031 592 4068 a.
618 4027 707 4085 pr.

604 4103 716 4163 292
753 4102 1132 4166 Diocletianus,
1161 4109 1220 4153 ut
1247 4099 1309 4151 A.
1347 4111 1397 4150 a.
1430 4111 1512 4165 pr.

604 4195 714 4253 295
752 4193 866 4248 Hoc
898 4204 1124 4262 tempore
1157 4189 1424 4251 Pliierius,
1453 4195 1511 4240 ut
1540 4185 1604 4238 Α.
1630 4197 1680 4235 a.
1718 4197 1799 4252 pr.

606 4287 714 4346 294
756 4286 854 4340 His
885 4283 1220 4354 temporibus,
1245 4289 1301 4335 ut
1323 4281 1387 4334 A.
1421 4293 1474 4331 a.
1515 4291 1597 4346 pr.

609 4381 717 4438 296
754 4377 1115 4434 Diocletianus
1140 4391 1214 4440 se,
1245 4382 1307 4426 ut
1327 4373 1388 4425 A.
1428 4386 1514 4424 an.
1557 4382 1642 4437 pr.

608 4471 716 4527 298
755 4466 887 4521 Gaio
910 4482 1060 4536 papte
1091 4479 1125 4517 x
1152 4463 1274 4516 Kal.
1313 4459 1442 4514 Maii
1480 4455 1826 4526 martyrizato
1862 4447 2132 4505 Marcelli-

543 4578 642 4619 nus
661 4557 877 4616 XXVIII
900 4557 1145 4610 successit
1175 4553 1324 4607 annis
1356 4565 1562 4612 novem,
1587 4546 1676 4617 qui
1712 4545 1832 4597 item
1857 4556 1951 4611 pro
1981 4536 2130 4592 Chri-

543 4663 622 4709 sto
666 4667 851 4724 passus
881 4658 956 4703 est
993 4663 1043 4701 γι
1083 4645 1206 4700 Kal.
1256 4643 1409 4697 Maii.
1460 4639 1598 4694 Nota
1642 4633 1954 4706 marginalis
2000 4630 2130 4685 Ber-

2296 3529 2400 3585 502
2439 3525 2680 3581 Galerius
2727 3520 3089 3576 Maximianus
3141 3515 3428 3578 Narseum,
3477 3524 3607 3580 etc.,
3655 3524 3714 3569 ut
3751 3514 3822 3567 A.

2229 3636 2317 3674 an.
2347 3631 2511 3688 price.

2296 3711 2401 3766 505
2441 3705 2821 3760 Diocletianus.
2847 3741 2896 3755 ..
2945 3700 3292 3766 triumphant,
3322 3706 3381 3751 ut
3407 3698 3474 3749 A.
3515 3711 3607 3750 an.
3648 3711 3817 3766 prtec.

2296 3801 2402 3855 504
2445 3795 2870 3851 Diocletianusin
2895 3791 3127 3852 Oriente,
3152 3799 3200 3844 et
3225 3787 3512 3842 Herculius
3537 3787 3826 3841 Maximia-

2228 3911 2324 3949 nus
2353 3895 2407 3947 in
2447 3889 2726 3946 Occidente
2753 3885 2996 3940 ecclesias
3041 3885 3362 3945 subvertunt,
3405 3880 3567 3935 libros
3609 3877 3821 3934 diuinos

2226 3983 2532 4044 incendunt,
2576 3990 2624 4033 et
2673 3976 3002 4031 Christianos
3050 3973 3252 4027 decium
3298 3972 3656 4040 persecutione
3704 3977 3825 4040 post

2231 4077 2491 4130 Neronem
2522 4071 2903 4125 cruciaverunt.

2298 4165 2406 4220 505
2443 4162 2803 4216 Diocletianus
2838 4156 3162 4210 Nicomediae
3201 4165 3249 4208 et
3295 4152 3658 4207 Maximianus
3702 4151 3823 4206 Me-

2231 4257 2435 4312 diolani
2464 4270 2726 4325 purpuras
2765 4261 2812 4305 et
2854 4265 3090 4320 regnum,
3122 4248 3184 4300 ob
3214 4247 3492 4300 senectutis
3535 4245 3846 4314 defectum,‘

2229 4358 2414 4420 sponte
2439 4349 2726 4416 deponunt.
2755 4372 2826 4383 ——
2846 4338 3092 4395 Galerius
3121 4349 3167 4391 et
3199 4334 3540 4390 Constantius
3570 4335 3820 4406 Augusti.

2227 4471 2296 4480 —
2331 4436 2652 4491 Maximinus
2686 4441 2985 4503 persecutor
3039 4425 3458 4481 Christianorum
3511 4437 3558 4480 et
3599 4424 3824 4482 Severus

2230 4529 2464 4585 Cwsares
2489 4527 2772 4596 eliguntur.

2216 4656 2220 4660 -
2301 4620 2406 4675 506
2443 4619 2781 4673 Constantius
2825 4621 3078 4681 augustas
3127 4613 3204 4665 vir
3255 4619 3557 4664 mansuetus
3598 4611 3654 4663 in
3701 4607 3827 4662 Bri-

543 4699 693 4800 noldi
724 4761 737 4797 ε
777 4739 1064 4810 Hucusque
1103 4734 1454 4791 ecclesiastica
1499 4729 1737 4784 Historia
1766 4723 1981 4780 Eusebii
2007 4738 2127 4776 suc-
2155 4731 2204 4789 D
2231 4715 2412 4769 tannia
2450 4709 2677 4764 Eboraci
2706 4706 2850 4760 obiit.
2878 4703 3030 4757 Paul.
3072 4702 3229 4757 Oros.
3267 4703 3324 4757 h.
3355 4717 3406 4755 a.
3429 4732 3499 4743 —
3527 4699 3821 4757 Constanti-

545 4835 798 4890 cessiones
819 4830 1103 4904 prcesulum
1124 4827 1497 4888 Romanorum,
1523 4824 1628 4877 sive
1647 4818 2128 4874 Alexandrinorum

547 4937 667 4998 apte
693 4925 956 4991 describit,
981 4925 1112 4978 sicut
1147 4931 1193 4976 et
1229 4920 1312 4973 hic
1336 4917 1609 4984 descripta:
1632 4913 1890 4968 habentur
1917 4909 2056 4981 (48).

617 5017 722 5074 299
760 5016 1118 5071 Diocletianus
1160 5013 1290 5067 uicto
1340 5006 1596 5067 Achilleo,
1646 5013 1779 5068 etc.,
1829 5011 1891 5057 ut
1937 5001 2002 5054 A.
2040 5014 2129 5053 an.

551 5108 682 5166 297.

619 5200 729 5258 500
764 5199 1101 5256 Constantius
1161 5196 1432 5266 sexaginta
1496 5189 1662 5244 millia
1717 5186 2131 5238 Alamannorum

554 5294 760 5352 occidit.

2238 4826 2334 4864 nus
2370 4805 2664 4862 Constantii
2703 4797 2920 4854 XXXIV
2964 4813 3028 4852 ea:
3062 4796 3353 4850 concubina
3399 4793 3602 4848 Helena
3649 4792 3823 4862 ﬁlius,

2239 4901 2390 4955 annis
2417 4898 2654 4966 triginta,
2691 4891 2950 4946 mensibus
2984 4889 3178 4943 decem.
3228 4888 3333 4942 Hic
3361 4889 3564 4958 primus
3595 4887 3828 4956 impera-

2238 5003 2339 5046 tor.
2359 5031 2372 5046 .
2395 5031 2408 5043 .
2441 4996 2721 5058 coeperunt,
2751 4991 2808 5037 nt
2832 4983 2894 5036 A.
2926 4996 3016 5034 an.
3046 4995 3209 5051 prato.

2311 5083 2413 5139 507
2456 5072 3130 5140 Maxentius,'Maximiani
3163 5069 3402 5124 Herculii
3437 5069 3606 5138 ﬁlius,
3646 5067 3821 5136 Augu-

2239 5186 2350 5231 stus
2392 5168 2702 5240 appellatur.
2729 5193 2800 5206 —
2838 5155 3120 5218 Marcellus
3149 5157 3323 5214 XXIX
3356 5156 3468 5229 (49)
3512 5173 3650 5227 papa
3691 5152 3821 5208 sedit

2245 5264 2396 5321 annis
2427 5263 2676 5331 quinque,
2704 5246 2888 5325 passus
2915 5262 2990 5307 est
3021 5265 3131 5304 xvu
3155 5248 3279 5303 Kal.
3313 5246 3470 5302 Febr.

2075 5421 2304 5480 NOTAE.
