4062 5508
349 275 419 327 Π
1556 271 1953 331 CIIRONICON

2033 271 2235 332 -ειεα
2261 273 2349 329 IV.
3569 281 3637 336 78

1631 384 1861 442 CODEX
1900 384 2287 444 AUGIENSIS.

418 496 528 553 308
566 494 762 553 Occiso
826 492 1066 560 Severo,
1130 490 1371 548 Licinius
1443 491 1629 550 Caasar
1686 494 1938 551 edicitur.
1968 500 2022 560 Α
2116 496 2223 552 525
2278 496 2663 557 Constantinus
2692 501 2831 573 (53),
2875 501 3409 575 ﬁliusLConstantini,
3456 503 3639 563 Cassar

355 590 488 645 lius.
519 606 574 643 a.
614 604 722 659 seq.
754 617 822 626 —
848 584 1099 641 Galerius
1130 583 1491 640 blasimianus
1521 586 1774 642 moritur.
1803 586 1935 642 Eas.
2043 587 2290 644 ellicitur.
2315 620 2386 630 —
2425 588 2665 648 Licinius
2698 594 2982 649 occiditur.
3023 595 3153 651 Eus.
3182 615 3235 652 a.
3264 614 3374 669 seq.

350 701 406 737 α.
436 681 568 737 511.

2113 678 2218 733 32$
2245 679 2357 736 Iloc
2388 692 2630 753 tempore
2658 699 2792 739 crux
2822 684 3101 743 Dominica
3125 688 3194 744 ab
3242 688 3469 756 Helena,
3490 689 3606 747 Con

422 772 532 828 309
570 770 837 827 Silvester
869 786 1007 843 papa
1044 770 1186 827 sedit
1220 769 1377 824 annis
1407 785 1511 824 xxv
1548 770 1683 840 (50).
1716 769 1938 824 Λυδία.
2043 773 2271 828 stantini
2311 784 2505 842 matre,
2534 773 2923 849 Hierosolymis
2950 779 3223 850 reperitur
3265 781 3366 837 sub
3400 781 3638 839 Macario

350 864 477 921 312.
504 898 576 909 —
611 863 937 918 Maximinus
963 862 1306 918 Christianos
1335 862 1679 933 persequitur
1718 870 1772 917 et
1801 862 1942 931 apud
2043 862 2282 932 ejusdem
2321 866 2469 921 urbis
2499 866 2773 937 episcopo.
2803 866 2865 923 S.
2892 867 3111 924 Paulin.
3139 871 3289 941 epist.
3328 872 3418 938 11,
3457 871 3533 929 al.
3577 889 3632 929 α.

350 959 625 1019 Tharsum
655 958 907 1014 moritur.
937 956 1065 1013 Eas.
1088 975 1142 1011 a.
1165 956 1292 1011 312.
2042 954 2243 1010 326.—
2258 955 2522 1013 Nazarius
2551 959 2737 1014 rhetor
2764 959 2996 1031 insignis
3021 962 3270 1018 habetur.
3286 960 3420 1019 Eus.
3441 981 3498 1021 α.
3525 978 3634 1035 seq.

420 1052 526 1107 311
568 1050 876 1105 Maxentius
896 1049 1055 1119 juxta
1078 1047 1332 1103 Mulvium
1361 1056 1584 1118 pontem
1612 1062 1642 1102 a
1671 1046 1938 1103 Constan-
2110 1046 2216 1101 525
2249 1045 2561 1103 Vicennalia
2615 1048 2957 1105 Constantini
3010 1050 3339 1109 Nicomedia:
3391 1062 3537 1121 acta,
3582 1063 3641 1110 et

350 1145 465 1200 tino
496 1151 790 1215 superatus
813 1141 1097 1198 occiditur.
1137 1140 1271 1195 Eus.
1302 1158 1355 1195 a.
1389 1139 1514 1195 313.
2042 1128 2289 1207 Sequenti
2312 1154 2453 1194 anno
2480 1138 2665 1195 Roma:
2690 1140 2858 1196 edita.
2892 1139 3025 1197 Eas.
3063 1161 3115 1198 a.
3141 1143 3267 1199 527.

416 1237 527 1294 512
564 1235 880 1292 Persecutio
919 1234 1138 1289 tandem
1182 1242 1307 1304 post
1346 1233 1532 1289 decem
1566 1247 1740 1288 annos
1787 1231 1938 1288 ﬁnita
2109 1227 2218 1282 326
2252 1228 2542 1300 ﬂuensque
2588 1231 2871 1287 historiam
2916 1235 3108 1291 scribit
3159 1234 3444 1292 Eusebius.
3498 1235 3634 1295 Hinc

347 1338 455 1385 est.
2039 1318 2423 1392 Hieronymus,
2456 1322 2529 1377 al.
2556 1340 2648 1379 an.
2676 1340 2783 1395 seq.

419 1419 529 1475 514
571 1419 942 1475 Diocletianus
963 1417 1017 1473 in
1047 1415 1256 1487 praedio
1285 1431 1383 1472 suo
1421 1414 1654 1470 moritur
1696 1424 1752 1471 et
1793 1414 1939 1470 solus
2110 1410 2236 1466 327.
2260 1412 2372 1484 28
2399 1412 2788 1472 Constantinus
2841 1416 3145 1488 Drepanam
3190 1417 3458 1492 Bithyniae
3501 1421 3637 1478 civi-

345 1512 592 1568 omninm
630 1512 877 1582 privatus
922 1510 1067 1565 inter
1093 1509 1222 1564 deos
1258 1507 1511 1564 refertur.
1546 1505 1679 1562 Eus.
1709 1525 1764 1563 a.
1811 1508 1936 1575 317,
2042 1510 2205 1557 tatem
2238 1504 2569 1570 instaurans,
2596 1506 2649 1561 in
2681 1508 2942 1564 honorem
2971 1510 3162 1565 matris
3190 1526 3303 1566 suae
3332 1511 3637 1585 llelenopo-

347 1602 423 1657 ul.
445 1621 500 1657 a.
530 1603 657 1658 313.

2038 1591 2132 1647 lim
2159 1594 2464 1664 appellavit.
2500 1595 2650 1651 Hier.
2675 1615 2727 1652 a.
2757 1615 2863 1670 seq.

417 1696 527 1751 313
564 1695 795 1751 Plurimi
824 1704 1234 1766 persecutorum
1268 1702 1324 1749 et
1350 1707 1634 1763 magorum
1661 1692 1938 1749 trucidan-

2106 1684 2211 1740 528
2232 1686 2421 1741 Ariani
2436 1687 2676 1759 episcopi
2695 1688 2982 1744 ecclesiam
3008 1688 3358 1754 obtinuerth
3371 1734 3384 1758 ,
3401 1708 3635 1764 quorum

347 1796 461 1843 ιω..
1805 1852 1809 1857 .
2038 1785 2278 1847 tempora
2307 1793 2413 1834 non
2443 1779 2780 1849 digeruntur,
2801 1780 2928 1852 quia
2954 1781 3138 1839 hostes
3160 1782 3362 1839 Christi
3382 1785 3636 1855 judican-

332 1952 339 1960 Δ
413 1887 520 1943 518
556 1886 801 1942 Licinius
827 1885 1168 1941 Christianos
1209 1883 1277 1939 de
1317 1882 1518 1955 palatio
1555 1898 1653 1940 suo
1693 1882 1843 1954 pellit
1882 1891 1936 1937 et

2006 1869 2014 1922 ι
2045 1880 2151 1926 tur.
2184 1870 2336 1926 Hier.
2367 1889 2457 1927 an.
2485 1889 2593 1945 seq.
3606 1942 3610 1947 ,

338 1991 440 2034 eos
478 1978 848 2049 persequitur,
878 1977 990 2032 ιξαε
1013 1994 1067 2031 α,
1099 1976 1225 2031 521.
1402 2025 1406 2028 t
2113 1964 2220 2020 529
2244 1964 2514 2021 Juvencus
2544 1968 2826 2039 presbyter
2854 1968 3074 2024 claruit.
3100 1968 3434 2043 Porphyrius
3456 1972 3634 2029 haere-

412 2067 523 2138 27
549 2068 655 2123 519
684 2068 796 2123 Hoc
820 2077 1061 2138 tempore
1083 2067 1245 2122 Arius
1271 2064 1619 2124 Alexandria:
1650 2070 1940 2141 presbyter

2046 2059 2186 2114 ticus
2234 2074 2264 2113 a
2318 2058 2675 2116 Constantino
2731 2061 2798 2117 de
2843 2061 3034 2117 exsilio
3064 2062 3343 2118 liberatur.
3398 2063 3550 2121 Hier.
3583 2084 3635 2125 α·

341 2158 638 2213 nefandam
690 2160 1019 2215 Arianorum
1070 2157 1321 2215 heresim
1383 2159 1587 2214 condit.
1642 2160 1836 2232 Epiph.
1882 2178 1937 2216 a.
2046 2168 2157 2222 ml-

340 2245 474 2304 56].
2116 2242 2222 2298 330
2256 2242 2601 2299 Alexandriae
2640 2242 2928 2299 ordinatur
2972 2244 3258 2316 episcopus
3285 2246 3639 2305 Athanasius.

417 2339 526 2394 320
585 2341 929 2397 Alexandria:
990 2342 1275 2400 ordinatur
1348 2343 1634 2414 episcopus
1707 2340 1939 2396 Alexan.
2050 2335 2339 2390 Dedicatur
2368 2333 2883 2404 Constantinopolis.
2912 2333 3064 2389 Hier.
3089 2353 3143 2391 a.
3174 2353 3281 2408 seq.
3472 2378 3495 2417 ι,

345 2430 451 2488 der
472 2432 609 2503 (51).
635 2433 768 2487 Eas.
800 2450 853 2487 a.
884 2434 1010 2488 522.
2118 2426 2217 2481 551
2252 2426 2439 2482 Edicto
2465 2424 2804 2481 Constantini
2848 2426 3125 2498 gentilium
3150 2427 3351 2499 templa
3379 2428 3640 2485 subversa

416 2519 515 2576 521
549 2521 710 2576 Arius
749 2523 1054 2594 presbyter,
1085 2525 1155 2581 ab
1199 2524 1429 2581 ecclesia
1475 2539 1505 2578 a
1552 2538 1651 2579 suo
1689 2522 1944 2593 epismpo
2049 2527 2196 2573 sunt.
2229 2515 2381 2571 Hier.
2417 2534 2471 2570 a.
2493 2533 2602 2587 seq.

342 2611 656 2669 Alexandro
675 2612 903 2687 eiectus,
938 2616 1137 2674 multos
1157 2633 1270 2675 suae
1295 2617 1554 2687 itnpietati
1584 2615 1774 2673 sociat.
1806 2613 1936 2669 Eus.
2028 2676 2033 2679 Α
2118 2611 2224 2667 552
2255 2610 2352 2665 llis
2384 2609 2714 2680 temporibus
2739 2607 3007 2667 Eusebius
3050 2610 3403 2669 Caesariensis
3428 2609 3638 2682 episw

341 2718 401 2754 a.
424 2719 535 2773 seq.
640 2744 645 2749 .
2050 2719 2172 2776 pus,
2200 2712 2255 2758 et
2276 2702 2368 2757 alii
2403 2700 2557 2757 multi
2585 2702 2833 2757 doctores
2861 2701 3198 2758 claruerunt.

417 2791 527 2846 322
550 2792 851 2867 concilium
882 2796 935 2851 in
964 2797 1144 2854 Nicaea
1187 2805 1549 2870 congregatur
1569 2811 1798 2853 cccxvnt
1829 2778 1941 2865 cpi—
2116 2795 2241 2850 555.
2266 2794 2533 2850 Antonius
2561 2796 2863 2852 monachus
2888 2795 3070 2852 clarus
3099 2796 3352 2855 habetur.

343 2898 633 2953 scaporum
661 2886 763 2942 sub
788 2886 1053 2945 Silvestro
1082 2904 1219 2960 papa
1248 2889 1382 2961 (52).

1335 2997 1797 3056 COMPENDIUM
1836 2995 1929 3052 EX
1967 2992 2215 3050 CODICE
2255 2990 2630 3047 BERNOLDI.

411 3107 520 3163 308
559 3108 920 3164 Maximianus
952 3108 1253 3178 Herculius,
1286 3119 1418 3176 etc.,
1447 3119 1508 3164 ut
1540 3109 1604 3162 A.
1631 3124 1720 3162 an.
1761 3120 1921 3177 praec.
1955 3114 2001 3176 ο
2101 3101 2198 3156 521
2245 3099 2493 3156 Silvester
2531 3117 2669 3171 papa
2698 3099 2921 3155 XXXII
2944 3101 3060 3173 (50)
3091 3103 3224 3157 sedit
3260 3119 3426 3158 annos
3473 3120 3635 3170 unt,

411 3199 518 3254 509
559 3197 742 3254 Occiso
774 3199 987 3267 Severo,
1009 3208 1143 3267 etc.,
1174 3210 1234 3255 nt
1256 3201 1322 3256 A.
1357 3216 1449 3255 an.
1482 3214 1646 3269 praec.
2037 3210 2237 3249 menses
2264 3209 2319 3259 χ,
2343 3193 2434 3264 qui
2460 3193 2697 3247 discessit
2724 3193 2893 3263 pridie
2912 3192 3040 3248 Kal.
3056 3194 3186 3250 Jan.

414 3293 523 3348 310
559 3290 801 3348 Galerius
832 3291 1191 3348 Naximianus
1232 3292 1657 3349 Christianorum
1690 3306 1931 3359 persecu-
2109 3286 2216 3342 322
2255 3284 2551 3340 Concilium
2589 3287 2643 3339 in
2675 3284 2864 3341 Nictea
2885 3297 3233 3357 congregatur
3259 3304 3489 3347 cccxvm
3516 3293 3633 3363 epi-

340 3395 450 3447 tor.
483 3385 658 3440 dicina
699 3385 901 3440 ultione
936 3395 1129 3453 tactus,
1168 3403 1383 3457 parcere
1413 3386 1729 3440 Christianis
1746 3384 1931 3455 jussit.
2036 3394 2310 3448 scaporum
2331 3376 2424 3431 sub
2452 3376 2703 3433 Silvestro
2725 3394 2883 3448 papa,
2908 3378 2964 3433 in
2998 3395 3099 3450 quo
3126 3380 3285 3435 Arius
3309 3383 3625 3438 condemna-

415 3472 516 3528 311
560 3473 883 3528 Maximinus
913 3472 1096 3530 Caesar
1127 3476 1537 3546 persecutionem
1583 3483 1843 3528 restaurat
1885 3484 1933 3527 et
2036 3481 2142 3535 tur,
2167 3478 2216 3523 et
2239 3469 2571 3539 septuaginta
2598 3467 2829 3537 capitula
2861 3471 3272 3539 constituuntur,
3302 3474 3439 3528 sicut
3464 3475 3625 3529 Athav

341 3567 454 3636 ip“
479 3570 719 3625 ηιονίιην,
1830 3596 1835 3601 .
2038 3558 2219 3612 nasius
2250 3558 2397 3622 dicit,
2429 3558 2519 3628 qui
2543 3558 2709 3612 eidem
2747 3560 2948 3629 synodo
2974 3561 3230 3631 interfuit.
3265 3562 3400 3619 Nota
3431 3566 3631 3635 margi-

416 3659 523 3715 312
560 3658 746 3717 Petrus
776 3661 1117 3718 Alexandria:
1144 3662 1414 3734 episcopus
1437 3660 1690 3731 martyrio
1712 3676 1934 3715 corona-
2035 3649 2173 3705 nalis
2198 3648 2448 3703 Bernoldi
2481 3666 2493 3703 :
2527 3647 2663 3705 Sunt
2683 3666 2748 3704 ea:
2776 3649 2959 3706 Nicaea
2986 3654 3156 3708 decies
3176 3665 3387 3724 septena
3408 3666 3632 3722 statuta,

341 3762 455 3817 tur,
491 3768 587 3823 pro
612 3753 978 3825 quorAchillas
1009 3753 1149 3809 XVII
1194 3755 1350 3820 sedit,
1388 3755 1456 3809 al.
1488 3770 1539 3809 a.
1578 3752 1701 3807 511.
1735 3752 1932 3824 Magna

1797 3770 1932 3824 agna
2034 3744 2168 3796 sicut
2189 3741 2508 3796 Athanasius
2545 3742 2725 3797 scribit
2743 3743 2901 3797 simul
2932 3753 2979 3799 et
3000 3762 3138 3815 papa
3168 3745 3401 3803 Marcus.

344 3841 513 3911 fames
535 3854 581 3897 et
608 3843 715 3898 lues
738 3846 795 3898 in
820 3855 1182 3915 persecutores
1206 3846 1348 3915 facta
1371 3856 1468 3901 est.
1592 3906 1598 3912 ,

2105 3836 2210 3891 525
2259 3833 2564 3890 Vicennalia
2591 3833 2926 3890 Constantini
2962 3836 3140 3892 Roma:
3166 3848 3303 3893 acta.

417 3930 527 3984 313
563 3917 891 4000 Ρεηεευιεο,
928 3943 988 3989 ut,
1013 3935 1078 3988 Α,
1112 3950 1205 3988 an.
1237 3950 1401 4004 ριοίρρ,
2108 3928 2213 3982 527
2251 3925 2627 3982 Constantinus
2661 3927 2956 3993 Sarmatas,
2990 3929 3189 3986 Gothos
3211 3942 3258 3987 et
3282 3933 3477 3988 multas
3532 3952 3630 3990 na-

316 4062 321 4063 κ
412 4020 523 4077 514
563 4022 941 4081 Constantinus
990 4025 1317 4082 Maxentium
1343 4028 1485 4083 civili
1517 4027 1673 4094 bello,
1708 4027 1816 4082 Deo
1836 4027 1920 4099 ju-

1708 4027 1816 4082 Deo
1836 4027 1958 4099 ju-‘
2034 4020 2201 4074 tiones
2230 4018 2466 4072 Romano
2485 4019 2658 4072 subdit
2694 4019 2931 4089 imperio,
2965 4021 3035 4076 al.
3072 4037 3124 4076 a.
3152 4023 3277 4079 332.

340 4119 519 4178 tante,
552 4114 690 4184 apud
714 4126 923 4187 pontem
956 4114 1372 4179 Molviumuicit.
1670 4150 1671 4153 η
2102 4113 2210 4169 328
2249 4110 2626 4169 Constantinus
2649 4112 2961 4185 Byzantium
2985 4116 3165 4171 urbem
3189 4119 3470 4187 reparavit,
3493 4130 3541 4175 et
3563 4134 3625 4174 ea

320 4265 325 4271 ,
414 4202 523 4260 515
561 4202 886 4261 Maximinus
917 4205 1099 4269 Cresar
1131 4223 1251 4260 cum
1293 4224 1483 4277 magno
1512 4209 1750 4264 cruciatu
1778 4209 1928 4264 mise-
2033 4222 2131 4260 suo
2185 4205 2391 4260 nomine
2446 4204 2953 4274 Constantinopolim
2999 4205 3274 4277 appellavit
3335 4217 3384 4263 et
3451 4209 3629 4265 sedem

344 4293 586 4349 rabiliter
610 4306 657 4350 et
678 4297 833 4367 digne
860 4297 1106 4362 moritur,
1142 4298 1212 4353 al.
1243 4314 1295 4352 a.
1327 4298 1451 4356 313.
2037 4295 2270 4350 Romani
2294 4296 2439 4367 regni
2467 4312 2581 4350 eam
2620 4311 2731 4349 esse
2756 4296 2940 4364 voluit,
2966 4297 3042 4352 al.
3071 4314 3162 4353 an.
3185 4298 3310 4355 329.

410 4385 522 4442 316
558 4383 805 4452 Plurimi,
842 4396 977 4455 etc.,
1007 4397 1067 4444 ιιι
1093 4388 1158 4444 A.
1182 4406 1270 4445 an.
1305 4406 1390 4462 pr.
1638 4398 1641 4399 ⁷
2105 4387 2210 4442 329
2247 4386 2585 4443 Alexandria:
2628 4386 2947 4444 Athanasius
2992 4389 3263 4461 episcopus
3304 4391 3584 4447 ordinatur
3610 4433 3626 4460 ,

412 4477 518 4534 518
555 4476 788 4534 Licinius
842 4477 1028 4534 Ctesar
1081 4482 1252 4552 primo
1305 4483 1469 4537 bonus
1511 4481 1927 4539 Christianorum
1960 4476 2007 4533 ῐ)

731 4497 788 4534 us
842 4477 1028 4534 Cwsar
1081 4482 1252 4552 primo
1305 4483 1469 4537 bonus
1511 4481 1927 4539 Christianorum
1960 4476 2007 4533 ῐ)
2033 4478 2104 4533 aI.
2130 4495 2183 4533 a.
2208 4478 2335 4534 328.

345 4568 504 4635 ultor,
523 4586 679 4640 praua
704 4580 895 4625 contra
917 4568 1318 4627 Constantinum
1339 4574 1671 4639 machinans,
1696 4584 1743 4629 et
1768 4572 1924 4630 Chri-
2103 4569 2211 4626 330
2250 4570 2365 4626 Hoc
2380 4582 2610 4643 tempore
2628 4568 2751 4626 Indi
2769 4580 2816 4626 et
2839 4570 2868 4627 I
2874 4572 2982 4627 beri
3002 4574 3295 4648 adiciuntur
3317 4573 3626 4629 Christiani.

344 4659 542 4716 stianos
569 4677 903 4733 persequens,
933 4662 1097 4717 uictus
1124 4662 1256 4718 bello
1282 4664 1481 4718 interiit
1506 4663 1642 4736 (54).
1674 4663 1932 4720 ΜειοΙιία-

797 4677 903 4726 ens,
933 4662 1097 4717 uictus
1124 4662 1256 4718 bello
1282 4664 1481 4718 interiit
1506 4663 1642 4736 (54).
1674 4663 1932 4720 ΜειοΙιία-
2035 4663 2190 4720 Socr.
2218 4679 2269 4719 a.
2300 4664 2401 4720 327

346 4750 434 4803 des
471 4767 605 4819 papa
633 4748 829 4806 XXXI
859 4750 993 4805 sedit
1022 4754 1174 4808 annis
1207 4769 1282 4820 tv,
1323 4753 1448 4808 obiit
1483 4770 1532 4808 tv
1558 4753 1693 4809 Idus
1719 4752 1930 4809 Janua-
2106 4756 2203 4810 331
2241 4755 2341 4811 His
2357 4757 2675 4828 temporibus
2699 4756 2958 4812 Eusebius
2990 4757 3328 4814 Cwsariensis
3350 4758 3625 4827 episcopus

349 4844 413 4898 ris'
449 4842 583 4915 (55).
2006 4916 2011 4923 ε
2036 4855 2085 4901 et
2110 4846 2373 4902 Iuvencus
2410 4858 2562 4917 poeta
2588 4857 2638 4903 et
2667 4847 2884 4918 plurimi
2908 4850 3145 4906 doctores
3173 4848 3496 4904 claruerunt.
3648 4846 3650 4849 ’

411 4935 515 4990 520
542 4934 656 4990 Hoc
703 4945 939 5005 tempore
973 4933 1307 5021 Alexandria:
1330 4936 1599 5007 presbyter
1627 4935 1788 4991 Arius
1841 4954 1932 4991 ne-
2108 4936 2212 4991 552
2250 4939 2527 5004 Antonius,
2560 4947 2620 4994 ιιι
2640 4939 2703 4992 A.
2732 4952 2821 4992 an.
2859 4954 2977 5009 seq.
3154 4976 3157 4977 ν
3580 5010 3585 5021 1

342 5022 555 5096 [audiuit
595 5026 843 5081 lateresim
901 5015 1212 5082 Arianorum
1250 5028 1426 5084 condit
1476 5027 1572 5083 sub
1626 5026 1928 5084 Alexandro
2108 5027 2214 5083 333
2251 5027 2579 5095 Constantia,
2602 5027 2936 5084 Constantini
2961 5048 3130 5098 soror,
3158 5045 3293 5084 uxor
3314 5015 3631 5090 Liciniimoo

341 5117 573 5178 episcouo
628 5117 724 5172 aui
753 5115 981 5171 Achilla:
1006 5122 1268 5176 successit.
2038 5119 2193 5174 ritur.
2952 5128 2955 5131 ’

1859 5230 2097 5291 ΝΟΤΕ.

380 5343 513 5432 li”)
550 5343 776 5432 nam
804 5343 1425 5432 P°.'!““°".‘!'.§.5ilte$l"i
1464 5357 1675 5432 specta!
1713 5348 1782 5403 ad
1821 5365 1910 5403 ειη·

2031 5343 2183 5432 tinus
2231 5346 2373 5403 enim
2422 5346 2744 5417 juniorjam
2774 5361 2866 5404 an.
2908 5353 3016 5411 318
3067 5352 3250 5410 Caesar
3274 5348 3376 5404 fuit
3432 5366 3632 5408 renun-
