4062 5508
470 279 534 335 79
1310 283 1677 345 IIERMANNI
1712 287 2107 348 CONTRACTI
2144 290 2517 348 AUClENSlS
2562 292 2871 351 MONAClll
3677 295 3760 360 οἳ)

1753 447 1987 503 CODEX
2024 447 2415 506 AUGIENSIS.

536 581 642 642 554
669 578 1059 637 Constantinus
1083 592 1204 634 cum
1236 579 1422 635 liberis
1452 581 1566 635 suis
1613 580 1939 636 honoriﬁcas
1984 582 2050 637 ad
2079 588 2127 644 Α
2225 584 2330 638 545
2358 582 2588 655 Eclipsis
2620 584 2748 639 solis
2775 582 2915 639 facta
2943 592 3047 650 est,
3071 594 3125 640 et
3156 594 3317 642 tcrrze
3339 596 3518 645 motus
3568 591 3766 646 auritas

471 672 769 733 Antonium
796 671 1007 727 litteras
1030 671 1215 726 mittit.
1242 670 1395 726 Hier.
1423 690 1475 727 a.
1499 672 1621 727 557.

536 761 641 819 555
678 759 1091 817 Tricennalibus
1141 759 1484 816 Constantini
1530 760 1833 816 Dalmatius
1880 760 2061 815 Czesar

466 851 787 925 appellatur.
820 849 970 904 Hier.
1000 868 1052 903 a.
1078 851 1202 905 557.

540 944 652 1016 29
671 942 777 998 ’556
806 942 1217 1016 Constantinus,
1247 942 1371 996 dum
1394 941 1589 997 bellum
1616 942 1670 995 in
1690 940 1885 996 Persas
1899 954 2060 1009 para-

470 1045 575 1101 ret,
599 1035 739 1111 apud
769 1015 1133 1089 Nicomediam
1160 1033 1294 1089 obiit
1323 1049 1465 1089 anno
1488 1033 1663 1088 astatis
1690 1050 1813 1088 un
1869 1033 1941 1087 al.
1970 1050 2061 1086 an.

472 1130 599 1185 557.

546 1220 653 1276 557
683 1218 772 1291 (In
809 1237 975 1291 marg.
1031 1218 1378 1276 Constantius
1424 1215 1643 1281 XXXV,
1674 1215 2064 1272 Constantinus

469 1324 526 1369 et
552 1311 822 1368 Constans
846 1326 974 1365 ann.
1005 1325 1151 1372 χιιι,
1182 1325 1353 1364 mens.
1378 1325 1431 1375 ι’,
1459 1309 1576 1363 dies
1596 1309 1739 1377 xm.)
1767 1305 2065 1360 Dalmatius

469 1401 653 1459 (ἔθεεν
677 1400 911 1456 factione
935 1400 1237 1456 Constantii
1264 1398 1542 1470 patruelis,
1576 1406 1633 1452 et
1662 1395 1893 1450 tumultu
1925 1394 2065 1449 mili-

473 1492 574 1546 tari
606 1489 950 1549 interﬁcitur.
983 1490 1136 1546 Hier.
1168 1508 1222 1546 α.
1250 1490 1375 1545 559.

538 1582 646 1639 558
667 1581 1018 1640 Constantius
1043 1581 1243 1636 Ariana
1282 1580 1474 1636 haeresi
1506 1594 1602 1650 per
1630 1577 1891 1632 Arianum
1942 1587 2065 1644 prc-

471 1673 771 1747 sbyterum,
836 1681 892 1729 et
945 1672 1239 1728 Eusebium
1289 1669 1753 1727 Nicomediensem
1810 1664 2066 1737 pollutus,

458 1760 825 1819 Athanasium
859 1764 1195 1833 episcopum,
1223 1770 1279 1817 et
1326 1777 1515 1817 omnes
1566 1776 1671 1816 non
1728 1771 1838 1813 sua:
1891 1755 2061 1826 partis

472 1855 757 1926 episcopos
780 1855 1147 1926 persequitur.
1183 1854 1337 1908 Hier.
1368 1872 1419 1908 a.
1447 1853 1575 1910 540.

2165 677 2329 730 urbes
2353 677 2637 732 subvertit.
2661 675 2813 731 Hier.
2840 693 2894 730 a.
2925 693 3031 749 seq.
3065 688 3114 732 et
3136 678 3261 734 548.

2232 767 2342 839 3o
2367 768 2471 824 546
2502 767 2699 826 Tribus
2723 768 2912 825 diebus
2941 784 3007 823 ac
3042 771 3290 827 noctibus
3315 770 3488 827 Roma
3523 774 3759 843 natavit,

2163 871 2220 914 et
2245 860 2554 932 Campaniae
2582 861 2745 918 urbes
2770 870 2997 917 vexatae.
3026 861 3177 918 Hier.
3204 863 3260 918 h.
3292 882 3346 919 a.
3380 865 3537 921 habet
3588 875 3757 923 nuta-

2166 962 2261 1004 \'ll.
3730 962 3735 967 “

2234 1040 2338 1095 517
2374 1039 2579 1096 Bellum
2609 1051 2799 1098 contra
2846 1041 3043 1126 Persas
3071 1043 3277 1115 geritur
3306 1046 3456 1119 gravi
3480 1044 3763 1106 Romano-

2166 1146 2285 1185 rum
2313 1134 2529 1188 damno.
2560 1132 2712 1187 Hier.
2745 1151 2798 1188 a.
2829 1134 2957 1191 549.

2234 1222 2340 1278 548
2375 1223 2559 1280 Romae
2610 1225 2895 1282 ordinatur
2952 1224 3216 1294 Liberius,
3252 1244 3360 1299 quo
3410 1230 3480 1285 ab
3534 1231 3762 1289 Arianis

2166 1312 2392 1382 expulso
2425 1311 2575 1366 Felix
2603 1313 2656 1367 in
2700 1312 2818 1382 ejus
2847 1315 3025 1371 locum
3056 1317 3405 1372 substituitur
3432 1318 3567 1389 (57).
3603 1319 3761 1376 Hier.

2164 1419 2219 1455 a.
2244 1402 2368 1456 550.
2932 1418 2937 1423 ‘

2236 1493 2342 1549 549
2363 1492 2630 1550 Constans
2666 1494 2992 1551 interﬁc'tnr
3028 1512 3171 1552 anno
3226 1499 3405 1554 aetatis
3458 1514 3587 1553 xxx.
3639 1497 3763 1554 Ma-

2166 1586 2416 1657 gnentius
2441 1595 2497 1642 et
2516 1586 2607 1640 alii
2639 1586 2791 1642 multi
2823 1589 3147 1643 conturbant
3166 1589 3576 1660 rempublicam.
3601 1588 3760 1646 Hier.

2166 1698 2220 1734 a.
2251 1679 2376 1736 551.

2234 1772 2344 1827 550
2370 1770 2464 1826 llis
2491 1773 2825 1842 temporibus
2854 1787 2980 1828 ossa
3010 1774 3276 1829 Timothei
3323 1784 3378 1829 et
3413 1773 3472 1829 S.
3521 1774 3763 1833 Andretn

2172 1862 2563 1932 apostolorum,
2590 1872 2647 1918 et
2673 1861 2834 1919 Lucae
2858 1864 3202 1935 evangelista:
3228 1864 3767 1936 Constantinopolim

544 1947 651 2004 339
678 1946 1070 2003 Constantinus
1110 1946 1309 2002 bellum
1361 1945 1516 2000 fratri
1571 1945 1890 2003 Constantio
1926 1947 2068 2004 iule-
2093 1955 2142 2015 Β
2172 1955 2384 2010 invecta
2407 1962 2553 2010 sunt.
2583 1954 2737 2010 Hier.
2766 1973 2821 2010 a.
2858 1956 2983 2023 557,
3019 1957 3146 2013 559.

473 2052 622 2104 rens,
644 2036 801 2107 juxta
824 2036 1125 2108 Aquileiam
1149 2035 1436 2092 occiditur.
1462 2034 1613 2091 Hier.
1642 2054 1698 2092 α.
1724 2037 1823 2093 541
1840 2078 1856 2105 ,
1898 2038 1971 2093 al.
2008 2056 2064 2094 α.

474 2127 603 2183 540.

544 2219 651 2274 540
684 2216 869 2274 Terra:
889 2227 1069 2274 motus
1097 2216 1293 2274 multas
1317 2217 1478 2273 urbes
1502 2218 1787 2273 subvertit.
1816 2217 1967 2273 Hier.
2008 2236 2062 2273 α.

475 2310 603 2365 542.

546 2402 644 2458 541
682 2402 930 2459 Francia
966 2403 1265 2459 Constante
1301 2402 1591 2472 Pc'rdomiti
1617 2402 1669 2457 in
1690 2416 1879 2474 pacem
1918 2417 2067 2460 reco-

475 2494 550 2566 pti
576 2504 721 2551 sunt.
764 2494 915 2550 Hier.
947 2512 999 2549 a.
1030 2512 1140 2567 seq.

545 2584 652 2642 542
678 2585 1141 2658 Constantinopoli
1173 2585 1348 2656 ejecto
1382 2587 1450 2642 ab
1478 2586 1694 2643 Arianis
1742 2587 1914 2643 Paulo
1948 2589 2066 2658 epi-

474 2693 661 2752 scopo,
693 2678 1039 2733 MacedOnius
1070 2679 1460 2734 haeresiarchas
1490 2679 1542 2733 in
1588 2678 1762 2734 locum
1799 2676 1917 2746 ejus
1939 2680 2068 2735 sub-

477 2773 753 2829 stituitur.‘
784 2771 937 2827 Hier.
964 2789 1017 2826 a.
1048 2771 1174 2826 545.

546 2862 652 2917 545
684 2861 797 2919 Hoc
820 2871 1062 2932 tempore
1084 2860 1405 2917 Maximinus
1419 2862 1765 2917 Trevirorum
1782 2862 2068 2933 episcopus

476 2953 694 3021 claruit,
715 2969 744 3008 a
770 2970 879 3025 quo
903 2954 1233 3008 Athanasius
1257 2970 1287 3007 a
1311 2952 1629 3009 Constantio
1658 2954 1917 3025 profugus
1939 2969 2066 3010 sus-

475 3045 695 3117 cipitur.
728 3044 879 3100 Hier.
903 3063 959 3098 a.
985 3061 1095 3114 seq.

548 3132 652 3187 544
678 3132 1007 3188 Athanasius
1032 3132 1097 3186 ad
1123 3132 1436 3189 Constantis
1454 3132 1663 3188 litteras
1686 3133 2065 3191 Alexandriam

477 3224 800 3295 ngreditur.
835 3223 988 3279 Hier.
1015 3242 1069 3278 a.
1094 3225 1226 3281 546.

2236 2044 2334 2102 551
2365 2044 2554 2100 Callus
2580 2044 2881 2100 Constantii
2908 2047 3167 2117 patruelis
3201 2049 3384 2104 Caesar
3409 2047 3605 2104 factus.
3648 2046 3765 2104 Ha-

2168 2139 2419 2213 gnentius
2440 2139 2675 2208 seipsum
2700 2138 2919 2194 occidit.
2946 2137 3098 2194 Hier.
3127 2140 3181 2193 Ιι.
3210 2157 3262 2193 a.

2237 2230 2343 2287 352
2379 2230 2647 2286 Antonius
2698 2231 2997 2287 monachus
3040 2247 3105 2287 cv
3134 2233 3310 2287 :etatis
3351 2248 3464 2289 sua:
3520 2248 3664 2289 anno
3710 2234 3767 2292 in

2164 2336 2355 2378 eremo
2409 2321 2659 2376 moritur.
2711 2318 2862 2374 Multi
2908 2320 3150 2375 eremiue
3193 2324 3531 2389 claruerunt,
3583 2321 3658 2376 al.
3706 2338 3766 2377 α.

2167 2414 2294 2471 556.

2237 2504 2343 2560 555
2373 2502 2561 2560 Gallus
2586 2500 2769 2559 Caesar
2789 2502 3076 2558 occiditur.
3110 2500 3427 2557 Victorinus
3479 2501 3672 2557 rhetor
3704 2511 3765 2559 et

2171 2594 2417 2648 Donatus
2466 2591 2850 2663 grammaticus
2888 2590 3129 2662 insignes
3185 2591 3471 2646 habentur.
3520 2588 3676 2647 Hier.
3707 2606 3773 2652 α.

2166 2682 2296 2737 555.
3438 2698 3441 2701 ‘

2238 2773 2344 2829 554
2367 2772 2615 2828 Julianus
2628 2771 2811 2826 Cmsar
2828 2768 3060 2826 edicitur
3080 2787 3109 2825 a
3132 2770 3473 2827 Constantio.
3499 2772 3771 2829 Eusebius

2168 2866 2531 2923 Vercellensis
2581 2875 2638 2919 et
2687 2864 2974 2935 Dionysius
3015 2862 3427 2919 Mediolanensis
3472 2880 3596 2920 cum
3644 2865 3774 2922 aliis

2166 2940 2508 3015 exsulantur.
2540 2954 2694 3010 Hier.
2724 2971 2779 3008 α.
2810 2952 2935 3009 556.

2237 3049 2343 3104 555
2365 3047 2570 3118 Magnae
2589 3045 3014 3100 Alamannorum
3034 3044 3203 3114 capia:
3224 3045 3366 3114 apud
3381 3044 3776 3116 Argentarium

2170 3139 2286 3210 (58)
2315 3139 2505 3194 deleta:
2525 3146 2654 3193 sunt
2683 3152 2713 3191 a
2738 3135 2954 3190 Iuliano
2979 3134 3215 3191 Caesare.
3246 3133 3373 3191 Zos.
3401 3153 3452 3190 a.
3481 3135 3610 3192 557.

1470 3381 1925 3446 COMPENDlUM
1968 3382 2057 3439 EX
2097 3380 2343 3441 CODICE
2379 3377 2747 3435 BERNOLDI.

549 3540 657 3599 554
692 3532 1068 3598 Constantinus
1096 3539 1151 3593 in
1172 3538 1430 3593 Arianum
1455 3534 1646 3611 dogma
1674 3539 1868 3594 labitur
1893 3535 2030 3609 (59).
2094 3540 2141 3602 C
2240 3535 2346 3590 545
2385 3533 2602 3589 Marcus
2624 3550 2760 3604 papa
2786 3529 3045 3587 XXXIII
3069 3532 3181 3604 (60)
3208 3533 3341 3589 sedit
3362 3537 3519 3590 annis
3537 3537 3775 3610 duobus,

550 3632 660 3689 555
696 3632 1095 3696 Constantinus,
1122 3630 1249 3684 dum
1287 3629 1474 3684 bellum
1509 3631 1564 3685 in
1610 3630 1801 3686 Persas
1837 3636 2072 3699 pararet,

484 3725 626 3798 apud
658 3721 1025 3778 Nicomediam
1046 3720 1195 3785 obiit,
1219 3736 1359 3774 anno
1383 3722 1553 3775 (etatis
1579 3720 1667 3775 66.
1698 3720 1845 3775 llier.
1873 3734 1924 3771 a.
1946 3716 2072 3772 558.

492 3844 565 3859 -
590 3813 931 3870 Constantius
976 3810 1123 3881 ﬁlius
1162 3808 1494 3864 Constantini
1524 3826 1640 3863 cum
1664 3808 2006 3863 Constantino
2027 3816 2074 3859 et

484 3909 767 3965 Constante
787 3906 1039 3977 fratribus
1069 3905 1221 3958 annis
1236 3918 1384 3971 xxiv,
1414 3903 1675 3957 mensibus
1700 3916 1755 3967 v,
1777 3900 1957 3954 diebus
1975 3914 2072 3953 xm

487 4006 858 4071 regnaverunt.

557 4088 662 4144 556
700 4085 1042 4141 Constantius
1083 4101 1175 4155 per
1203 4086 1457 4139 Arianum
1491 4085 1843 4155 presbyterum
1878 4093 1926 4137 et
1964 4081 2080 4135 Eu-

460 4180 687 4236 ‘sebium
715 4176 1167 4233 Nicomediensem
1193 4174 1255 4244 fit
1302 4175 1534 4228 Arianus
1564 4184 1610 4228 et
1641 4174 1922 4227 catholicos
1960 4187 2078 4243 per-
2115 4178 2120 4184 '

487 4285 928 4420 agitamus
953 4360 1232 4416 Nisibinus
1262 4359 1537 4413 virtutibus
1581 4358 1792 4412 claruit.
1825 4356 1971 4413 Hier.
2022 4372 2073 4411 a.

487 4456 610 4513 559.
627 4454 940 4509 —Dalmnti
947 4471 1005 4508 us
1021 4452 1205 4508 Cwsar
1230 4453 1505 4506 occiditur.

557 4547 663 4605 359
703 4545 880 4601 Terra:
898 4555 1070 4601 motus
1107 4544 1302 4599 multas
1333 4544 1484 4598 urbes
1508 4543 1690 4600 diruit.

557 4640 665 4699 540
701 4639 935 4705 Franci,
967 4649 1104 4705 etc.,
1128 4648 1187 4693 ttt
1214 4640 1353 4709 Aug.
1384 4655 1437 4693 a.
1462 4653 1578 4709 seq.

561 4731 662 4787 541
704 4728 1225 4800 Constantinopoli...
1266 4728 1623 4795 substituitur,
1657 4737 1713 4784 ut
1751 4729 1816 4784 A.
1842 4745 1933 4784 an.
1958 4745 2073 4801 seq.

568 4823 676 4879 542
702 4822 819 4877 Hoc
848 4832 1073 4893 tempore
1098 4819 1423 4876 Maximinus
1453 4818 1783 4874 Trevirorum
1806 4821 2075 4890 episcopus

492 4914 669 4970 clarus
690 4914 930 4978 habetur,
961 4932 994 4967 a
1021 4928 1125 4984 quo
1147 4911 1488 4974 Athanasius,
1516 4910 1853 4965 Alexandria:
1881 4912 2076 4981 episco-
2102 4898 2155 4959 Ι)

491 5023 611 5078 pus,
643 5022 676 5060 a
698 5003 1003 5060 Constantio
1023 5005 1278 5076 profugus
1300 5003 1587 5071 honori/ica
1614 5003 1920 5072 suscipitur.

2176 3626 2415 3682 discessit
2444 3626 2618 3682 Nonis
2641 3623 2901 3681 Octobris.

2242 3717 2353 3773 545
2391 3716 2552 3772 Addit
2576 3734 2590 3770 :
2616 3715 2793 3772 Julius
2809 3713 2999 3769 XXXI
3019 3713 3056 3768 γ
3089 3733 3228 3787 papa
3255 3719 3409 3775 annis
3434 3720 3770 3791 quindecim,

2177 3807 2247 3861 al.
2284 3822 2336 3861 a.
2365 3808 2492 3863 557.

2245 3895 2351 3950 546
2381 3895 2607 3961 Bellum,
2638 3904 2771 3962 etc.,
2796 3903 2854 3950 ιιι
2876 3896 2944 3952 A.
2965 3911 3052 3950 an.
3079 3911 3197 3966 seq.

2247 3987 2350 4042 547
2381 3986 2638 4041 Constans
2660 3987 2804 4040 haud
2845 3985 2995 4055 longe
3039 3988 3104 4041 ab
3144 3987 3408 4058 Hispania
3450 3993 3775 4062 inter/icitur

2179 4094 2318 4133 anno
2349 4078 2523 4132 (etatis
2552 4094 2682 4141 xxx,
2711 4077 2781 4131 al.
2807 4091 2860 4130 a.
2886 4077 3012 4132 550.

2246 4167 2352 4224 549
2390 4167 2490 4223 His
2521 4169 2836 4239 temporibus
2864 4185 3049 4223 ossa...
3072 4168 3225 4223 illata
3258 4181 3405 4239 sunt,
3437 4183 3498 4228 ιιι
3519 4175 3660 4247 Aug.
3711 4193 3769 4233 a.

2179 4276 2294 4330 seq.

2249 4351 2347 4407 35l
2391 4352 2651 4405 Antonius
2677 4354 2960 4405 monachus
2989 4354 3267 4407 centesimo
3294 4357 3477 4424 quiqu
3499 4373 3613 4411 sum
3631 4368 3768 4413 αἰη-

2180 4445 2245 4499 tis
2291 4461 2429 4499 anno
2465 4445 2518 4498 in
2562 4460 2734 4498 eremo
2763 4445 3020 4509 moritur;
3052 4461 3154 4516 quo
3198 4455 3429 4516 tempore
3477 4448 3632 4504 multi
3659 4468 3775 4507 ere-

2178 4537 2317 4589 mitae
2345 4535 2620 4592 virtutibus
2645 4534 2968 4589 claruerunt.
2998 4533 3149 4591 Hier.
3172 4551 3223 4590 a.
3247 4535 3371 4594 558.

2248 4635 2355 4690 552
2398 4635 2695 4690 Victorinus
2748 4636 2922 4689 rhetor
2977 4645 3026 4688 et
3081 4635 3319 4691 Donatus
3389 4643 3773 4708 grammaticus

2179 4724 2362 4781 Romae
2392 4727 2617 4796 insignes
2634 4725 2910 4779 habentur.
2941 4722 3087 4779 Hier.
3115 4741 3165 4779 a.
3203 4727 3328 4782 555.

2247 4819 2353 4875 555
2380 4820 2652 4883 Julianus,
2674 4826 2804 4882 etc.,
2828 4817 2969 4871 utA.
2997 4832 3085 4870 an.
3113 4833 3231 4888 seq.

2248 4909 2354 4965 554
2394 4909 2623 4980 Magum,
2658 4919 2788 4970 etc.,
2817 4916 2876 4962 ut
2896 4906 3036 4976 Aug.
3068 4922 3159 4961 an.
3187 4924 3302 4979 seq.

2250 5000 2354 5056 555
2390 5002 2640 5055 Julianus
2667 4999 2847 5054 Rheno
2873 4997 3161 5055 Germanos
3183 5003 3321 5056 vicit.

2015 5176 2248 5233 NOTE.

567 5314 681 5386 (57)
716 5313 1000 5386 Ordinatio
1028 5313 1229 5386 Liberii
1256 5313 1480 5385 contigit
1513 5327 1601 5368 an.
1632 5310 1761 5378 352,
1789 5319 1843 5366 et
1885 5311 2084 5368 substi-

497 5382 636 5443 tut‘io
660 5386 854 5454 Felicis
877 5403 929 5439 a.
954 5385 1078 5440 355.
1106 5382 1240 5454 Pag.

518 5456 523 5461 ’
572 5456 685 5508 (58)
706 5452 768 5508 ’ld
796 5456 1114 5508 hodiernum
1172 5449 1254 5508 est
1304 5453 1742 5508 Aracntoratum.
1782 5449 1900 5508 Vid.
1952 5452 2083 5508 Am-

2187 5325 2299 5365 suae
2347 5304 2589 5378 tempore
2641 5306 2708 5360 ab
2733 5306 3415 5378 ,EusebioiNicomediensi
3445 5315 3652 5375 Ariano
3675 5320 3777 5377 ha-

2226 5377 2700 5454 tismapeilperam
2733 5377 2986 5454 inussit,
3043 5377 3191 5454 ilum
3247 5385 3468 5454 egregie
3527 5388 3773 5447 vindicat

2229 5450 2379 5508 agius
2408 5443 2460 5503 in
2489 5443 2690 5501 Critica
2733 5443 2945 5500 Baronii
2995 5448 3061 5501 ad
3108 5465 3198 5503 an.
3244 5443 3465 5508 δξι.”η.
3497 5456 3588 5508 14.
3640 5443 3769 5508 atii;-
