4062 5508
354 248 419 303 Si
1567 249 1655 305 Cll
1664 249 1959 309 RONICON

2096 251 2267 307 SJEC.
2303 250 2393 309 IV.
3565 257 3638 313 89.

1663 364 1893 421 CODEX
1926 364 2315 423 AUGIENSIS.

424 472 532 543 31
568 472 676 529 556
709 472 955 530 Julianus
1002 473 1521 531 RheuooGermanos
1562 471 1716 531 vicit.
1753 480 1909 531 Amm
1968 483 2014 538 Α
2043 476 2421 532 tumaJuliano
2442 477 2682 547 privatus
2698 478 2817 534 fuit.
2842 479 3095 538 Hier.an.
3122 483 3430 554 565.—-—(In
3456 502 3633 559 marg.

360 561 607 622 llilarius
632 564 991 620 Pictaviensis
1010 573 1065 620 et
1088 564 1417 622 Athanasius
1441 567 1846 624 Alexandrinus
1866 570 1935 624 ab
2045 564 2302 623 Jovianus
2335 567 2595 634 XXXVII,
2627 586 2796 627 mens.
2831 572 2974 643 vut.)

357 655 579 710 Arianis
610 655 775 711 multa
803 656 939 710 mala
969 657 1114 727 passi
1146 667 1291 714 sunt.

2116 618 3005 731 5'6";im};'iiigiliaii'i.
3051 664 3336 734 xxxvnt,
3369 683 3499 725 alin.
3532 672 3637 740 ιι.)

428 748 537 803 557
574 750 733 820 Apud
774 747 1081 803 Ariminum
1118 752 1354 821 synodus
1395 752 1722 807 Arianorum
1756 766 1946 809 contra
2053 744 2465 805 Valentinianus
2512 750 2723 806 Valenti
2752 751 2907 807 fratri
2948 768 3047 810 suo
3079 754 3317 812 Orientis
3346 758 3631 831 imperium

358 841 521 897 ﬁdem
552 843 692 899 facta
716 852 819 898 est.
845 841 997 899 Hier.
1024 861 1075 898 a.
1103 842 1584 901 560.-—-Paulinns
1613 847 1950 904 Trevirensis
2049 838 2217 892 άθάίι·
2252 837 2403 893 "56"-
2432 858 2484 893 αι
2517 838 2643 895 565-

359 932 654 1003 episcopus
685 933 737 989 in
762 932 954 989 exsilio
984 934 1237 990 moritur.
1269 932 1419 991 Hier.
1454 952 1507 991 α.
1542 936 1667 991 559.

2119 929 2224 985 565
2264 930 2447 985 Romcc
2487 931 2749 987 Damasus
2793 947 2929 1004 papa
2977 934 3262 990 ordinatur
3310 937 3447 1009 (61).
3482 936 3639 996 Hier.

426 1022 537 1079 558
573 1022 821 1079 Julianus
850 1025 1077 1096 Augusti
1103 1041 1299 1081 nomen
1330 1043 1428 1081 usu
1462 1035 1571 1097 pat.
1598 1025 1952 1084 Constantius
2050 1038 2105 1075 α.
2136 1020 2539 1076 Mil—Valens
2564 1022 2632 1076 ab
2655 1022 2896 1079 Eudoxio
2919 1024 3243 1079 Arianorum
3272 1028 3524 1098 episcopo
3550 1027 3644 1107 ba;

358 1115 426 1173 in.
443 1115 674 1171 Parthos
702 1116 907 1194 bellum
927 1127 1112 1188 parat.
1138 1118 1312 1173 Amm.
1342 1136 1398 1172 a.
1425 1117 1553 1174 560.

429 1205 540 1262 559
564 1206 919 1264 Constantius
941 1207 1202 1265 Parthico
1224 1208 1365 1266 bello
1389 1209 1614 1264 dimisso
1634 1216 1823 1264 contra
1852 1206 1950 1264 Ju-

359 1294 565 1351 liaaum
594 1312 746 1353 arma
774 1299 961 1354 sumit.
999 1300 1268 1355 Ammian.

428 1387 538 1443 560
574 1387 925 1446 Constantius
956 1391 1187 1457 moritur
1232 1406 1378 1447 anno
1416 1394 1596 1450 :etatis
1642 1410 1764 1449 xu.
1797 1394 1947 1449 Hier.

359 1497 410 1534 α.
438 1475 566 1538 562.

2049 1112 2284 1183 ptizatus
2311 1111 2651 1169 Christianos
2681 1115 3045 1186 persequitur.
3086 1115 3239 1171 Hier.
3270 1136 3325 1173 a.
3352 1119 3477 1175 568.

2121 1202 2227 1260 566
2246 1203 2573 1272 Gratianus,
2624 1203 2990 1261 Valentiniani
3025 1206 3185 1273 lilius,
3243 1207 3541 1280 imperator
3564 1208 3646 1266 el-

2054 1294 2254 1349 licitur.
2285 1293 2425 1350 Vera
2470 1294 2591 1350 lana
2633 1296 2827 1367 pluvia:
2878 1298 3039 1353 mista
3085 1300 3152 1355 de
3200 1300 3433 1356 nubibus
3469 1300 3644 1359 ﬂuxit.

2055 1383 2208 1440 Hier.
2241 1403 2295 1439 α.
2325 1384 2451 1441 568.
2518 1382 2521 1387 ’

2124 1475 2226 1531 567
2268 1475 2645 1532 Athanaricus
2677 1493 2774 1532 rex
2803 1476 3102 1535 Gothorum
3148 1479 3489 1539 Christianos
3516 1466 3640 1556 per;

426 1570 528 1625 561
570 1570 662 1643 (In
684 1572 1525 1645 marg.1ulianusXXXVI,ann.
1556 1594 1785 1645 r,men5.
1810 1579 1953 1652 vm.)
2055 1572 2304 1642 sequitur
2347 1570 2484 1642 (62).
2530 1571 2766 1626 llilarius
2809 1560 3096 1646 episcopus
3126 1574 3484 1633 Pictaviensis
3530 1594 3647 1654 Ino-

360 1660 612 1718 lulianus
639 1678 704 1719 ex
738 1664 1050 1723 Christiano
1087 1667 1290 1724 lectore
1332 1686 1576 1741 paganus
1622 1671 1798 1728 lactus
1827 1690 1952 1743 per-

361 1757 613 1825 sequitur
643 1756 1010 1816 Christianos.
1040 1763 1390 1830 Athanasius,
1423 1765 1721 1833 Eusebius,
1753 1777 1809 1823 et
1845 1768 1954 1823 Lu-

2058 1665 2217 1719 ritur.
2252 1662 2405 1718 Hier.
2432 1683 2485 1718 a.
2516 1681 2625 1736 seq.
2653 1663 2829 1719 Nicma
2861 1673 3019 1721 terra:
3043 1676 3197 1735 motu
3238 1670 3465 1724 corruit.
3492 1669 3647 1724 Hier.

2057 1773 2109 1811 a.
2144 1756 2266 1813 569.

360 1845 497 1902 citer
520 1849 586 1904 de
613 1849 808 1905 exsilio
832 1861 1202 1908 revertuntur.
1238 1853 1390 1909 Hier.
1422 1873 1483 1914 α.
1517 1856 1731 1911 56.3.—
1755 1857 1951 1933 Pagani
1987 1844 2029 1903 Β
2129 1853 2236 1929 33
2294 1852 2399 1909 568
2453 1853 2719 1910 Eusebius
2764 1854 3121 1911 Yacdlensis
3183 1856 3434 1912 moritur.
3490 1854 3645 1912 Ilier.

363 1938 507 2010 apud
555 1939 821 1998 Sebasten
865 1944 1172 2014 sepulcrum
1219 1945 1277 2002 S.
1328 1944 1552 2003 Ioannis
1592 1947 1847 2020 Baptista:
1876 1951 1960 2006 in~

362 2030 588 2085 vadunt.

433 2121 546 2193 32
580 2124 688 2180 562
734 2123 1013 2195 Julianus,
1061 2130 1128 2186 ad
1178 2131 1377 2188 bellum
1421 2132 1730 2190 Parthicum
1778 2135 1961 2207 prole-

361 2225 486 2270 ειυς
510 2224 570 2270 et
599 2213 1034 2274 Christianorum
1084 2223 1402 2292 sanguinem
1434 2224 1536 2280 diis
1582 2224 1695 2279 suis
1723 2241 1953 2285 vovens.

363 2308 461 2365 Dei
506 2308 709 2380 iudicio
748 2326 777 2365 a
821 2312 1055 2382 quodam
1103 2314 1272 2371 hoste.
1307 2316 1519 2372 occisus
1559 2316 1766 2372 interiit
1814 2334 1956 2374 anno

362 2399 547 2455 aetatis
576 2415 745 2455 xxx".
786 2402 920 2457 Post
950 2418 1108 2473 quem
1138 2404 1398 2461 Jovianus
1434 2406 1730 2476 imperator
1756 2406 1955 2473 lactus,

364 2503 491 2543 cum
532 2491 682 2545 omni
719 2493 963 2549 exercitu
993 2494 1060 2550 ad
1087 2495 1558 2552 Christianitatem
1594 2498 1753 2552 redit.
1779 2498 1955 2553 Amm.

365 2595 424 2631 α.
448 2573 576 2633 565.
603 2608 673 2618 --
692 2580 996 2637 Antiochiae
1022 2584 1259 2654 synodus
1286 2585 1576 2642 haeresiaca
1604 2586 1826 2644 collecta
1852 2598 1954 2644 est.

368 2667 525 2725 Hier.
552 2686 610 2726 tl.
633 2670 759 2736 565,
791 2673 866 2728 al.
892 2693 944 2729 ιι.
977 2674 1101 2730 561.

437 2760 547 2821 565
582 2762 862 2832 Iovianus,
896 2769 947 2822 in
978 2785 1112 2824 nova
1159 2771 1319 2826 domo
1362 2773 1630 2828 recubans
1658 2772 1956 2829 sutl‘ocatns

366 2852 541 2909 odore
571 2871 868 2926 prunarum
899 2868 954 2914 ct
983 2862 1166 2926 calcis,
1194 2863 1461 2929 moritur;
1498 2880 1594 2933 pro
1622 2879 1730 2934 quo
1768 2864 1961 2919 Valen-

370 2944 609 3001 tinianus
637 2956 846 3018 regnat,
872 2950 974 3020 qui,
994 2952 1063 3006 ob
1096 2952 1256 3008 tidem
1277 2952 1479 3011 Christi
1512 2954 1790 3010 tribunatu
1824 2954 1964 3009 mili-

2067 1962 2121 2001 a.
2153 1943 2472 2002 57l.—Hoc
2502 1953 2746 2016 tempore
2774 1945 3103 2015 Apollinaris
3132 1946 3421 2018 episcopus
3460 1946 3638 2003 luere-

2064 2038 2165 2092 sim
2201 2036 2405 2092 condit.
2436 2035 2590 2091 Hier.
2631 2054 2685 2091 a.
2715 2036 2843 2092 576.

2132 2127 2239 2183 569
2278 2126 2472 2198 Magna
2509 2125 2681 2181 fames
2724 2125 2777 2179 in
2810 2124 3068 2198 Phrygia.
3101 2124 3255 2181 Hier.
3289 2144 3341 2179 a.
3381 2125 3506 2181 571.

2133 2216 2261 2273 570.
2300 2215 2397 2272 llis
2450 2217 2642 2273 diebus
2690 2224 2833 2286 post
2875 2216 3131 2271 Auxentii
3184 2215 3371 2271 Ariani
3423 2224 3654 2279 mortem

2062 2309 2385 2366 Ambrosius
2405 2309 2692 2381 episcOpus
2708 2305 3192 2363 Mediolanensium
3213 2308 3499 2363 ordinatur
3515 2307 3653 2380 (65).

2063 2403 2217 2459 Hier.
2243 2422 2296 2458 a.
2326 2403 2453 2460 576.
3624 2392 3629 2399 ’

2134 2495 2229 2552 571
2277 2496 2537 2569 Didymus
2581 2493 2919 2550 Alexandria:
2950 2509 3127 2550 ca-cns
3161 2497 3379 2550 ctaruit.
3416 2491 3566 2549 Hier.
3599 2512 3651 2565 ᾳ.

2062 2587 2170 2644 575
2196 2585 2677 2641 -—Valentinianus
2700 2586 2946 2641 Saxones
2973 2583 3119 2639 cmdc
3139 2582 3474 2654 perdomuit.
3496 2581 3650 2637 Hier.

2066 2695 2120 2733 α.
2150 2677 2288 2744 57ι1ς
2323 2678 2589 2731 Ammian.
2619 2694 2674 2730 a.
2702 2675 2823 2730 570.
3370 2752 3377 2758 4

2132 2773 2239 2828 572
2274 2772 2572 2827 Eunomius
2618 2760 2952 2843 agnoscitur,
2991 2788 3020 2825 a
3055 2786 3164 2841 quo
3215 2771 3437 2825 haeresis
3465 2770 3645 2824 Euno-

2066 2864 2274 2920 miana.
2302 2863 2433 2919 Hier
2458 2881 2510 2918 a.
2538 2863 2664 2918 575.
2688 2892 2759 2903 --
2779 2861 3192 2932 Burgundiones
3215 2859 3370 2930 juxta
3400 2860 3649 2914 Rhenum

2069 2955 2454 3009 consederunt.

1369 3107 1822 3167 COMPENDIUM
1864 3109 1957 3165 EX
1999 3108 2247 3167 (ZODlCE
2287 3106 2655 3165 BERNOLDI.

439 3217 548 3273 556
587 3216 701 3273 Hoc
742 3229 972 3289 tempore
1003 3219 1243 3282 Hilarius
1282 3222 1625 3279 Pietaviensis
1656 3224 1951 3295 episcopus,
1983 3235 2031 3298 α
2128 3222 2234 3280 562
2269 3221 2513 3295 Synodus
2542 3221 2787 3277 lueretica
2827 3219 3119 3275 Antiochia:
3164 3219 3307 3288 facta
3337 3224 3433 3272 cst.
3462 3248 3532 3260 —
3558 3217 3658 3273 Jo-

374 3324 421 3365 et
474 3312 798 3366 Athanasius
846 3312 1236 3369 Alexandrinus
1271 3325 1320 3370 et
1363 3333 1540 3371 omnes
1573 3316 1817 3371 catholici
1846 3317 1957 3388 epi-

374 3404 513 3475 scopi
562 3403 727 3459 multa
771 3406 837 3459 ab
885 3407 1099 3461 Arionis
1150 3406 1292 3461 mala
1339 3409 1569 3479 perpessi
1620 3418 1760 3464 sunt.
1808 3408 1957 3464 llier.

372 3512 423 3550 a.
448 3510 572 3567 seq.

440 3589 548 3645 557
600 3591 752 3661 Apud
804 3591 1104 3647 Ariminum
1153 3591 1385 3662 synodus
1436 3592 1540 3648 400
1593 3593 1955 3665 episcoporum

374 3679 693 3734 Arianorum
724 3690 912 3736 contra
938 3680 1095 3750 ﬁdem
1132 3681 1276 3752 facta
1310 3693 1407 3748 est,
1443 3684 1511 3738 al.
1544 3700 1595 3738 a.
1624 3685 1750 3740 559.

442 3768 552 3826 558
589 3767 865 3837 Julianus,
917 3769 1170 3825 bellorum
1219 3788 1462 3827 successu
1505 3772 1698 3838 elatus,
1741 3776 1964 3845 Augusti

362 3876 565 3933 qucrnea
614 3872 855 3932 usurpat.
903 3860 1246 3917 Constantius
1282 3864 1338 3918 in
1384 3862 1613 3920 Parthos
1642 3865 1831 3919 bellum
1867 3883 1963 3934 pa-

373 3950 686 4009 rat.-—Nota
704 3952 1021 4022 ntarginalis
1037 3953 1289 4008 Beruoldi
1307 3972 1319 4009 ;
1338 3954 1577 4011 Liberius
1597 3973 1735 4027 papa
1753 3954 1903 4009 XXX
1924 3953 1963 4007 V

373 4040 507 4094 sedit
558 4058 723 4097 annos
773 4058 885 4099 sex.
948 4040 1067 4108 Quo
1127 4042 1343 4113 expulso
1406 4044 1577 4098 locant
1640 4045 1756 4115 ejus
1812 4043 1967 4098 Felix

373 4150 510 4203 papa
538 4132 694 4187 XXX
709 4132 784 4188 Vl
812 4150 918 4189 uno
943 4151 1085 4189 anno
1117 4135 1405 4206 occupavit,
1431 4147 1479 4189 et
1508 4136 1699 4190 iterum
1726 4134 1964 4191 Liberius

374 4240 486 4279 suae
519 4225 631 4279 sedi
662 4226 975 4280 restituitur.
1026 4225 1175 4281 llier.
1214 4242 1271 4280 a.
1316 4241 1402 4296 pr.
1435 4256 1507 4266 —
1536 4225 1765 4282 Sanctus
1792 4236 1966 4280 autem

374 4318 537 4377 Felix
564 4319 933 4377 Constantium
976 4323 1343 4393 imperatorem
1388 4323 1695 4377 Itwreticum
1724 4338 1834 4376 esse
1872 4322 1963 4375 de-

378 4411 610 4479 clarans,
639 4414 1018 4484 martyrizatus
1047 4424 1121 4469 est
1160 4430 1213 4470 tv
1245 4412 1373 4468 Kal.
1399 4414 1535 4484 Aug.
1561 4413 1699 4485 (6d).

445 4503 552 4559 559
590 4502 1097 4558 Constantius.....
1148 4521 1357 4559 sumens
1407 4504 1654 4559 moritur.
1711 4502 1859 4559 Hier.
1910 4517 1960 4558 a.

2066 3318 2270 3372 vianus.
2300 3357 2313 3370 .
2343 3354 2354 3365 .
2385 3311 2632 3381 moritur,
2687 3322 2747 3367 ut
2795 3314 2933 3384 Aug.
2994 3329 3083 3366 an.
3136 3327 3252 3382 seq.
3300 3341 3371 3352 —-
3426 3309 3659 3366 Valenti-

2068 3409 2259 3462 nianus
2283 3403 2600 3460 XXXVIII
2629 3403 2856 3474 regnavit
2885 3402 3037 3457 antiis
3067 3402 3329 3456 undecim.
3367 3399 3492 3465 Hic,
3520 3412 3654 3465 eun,

2068 3506 2129 3554 ιιι
2155 3498 2223 3554 A.
2257 3515 2343 3553 an.
2376 3512 2473 3567 seq
2650 3499 2662 3513 ‘
3262 3486 3265 3489 ’
3609 3480 3613 3485 θ

2138 3589 2244 3645 565
2292 3587 2688 3643 Valentinianus
2723 3584 2963 3650 Valenti,
2996 3595 3055 3639 nt
3088 3583 3155 3638 A.
3181 3601 3272 3638 an.
3302 3598 3420 3653 seq.

2138 3680 2244 3736 564
2294 3676 2489 3733 Valens
2536 3678 2599 3731 ab
2652 3676 2898 3730 Eudoxio
2930 3676 3252 3729 Arianorum
3278 3669 3536 3744 episcopo
3576 3688 3650 3724 se-

2067 3776 2257 3828 ductus
2287 3782 2334 3826 et
2361 3771 2678 3843 baptizatus,
2716 3778 2830 3839 post
2864 3752 3080 3819 morIem
3122 3764 3306 3830 fratris
3336 3763 3653 3816 orthodoxos

2066 3864 2420 3935 persequitur.
3612 3844 3616 3854 ί

2137 3955 2243 4012 565
2281 3954 2596 4015 Gratianus,
2634 3948 2994 4004 Valentiniani
3037 3947 3206 4018 ﬁiitts,
3236 3944 3511 3999 Ambianis
3560 3944 3658 3997 im-

2066 4055 2276 4116 perator
2301 4044 2539 4115 efficitur.
2585 4039 2716 4095 Vera
2745 4040 2893 4103 lana,
2919 4047 3050 4104 etc.,
3077 4049 3134 4092 ut
3158 4038 3222 4090 Α.
3257 4052 3343 4091 an.
3374 4051 3491 4106 seq.
3610 4102 3615 4105 _

2137 4134 2243 4190 566
2282 4134 2655 4198 Athanaricus,
2701 4148 2792 4186 rea:
2852 4131 3166 4195 Gothorum,
3211 4129 3544 4183 Christianos
3607 4129 3660 4181 in

2067 4246 2166 4284 sua
2219 4239 2369 4300 gente
2430 4226 2776 4297 persequitur.
2854 4225 3000 4280 llier.
3067 4239 3120 4280 a.
3193 4222 3321 4278 576.
3397 4221 3659 4275 Damasus

2065 4339 2205 4394 papa
2233 4317 2512 4374 XXXVII
2539 4319 2672 4373 sedit
2706 4318 2860 4373 annis
2897 4332 3052 4373 xvm.

2137 4413 2241 4469 567
2283 4411 2399 4467 Hoc
2437 4421 2668 4481 tempore
2712 4410 3037 4482 Apollinaris
3072 4407 3345 4462 Laodicea:
3387 4407 3660 4477 episcopus

2065 4508 2220 4580 plura
2246 4507 2474 4576 scripsit,
2502 4505 2591 4560 sed
2620 4513 2799 4574 postea
2830 4504 3053 4557 harresin
3081 4500 3340 4553 condidit.

380 4592 500 4648 562.
528 4624 598 4634 —
627 4593 884 4648 Julianus
913 4591 1160 4648 XXXVI
1188 4603 1431 4664 apostata
1475 4610 1615 4649 anno
1658 4610 1786 4659 uno,
1817 4611 1961 4648 men—
1995 4600 2044 4657 1)
2139 4599 2245 4657 568
2285 4597 2481 4670 Magna
2507 4587 2682 4668 {antes
2700 4598 2754 4650 in
2787 4594 3047 4667 Phrygia.

384 4698 459 4738 ses
502 4694 638 4739 octo.
687 4682 793 4738 Hic
837 4700 903 4739 ea:
949 4683 1252 4740 Christiano
1288 4683 1478 4741 lectore
1517 4702 1758 4757 paganus
1787 4685 1960 4754 factus

384 4774 701 4844 persequitur
726 4773 1080 4829 Christianos.

448 4863 549 4921 560
588 4862 822 4926 Paaani.
849 4904 929 4923 ...
949 4905 966 4923 .
994 4867 1267 4935 invadunt,
1300 4877 1360 4923 ut
1386 4867 1524 4941 Aug.
1556 4885 1646 4924 an.
1677 4883 1792 4939 seq.

448 4959 543 5016 561
583 4959 841 5017 Julianus
876 4961 947 5015 ad
984 4960 1194 5017 bellant.
1225 5000 1241 5017 .
1269 5001 1283 5016 .
1312 5000 1329 5016 .
1352 5003 1368 5019 .
1411 4982 1550 5019 anno
1580 4965 1754 5019 (etatis
1786 4979 1958 5024 xxx".

390 5061 442 5106 ut
467 5052 599 5127 Aug.
636 5070 690 5111 a.
734 5069 859 5126 seq.
880 5085 951 5095 -
977 5054 1235 5113 Iovianus
1276 5054 1431 5111 XXX
1451 5058 1575 5126 VII,
1604 5072 1806 5111 menses
1839 5072 1958 5110 ml.

389 5146 490 5203 Iste
527 5152 711 5207 iterum
755 5167 879 5207 cum
922 5151 1062 5205 onmi
1111 5152 1344 5206 exercitu
1393 5154 1463 5207 ad
1509 5151 1961 5209 Christianitate‘m

392 5240 553 5295 rediit.
592 5243 742 5301 Hier.
775 5258 830 5298 a.
863 5241 990 5297 564.

2134 4690 2241 4745 569
2282 4687 2382 4743 His
2415 4688 2597 4742 diebus
2623 4695 2737 4757 post
2762 4688 3030 4750 Anxentii,
3056 4694 3187 4749 etc.,
3220 4694 3276 4736 ut
3296 4695 3436 4753 Aug.
3461 4699 3513 4737 a.
3541 4698 3655 4753 seq.

2136 4782 2241 4839 570
2288 4779 2691 4834 Valentinianus
2724 4778 2965 4834 Saxones
2996 4779 3051 4831 in
3083 4778 3290 4846 regione
3315 4772 3657 4831 Francorum

2067 4875 2208 4931 crede
2236 4871 2553 4942 perdomuit.

2134 4966 2232 5026 57l
2294 4963 2734 5034 Burgundionum
2792 4961 3056 5032 octoginta
3106 4964 3211 5028 lere
3277 4957 3455 5015 millia
3507 4959 3667 5031 juxta

2068 5059 2307 5114 Rhenum
2337 5055 2704 5109 consederunt.
2732 5052 2915 5107 Amm.
2954 5070 3007 5108 a.
3036 5049 3174 5115 572;
3206 5047 3371 5103 'llicr.
3417 5067 3479 5107 τι.
3506 5044 3629 5103 574.

2139 5147 2247 5205 572
2287 5142 2413 5197 Post
2444 5145 2762 5198 Auxentium
2810 5141 3070 5199 Arianum
3109 5136 3379 5194 Ambrosio
3422 5138 3669 5209 ordiimto

2071 5236 2235 5292 Italia
2262 5233 2333 5287 ad
2361 5244 2554 5287 rectam
2584 5232 2741 5302 ﬁdem
2774 5231 2930 5287 redit.
3621 5216 3625 5243 τ

1887 5350 2123 5410 NOTAE.

457 5471 560 5508 (κη
598 5472 828 5508 Πειρίιιηι
859 5468 911 5508 iul
943 5484 970 5508 ει
1022 5469 1127 5508 KR“
1195 5467 1304 5508 pnn

2144 5463 2259 5508 um
2300 5461 2375 5508 De
2402 5462 2507 5508 han
2539 5460 2901 5508 damnationes
2952 5433 3036 5508 uti.
3075 5469 3133 5508 et
3173 5459 3239 5508 tle
3269 5455 3554 5508 martvrio
3582 5433 3683 5502 Fti'
