4062 5508
342 275 414 328 83
1555 272 1964 330 CHRONICON.
2009 303 2074 314 --
2115 273 2284 330 SEC.
2329 275 2416 329 IV.
2624 311 2632 319 .
3542 278 3612 334 85

1631 448 1860 505 CODEX
1897 449 2294 507 AUGIENSIS.

411 589 523 646 385
564 590 829 645 Maximus
855 592 908 646 in
937 591 1212 645 Britannia
1260 605 1290 642 a
1339 589 1598 643 militibus
1639 589 1933 660 imperator
1961 597 2012 655 Α
2106 586 2208 642 394
2231 587 2466 643 Joannes
2489 587 2836 650 anachoreta,
2863 587 3018 656 cujus
3046 590 3222 646 Vitam
3252 591 3615 666 Hieronymus

342 679 658 743 creatus,ad
677 679 880 736 Gallias
897 677 1596 744 transfretans,Gratiauum
1609 680 1933 748 Augustum,

343 777 525 846 a‘suis
557 777 867 847 proditum,
900 776 1037 831 bello
1081 776 1279 831 victum
1313 774 1551 844 fugavit,
1591 783 1644 830 et
1685 773 1932 845 Lugduni

341 877 562 939 captum
587 871 820 937 occidit;
878 870 1424 938 Valentinianumque
1471 869 1772 940 Augustum
1823 868 1935 923 fra-

342 969 483 1019 trem
517 961 638 1030 ejus
669 963 733 1017 de
761 961 910 1016 Italia
941 963 1008 1016 ad
1041 961 1402 1016 Theodosiqu
1449 960 1500 1014 in
1537 960 1810 1016 Orientem
1839 975 1934 1031 pe-

342 1053 502 1125 pulit,
553 1054 939 1125 Victoremque
984 1047 1150 1109 ﬁlium
1195 1070 1351 1108 suum
1377 1053 1588 1123 imperii
1632 1064 1936 1110 consortem

345 1145 472 1201 fecit
501 1145 645 1213 (75).
679 1144 976 1199 Marcellin.
1005 1162 1062 1198 α.
1097 1145 1222 1199 585.

410 1237 523 1308 36
559 1237 665 1292 588
707 1236 969 1291 Maximus
1022 1245 1282 1308 tyrannus
1327 1251 1355 1290 a
1407 1235 1714 1292 Theodosio
1741 1247 1796 1290 et
1823 1236 1931 1290 Va-

344 1325 650 1381 lcntiuiano
676 1324 932 1395 Augustis
957 1325 1128 1380 victus
1150 1335 1202 1379 et
1225 1334 1438 1394 captus,
1457 1325 1610 1394 juxta
1635 1325 1936 1394 Aquileiam

342 1432 587 1488 purpura
640 1417 884 1488 privatus
914 1417 1092 1486 capite
1137 1415 1406 1485 plectitur,
1457 1424 1513 1470 et
1564 1415 1752 1470 Victor
1797 1416 1939 1471 ﬁlius

344 1509 458 1576 eLus
484 1511 554 1564 ab
584 1511 881 1580 Arhogaste
928 1509 1187 1579 magistro
1239 1508 1466 1562 militum
1497 1508 1549 1562 iu
1593 1507 1783 1564 Galliis
1812 1523 1934 1579 per-

343 1611 561 1672 emptus
609 1611 723 1665 est,
771 1611 827 1656 et
895 1600 1300 1655 Valentinianus
1349 1601 1575 1670 imperio
1633 1601 1934 1656 restitutus.

345 1689 539 1761 Prosp.
573 1691 600 1744 I
607 1692 720 1747 dat.

412 1782 522 1838 389
560 1783 798 1839 Ithacius
822 1792 877 1838 et
906 1783 1165 1839 Ursacius
1193 1783 1430 1852 episcopi
1464 1781 1535 1837 ob
1571 1797 1755 1836 necem
1787 1781 1933 1836 Pris-

344 1872 582 1935 cilliani,
615 1887 778 1940 quem
815 1881 1236 1934 accusaverant,
1269 1870 1523 1924 Ecclesiae
1547 1870 1930 1924 communione

345 1966 654 2033 privamur.
696 1961 882 2031 Prosp.
914 1962 1049 2016 Isid.
1083 1961 1156 2015 De
1189 1960 1328 2015 Viris
1367 1961 1537 2014 illust.

415 2053 527 2108 592
569 2052 975 2108 Valentinianus
1021 2053 1323 2121 Augustus,
1385 2052 1584 2114 nimia,
1644 2062 1704 2106 ut
1752 2052 1930 2118 aiunt,

344 2145 665 2216 Arbogastis
694 2145 1010 2200 austeritate
1032 2145 1155 2198 vitae
1175 2153 1468 2214 pertaesus,
1495 2145 1636 2212 apud
1669 2142 1932 2198 Viennam

344 2241 542 2308 laqueo
585 2239 752 2292 vitam
790 2238 984 2292 ﬁnivit.
1024 2237 1130 2292 Pro
1167 2252 1274 2307 quo
1326 2235 1658 2307 Arbogasles
1709 2236 1934 2290 insimu-

344 2331 488 2385 latus
521 2330 819 2400 Eugenium
847 2331 898 2383 in
922 2329 1092 2383 Gallia
1122 2329 1500 2397 imperatorem
1530 2336 1699 2382 creat.
1741 2324 1928 2396 Prosp.

343 2422 803 2493 ——Hicronymus
851 2422 1081 2485 librum,
1127 2437 1285 2490 quem
1336 2420 1403 2472 de
1451 2419 1582 2474 viris
1636 2417 1936 2474 illustribus

347 2513 606 2568 Ecclesia:
650 2513 902 2581 scripsit,
937 2513 1214 2579 hucusque
1245 2509 1510 2580 perduxit.
1549 2510 1788 2564 Marcell.

341 2640 346 2644 -
416 2603 526 2659 595
559 2602 899 2658 Theodosius
954 2602 1249 2672 imperator
1277 2616 1399 2656 cum
1449 2599 1575 2655 ﬁliis
1618 2601 1854 2658 Arcadio
1882 2611 1935 2656 et

347 2693 588 2753 Honorio
616 2697 791 2753 tribus
821 2694 979 2750 annis
1010 2695 1278 2766 regnavit.
1317 2691 1504 2763 l’rosp.

2037 682 2204 736 edidit
2251 681 2399 752 (74),
2451 682 2814 737 Theodosium
2859 683 2966 754 37
3009 684 3385 755 imperatorem
3430 699 3618 745 contra

2038 771 2336 841 Eugenium
2374 781 2660 842 tyrannum
2695 773 2953 828 victorem
2982 775 3096 858 [ore
3127 778 3392 845 prmdixit.
3428 777 3616 850 Prosp.

2107 862 2212 918 595
2253 861 2592 918 Theodosius
2644 863 2941 932 imperator
2971 865 3232 920 divinitus
3269 867 3483 938 adjutus
3509 868 3619 923 Eu-

2038 955 2255 1024 genium
2301 965 2593 1027 tyrannum
2640 969 2815 1023 pugna
2863 955 3062 1010 victum
3096 959 3352 1027 peremit;
3401 969 3457 1015 et
3507 961 3622 1030 ipse

2038 1046 2228 1100 eodem
2254 1060 2396 1100 anno
2418 1044 2704 1099 Mediolani
2729 1047 2834 1100 vita
2867 1046 3132 1112 decessit,
3155 1058 3207 1102 et
3229 1051 3367 1118 apud
3393 1049 3450 1104 S.
3478 1050 3619 1105 Lau-

2039 1135 2273 1188 rentium
2312 1134 2552 1204 sepultus
2589 1145 2702 1200 est;
2744 1151 2840 1205 pro
2889 1151 2996 1205 quo
3043 1138 3185 1192 ﬁlius
3215 1138 3331 1206 ejus
3361 1140 3624 1194 Arcadius

2039 1241 2162 1280 cum
2194 1225 2360 1280 fratre
2384 1225 2623 1280 Honorio
2649 1242 2824 1282 annos
2851 1228 3109 1283 tredecim
3135 1231 3400 1299 regnavit.
3428 1229 3618 1302 Prosp.

2039 1315 2462 1386 —Augustinus
2506 1316 2763 1372 Ecclesiae
2793 1303 3165 1390 propugnator
3209 1320 3624 1377 facundissimus

2037 1425 2066 1462 a
2101 1409 2335 1465 Maximo
2370 1421 2634 1466 veterano
2659 1413 2914 1483 episc0p0
2944 1413 3454 1486 Hippone-regionis
3483 1415 3626 1471 Afri—

2038 1518 2114 1557 C113
2132 1542 2146 1566 ,
2178 1502 2355 1556 adhuc
2384 1503 2598 1556 vivente
2617 1544 2631 1567 ,
2669 1504 2836 1572 ipsius
2859 1506 3006 1560 urbis
3029 1507 3313 1576 episcopus
3333 1548 3347 1572 ,
3378 1509 3624 1578 quamvis

2040 1592 2268 1657 invitus,
2319 1593 2606 1647 ordinatur
2653 1595 2788 1663 (75).
2830 1595 3042 1650 Possid.
3093 1597 3423 1654 Claudianus
3467 1610 3625 1669 poeta

2038 1683 2218 1739 clarus
2251 1683 2503 1738 habetur.
2531 1683 2770 1740 Joannes
2797 1687 3028 1742 erentita
3065 1689 3320 1758 migravit
3347 1691 3415 1744 ad
3447 1692 3626 1746 Domi-

2037 1791 2270 1829 nunt.——
2290 1773 2580 1844 llucusque
2609 1774 2848 1832 lluiIinus
2870 1777 3290 1834 ecclesiasticam
3321 1779 3616 1835 Historiam

2036 1865 2255 1921 Eusebii
2283 1865 2638 1922 Caesariensis
2663 1867 2931 1939 episcopi,
2958 1884 2986 1921 a
3035 1883 3092 1923 se
3125 1869 3464 1935 translatam,
3502 1887 3624 1942 per-

1967 1949 2008 2008 Β
2037 1959 2212 2014 duxit.

2109 2052 2214 2108 596
2251 2052 2407 2108 Gildo
2431 2069 2613 2108 comes
2635 2054 2834 2110 Africa:
2877 2055 3215 2126 tyrannidem
3246 2056 3374 2112 inibi
3406 2058 3623 2124 invasit,

2040 2159 2164 2200 eam
2196 2144 2298 2199 sibi
2329 2160 2594 2214 usurpare
2630 2161 2985 2214 praesumens.
3017 2145 3141 2200 Zos.

2111 2238 2212 2292 31.7
2251 2237 2490 2293 Concilio
2518 2238 2832 2310 Carthagini
2867 2239 3050 2294 habito
3084 2240 3444 2312 Hipponiense
3492 2257 3626 2298 con-

2042 2330 2226 2385 cilium
2299 2329 2604 2384 roboratur.
2683 2330 2915 2386 Sanctus
2968 2331 3230 2387 Martinus
3286 2333 3625 2387 Turonorum

2041 2422 2327 2492 episcopus
2362 2431 2484 2491 post
2531 2421 2726 2477 multas
2770 2423 3002 2477 virtutes
3037 2423 3289 2494 migravit
3331 2422 3397 2478 ad
3443 2423 3628 2478 Domi-

2043 2531 2170 2570 num
2199 2530 2343 2569 anno
2367 2515 2542 2570 aetatis
2566 2532 2752 2581 um,
2777 2519 3114 2586 epismpatus
3140 2531 3269 2571 vero
3297 2533 3448 2581 χχιιι,
3472 2515 3626 2584 cujus

2041 2606 2208 2660 vitam
2252 2614 2308 2660 et
2355 2607 2582 2661 virtutes
2631 2606 2894 2678 Sulpitius
2927 2608 3158 2663 Severus
3207 2609 3426 2680 egregio
3458 2607 3629 2664 edidit

2041 2694 2181 2766 stylo
2212 2696 2344 2766 (76).
2385 2694 2541 2767 Creg.
2582 2697 2712 2752 Tur.

1324 2871 1772 2928 COMPENDIUM
1810 2871 1902 2928 EX
1937 2869 2183 2928 CODICE
2225 2873 2591 2930 BERNOLDI.

562 3027 642 3080 Hi.
665 3042 916 3096 rsnymus
960 3024 1245 3094 presbyter,
1273 3024 1391 3094 jam
1422 3025 1476 3077 in
1508 3023 1805 3078 Bethlehem
1835 3025 1930 3077 Ita-
1959 3029 2003 3092 C

351 3122 551 3183 bitans,
593 3119 770 3172 clarus
801 3115 1043 3170 habetur.
1078 3114 1267 3183 Prosp.
1304 3114 1359 3168 h.
1390 3131 1440 3168 a.
1465 3144 1537 3156 --
1561 3111 1932 3167 Priscillianus

349 3210 626 3266 hereticus
675 3208 730 3260 in
776 3206 978 3275 synodo
1001 3201 1382 3272 Burdeqalensi
1406 3203 1741 3256 damnandus
1768 3203 1934 3272 fugit,

348 3307 439 3360 sed
489 3303 716 3357 Treviris
767 3302 832 3354 ab
885 3300 1082 3354 Evodio
1131 3298 1379 3369 prafecto
1428 3297 1743 3364 inter/icitur
1799 3294 1936 3367 (77).

335 3394 541 3464 ’Prosp.
582 3395 636 3448 h.
666 3409 718 3446 a.

347 3504 350 3506 '
419 3483 526 3538 536
565 3481 681 3535 Hoc
709 3491 937 3550 tempore
973 3479 1197 3534 Siricius
1230 3494 1366 3547 papa
1404 3476 1610 3546 scripsit
1655 3473 1940 3528 decretalia

349 3576 646 3645 quindecim
658 3573 888 3642 capitula
903 3571 1141 3625 Himerio
1157 3570 1538 3623 Tarraconensi
1548 3569 1784 3638 episcopo
1802 3566 1937 3638 (78).

334 3693 343 3701 ι
421 3666 527 3722 ’588
569 3665 891 3719 Theodosius
971 3665 1237 3720 Anaustus
1301 3660 1592 3715 Maximum
1659 3668 1940 3730 tyrannum

351 3754 606 3824 Aquileia:
643 3755 852 3807 occidit.

421 3842 529 3898 589
572 3841 644 3897 Ut
676 3843 814 3913 Aug.

323 3989 332 3998 ,
420 3933 528 3990 590
571 3931 686 3986 Hoc
709 3944 936 4002 tempore
960 3931 1020 3987 S.
1046 3932 1329 3997 Martinus,
1358 3932 1664 3986 Ambrosius
1691 3933 1937 4001 episcOpi,

354 4024 712 4096 Hieronymus
761 4025 1047 4096 presbyter,
1079 4025 1313 4080 Joannes
1344 4024 1776 4094 Chrysoslomus,
1825 4024 1940 4078 Au-

351 4119 594 4189 gustinus
621 4127 667 4172 et
707 4115 927 4172 Severus
957 4117 1150 4188 aliique
1177 4134 1334 4187 quam
1361 4116 1537 4187 plures
1569 4116 1805 4172 doctores
1829 4114 1936 4170 cla-
1999 4104 2009 4115 ’

324 4269 331 4276 ,
352 4220 591 4264 ruerunt.

2108 3028 2214 3082 592
2261 3025 2663 3084 Valentinianus
2709 3028 2832 3084 dolo
2882 3029 3187 3099 Arbogastts
3236 3043 3422 3101 taqueo
3467 3033 3626 3086 vitam

2039 3119 2205 3188 ﬁnivit
2235 3120 2368 3187 (79).
2402 3119 2779 3190 Hieronymus,
2808 3131 2944 3188 etc.,
2973 3131 3032 3176 ut
3059 3121 3199 3191 Aug.

2111 3213 2216 3267 593
2258 3211 2326 3267 Ut
2351 3213 2486 3282 Aug.

2112 3307 2217 3362 594
2253 3305 2554 3362 Joannes...
2609 3307 2966 3378 Hieronymus
3020 3307 3326 3376 descripsit,
3388 3316 3521 3368 etc.,
3568 3316 3630 3362 ut

2041 3401 2180 3470 Aug.

2115 3494 2219 3548 ’595
2262 3494 2584 3547 Theodosius
2610 3494 2738 3562 imp.
2769 3491 3066 3563 Eugenium
3093 3502 3376 3562 tyrannum
3398 3492 3549 3557 vicit,
3580 3504 3628 3545 et

2044 3586 2154 3653 ipse
2179 3585 2356 3638 eodem
2384 3601 2521 3638 anno
2555 3582 2845 3637 Mediolani
2876 3585 2929 3636 in
2963 3599 3092 3652 pace
3137 3583 3328 3652 quierit
3360 3598 3380 3636 :
3405 3598 3501 3650 pro
3526 3598 3628 3651 que

2046 3675 2302 3729 Arcadius
2329 3684 2377 3728 et
2408 3673 2676 3727 Honorius
2716 3673 2816 3741 ﬁlii
2839 3673 2952 3742 ejus
2979 3673 3132 3726 annis
3157 3688 3272 3725 xm.
3299 3670 3627 3740 Augustinus

2049 3766 2294 3837 Hippone,
2310 3766 2591 3820 ordinatur
2615 3766 2905 3835 episcopus.
2933 3762 3168 3818 Joannes
3192 3765 3406 3816 eremita
3433 3763 3624 3831 migra-

2045 3862 2116 3915 vit
2147 3861 2215 3912 ad
2245 3858 2543 3913 Dominum.

2115 3949 2220 4005 596
2257 3947 2411 4002 Gildo
2439 3964 2608 4002 comes
2636 3947 2868 4016 Africam
2887 3947 2995 4001 sibi
3024 3948 3295 4018 tyrannice
3323 3947 3616 4014 usurpavit.

2114 4043 2216 4100 597
2255 4042 2484 4097 Sanctus
2511 4040 2776 4095 Martinus
2805 4037 3205 4094 Turonorum...
3239 4037 3626 4108 Strcrus'eyre-

2041 4137 2123 4209 gie
2147 4133 2455 4206 composuit.

1871 4358 2104 4417 ΝΟΤΑΕ.

423 4581 537 4652 (73)
581 4580 928 4652 Marcellinus
959 4589 1012 4652 et
1053 4579 1309 4652 Socrates
1342 4593 1528 4632 necem
1574 4574 1816 4652 Gratiani
1845 4589 1935 4626 an.

357 4653 458 4708 583
489 4645 813 4722 consignant
843 4670 856 4704 :
885 4648 1249 4704 Valentiniani
1279 4657 1458 4703 autem
1483 4645 1728 4717 expulsio
1753 4645 1816 4698 ad
1843 4661 1940 4697 au-

358 4741 482 4779 uum
512 4723 615 4778 387
640 4730 869 4787 spectat.

329 4845 336 4856 ,
429 4794 548 4865 (74)
585 4783 712 4865 ΥῘι-Ῑη
740 4789 1128 4865 S._Augusl._l_.
1159 4788 1289 4865 Vnde
1316 4788 1499 4850 Civit.,
1533 4802 1589 4865 ς..
1617 4785 1688 4865 Ξςῑ
1708 4793 1799 4865 ,“et
1829 4783 1941 4836 Ru-

359 4855 574 4927 ﬁnus,'l.
602 4877 639 4914 ιι
664 4861 877 4932 hist.,|e.
905 4855 970 4914 f9
992 4868 1044 4913 et
1064 4860 1151 4932 5‘2.
1182 4859 1360 4932 Vitam
1384 4873 1512 4911 vero
1539 4857 1627 4932 hic
1655 4855 1940 4932 indit-alam

356 4934 412 4987 in
459 4923 716 5002 operibus
747 4923 1148 5002 Sfllieropymi
1199 4929 1356 5002 haud
1393 4928 1624 5002 reperio.
1675 4923 1944 5002 Ba_ronitt_s

356 4994 604 5072 equidem
644 5003 701 5055 in
732 5002 874 5072 notis
917 5001 983 5072 ad
1015 4994 1476 5072 Illartyr‘olt‘iginmi
1501 4997 1682 5072 Rﬂout?
1716 4995 1817 5072 _die
1867 4994 1935 5047 27

357 5066 512 5128 Mart.
546 5073 784 5132 factum,
817 5070 868 5123 id
914 5071 988 5123 ait
1038 5070 1090 5122 in
1139 5066 1365 5138 epistola
1414 5070 1480 5120 ad
1526 5066 1936 5138 Ctesiphontem

357 5143 514 5204 (Opp.
547 5155 586 5195 ι.
619 5140 711 5200 ιγ,
741 5157 790 5204 p.
822 5139 969 5204 476.)
997 5135 1186 5193 verum
1212 5137 1472 5192 Joannem
1506 5135 1577 5188 ibi
1625 5135 1932 5198 laudatum,

2042 4577 2231 4633 culiari
2293 4578 2675 4633 dissertatione
2739 4575 3027 4629 Martinum
3087 4589 3173 4628 an.
3251 4571 3356 4626 400
3410 4571 3610 4627 obiisso

2043 4649 2341 4704 contendit.

2116 4719 2226 4788 (77)
2244 4717 2300 4771 S.
2330 4717 2693 4788 Hieronymus
2716 4714 3009 4788 de‘Sgript.
3033 4713 3248 4788 eccles.,
3282 4710 3542 4788 Sulpitius
3568 4721 3624 4764 et

2044 4779 2278 4856 Prosper
2319 4779 2712 4840 Priscillianum
2743 4785 2811 4838 ab
2846 4779 3048 4839 Evodio
3075 4783 3290 4856 quidem
3336 4779 3619 4844 auditum,

2045 4859 2136 4913 sed
2168 4855 2195 4909 ξι
2228 4857 2460 4910 Maximo
2484 4856 2660 4924 gladio
2689 4856 2960 4908 addictum
2982 4855 3252 4924 scribunt.

2117 4928 2230 4998 (78)
2271 4919 2597 4998 Scriplaicsl
2621 4927 2734 4998 haec
2757 4923 3045 4978 decretalis
3071 4920 3296 4998 epistola
3319 4936 3351 4973 ν
3375 4920 3495 4998 [dus
3524 4919 3624 4973 Fe-

2040 4989 2249 5054 bruarii
2273 5039 2286 5061 ,
2321 4989 2553 5050 Arcadio
2581 5005 2636 5048 et
2664 4993 2906 5047 Bautoue
2940 5007 3105 5051 coss.,
3142 4991 3384 5057 adeoque
3414 4989 3486 5061 ad
3518 5007 3618 5043 au-

2040 5084 2168 5124 num
2221 5068 2458 5136 priorem
2495 5065 2748 5134 pertinet.
2787 5063 2952 5136 lianc
2982 5061 3211 5136 primam
3249 5060 3617 5136 authenticam

2039 5130 2369 5193 decret'alem
2421 5130 2670 5203 statuunt
2713 5132 2875 5202 vulgo
2927 5131 3159 5203 eruditi,
3207 5130 3400 5204 quibus
3447 5140 3623 5183 tamen
