4062 5508
523 236 585 293 9|
1397 234 1755 293 HERMANNI
1795 238 2185 297 CONTBACTI
2223 220 2589 299 AUCIEIVSIS
2622 240 2927 300 MONACHI
3695 241 3765 300 92

1836 348 2065 405 CODEX
2104 348 2495 406 AUGIENSIS.

524 457 730 521 ﬁrmat,
756 456 881 511 data
911 455 961 510 ei
1014 469 1136 511 cum
1168 454 1374 525 aliquot
1419 455 1644 512 urbibus
1682 455 1749 511 ad
1793 455 2090 511 iuhabitan-
2122 457 2171 517 Α
2198 452 2535 511 Gundericus
2573 470 2664 510 res
2699 455 3087 512 Wandalorum
3128 457 3218 512 Dei
3241 456 3446 528 judicio
3478 472 3768 529 percussus

524 547 649 602 dum
677 546 964 617 Aquitania
987 545 1242 601 secunda.
1269 542 1456 616 Prosp.
1487 546 1632 602 Idat.

591 635 696 691 420
735 634 930 692 Ἣιιιιζει
970 651 1095 706 rege
1126 634 1423 691 Gothorum
1466 644 1677 691 mortuo
1725 634 2095 691 Theodericus

525 728 807 784 successit.
855 727 990 782 Isid.
1039 744 1091 781 a.
1121 727 1246 782 419.
1282 725 1686 782 -—Bethlebem
1734 725 2096 797 Hieronymus

524 816 844 887 presbyter,
872 815 1063 870 doctor
1087 825 1143 871 et
1171 816 1441 885 interpres
1478 814 1916 885 incomparabilis
1949 812 2096 869 Scri-
2140 808 2150 817 ’

523 916 803 978 pturarum
829 921 971 962 anno
999 907 1177 962 aetatis
1210 923 1295 962 XCI
1318 907 1472 961 obiit.
1510 905 1696 975 Prosp.
1725 905 1855 960 Bed.
1883 937 1948 946 —
1968 905 2097 960 Ala-

524 997 578 1054 ni
608 1013 637 1051 a
661 995 854 1053 Gothis
888 997 1025 1053 adeo
1042 998 1188 1052 ca‘de
1214 997 1402 1051 domiti
1437 1004 1515 1059 ut,
1550 996 1701 1067 regio
1735 995 1955 1051 nomine
2005 1010 2098 1049 ne-

523 1088 734 1159 glecto,
790 1086 1098 1143 Gundcrico
1146 1087 1256 1156 regi
1310 1085 1699 1141 Wandalorum
1754 1102 1813 1142 se
1868 1084 2097 1142 tuendos

522 1181 928 1236 submitterent.
957 1180 1112 1252 Grey.
1148 1179 1299 1246 Tur.,
1327 1178 1469 1232 Idat.
1499 1196 1551 1234 a.
1580 1178 1702 1234 418.

590 1269 698 1342 43
732 1269 830 1324 421
859 1269 1208 1326 Constantius
1231 1270 1524 1339 imperator
1554 1267 1823 1323 Ravenna:
1845 1268 2091 1324 moritur.

522 1361 667 1416 ldat.
702 1361 948 1433 Prosper.
969 1392 1039 1403 -—
1061 1361 1265 1417 Bellum
1292 1361 1434 1417 inter
1457 1358 1752 1416 Wandalos
1795 1370 1850 1415 et
1891 1359 2096 1416 Gothos

520 1456 716 1509 oritur.
746 1454 892 1509 Idat.

591 1548 700 1605 422
746 1550 1033 1606 Exercitus
1061 1556 1249 1606 contra
1284 1549 1578 1605 Wandalos
1606 1549 1742 1605 duce
1778 1548 2002 1607 Castino
2027 1550 2096 1606 ad

525 1641 810 1714 Hispanias
830 1641 1021 1699 Gothis
1054 1645 1313 1699 auxilium
1360 1645 1617 1711 mittitur;
1647 1660 1676 1699 a
1724 1660 1831 1715 quo
1859 1645 2096 1701 oll'ensus

518 1729 844 1798 Bonifacius,
898 1732 981 1787 vir
1028 1732 1332 1799 bellicosus,
1374 1736 1631 1789 secedens
1653 1735 1718 1789 ad
1744 1735 1983 1792 Africam
2035 1750 2095 1791 se

2197 544 2444 607 moritur,
2478 546 2635 616 eique
2655 544 2967 603 Geisericus
2989 545 3110 620 [at.,
3136 548 3487 622 Gensericus]
3505 560 3768 621 tyrannus

2194 633 2540 705 Arianusque
2575 637 2860 692 haereticus
2882 647 2937 694 et
2965 638 3354 694 catholicorum
3389 639 3624 696 crudelis
3645 657 3770 713 per-

2195 736 2417 779 secutor
2438 726 2717 781 successit.
2760 726 2905 782 Idat.
2933 745 2985 781 a.
3011 728 3135 783 428.

2260 811 2371 886 44
2406 813 2507 867 427
2540 814 2849 872 Bonifacius
2894 815 2948 870 in
2976 816 3156 872 Africa
3196 817 3402 888 pollens
3423 818 3587 875 duces
3612 834 3775 890 quos-

2194 902 2319 957 dam
2345 912 2532 959 contra
2557 920 2616 961 se
2640 906 2962 962 dimicantes
2984 908 3209 973 occidit;
3238 917 3425 963 contra
3453 924 3613 979 quem
3642 924 3773 967 evo-

2195 995 2333 1049 catis
2356 995 2600 1051 barbaris
2630 1013 2780 1055 mare
2817 998 2883 1053 ad
2916 999 2966 1053 id
3005 1009 3212 1070 tempus
3240 1000 3478 1071 ignotum
3523 1003 3771 1071 pervium

2196 1083 2447 1140 elIicitur.
2488 1085 2641 1142 Unde
2670 1102 2801 1158 gens
2831 1086 2991 1143 effera
3032 1089 3433 1154 Wandalorum,
3464 1090 3531 1146 de
3577 1090 3772 1163 Hispa-

2195 1176 2300 1231 niis
2350 1178 2566 1233 exclusa
2594 1195 2622 1233 a
2650 1177 2865 1247 Gothis,
2894 1179 3033 1236 freto
3064 1181 3290 1251 traiecto
3335 1181 3572 1237 Africam
3616 1184 3772 1239 inva-

2195 1267 2347 1333 dens,
2382 1268 2581 1341 gladio,
2610 1272 2786 1341 prmda
2815 1280 2870 1327 et
2903 1272 3024 1343 igne
3051 1272 3433 1328 miserabiliter
3463 1273 3772 1330 debaccha-

2197 1368 2305 1425 tur,
2324 1359 2452 1416 intet
2469 1360 2607 1416 lecto
2627 1361 3048 1435 prinsErmenga
3058 1364 3136 1419 rio
3158 1362 3357 1435 [Idatio
3372 1362 3770 1439 Hermigarius]

2196 1464 2323 1519 rege
2349 1449 2671 1517 Sacrorum,
2721 1462 3006 1525 postquam
3053 1453 3107 1508 in
3160 1451 3413 1524 Hispania
3462 1470 3552 1508 χιχ
3610 1454 3774 1510 annis

2197 1539 2515 1597 debacchati
2547 1551 2693 1599 sunt.
2727 1542 2869 1598 Μαι.
2892 1585 2907 1610 ,
2939 1543 3012 1598 al.
3048 1562 3099 1598 a.
3129 1544 3254 1601 429.

2194 1632 2212 1653 ’
2266 1632 2371 1686 428
2431 1631 2750 1698 Νιιδιονίηε,
2798 1634 3084 1705 episcopus
3116 1634 3770 1706 Coustantinopolitanus,

2196 1724 2331 1778 duas
2384 1723 2435 1776 in
2468 1722 2685 1778 Christo
2734 1739 2995 1794 personas
3038 1726 3339 1795 praedicans
3388 1726 3772 1798 hominemque

521 1822 767 1877 contulit.
825 1822 1071 1878 Wandali
1110 1838 1240 1878 vero
1291 1826 1359 1879 ad
1412 1825 1845 1895 desperationem
1892 1827 2089 1890 coacti.

2197 1827 2386 1882 purum
2415 1827 2480 1868 ex
2510 1811 2729 1885 Virgine
2752 1826 2937 1869 natum
2966 1816 3215 1871 tlriltllcm
3256 1826 3443 1886 postea
3494 1817 3773 1888 accepisse

520 1910 744 1966 Castino
773 1912 987 1968 incaute
1019 1929 1235 1967 manum
1267 1923 1608 1980 conserente,
1652 1916 1887 1971 victores
1914 1915 2090 1971 effecti

520 2012 664 2058 sunt.
695 2003 882 2074 Prosp.
922 2006 1068 2060 Idat.
1106 2027 1110 2031 θ

587 2094 695 2150 425
744 2095 978 2152 Placidia
1028 2098 1293 2168 Augusta,
1341 2115 1369 2154 a
1409 2098 1578 2155 fratre
1627 2100 1866 2155 Honorio
1916 2099 2091 2170 pulsa,

519 2198 641 2239 cum
674 2183 784 2239 lilio
813 2183 1189 2242 Valentiniano
1224 2190 1291 2243 ad
1322 2186 1683 2244 Theodosium
1707 2189 2008 2259 Augustum
2037 2188 2089 2242 in

520 2279 799 2336 Orientem
830 2282 1208 2352 proficiscitur.
1242 2284 1432 2349 Prosp.
1463 2316 1533 2326 —
1554 2284 1742 2340 Roma:
1765 2284 2093 2340 Caelestiuus

522 2385 658 2441 papa
689 2368 831 2427 XLV
869 2373 1010 2428 sedit
1044 2375 1199 2429 annis
1245 2390 1470 2440 amem,
1510 2376 1602 2446 qui
1638 2376 1867 2446 plurima
1910 2377 1963 2430 in
1997 2376 2093 2431 Ec-

520 2460 685 2515 clesia
716 2461 841 2518 fecit
865 2472 1091 2531 statuta,
1128 2474 1183 2519 et
1209 2465 1486 2521 basilicam
1531 2466 1655 2521 Julii
1688 2467 1742 2521 in
1793 2466 1938 2522 Urbe
1964 2482 2095 2523 con-

524 2560 784 2609 structam
814 2555 1101 2611 dedicavit.
1132 2558 1317 2612 Anast.
1349 2557 1588 2614 Marce”.
1619 2558 1739 2614 mel.
1774 2577 1827 2614 a.
1866 2559 1994 2615 421.
2024 2589 2095 2600 —-—

522 2641 794 2700 Honorius
834 2645 1132 2717 imperator
1173 2647 1481 2705 Occidentis
1524 2649 1795 2704 Ravennae
1841 2649 2092 2717 moritur,

523 2744 579 2789 ct
606 2733 840 2792 Joannes
874 2748 1131 2809 tyrannus
1154 2752 1376 2809 regnum
1417 2740 1534 2810 ejus
1561 2747 1809 2810 occupat.
1847 2738 2095 2795 Theodo-

521 2831 634 2883 sius
658 2829 952 2898 imperator
981 2827 1219 2886 Orientis
1249 2841 1368 2901 post
1392 2839 1623 2886 mortem
1647 2832 1824 2902 patrui
1864 2832 1947 2887 sui
1988 2832 2095 2887 llo-

519 2920 658 2974 norii
689 2921 931 2991 regnavit
957 2936 1125 2975 annos
1161 2938 1303 2977 xm.
1344 2922 1531 2993 Prosp.
1567 2939 1658 2977 an.
1690 2940 1862 2978 xxv".

509 3038 512 3042 ι
591 3012 698 3067 424
738 3014 1076 3069 Theodosius
1104 3015 1539 3070 Valentinianum
1566 3016 1747 3070 amitae
1774 3031 1883 3071 sua:
1915 3015 2093 3071 Placi-

523 3105 628 3159 diae
655 3104 823 3159 filium
853 3104 1120 3161 Caesarem
1147 3104 1369 3170 faciens,
1412 3105 1478 3159 ad
1530 3120 1753 3175 regnum
1787 3104 2095 3161 Occidentis

2197 1902 2495 1969 adirmans,
2543 1921 2572 1959 a
2609 1906 2810 1976 Cyrillo
2853 1907 3219 1964 Alexandrino
3249 1909 3500 1979 episcopo
3538 1919 3594 1965 et
3631 1924 3772 1982 papa

2196 1994 2489 2051 Ctelestino
2536 1998 2806 2055 hmrcseos
2851 2001 3113 2069 arguitur.
3149 1998 3335 2071 Prosp.
3364 2032 3428 2043 -
3462 2002 3651 2058 Aetius
3681 2017 3772 2057 co-

2196 2100 2313 2139 mes
2363 2084 2659 2153 llomanus,
2709 2088 2892 2142 multis
2944 2090 3274 2145 Francorum
3318 2093 3509 2157 caesis,
3559 2102 3770 2162 partem

2195 2174 2513 2245 Galliarum,
2534 2193 2691 2248 quam
2707 2194 2986 2250 pervasam
3008 2188 3313 2247 tenuerant,
3330 2182 3551 2254 recepit.
3576 2179 3769 2253 Prcsp.

2196 2263 2341 2320 Idat.

2265 2357 2373 2414 429
2402 2359 2590 2414 Aetius
2631 2361 2888 2433 magister
2918 2362 3147 2417 militum
3178 2372 3232 2419 et
3277 2364 3537 2435 patricius
3593 2362 3771 2421 factas

2195 2456 2299 2502 est.
2335 2447 2524 2519 Prosp.
2547 2481 2617 2491 —-
2641 2451 2885 2521 Agricola
2917 2452 3204 2508 hairetieus
3251 2453 3610 2525 Pelagianista
3649 2454 3770 2509 Bri-

2199 2538 2409 2593 tannias
2424 2555 2522 2593 suo
2553 2540 2723 2595 inficit
2756 2556 2971 2608 errore;
3004 2543 3143 2597 unde
3166 2542 3223 2597 S.
3255 2543 3556 2599 Germanus
3583 2544 3769 2600 Antis-

2198 2632 2532 2688 siodoreusis
2552 2634 2857 2704 episcopus,
2892 2651 2922 2689 a
2949 2634 3240 2690 Ctelestino
3279 2651 3417 2706 papa
3446 2636 3537 2691 illo
3568 2637 3767 2692 missus

2198 2722 2445 2778 haeresim
2478 2726 2803 2795 expugnavit
2833 2725 3185 2796 plurimisque
3233 2726 3390 2781 saluti
3419 2725 3539 2780 fttit.
3576 2725 3764 2798 Prosp.

2197 2810 2327 2866 Bed.
2358 2812 2478 2865 hist.
2512 2815 2664 2883 Angt.
2951 2825 2955 2829 ”

2267 2914 2371 2968 450
2410 2914 2468 2969 S.
2513 2915 2843 2986 Augustinus
2888 2916 3267 2987 Hyppouensis
3312 2916 3620 2987 cpiscopus,
3669 2918 3766 2973 Ee-

2197 3004 2374 3058 clesia:
2419 3003 2621 3059 Christi
2672 3015 2727 3059 et
2776 3005 3057 3060 catholica:
3114 3004 3234 3059 fidei
3295 3018 3663 3076 propugnator
3716 3019 3771 3064 et

2197 3091 2454 3147 defensor
2493 3093 2920 3160 invictissiutus,
2965 3095 3016 3149 in
3046 3095 3265 3150 civitate
3313 3111 3408 3150 sua
3460 3113 3489 3149 a
3525 3096 3772 3154 barbaris

522 3210 646 3249 mm
696 3203 868 3251 matre
913 3196 1292 3265 possidendum
1327 3195 1573 3251 τρωίιιίι,
1619 3193 1807 3264 pros”,
1853 3195 2095 3250 Ca”...
2123 3186 2167 3248 C
2199 3185 2470 3250 obsessus,
2506 3201 2628 3239 cum
2673 3187 2816 3241 inter
2842 3188 2987 3256 ipsas
3026 3187 3322 3242 obsidionis
3352 3191 3630 3260 angustias
3673 3206 3773 3262 pro

521 3286 760 3344 Joannes
814 3297 1071 3359 tyrannus
1103 3288 1340 3342 Africam
1398 3297 1588 3343 contra
1624 3287 1964 3342 Bonifacium
2008 3303 2098 3358 pe-

523 3378 630 3432 tiit.
670 3377 815 3431 Idat.
1243 3440 1249 3447 ,

588 3466 695 3521 425
742 3466 1150 3522 Valentinianus
1195 3482 1317 3521 cum
1372 3476 1545 3521 matre
1585 3464 1847 3520 Joannem
1907 3478 1938 3518 a
1982 3464 2094 3520 suis

519 3557 851 3613 exstinctum
896 3559 1197 3628 oppressit,
1232 3574 1452 3628 regnum
1504 3556 1815 3613 Occidentis
1864 3557 2092 3625 recepit,

521 3649 800 3706 Castiuum
832 3650 1023 3706 Joauni
1071 3652 1337 3706 faventem
1373 3649 1564 3705 exsilio
1592 3647 1889 3713 damnavit,
1936 3646 2093 3704 Actio

519 3742 770 3811 patricio,
801 3743 925 3812 quia
958 3743 1181 3797 llunnos
1210 3750 1463 3797 evocatos
1487 3740 1682 3796 reverti
1729 3738 1955 3805 fecerat,
1994 3753 2089 3793 γε·
2138 3780 2143 3783 -

521 3832 666 3886 niam
692 3834 855 3888 dedit.
883 3832 1070 3904 Prosp.
1107 3832 1348 3888 Marcell.

588 3925 696 3981 426
740 3925 1021 3980 Patroclus
1082 3922 1414 3979 Arelatensis
1458 3922 1743 3991 episcopus
1794 3936 1823 3974 a
1878 3918 2093 3973 tribuno

521 4016 750 4085 quodam
785 4017 1015 4072 barbaro
1044 4016 1303 4073 innocens
1333 4014 1634 4070 trucidatus
1662 4021 1766 4068 est.
1810 4007 1997 4080 Prosp.
2021 4040 2094 4051 --

2206 3273 2445 3329 Ecclesia
2486 3275 2746 3331 sollicitus
2789 3274 2985 3330 Juliani
3031 3279 3255 3348 argutiis
3302 3294 3400 3348 pro
3448 3280 3621 3350 gratia
3676 3280 3773 3335 Dei

2203 3379 2323 3435 Opp!
2347 3381 2521 3435 gnans
2552 3368 2934 3436 respondisset,
2969 3370 3080 3438 ipsa
3112 3370 3201 3424 Dei
3233 3372 3423 3440 gratia,
3463 3387 3531 3425 ne
3560 3371 3773 3425 ruinam

2203 3470 2422 3510 suorum
2477 3457 2711 3523 videret,
2736 3460 3061 3525 subtractus,
3099 3475 3130 3512 v
3168 3460 3285 3515 Kal.
3321 3461 3468 3530 Sept.
3519 3462 3776 3531 migravit

2202 3546 2268 3601 ad
2311 3548 2594 3603 Dominum
2628 3565 2770 3605 anno
2821 3552 2994 3606 aetatis
3030 3567 3223 3617 Lxxvt,
3253 3553 3596 3624 episcopatus
3644 3569 3776 3610 vero

2198 3656 2290 3696 seu
2308 3640 2712 3713 presbyteratus
2739 3658 2825 3696 XL.
2862 3642 3042 3713 Prosp.
3068 3642 3197 3697 Bed.
3225 3644 3336 3698 cltr.

2267 3734 2367 3790 451
2424 3734 2607 3789 Tertia
2641 3736 2877 3806 synodus
2928 3735 3250 3791 universalis
3291 3751 3353 3791 cc
3388 3735 3772 3806 episcoporum

2198 3828 2338 3897 apud
2395 3827 2665 3896 Ephesum
2722 3838 3081 3899 congregatur
3123 3830 3222 3883 sub
3252 3828 3548 3883 Caelestino
3603 3841 3769 3897 papa.

2200 3919 2286 3973 ubi
2326 3920 2468 3973 inter
2506 3919 2640 3974 alias
2691 3920 2926 3975 hmreses
2971 3920 3249 3975 Nestorius
3302 3936 3425 3975 cum
3473 3928 3622 3974 secta
3670 3933 3771 3975 sa

2197 4009 2506 4065 damnatur.

1504 4141 1953 4202 COSIPENDIUM
1995 4140 2087 4196 EX
2128 4140 2373 4197 CODICE
2412 4141 2772 4197 BERNOLDI.

590 4242 695 4299 420
719 4242 1018 4298 Bel/delectu
1052 4239 1400 4311 Hieronymus
1428 4239 1721 4309 presbyter,
1749 4235 1984 4309 egregius
2011 4235 2094 4287 in-
2123 4242 2176 4304 υ
2267 4235 2371 4288 426
2409 4235 2757 4291 Patroclus...
2780 4235 3092 4298 trucidatur,
3122 4242 3177 4288 ut
3207 4235 3347 4305 Aug.

502 4348 733 4406 'terpres,
755 4352 892 4389 anno
917 4334 1086 4388 (etatis
1116 4350 1203 4388 xm
1230 4333 1357 4387 obiit
1391 4332 1527 4403 (95).

594 4428 690 4482 421
720 4425 1056 4481 Constantius
1090 4424 1215 4493 imp.
1250 4422 1511 4477 Ravenna:
1548 4421 1790 4474 moritur.

504 4514 507 4519 ’
588 4512 693 4575 425
742 4516 919 4572 Romae
962 4514 1268 4570 Calestinus
1297 4529 1430 4584 papa
1463 4508 1611 4563 XLV
1655 4510 1784 4563 sedit
1831 4509 1985 4562 annis
2017 4524 2095 4575 ιχ,

496 4615 611 4686 'qui
642 4627 753 4667 χχιι
788 4608 1019 4679 capitula
1045 4605 1325 4660 decretalia
1353 4604 1603 4673 episcopis
1629 4599 1922 4656 Galliarum
1958 4600 2093 4655 scri-

518 4707 735 4777 psit.’—
756 4700 998 4755 Placidia
1029 4701 1261 4768 Augusta
1284 4715 1315 4750 a
1356 4696 1518 4766 fratre
1548 4693 1783 4749 Honorio
1816 4692 1990 4762 pulsa.
2022 4692 2093 4746 ad

520 4795 867 4855 Theodosium
889 4795 943 4847 in
970 4790 1233 4846 Orientem
1250 4787 1618 4858 proﬁciscitur.
1646 4784 1911 4838 Honorius
1932 4784 2095 4850 impe-

521 4899 670 4941 rator
693 4885 989 4940 Occidentis
1012 4882 1257 4945 moritur,
1280 4889 1327 4932 et
1357 4879 1587 4933 Joannes
1612 4887 1863 4947 tyrannus
1882 4889 2095 4945 regnum

519 4978 635 5048 ejus
662 4976 950 5044 occupavit.

494 5078 499 5081 ‘
595 5068 702 5121 424
737 5065 1122 5121 Theodosius...
1154 5062 1389 5126 remittit,
1420 5068 1480 5115 ut
1511 5060 1649 5129 Aug.

596 5156 702 5211 425
740 5155 1132 5209 Valentinianus
1159 5168 1273 5207 cum
1303 5160 1469 5205 matre
1511 5147 1772 5202 Joannem
1816 5155 2097 5214 tyrannum

524 5249 782 5303 Ravenna:
809 5248 1080 5318 oppressit.

2274 4326 2377 4380 427
2394 4325 3010 4397 Bonifacius...pervium
3032 4325 3278 4395 efﬁcitur,
3308 4335 3365 4379 ut
3385 4325 3545 4398 Aug.;
3571 4335 3771 4383 caetera

2200 4417 2412 4473 desunt.

2270 4511 2377 4565 428
2408 4510 2747 4568 Nestorius...
2776 4513 3035 4579 arguitur,
3062 4521 3120 4565 ttt
3149 4512 3283 4581 Aug.

2271 4603 2377 4658 429
2406 4603 2715 4671 Agricola...
2742 4604 2907 4672 inﬁcit
2936 4618 3132 4656 errore.

2274 4694 2379 4750 450
2406 4693 2463 4749 S.
2494 4695 2816 4764 Augustinus
2848 4691 3198 4761 Hipponensis
3247 4693 3539 4763 cpiscopus,
3571 4694 3625 4746 in
3654 4692 3776 4747 ciri-

2202 4798 2307 4844 tate
2359 4804 2456 4841 sua
2487 4804 2517 4840 a
2550 4786 2788 4839 barbaris
2819 4785 3057 4839 obsessus
3079 4825 3093 4848 ,
3124 4801 3239 4838 cum
3290 4786 3429 4837 intra
3472 4784 3614 4853 ipsas
3672 4800 3772 4837 aa-

2202 4879 2399 4950 gustias
2459 4876 2741 4931 obsidionis
2787 4892 2880 4946 pro
2939 4874 3174 4929 Ecclesia
3223 4872 3513 4938 sollicitus,
3562 4871 3774 4926 Juliani

2202 4970 2423 5041 argutiis
2453 4985 2546 5039 pro
2577 4968 2746 5038 gratia
2772 4965 2865 5019 Dei
2891 4982 3152 5035 pugnans,
3177 4973 3306 5028 etc.,
3336 4972 3394 5016 ut
3416 4961 3536 5033 Aug

2272 5064 2372 5119 431
2403 5061 2577 5115 Tertia
2624 5058 2916 5129 synodus...
2952 5057 3262 5120 damnatur,
3290 5064 3336 5108 et
3367 5053 3643 5108 duodecim
3682 5068 3772 5108 ca-

2203 5156 2310 5226 pita
2338 5163 2519 5208 contra
2546 5151 2781 5205 eamdem
2820 5148 3140 5202 scribuntur.

2027 5338 2260 5398 NOTE.

492 5428 493 5433 γ
594 5451 708 5508 (95)
735 5451 808 5505 De
834 5458 992 5505 aetate
1017 5447 1075 5505 S.
1104 5445 1414 5508 Hieronymi
1437 5444 1749 5508 discrepant
1772 5438 2089 5508 scriptores,

2197 5441 2370 5508 terum
2396 5428 2463 5486 ad
2502 5429 2646 5508 hunc
2670 5439 2873 5508 annum
2902 5421 3215 5508 Prqsperin
3243 5417 3534 5508 ChouieoLa
3558 5413 3771 5508 Bitia-Eo
