4062 5508
226 328 297 386 $3
1418 329 1808 388 CIIRONICOF

1914 330 2323 391 —sa:c.v.'
2514 290 2521 295 ’
2610 290 2617 297 ’
3428 286 3511 390 tu

1532 484 1765 544 CODEX
1812 485 2207 546 AUGIENSIS.

222 598 332 673 55
360 597 636 654 Palla’ins
662 598 729 654 ad
761 598 976 663 Scotos,
1029 600 1247 656 Christo
1281 600 1586 667 credentes,
1626 617 1656 656 a
1698 602 1821 655 (Σω-
1848 603 1896 663 A
1925 600 2341 657 auxiliatoribus
2369 599 2593 672 geritur.
2618 599 2949 665 Geisericus,
2974 616 3067 656 rex
3096 601 3508 673 Wandalorum,

226 694 427 749 lcstino
459 708 600 764 papa
632 694 842 764 primus
869 693 1155 764 episcopus
1178 694 1410 750 mittitur
1447 694 1585 767 (96).
1617 692 1809 766 Prosp.

223 784 393 840 Beda.
421 786 548 838 hist.
571 784 726 854 Angl.

288 876 401 933 £32
442 877 628 934 Romae
652 877 840 934 Xistus
865 895 996 952 papa
1019 881 1181 937 XLVI
1213 884 1354 939 sedit
1377 885 1536 940 annis
1570 900 1691 950 vm;
1721 884 1814 956 qui

222 980 516 1026 accusatus
539 988 569 1026 a
593 972 761 1027 Basso
773 973 1298 1043 quodam,ventilata
1322 978 1374 1032 in
1401 978 1606 1049 synodo
1626 992 1812 1044 causa,

220 1061 290 1119 ab
316 1064 596 1134 episcopis
639 1079 726 1119 ut
777 1074 1040 1135 purgatus
1065 1077 1121 1122 et
1152 1068 1349 1124 Bassus
1392 1071 1678 1126 damnatus
1708 1080 1812 1127 est.

223 1157 573 1227 Bonifacius,
604 1161 669 1215 de
699 1161 877 1218 Africa
923 1178 1173 1221 reversus
1203 1175 1258 1219 et
1287 1166 1548 1238 magister
1583 1168 1814 1223 militum

221 1248 421 1314 factus,
454 1265 576 1304 cum
606 1251 762 1307 Aetio
788 1242 1046 1324 pugnavit
1084 1266 1139 1311 et
1169 1255 1334 1321 vicit,
1377 1267 1430 1312 et
1464 1268 1586 1327 post
1611 1272 1814 1328 paucos

221 1343 337 1400 dies
394 1347 589 1401 morbo
641 1347 957 1419 absumptus
1007 1359 1108 1405 est.
1155 1350 1343 1407 Actius
1390 1368 1517 1408 vero
1564 1354 1814 1410 inimicos

218 1432 436 1507 fugiens
466 1436 760 1495 Dalmatius
787 1441 1202 1513 Pannoniasque
1231 1446 1386 1514 petiit
1412 1455 1465 1502 et
1494 1445 1809 1503 Hunnorum

217 1526 425 1583 auxilio
455 1530 687 1600 gratiam
717 1533 1019 1603 principum
1055 1536 1454 1608 pristinamqne
1491 1538 1810 1611 dignitatem

218 1622 448 1691 recepit.
495 1620 684 1695 Prosp.
720 1627 959 1682 Marcell.

281 1712 394 1768 433
431 1714 844 1786 Burgundiones
864 1720 931 1774 ab
956 1720 1111 1776 Actio
1134 1736 1309 1794 pugna
1343 1725 1471 1781 victi
1499 1736 1641 1781 sunt.
1664 1725 1811 1781 Μαι.

1921 692 2175 752 Arianus.
2208 692 2508 748 catholicos
2553 692 2609 746 in
2634 690 2814 747 Africa
2853 706 3216 761 persequens,
3247 695 3507 764 quosdam

1918 785 2031 859 ω
2052 786 2305 842 Ecclesiis
2323 786 2437 840 suis
2462 784 2686 857 pepulit,
2710 785 2971 855 quosdam
2993 787 3187 841 exsilio
3208 788 3506 854 damnavit,

1919 877 2182 947 quosdam
2210 878 2374 932 etiam
2402 877 2572 932 variis
2599 876 2775 948 poenis
2812 874 3034 931 allectos
3061 878 3324 949 martyrio
3350 891 3510 934 euroo

1920 969 2088 1025 navit.
2118 971 2338 1025 Barbari
2366 970 2649 1040 piraticam
2677 984 2936 1025 exercere
2958 969 3218 1041 aggressi.
3248 970 3512 1041 Prona-—

1919 1061 2332 1117 Valentinianus
2365 1061 2664 1132 Angustus,
2719 1061 2785 1115 ad
2816 1061 3177 1117 Theodosium
3208 1062 3510 1132 Augustum

1916 1154 2166 1210 avunculi
2206 1154 2286 1210 sui
2322 1154 2489 1211 ﬁlium
2518 1153 3046 1225 ConstantinOpolim
3075 1153 3317 1218 veniens,
3343 1152 3509 1208 tiliam

1915 1246 2032 1318 ejus
2084 1248 2295 1318 accepit
2348 1262 2591 1302 uxorem.
2650 1245 2841 1316 Prosp.
2890 1275 2962 1287 ——
3011 1245 3359 1308 Ermenricus
3411 1261 3509 1301 rex

1917 1339 2247 1405 Suevorum,
2271 1339 2464 1396 morbo
2497 1354 2811 1410 oppressus,
2844 1338 3106 1394 Ilicbilam
3139 1337 3305 1392 ﬁliam
3327 1352 3427 1409 pro
3449 1354 3510 1395 se

1916 1448 2097 1505 regem
2127 1433 2431 1489 constituit.
2465 1432 2607 1488 Μαι.
2639 1450 2692 1488 a.
2714 1432 2841 1490 458.

1984 1545 2090 1601 ‘58
2124 1545 2285 1601 Gothi
2340 1544 2612 1600 Richilam
2681 1559 2863 1616 regem
2933 1545 3235 1600 Sucvorum
3265 1585 3279 1610 ,
3328 1557 3507 1616 pugna

1915 1638 2142 1704 victum,
2178 1636 2446 1692 thesauris
2474 1635 2862 1706 Spoliaverunt.
2894 1634 3038 1689 ldat.

1906 1730 1911 1733 ’
1984 1730 2090 1785 459
2126 1728 2372 1784 Julianus
2409 1727 2752 1783 Atelenensis
2812 1728 3097 1798 episcopus
3141 1724 3505 1796 Pelagianism

219 1825 273 1861 α.
330 1807 463 1862 436.
523 1841 595 1850 -—
639 1809 754 1867 Iloc
807 1821 1048 1884 tempore
1097 1816 1287 1872 Xistus
1334 1834 1471 1889 papa
1525 1835 1587 1874 ec
1623 1819 1807 1874 Icsiam
1907 1821 2361 1894 jactantissimus,
2401 1819 2644 1874 ecclesia:
2671 1819 3039 1875 communioni
3075 1818 3354 1888 subripere
3392 1815 3504 1887 (97)

213 1909 418 1956 sancite
451 1899 656 1966 Ilarize,
704 1920 825 1975 qua:
858 1905 1052 1962 Liberii
1097 1909 1409 1976 dicebatur,
1440 1921 1495 1966 et
1522 1912 1806 1968 ecclesiam

213 1994 385 2047 sancti
435 1993 716 2051 Laurentii
766 1999 819 2053 in
852 1998 996 2056 Urbe
1042 2004 1379 2069 construxit,
1413 2004 1806 2062 confessionem

214 2087 384 2142 saneti
446 2086 596 2143 Petri
664 2090 901 2161 itemque
953 2094 1124 2148 sancti
1170 2095 1448 2152 Laurentii
1503 2100 1808 2154 adornavit.

212 2179 627 2237 Valentinianus
656 2201 871 2256 quoque
899 2186 1170 2257 Augustus
1198 2190 1364 2246 umlta
1394 2191 1642 2246 ecclesiis
1668 2193 1808 2249 dona

213 2271 361 2326 dedit
389 2282 447 2327 et
476 2275 880 2331 confessionem
904 2280 1074 2333 sancti
1094 2279 1244 2335 Pauli
1270 2284 1594 2338 construxit.
1620 2283 1811 2341 Petrus

216 2362 384 2417 etiam
443 2364 743 2435 episcopus
791 2378 991 2423 sanctm
1061 2370 1276 2429 Salinae
1324 2375 1609 2431 ecclesiam
1663 2376 1806 2433 fecit.

214 2451 381 2509 Beda.
415 2456 535 2510 cltr.
564 2456 755 2514 Anasl.

280 2544 386 2601 434
428 2547 682 2604 Wandali
708 2550 823 2620 jam
854 2570 999 2609 nono
1026 2572 1168 2609 anno
1200 2556 1436 2613 Africam
1472 2558 1809 2627 'nl’estantes,

215 2646 435 2706 pactum
466 2655 496 2693 a
542 2640 803 2697 Romanis
840 2647 1137 2714 postulant.
1171 2647 1359 2720 Prosp.

281 2727 389 2784 £35
427 2729 545 2787 Pax
593 2749 716 2788 cum
768 2735 1051 2793 Wandalis
1087 2738 1227 2794 facta
1256 2782 1271 2803 ,
1302 2744 1423 2796 data
1451 2744 1529 2797 eis
1559 2744 1626 2799 ad
1659 2746 1812 2804 habi-

213 2823 437 2877 tandum
511 2823 710 2881 Africa:
781 2828 1028 2897 portione
1115 2830 1308 2886 Aetius
1383 2833 1809 2892 Gundicbarinm

218 2927 392 2983 regem
450 2916 896 2987 Burgundionum
947 2920 1086 2975 bello
1143 2923 1423 2989 obtinuit,
1459 2926 1810 2997 supplicanti-

217 3017 318 3072 qne
341 3020 533 3075 pacem
570 3011 864 3076 concessit,
896 3028 999 3084 qua
1032 3022 1208 3067 tamen
1238 3032 1344 3071 non
1374 3017 1462 3071 diu
1509 3018 1714 3087 potitus
1745 3019 1810 3074 ab

216 3091 429 3151 'Ilunnis
468 3106 590 3153 eum
627 3110 786 3171 gente
812 3118 905 3157 sua
935 3114 1245 3174 peremptus
1271 3116 1374 3162 est.
1409 3107 1595 3180 Prosp.

285 3184 393 3239 455
434 3186 596 3242 Gotbi
629 3205 817 3259 pacem
869 3194 1148 3250 turbantes
1184 3196 1324 3251 inter
1362 3197 1464 3251 alia
1498 3198 1634 3252 mala
1667 3198 1809 3254 Nar-

217 3271 412 3384 bonam
461 3281 740 3336 obsnssam
778 3283 917 3339 fame
968 3297 1250 3356 premunt;
1281 3290 1374 3345 scd
1413 3289 1651 3346 Litorius
1698 3293 1802 3347 dux
1834 3322 1879 3384 ς

218 3363 492 3423 Romanus
563 3377 947 3442 snperveniem
979 3419 995 3445 ,
1047 3388 1101 3434 et
1162 3381 1347 3437 hostes
1397 3383 1448 3436 vi
1505 3384 1698 3452 repulit
1751 3393 1804 3440 et

218 3455 485 3515 civitatem
517 3464 745 3520 azlvccto
776 3465 1046 3525 frumento
1074 3469 1217 3527 fame
1248 3472 1516 3529 liberavit.
1552 3473 1741 3545 Prosp.

278 3549 384 3606 I37
425 3552 631 3611 Bellum
680 3574 710 3612 a
764 3558 1022 3616 Romanis
1075 3572 1266 3619 contra
1328 3564 1533 3622 Gothos
1589 3565 1799 3623 liminis

1914 1922 2149 1975 tentans,
2207 1929 2236 1967 a
2289 1912 2445 1967 Xisto
2499 1928 2636 1983 papa
2686 1912 2862 1966 denuo
2909 1913 3215 1966 damnatur.
3276 1908 3505 1967 Romani

1862 2001 1884 2020 "
1913 2002 2125 2058 Ilnnnis
2175 2003 2587 2058 auxiliatoribus
2634 2004 2920 2057 adversum
2964 2001 3170 2057 Gothos
3221 2011 3276 2056 et
3324 2016 3506 2073 regem

1912 2095 2307 2152 Theodoricum
2340 2095 2573 2150 infausta
2603 2110 2778 2167 pugna
2814 2093 3112 2164 conﬂigunt
3144 2093 3196 2148 in
3226 2091 3421 2157 Gallia,
3451 2097 3509 2148 e’.

1912 2188 2153 2244 Litorius
2201 2189 2308 2244 dux
2345 2188 2624 2243 Romanus
2670 2188 3015 2254 vulneratur,
3062 2197 3116 2244 et
3170 2198 3289 2260 post
3315 2188 3383 2243 ab
3424 2187 3508 2244 eis

1911 2283 2127 2352 capitur
2152 2290 2208 2335 et
2236 2281 2524 2336 occiditur.
2566 2278 2770 2348 Quibus
2815 2289 2992 2335 tamen
3030 2297 3135 2335 non
3186 2278 3358 2335 multo
3384 2287 3509 2351 post

1912 2370 2224 2442 suppliciter
2249 2370 2558 2442 petentibus
2582 2386 2681 2440 pax
2714 2386 2839 2426 cum
2872 2371 2951 2425 eis
2981 2385 3009 2423 a
3057 2369 3319 2425 Romanis
3345 2378 3506 2439 pacta

1911 2474 2011 2521 cst.
2051 2463 2237 2535 Prosp.
2264 2495 2336 2507 υ»-
2360 2463 2479 2535 Ipso
2514 2480 2658 2520 anno
2684 2464 2840 2520 Aetio
2869 2473 2923 2520 et
2952 2464 3063 2535 (98)
3094 2464 3356 2520 Romanis
3381 2479 3500 2519 con-

1914 2566 1993 2611 tra
2028 2555 2234 2613 Gothos
2279 2556 2508 2623 intento,
2557 2554 2869 2611 Geisericns
2925 2571 3017 2611 rex
3062 2553 3460 2610 Wandalorum
3492 2592 3505 2619 ,

1911 2645 2001 2717 qui
2035 2646 2173 2703 [Idus
2201 2654 2255 2702 et
2299 2646 2510 2702 amicus
2543 2645 2771 2702 Romani
2804 2646 2984 2719 populi
3016 2647 3306 2718 putabatur
3335 2687 3351 2710 ,
3383 2644 3507 2701 dolo

1911 2741 2011 2794 sub
2058 2739 2238 2810 specie
2264 2739 2435 2809 pacis,
2483 2755 2574 2792 xw
2616 2739 2735 2794 Kal.
2787 2737 3085 2803 Novemb.,
3120 2737 3504 2811 Carthaginem

1911 2830 2095 2900 cepit,
2150 2830 2298 2883 cives
2348 2839 2401 2884 et
2459 2831 2695 2884 maxime
2744 2830 2952 2885 nobiles
3002 2820 3330 2893 trucidavit,
3375 2842 3506 2898 opcs

1910 2936 2101 2976 omnes
2127 2920 2350 2988 diripuit
2378 2920 2751 2974 sacerdotibus
2796 2920 2953 2974 ca‘sis
2995 2928 3051 2974 et
3099 2919 3290 2989 pulsis,
3320 2917 3502 2973 eccle-

1911 3011 2022 3067 sias
2058 3011 2110 3066 in
2170 3025 2300 3064 usus
2354 3026 2575 3065 suorum
2618 3011 2823 3075 vertit,
2873 3011 3165 3081 omniaque
3214 3008 3396 3065 divina
3449 3016 3504 3065 et

1911 3102 2147 3157 lmmana
2179 3100 2301 3171 jura
2328 3100 2588 3165 confudit,
2630 3102 2813 3173 ibique
2846 3118 3029 3158 xxxv"
3075 3103 3233 3158 annis
3279 3117 3503 3172 regnum

1908 3196 2174 3262 obtinuit,
2209 3197 2309 3251 sub
2359 3212 2466 3267 quo
2512 3196 2725 3266 plurimi
2780 3208 3093 3253 sanctorum
3139 3195 3399 3268 martyrio
3434 3194 3503 3249 ob

1910 3272 2426 3345 ﬁdem’catbolicam
2460 3289 2704 3344 coronati
2738 3298 2884 3344 sunt.
2916 3287 3107 3361 Prosp.
3329 3357 3338 3363 η
3462 3290 3465 3293 ’

1980 3381 2088 3454 47
2111 3381 2214 3436 M0
2246 3380 2430 3435 Romae
2459 3380 2716 3436 defuncto
2752 3379 2930 3446 Xislo,
2962 3380 3092 3447 Leo,
3144 3381 3226 3434 vir
3254 3378 3500 3436 doctrina

1909 3473 2136 3544 insignis
2165 3483 2219 3528 et
2257 3472 2516 3537 moribus,
2550 3488 2682 3542 papa
2712 3471 2932 3537 XLVII,
2973 3472 3112 3527 sedit
3147 3471 3305 3527 annis
3351 3485 3497 3532 xx".

1907 3567 1997 3636 qui
2022 3566 2250 3636 plurima
2275 3565 2341 3620 ad
2365 3565 2650 3620 utilitatem
2677 3563 2929 3619 Ecclesiae
2951 3563 3255 3619 sublimiter
3281 3562 3501 3631 scripsit

1210 3738 1661 3798 COMPENDIUM
1709 3743 1797 3798 EX
1836 3742 2083 3799 CODICE
2119 3742 2488 3798 BERXOIDI.

278 3866 386 3922 459.
424 3868 606 3924 Ilonne
642 3870 831 3926 Xistns
866 3891 1002 3944 papa
1027 3871 1069 3926 Χ
1083 3874 1210 3929 LVI
1248 3877 1380 3930 sedit
1408 3880 1561 3933 annis
1603 3896 1721 3934 vm.

281 3957 831 4016 bSS'Valentinianus
897 3965 1032 4034 Aug.
1106 3966 1274 4021 multa
1351 3969 1581 4023 ecclesiis
1656 3970 1797 4024 dona

218 4049 371 4104 dedit.

282 4140 385 4195 ιδι
423 4141 679 4200 Wandali
704 4147 824 4217 jam
865 4164 1043 4203 novem
1082 4166 1247 4205 annos
1277 4151 1534 4221 Africam,
1568 4163 1674 4209 etc.
1697 4195 1711 4220 ,
1745 4163 1804 4209 ut

219 4229 346 4283 Atta.
636 4246 641 4251 '

263 4248 346 4284 ΠΕ.
636 4246 641 4251 ’

283 4248 384 4376 ἕῖἔ)
430 4323 543 4381 Pax
579 4344 701 4381 cum
744 4328 1028 4386 Wandalis
1055 4332 1218 4402 facta.

280 4412 383 4468 556
420 4414 577 4471 Gothi
609 4418 924 4476 Narbonam
953 4423 1214 4478 obsessam
1243 4425 1382 4495 [ante
1408 4438 1672 4497 premunt.

284 4502 383 4557 457
423 4505 629 4562 Bellum
661 4527 693 4563 a
724 4508 972 4566 Romanis
1002 4524 1185 4568 contra
1211 4512 1407 4569 Gothos
1445 4518 1665 4585 geritur.

281 4592 382 4652 ιδε
420 4596 515 4653 His
542 4601 867 4669 temporibus
895 4602 955 4659 S.
993 4603 1251 4676 Prosper,
1285 4608 1557 4680 llegiensis
1595 4610 1793 4679 episco-

223 4697 326 4754 pus,
358 4701 535 4746 contra
563 4693 763 4749 librum
792 4692 1037 4752 Cassiani
1074 4701 1137 4754 de
1172 4698 1497 4757 Protectioae
1530 4701 1626 4756 Dei
1655 4704 1790 4757 scri-

1901 3880 2028 3951 psit,
2059 3880 2108 3932 in
2135 3896 2237 3948 quo
2264 3879 2497 3931 ennuletn
2528 3878 2747 3929 liberant
2771 3876 3045 3929 arbitrium
3074 3875 3229 3930 nimis
3249 3875 3498 3931 extulisse

1904 3969 2136 4040 probavit
2165 3971 2298 4040 (99).
2327 3968 2561 4021 Marrcll.

1977 4060 2082 4115 459
2121 4060 2370 4114 Julianus
2399 4059 2714 4112 Arelatensis
2743 4058 2888 4130 (l00)
2919 4059 3211 4130 episcopus,
3245 4056 3497 4132 Pelagia-

1910 4154 2046 4208 nisla
2089 4153 2549 4224 jactantissimns,
2605 4151 2853 4205 Ecclesia:
2903 4150 3260 4207 communioni
3311 4152 3494 4207 subre-

1911 4262 2029 4315 pere
2114 4256 2359 4307 tentans,
2410 4262 2442 4298 a
2505 4243 2658 4297 Xisto
2731 4261 2867 4314 papa
2943 4245 3116 4297 denuo
3189 4243 3493 4300 damnatur.

1910 4337 2105 4392 Prosn.

1979 4354 2045 4391 *os
2090 4376 2105 4391 .

1979 4354 2085 4482 big
2118 4427 2299 4482 Romae
2324 4427 2566 4498 defuncto
2590 4423 2765 4489 Xisto,
2794 4424 2920 4490 Leo,
2946 4426 3022 4481 vir
3043 4426 3286 4481 doctrina
3309 4436 3357 4480 et
3385 4443 3495 4480 mo-

1910 4520 2051 4572 ribus
2083 4519 2324 4588 insignis,
2356 4536 2495 4588 papa
2524 4515 2709 4572 LXVII
2734 4518 2864 4571 sedit
2895 4517 3048 4571 annis
3075 4534 3189 4572 xxtt
3209 4559 3222 4581 ,
3253 4518 3343 4587 qui
3383 4516 3495 4570 Eu-

1902 4610 2202 4680 tychianam
2249 4619 2296 4663 et
2346 4607 2718 4664 Nestorianam
2770 4609 2992 4663 lncreses
3039 4606 3398 4662 condemnavit
3445 4615 3494 4660 et

1902 4717 2028 4757 XLIX
2057 4701 2268 4755 decreta
2298 4700 2627 4770 conscripsit.

1702 4831 1929 4890 NOTJE.

284 4958 387 5036 (96)
426 4962 567 5019 Beda
597 4966 730 5021 hist.
765 4966 923 5036 Angl.
956 4969 991 5021 l.
1024 4985 1063 5032 t,
1095 4985 1145 5024 c.
1181 4969 1266 5032 I3,
1313 4971 1364 5025 il
1414 4968 1559 5023 anno
1601 4979 1794 5022 octavo

225 5027 486 5109 Iheodosii
534 5036 785 5109 Iunioris
827 5027 1263 5109 a§cribit,rquod
1309 5059 1336 5094 a
1387 5049 1566 5095 morte
1622 5041 1794 5107 patris

1900 4966 2060 5022 1744.
2092 4965 2212 5020 Vill.
2247 4967 2376 5022 ibid.

1972 4967 2060 5020 44.
2092 4967 2212 5020 Vill.
2247 4967 2376 5022 ibid.
2405 4967 2581 5037 pra:l'.,
2611 4978 2664 5032 ι).
2695 4979 2809 5018 XXI.

1971 5036 2348 5109 (l00)__Nullns
2386 5047 2513 5109 tunc
2561 5045 2678 5089 erat
2704 5031 3045 5109 Arelatensis
3085 5031 3372 5109 cpiscopus
3400 5031 3500 5088 Iu-

222 5096 422 5202 Eonorii
452 5106 890 5202 intelligendum.
928 5096 1371 5202 'Alii'Pji‘lladinm
1417 5112 1487 5165 ad
1532 5096 1795 5202 Idib-cruos
1898 5096 2438 5202 lianttsfl‘lovissimi.
2466 5107 2702 5186 Operttm
2758 5105 2817 5159 S.
2852 5096 3386 5202 Prosperi'editores
3424 5121 3505 5202 re-

222 5172 422 5202 mis-nm
478 5176 608 5202 τηε--

709 5193 924 5202 κει-..Λεκ-

2679 5189 2802 5202 noun.
2864 5188 3074 5202 κηρία-ιιι
3127 5180 3285 5202 “una.
3336 5172 3477 5202 Fu-..
