4062 5508
603 289 676 347 95
1480 298 1837 357 llERMANNI
1875 304 2263 363 CONTllACTl
2303 310 2666 370 AUGIENSIS
2707 315 3013 372 MONAClll-
3797 321 3894 382 96‘.

1839 394 1844 402 ’
1893 416 2126 474 cooex
2157 419 2547 478 AUGIENSIS.

603 529 656 573 et
682 517 990 585 constituit;
1022 519 1412 592 Eutychianam
1443 533 1495 577 et
1526 524 1902 582 Nestorianam
1941 530 2177 586 haereses
2209 539 2251 594 Α
2281 547 2343 600 sp
2365 533 2534 588 'lunca
2577 532 2807 604 quadam
2851 537 3291 606 obdormierunt,
3338 551 3464 610 post
3493 558 3669 598 annos
3708 559 3891 603 cscvr

607 610 1005 665 condemnavit.
1059 612 1192 681 Ejus
1262 625 1535 686 tempore,
1603 619 1936 688 Demetrias,
1992 625 2184 679 ancilla

604 700 832 765 Christi,
863 700 1047 756 Romae
1073 703 1130 758 S.
1169 703 1426 774 Stephani
1473 708 1755 764 ccdesiam
1787 713 1932 768 fecit.
1956 744 2028 755 —
2056 715 2186 770 Gei-

605 791 813 846 scricns
840 790 1081 846 Siciliam
1110 810 1392 864 pervasatn
1436 799 1674 868 graviter
1703 801 1963 873 alﬂigens,
1995 807 2186 864 timore

611 879 916 955 Sebastiani
962 884 1117 939 ducis
1161 886 1229 940 ad
1272 887 1651 961 Carthaginem
1708 895 1956 950 tuendam
2006 899 2182 955 rediit.

587 968 818 1024 .Richila
853 987 944 1027 rex
983 973 1282 1030 Suevorum
1312 979 1567 1034 Baticam
1604 983 1934 1051 provinciam
1967 998 2020 1042 et
2053 989 2186 1044 Car-

607 1063 980 1132 thaginiensem
1006 1065 1317 1137 Hispaniam
1340 1072 1500 1141 cepit.
1531 1071 1720 1144 Prosp.
1739 1075 1980 1133 Mareell.
1998 1079 2182 1135 Ana-st.

605 1152 752 1208 Idnl.

676 1247 778 1302 441
815 1249 1148 1308 Theodosius
1196 1253 1492 1325 imperator
1527 1270 1716 1316 contra
1755 1262 2088 1319 Geisericmn
2132 1276 2188 1320 et

606 1335 903 1395 Wandalos
948 1355 1047 1410 per
1075 1342 1242 1400 duces
1269 1361 1397 1401 suos
1443 1347 1640 1403 bellum
1690 1360 1908 1418 movet;
1958 1353 2051 1408 sed
2085 1353 2183 1423 ipsi

607 1431 882 1500 negotium
910 1437 1215 1492 cunctando
1236 1437 1567 1503 dill‘ercntes,
1594 1442 1790 1498 Sicilire
1819 1446 1988 1516 magis
2011 1446 2183 1514 oneri,

603 1536 763 1588 quam
799 1524 1049 1591 praesidio
1077 1527 1250 1582 fuere.
1287 1528 1477 1599 Prosp.
1502 1531 1651 1587 Cass.

672 1610 780 1665 442
817 1611 1026 1671 Hunnis
1071 1617 1332 1675 Thracias
1370 1630 1424 1676 ct
1455 1622 1725 1694 Illyricum
1776 1641 1915 1680 sreva
1963 1628 2184 1696 popula-

601 1701 746 1757 tione
774 1707 1132 1773 vastantibus,
1182 1713 1452 1766 exercitus
1480 1725 1668 1770 contra
1717 1716 2010 1772 Waudalos
2060 1721 2190 1773 ruis-

597 1806 713 1858 sus,
745 1795 811 1849 ad
861 1798 1144 1854 tuitionem
1187 1799 1543 1858 Orientalium
1595 1815 1901 1861 revocatur.
1951 1807 2187 1863 Valenti-

2285 625 2647 694 expergefacti
2679 636 2823 692 sunt,
2863 637 2918 684 et
2947 631 3264 686 confirmata
3297 631 3402 688 lide
3444 637 3892 696 resurrectionis.

2284 726 2619 770 mortuorum
2644 717 2837 773 iterum
2864 720 3273 778 obdormierunt
3298 724 3468 794 (102).

2353 804 2458 859 447
2489 807 2757 877 Eutyches
2787 811 3068 880 presbyter
3103 820 3157 866 et
3195 813 3362 868 abbas
3405 814 3880 887 Constantinopoa

2284 893 2502 960 litanus,
2530 897 2748 952 confusa
2780 899 2833 953 in
2862 897 3078 955 Christo
3105 901 3402 958 divinitatis
3429 913 3484 960 et
3510 905 3881 966 humanitatis

2285 984 2608 1050 substantia,
2659 1003 2819 1040 unam
2863 988 2914 1042 in
2959 1005 3024 1044 eo
3054 1002 3300 1046 naturam
3345 993 3748 1063 dogmatizans,
3780 999 3879 1054 ad-

2286 1074 2494 1128 nitente
2522 1075 2826 1133 Theodosio
2853 1080 3096 1151 Augusto
3125 1092 3177 1136 et
3208 1083 3470 1141 Dioscoro
3499 1087 3878 1146 Alexandrino

2287 1165 2562 1234 episeopo,
2607 1169 2946 1224 resistentem
2978 1171 3082 1226 sibi
3130 1172 3444 1229 Flavianum
3487 1175 3896 1236 Constantino-.

2286 1255 2580 1323 politannm
2610 1258 3072 1329 archiepiscopmn
3113 1263 3397 1330 expulsum
3427 1281 3596 1335 usque
3627 1269 3694 1322 ad
3731 1282 3880 1325 mor-

2288 1351 2395 1397 tem
2427 1355 2837 1413 persequuntur.
2871 1348 3068 1404 Contra
3102 1366 3262 1420 quam
3299 1353 3548 1409 haeresim
3577 1356 3692 1412 Leo
3731 1373 3877 1430 papa

2285 1431 2487 1501 legatos
2536 1435 2697 1489 misit.
2733 1433 2922 1507 Prosp.
2951 1457 3002 1491 a.
3039 1439 3162 1493 449.
3190 1471 3262 1480 -
3288 1441 3496 1496 Richila
3535 1460 3630 1498 rex
3665 1445 3880 1502 Suevo-

2287 1537 2405 1576 rum
2461 1523 2722 1592 moritur,
2772 1527 2928 1598 eique
2981 1527 3268 1585 Richarius
3319 1533 3491 1604 (103)
3547 1535 3693 1591 [ilius
3742 1553 3878 1593 suc-

2287 1612 2470 1666 cessit.

2355 1704 2460 1760 448
2510 1705 2842 1764 Theodosius
2895 1711 3184 1781 imperator
3234 1714 3468 1770 Leonem
3523 1733 3725 1788 papam
3776 1735 3897 1790 pro.

2289 1796 2598 1852 defensione
2649 1799 2963 1871 Eutychetis
3008 1804 3074 1857 ad
3118 1821 3177 1860 se
3223 1817 3412 1872 vocat,
3463 1809 3555 1878 qui
3595 1825 3626 1862 a
3670 1809 3876 1879 populo

603 1885 801 1942 nianus
837 1887 1131 1958 imperator
1159 1907 1280 1946 cum
1328 1892 1605 1949 Gciserico
1636 1911 1761 1967 rege
1793 1897 2181 1953 Wandalorum

2292 1885 2531 1942 Rmiauo
2584 1891 2766 1945 venire
2813 1894 3134 1962 prohibitus,
3185 1896 3394 1966 legatos
3443 1915 3542 1969 pro
3589 1916 3648 1954 se
3699 1900 3873 1954 misit.

599 1991 796 2045 pacem
828 1979 1030 2046 ﬁrmat,
1068 1983 1250 2039 Africa
1280 1985 1424 2040 inter
1461 1997 1750 2060 uirumque
1787 1993 1952 2046 certis
1994 1995 2183 2063 spatiis

597 2067 789 2124 divisa.
822 2069 1011 2142 Prosp.
1039 2073 1189 2129 Cass.

667 2159 776 2214 445
825 2161 1053 2219 Sanctus
1093 2165 1327 2223 Brictius
1374 2169 1712 2226 Turonorum
1759 2172 2042 2245 Cpl:C(tpllS
2087 2177 2180 2231 dc-

597 2253 784 2318 cessit,
819 2256 905 2308 cui
953 2255 1009 2310 S.
1039 2257 1360 2315 Eustochius
1399 2266 1686 2320 successit.
1727 2265 1881 2336 Creg.
1920 2267 2044 2321 Tur.
2076 2269 2184 2324 Leo

596 2357 734 2412 papa
764 2344 962 2400 multos
991 2347 1043 2400 in
1075 2348 1206 2403 urbe
1238 2349 1561 2408 Manichteos
1589 2354 1864 2411 inveniens
1890 2358 2186 2427 publicavit

599 2445 653 2487 et
684 2435 850 2490 libros
881 2452 1070 2493 eorum
1105 2442 1362 2497 incendit.
1393 2443 1585 2515 Prosp.
1885 2512 1889 2516 _

669 2525 775 2582 444
803 2528 969 2584 Attila
999 2549 1090 2586 rex
1126 2531 1444 2591 Hunnorum
1488 2537 1704 2594 Bledam
1736 2556 1912 2610 regem
1961 2542 2182 2596 fratrem

598 2631 756 2671 suum
784 2621 1044 2691 regnique
1069 2633 1374 2678 consortem
1407 2626 1702 2691 interemit,
1729 2640 1780 2681 et
1808 2630 1924 2698 ejus
1959 2645 2180 2698 regnum

597 2707 962 2778 pOpqumque
1011 2711 1111 2766 sibi
1169 2713 1414 2782 subjecit.
1470 2716 1543 2772 De
1599 2717 1754 2786 hujus
1805 2719 1929 2772 auni
1976 2719 2181 2773 Pascha

597 2801 876 2857 Proterius
902 2813 957 2860 et
986 2804 1348 2863 Paschasinus
1370 2809 1517 2880 (101)
1549 2811 1710 2865 Leoni
1735 2828 1886 2882 papze
1913 2814 2181 2867 scribunt.

598 2890 788 2957 Prosp.

667 2981 778 3054 48
797 2982 904 3039 415
942 2984 1037 3040 His
1068 2989 1418 3058 temporibus,
1441 2991 1550 3046 Leo
1577 3008 1711 3062 papa
1742 2994 1883 3048 inter
1911 2994 2011 3047 alia
2043 2996 2183 3048 bona

597 3073 852 3131 basilicas
902 3079 1266 3148 aposrolorum
1318 3081 1460 3137 Petri
1507 3093 1561 3138 et
1610 3085 1755 3139 Pauli
1803 3087 2100 3150 renovavit,
2132 3098 2184 3140 et

600 3165 891 3222 ecclesiam
923 3168 980 3223 S.
1021 3171 1252 3226 Cornelii
1299 3190 1450 3246 papa:
1493 3187 1549 3230 ct
1585 3178 1838 3249 martyris
1886 3179 1968 3233 via
2013 3179 2180 3250 Appia

599 3258 924 3313 construxit.
955 3260 1138 3315 Anast.
1971 3290 1998 3312 ο

668 3346 775 3402 446
814 3349 1055 3406 Britanni
1095 3354 1164 3410 ab
1190 3354 1344 3410 Actio
1375 3365 1430 3410 ct
1470 3355 1727 3414 Romanis
1758 3369 1945 3413 contra
1987 3359 2181 3414 Scotos

600 3448 653 3491 et
691 3437 870 3496 Pictos
894 3443 1151 3498 auxilium
1191 3445 1502 3516 implorant,
1545 3464 1644 3503 uec
1689 3449 2001 3518 impetrant.
2035 3448 2168 3504 Bed.

600 3531 726 3585 hist.
757 3533 914 3605 Angl.
947 3565 1016 3575 —
1042 3537 1195 3607 Apud
1243 3538 1511 3606 Ephesum
1563 3539 1781 3610 Septem
1820 3540 2179 3605 Dormientes,

600 3622 692 3691 qui
735 3624 834 3679 sub
874 3627 1034 3681 Decio
1079 3629 1242 3681 multa
1277 3644 1374 3698 pro
1409 3629 1624 3684 Christo
1653 3640 1921 3684 tormenta
1951 3631 2092 3700 passi
2127 3630 2179 3684 in

2285 1977 2578 2034 Ricbarius
2605 1997 2694 2034 rex
2725 1981 3046 2050 Suevorum,
3071 1985 3230 2041 ducta
3261 1989 3313 2041 in
3349 1991 3658 2060 conjugiqu
3691 1989 3872 2046 Theo-

2285 2069 2398 2124 dori
2427 2071 2572 2144 (104)
2594 2073 2733 2144 regis
2754 2075 3050 2130 Gothormn
3084 2079 3211 2148 lilia,
3236 2080 3580 2136 Wascouiam
3609 2085 3868 2138 devasta-

2283 2163 2383 2216 vit.
2412 2162 2558 2217 ldat.
2590 2182 2643 2218 a.
2671 2182 2778 2236 seq.
2799 2197 2871 2206 —
2896 2166 3008 2222 lloc
3063 2179 3304 2238 tempore
3334 2171 3802 2241 Angli-Saxones,
3844 2190 3893 2238 ι

2283 2251 2562 2308 Britannis
2588 2264 2777 2308 contra
2823 2256 2998 2311 Pictos
3025 2268 3073 2311 et
3109 2258 3299 2314 Scotos
3333 2261 3534 2316 auxilio
3558 2263 3740 2327 asciti,
3791 2264 3878 2319 in-

2285 2343 2456 2397 sulam
2487 2354 2679 2414 petunt
2704 2355 2758 2400 et
2783 2348 3024 2404 hostibus
3051 2349 3249 2421 fugatis
3278 2352 3330 2406 in
3360 2354 3541 2408 socios
3571 2369 3723 2408 arma
3747 2370 3884 2410 cono.

2283 2443 2518 2498 vertunt,
2546 2447 2597 2489 et
2624 2447 2743 2506 post
2782 2438 2945 2492 multa
2991 2441 3127 2494 bella
3168 2459 3358 2512 magna
3396 2459 3463 2499 es
3496 2459 3649 2515 parte
3692 2443 3874 2504 iusiila

2284 2525 2506 2580 subacta
2533 2527 2687 2596 potiti
2721 2539 2865 2582 sunt.
2894 2529 3036 2583 Beda
3067 2533 3188 2584 hist.
3211 2532 3363 2603 Angl.

2353 2633 2458 2686 449
2487 2633 2684 2688 lterum
2714 2636 2961 2690 catholici
2993 2638 3060 2690 ab
3101 2640 3425 2708 imperatore
3453 2641 3764 2699 Theodosio
3801 2647 3874 2702 ad

2285 2724 2613 2778 audientiam
2636 2727 2865 2780 evocati.
2890 2726 3000 2799 49
3023 2728 3182 2781 Attila
3209 2745 3298 2783 res
3326 2729 3642 2786 lluunorum
3669 2731 3894 2791 Gallias.

2284 2815 2527 2885 aliasque
2577 2818 2779 2871 circmn
2835 2819 3140 2886 provincias
3196 2830 3409 2883 vastat.
3455 2833 3510 2876 et
3555 2833 3675 2879 arte
3726 2824 3874 2881 Aetii

2287 2919 2479 2973 magno
2507 2906 2646 2959 inter
2685 2921 2806 2960 cum
2838 2915 2891 2959 et
2921 2905 3126 2962 Gothos
3153 2909 3338 2976 prtulio
3367 2913 3658 2974 concitato.
3688 2914 3876 2971 Theo-

2287 2993 2451 3048 dorus
2485 3011 2576 3049 rex
2613 2995 2909 3050 Gothorum
2953 2999 3150 3053 cecidit
3192 3001 3351 3070 eique
3396 3002 3719 3059 Torismodo
3749 3005 3875 3076 [al.,

2288 3082 2684 3156 Thorismnnd]
2737 3087 2878 3142 ﬁlius
2946 3088 3062 3157 ejus
3119 3093 3402 3146 successit.
3461 3093 3609 3149 ldat.
3659 3114 3715 3151 a.
3749 3098 3885 3159 -l5l._

2287 3175 2442 3229 Jorn.
3217 3253 3222 3258 λ

2352 3264 2456 3319 450
2488 3265 2592 3319 Leo
2629 3282 2760 3336 papa
2810 3267 3010 3336 legatos
3060 3269 3126 3324 ad
3182 3269 3568 3329 confutandam
3621 3275 3875 3332 haeresim

2282 3356 2495 3411 mittere
2541 3359 2768 3410 curavit.
2826 3357 3162 3415 Theodosius
3202 3363 3495 3433 imperator
3523 3369 3779 3432 moritur,
3825 3380 3876 3424 et

2283 3461 2312 3498 a
2343 3446 2575 3500 Placidia
2604 3447 2865 3515 Augusta,
2892 3459 2945 3502 et
2979 3447 3160 3503 Leone
3191 3462 3410 3524 totoque
3444 3465 3635 3510 senatu
3667 3458 3890 3529 ingenti.

2282 3549 2476 3603 pompa
2509 3536 2768 3589 deductus
2798 3537 2848 3588 in
2883 3537 3150 3594 Mausoleo
3184 3544 3326 3611 apud
3361 3544 3417 3596 S.
3465 3543 3688 3599 Petrum
3721 3562 3883 3617 sepe-

2285 3626 2450 3692 litur;
2485 3642 2582 3696 pro
2597 3643 2700 3695 quo
2730 3627 3025 3685 Martianus
3049 3630 3286 3688 Orientis
3309 3635 3595 3704 imperium
3621 3641 3878 3710 adeptus,

1598 3742 2048 3796 COMPENDIUM
2093 3742 2180 3798 EX
2219 3741 2464 3797 C(lDlCE
2503 3740 2871 3798 BERNOLDI.

677 3847 776 3902 441
825 3847 1143 3904 Theodosius
1175 3851 1302 3921 imp.
1335 3863 1517 3906 contra
1567 3853 1856 3908 “Vandalus
1902 3871 1994 3923 per
2026 3854 2184 3909 duces

604 3956 730 3994 suos
763 3939 951 3994 bellum
979 3951 1166 3994 movet.

667 4027 774 4083 445
813 4027 1102 4082 Sanctus...
1134 4031 1400 4084 successit.
1436 4030 1538 4085 Leo
1565 4049 1701 4102 papa
1735 4032 1924 4086 multos
1955 4033 2008 4087 in
2055 4036 2180 4088 urbe

598 4116 922 4171 Manichtcos
947 4118 1249 4188 publicavit,
1277 4131 1322 4173 et
1363 4120 1521 4175 libros
1551 4139 1730 4176 eorum
1756 4123 2001 4179 incendit.
2028 4123 2176 4176 Idem

597 4211 867 4263 constituit
905 4220 960 4264 ut
1007 4213 1267 4266 monacho
1314 4214 1542 4268 velamen
1593 4217 1780 4285 capitis
1828 4217 1891 4269 ab
1936 4218 2174 4286 episcopo

601 4298 924 4354 benedictum
951 4302 1250 4358 nullatenus
1295 4309 1567 4373 acciperet,
1598 4309 1696 4358 nisi
1734 4307 1882 4374 prius
1913 4309 2182 4377 virginitas

597 4389 740 4445 illius
765 4393 980 4462 probata
1010 4394 1162 4464 foret.
1210 4392 1358 4448 Unde
1385 4405 1435 4448 et
1465 4397 1784 4466 Augustinus
1822 4400 2036 4464 asserit,
2083 4417 2177 4453 nec

599 4479 748 4535 illaut
771 4483 903 4536 inter
926 4485 1144 4554 virgines
1172 4485 1580 4539 consecrandam
1605 4485 1735 4552 fore,
1761 4487 1806 4540 si
1841 4504 1942 4557 qua
1975 4498 2105 4542 esset
2131 4499 2178 4543 et

605 4581 726 4628 ante
753 4574 1061 4643 baptismum
1091 4588 1359 4647 corrupta.
1389 4577 1576 4631 Anast.

670 4665 777 4720 444
813 4667 978 4721 Attila
1010 4684 1100 4721 rea:
1151 4669 1464 4723 Hunnorum
1495 4669 1714 4724 Bledam
1765 4670 1982 4738 fratrem
2025 4689 2180 4726 suum

601 4760 846 4831 regnique
897 4771 1185 4816 consortem
1227 4753 1506 4818 interemit.
1565 4765 1641 4819 De
1691 4766 1850 4836 hujus
1895 4767 2022 4820 anni
2068 4765 2180 4819 Ρα-

604 4851 748 4912 scha,
775 4859 909 4914 etc.,
934 4860 993 4904 ut
1018 4851 1158 4921 Aug.

671 4942 779 4995 415
819 4941 920 4996 llis
950 4945 1264 5012 temporibus
1295 4945 1396 5000 Leo
1420 4965 1556 5017 papa
1585 4949 1718 5002 inter
1743 4949 1864 5007 alia,
1881 4951 2014 5004 bona
2043 4951 2184 5004 basi-

602 5031 734 5086 licas
762 5033 866 5088 SS.
894 5033 1040 5088 Petri
1061 5047 1106 5089 et
1137 5034 1293 5091 Pauli
1318 5040 1598 5094 renovavit.

2359 3854 2463 3909 446
2502 3856 2654 3925 Apud
2700 3853 2964 3925 Ephesum
3005 3858 3217 3928 Septem
3255 3861 3604 3931 Dormieutes,
3637 3879 3775 3933 etc.,
3821 3885 3880 3927 ut

2288 3946 2426 4016 Aug.

2351 4038 2456 4093 447
2495 4037 2821 4109 Eutychus...
2855 4039 3140 4095 Theodosio
3175 4043 3398 4099 Juniore
3441 4047 3625 4117 Aug...
3662 4049 3880 4130 legatos

2280 4131 2439 4192 misit,
2470 4140 2525 4186 ut
2551 4132 2687 4201 Aug.

2351 4221 2457 4276 448
2500 4220 2817 4275 Theodosius
2841 4224 3040 4292 imp...,
3069 4241 3162 4293 pro
3186 4243 3240 4279 se
3265 4229 3429 4282 misit.

2356 4313 2461 4366 449
2499 4313 2696 4366 Iterum
2729 4314 2970 4368 catholici
3012 4317 3076 4368 ab
3121 4317 3433 4386 imperatore
3469 4321 3766 4382 Theodosio
3805 4327 3877 4385 ad

2284 4405 2605 4458 audientiam
2636 4407 2820 4458 vocati.

2349 4495 2452 4550 450
2485 4496 2582 4549 Leo
2607 4514 2809 4566 papa...
2833 4500 3052 4552 curarit.
3087 4498 3401 4556 Theodosius
3431 4503 3723 4574 imperator
3757 4525 3872 4564 mo-

2211 4575 2257 4634 Ῑ)
2284 4589 2437 4654 ritur,
2469 4605 2561 4658 pro
2590 4606 2690 4652 quo
2735 4589 3033 4644 Martianus
3082 4591 3310 4647 Orientis
3341 4596 3614 4665 imperium
3647 4600 3874 4669 adeptus

2284 4689 2338 4733 et-
2359 4690 2548 4750 septem
2576 4681 2727 4732 annis
2758 4697 2999 4748 regnans,
3036 4681 3368 4752 [Satyr/ictam
3401 4703 3516 4739 cum
3547 4688 3658 4740 suis
3684 4706 3878 4758 sequa-

2283 4770 2426 4825 cibus
2460 4767 2694 4822 damnat.
2733 4766 2970 4823 Placidia
3011 4777 3245 4842 Augustu
3277 4776 3419 4829 obiit.
3470 4776 3695 4832 Romani
3725 4782 3876 4834 Actio

2285 4860 2414 4914 duce
2461 4859 2641 4914 Gothis
2688 4860 3088 4918 nuxiliatoribus
3144 4865 3358 4919 Attilam
3411 4869 3643 4923 v.’cerunt
3701 4888 3877 4942 regem

2285 4951 2626 5007 Hunnorum.

2099 5151 2330 5208 NOT/E.

677 5234 824 5309 (_lt)l)
865 5234 1057 5290 Exstat
1086 5239 1216 5309 lucc
1259 5242 1485 5309 epistola
1524 5243 1668 5296 inter
1715 5242 1834 5297 illas
1884 5241 1943 5296 S.
1981 5241 2180 5297 Leonis

608 5304 999 5381 εειῆιρίειῃερηιιο⁸
1019 5307 1207 5381 priore
1221 5304 1574 5366 de'Pasehate
1603 5310 1762 5381 hujus
1789 5313 1914 5368 anui
1957 5311 2060 5367 444
2095 5314 2182 5368 die

573 5419 577 5422 ι
604 5373 676 5428 .‘23
703 5373 898 5439 Aprilis
922 5373 1264 5433 celebrando.

677 5443 822 5508 (102)
862 5443 984 5498 "th
1011 5460 1077 5498 ex
1109 5445 1366 5508 Gregorio
1397 5448 1527 5504 Tur.
1553 5451 1618 5504 de
1643 5451 1822 5506 Gloria
1850 5460 2172 5508 martvrmn.

2285 5243 2427 5296 latttd.
2457 5243 2523 5297 ttd
2545 5243 2683 5298 diem
2705 5243 2771 5296 27
2799 5243 2926 5298 Julii
2951 5254 2987 5299 t.
3015 5247 3104 5300 VI.

2361 5311 2507 5387 (l0§)
2526 5313 2681 5387 _ldat.
2707 5328 2759 5365 a.
2782 5313 2885 5367 448
2915 5314 3258 5372 Recltiarium
3285 5330 3464 5387 vocat,
3491 5323 3616 5378 aliis
3656 5323 3872 5379 Ricltia-

2293 5381 2408 5434 rius
2436 5382 2658 5436 dicitur.

2357 5451 2504 5508 (104)
2538 5450 2688 5505 ldﬂlll
2722 5453 2964 5508 ﬂllfctlalll
2991 5456 3318 5508 exeumlaria
3356 5460 3556 5508 habent
3590 5463 3872 5508 Theudoris
