4062 5508
175 383 242 438 97
1376 362 1773 424 CHRONlGON

1883 395 1916 402 —
1951 361 2122 417 διες.
2171 361 2237 416 ν.
2497 365 2499 368 ⁴
3382 363 3453 415 93

1517 479 1748 535 CODEX
1788 475 2174 534 AL’GIENSIS.

171 623 229 670 et
261 627 336 666 vn
367 609 529 665 annis
565 620 796 678 regnans
838 603 1190 676 Eutychetem
1227 612 1351 653 cum
1379 596 1492 650 suis
1536 595 1758 648 damnat
1787 598 1834 654 Α
1930 590 2036 644 453
2066 587 2317 642 Itirhario
2350 600 2473 658 rege
2501 586 2800 642 Suevorum
2822 586 2875 641 iu
2906 582 3178 657 Hispaniis
3204 587 3461 643 vastatio-

173 699 524 773 sequacibus.
575 695 808 751 Placidia
867 693 1104 762 Augusta
1167 687 1417 742 moritur.
1465 715 1531 723 —
1578 681 1762 750 Prosp.

175 792 407 850 Romani
465 788 653 860 (l05),
708 786 864 840 Aetio
915 783 1051 838 duce
1102 779 1297 836 Gothis
1324 773 1765 837 auxiliatur-ibus,

174 892 364 938 contra
416 878 642 934 Attilam
689 890 870 946 regem
917 872 1232 927 Hunnorum
1283 867 1469 940 grandi
1511 864 1768 932 utrinque

173 975 322 1030 caede
347 978 678 1043 pugnantes,
710 967 760 1020 in
800 980 990 1035 campo
1035 961 1386 1020 Catalaunico
1426 959 1540 1012 acie
1568 957 1768 1010 victum

173 1063 230 1119 io
277 1061 613 1133 superiorem
658 1055 884 1112 Galliam
934 1054 1120 1124 fugere
1166 1050 1510 1121 compellunt.
1562 1048 1662 1115 Qui
1716 1048 1768 1100 in

173 1169 400 1226 regnum
427 1152 617 1207 timide
645 1162 893 1204 reversus
922 1161 1026 1201 non
1060 1145 1228 1200 multo
1259 1151 1380 1214 post
1423 1157 1574 1196 arma
1623 1154 1772 1194 com-

176 1221 347 1304 movit
372 1247 426 1301 in
456 1246 688 1301 Italiam.
723 1240 910 1311 Prosp.
943 1239 1092 1293 Cass.
1125 1236 1267 1290 Idat.
1293 1235 1446 1289 Jorn.
1476 1250 1564 1287 an.
1594 1248 1701 1303 seq.

234 1340 338 1394 431
378 1339 550 1393 Attila
585 1333 889 1391 recollectis
926 1332 1136 1386 viribus
1163 1329 1468 1398 Aquileiam
1495 1325 1548 1380 vi
1577 1339 1771 1394 magna

173 1430 266 1486 diu
303 1432 591 1484 obsessam
644 1426 787 1496 cepit
818 1433 872 1480 et
897 1423 1316 1490 circumquaque
1346 1418 1542 1490 prcedis
1583 1426 1632 1472 et
1671 1431 1776 1471 ca:-

176 1520 337 1575 dibus
369 1517 692 1573 furibundus
722 1515 1038 1571 bacchatur.
1064 1513 1142 1566 Ad
1171 1526 1332 1580 quem
1359 1508 1770 1564 Valentinianus

179 1612 501 1682 imperator,
524 1607 762 1663 Leonem
783 1619 974 1675 papam
999 1603 1238 1667 mittens,
1258 1615 1444 1671 pacem
1468 1615 1588 1652 cum
1615 1613 1680 1653 eo
1704 1596 1775 1651 fe-

177 1701 275 1768 cit,
299 1701 685 1768 exercitusque
706 1697 824 1767 ejus
848 1695 1008 1759 fame,
1032 1703 1206 1762 peste,
1229 1692 1417 1746 morbo
1431 1689 1776 1756 cret'tibusque

174 1791 401 1862 insuper
429 1791 499 1845 ab
525 1789 683 1844 Aetio
713 1787 935 1843 attritus
977 1801 1101 1842 eum
1146 1784 1344 1840 reverti
1389 1781 1538 1838 fecit.
1579 1781 1771 1851 Prosp.

177 1881 423 1938 Harcell.
455 1899 546 1934 an.
579 1895 688 1950 seq.

1874 682 2034 736 nibus
2088 681 2361 744 instante,
2429 677 2655 734 consilio
2718 677 2860 732 Aviti
2933 679 3300 734 Theodericus
3359 693 3460 735 rex

1869 772 2193 837 Gothorum,
2225 781 2412 827 contra
2436 786 2558 824 eum
2593 771 2834 835 veniens,
2861 770 2995 824 inita
3016 786 3192 839 pugna
3219 773 3459 842 graviter

1870 863 2017 917 cmdo
2075 861 2327 933 protrivit
2373 859 2821 929 vulneratamque
2868 859 3109 932 fugavit,
3165 869 3220 914 et
3273 867 3462 930 postea

1872 963 2090 1022 captum
2154 951 2396 1015 occidit,
2458 959 2775 1019 vastataque
2833 948 2997 1019 impie
3055 957 3111 1002 et
3171 948 3464 1006 crudeliter

1871 1039 2127 1111 llispauia
2153 1049 2207 1094 et
2229 1041 2343 1110 ipsa
2364 1055 2525 1108 quam
2549 1039 2902 1108 possederant
2927 1037 3226 1108 provincia.
3251 1037 3461 1093 Suevos

1873 1133 1972 1190 sibi
2037 1130 2360 1200 subiugavit.
2407 1129 2551 1184 Μαι.
2595 1147 2648 1183 a.
2698 1146 2804 1201 seq.
2831 1159 2900 1169 -ν
2927 1129 3118 1183 Avitus
3162 1128 3462 1183 Gothorum
3557 1169 3569 1177 .

1875 1225 2072 1281 auxilio
2101 1225 2406 1286 destitutus,
2432 1222 2655 1293 jubcnle
2680 1222 2942 1276 Martiano
2956 1221 3218 1292 Augusto,
3243 1220 3465 1276 Placcu-

1876 1320 1962 1373 tia:
2003 1318 2285 1387 imperium
2334 1315 2601 1385 deposuit.
2651 1313 2855 1368 Marius
2883 1313 2978 1366 Av.
3019 1331 3073 1366 a.
3119 1329 3225 1382 seq.
3259 1311 3466 1364 ——|loc

1876 1418 2117 1480 tempore
2149 1409 2287 1476 apud
2319 1406 2580 1471 Francos,
2615 1414 2830 1460 mortuo
2861 1405 3107 1460 bicroveo
3137 1404 3284 1476 (107)
3318 1419 3464 1474 rege,

1878 1498 2019 1553 filius
2049 1498 2165 1568 ejus
2208 1496 2549 1551 Cbildericus
2581 1504 2826 1565 regnavit
2870 1496 3028 1550 anuis
3074 1512 3218 1549 mv.
3253 1494 3354 1560 Qui
3396 1494 3468 1549 ob

1876 1587 2148 1642 luxuriam
2197 1602 2364 1656 regno
2408 1585 2622 1655 pulsus,
2672 1586 2722 1638 in
2772 1583 3120 1656 Thuringiam
3167 1585 3323 1656 fugit,
3372 1585 3468 1640 sed

1880 1686 1999 1730 astu
2033 1674 2272 1729 Viomadi
2303 1674 2464 1729 amici
2492 1684 2774 1728 revocatus
2801 1684 2904 1729 est.
2931 1673 3084 1745 Greg.
3118 1674 3245 1728 Tur.
3274 1692 3326 1728 a.
3354 1691 3466 1744 seq.

1881 1765 2036 1822 Ccsta
2069 1783 2172 1836 reg.
2207 1763 2404 1819 Franc.

1949 1856 2053 1912 456
2081 1856 2164 1910 Ab
2201 1857 2302 1910 hoc
2332 1871 2474 1912 anno
2520 1855 2792 1911 Victorius
2841 1856 3119 1926 paschales
3163 1856 3344 1929 cyclos
3389 1860 3470 1914 iu-

244 1973 353 2027 ιόε
383 1971 552 2026 Attila
582 1947 676 2025 rex
707 1968 1026 2023 Hunnorum
1052 1966 1104 2020 iu
1130 1965 1347 2020 sedibus
1377 1963 1492 2018 suis
1521 1961 1772 2016 moritur.
1810 1952 1852 2010 Β
1882 1950 2064 2013 εὶιοίὶιν
2087 1950 2310 2020 ,ῖυὶὶοηιθ
2353 1964 2487 2019 νίψει
2519 1947 2620 2018 51
2666 1947 2870 2002 Hilari"
2897 1948 3067 2019 (msl-
3096 1948 3228 2003 θεά·
3257 1950 3369 2005 0’"-
3399 1979 3472 1992 ’⁸-

173 2061 502 2118 Torismodo
552 2060 665 2130 regi
717 2058 1018 2114 Gothorum
1079 2063 1358 2125 perempto
1404 2051 1776 2114 Theudoricus

174 2153 346 2208 frater
376 2152 661 2206 successit.
693 2148 882 2220 Prosp.
915 2149 1060 2202 Idat.
1093 2165 1124 2201 a
1155 2163 1261 2216 seq.
1290 2175 1363 2186 —-
1389 2144 1503 2201 Hoc
1525 2154 1772 2216 tempore

173 2253 372 2315 quarta
421 2243 666 2314 synodus
713 2241 1038 2296 universalis
1077 2255 1254 2294 ncxxx
1300 2238 1672 2309 episc0porum
1723 2237 1778 2291 in

171 2332 520 2393 Chalcedone
575 2343 764 2388 contra
821 2332 1099 2402 Eutychen
1155 2341 1209 2384 et
1257 2345 1447 2384 omnes
1496 2329 1780 2383 haereticos

172 2434 550 2496 congregatur
588 2422 756 2496 (106).
797 2421 986 2490 Prosp.
1013 2440 1064 2475 α.
1095 2439 1201 2491 seq.

245 2515 355 2586 50
377 2516 487 2571 455
515 2514 924 2570 Valentinianus
947 2515 1240 2585 imperator
1270 2514 1321 2567 in
1345 2512 1542 2584 palatio
1565 2511 1777 2566 Aetium

178 2606 508 2676 patricium,
565 2605 658 2675 qui
711 2605 873 2660 multa
926 2621 1024 2674 pro
1077 2605 1348 2675 republica
1401 2604 1779 2670 laboraverat.

177 2712 345 2754 manu
380 2712 475 2752 sua
521 2697 894 2751 fraudulenter
919 2697 1135 2760 occidit,
1167 2705 1221 2750 et
1248 2711 1276 2748 a
1303 2695 1779 2750 circumstantibus

183 2789 409 2846 Boetius
461 2789 789 2860 prmfectus,
829 2791 1035 2844 amicus
1085 2789 1220 2860 ejus,
1273 2788 1626 2858 interemptus
1677 2795 1778 2857 est.

173 2875 370 2950 Prosp.
402 2889 452 2933 et
488 2881 664 2934 caeteri
694 2898 744 2934 a.
777 2898 884 2951 seq.

243 2970 356 3024 454
395 2969 812 3025 Valentinianus
854 2971 1145 3040 imperator
1184 2969 1236 3024 in
1269 2985 1460 3040 campo
1492 2968 1684 3023 Martio
1713 2966 1784 3023 ab

179 3058 375 3114 amicis
403 3059 547 3114 Aetii
581 3069 896 3130 peremptus
944 3060 1183 3125 interiit;
1235 3073 1334 3129 pro
1383 3075 1490 3129 quo
1521 3059 1783 3112 Maximus

183 3149 451 3206 invadens
491 3151 808 3221 imperium,
848 3150 987 3206 infra
1018 3167 1056 3206 ιι
1089 3167 1302 3206 menses
1349 3167 1378 3205 a
1411 3151 1670 3208 militibus
1705 3149 1784 3204 in-

180 3253 485 3314 teremptus
532 3253 589 3298 et
637 3246 690 3300 in
739 3243 977 3300 Tiberim
1026 3244 1298 3313 projectus
1331 3254 1433 3298 est.
1486 3241 1670 3312 Prosp.
1727 3259 1780 3296 a.

179 3350 284 3403 seq.
313 3304 388 3375 -ζ
410 3335 542 3391 Post
585 3352 745 3408 quem
775 3336 967 3391 Avitus
1014 3304 1067 3389 in
1100 3304 1324 3398 uanus.
1356 3334 1559 3389 auxilio
1606 3304 1778 3388 me...
1809 3304 1855 3366 ο

179 3421 527 3488 Gothorum,
591 3426 720 3480 item
779 3425 1064 3494 imperium
1117 3425 1364 3495 arripuit.
1421 3423 1539 3494 Ipso
1594 3439 1777 3490 anno,

181 3511 496 3569 Geisericus
551 3531 646 3570 rex
689 3515 1098 3579 Wandalorum,
1133 3516 1200 3570 de
1247 3514 1431 3570 Africa
1479 3513 1775 3584 trajicieus,

181 3599 410 3659 Romam
449 3605 576 3675 quia
609 3606 726 3660 sine
760 3607 1087 3676 imperatore
1111 3613 1264 3670 erat,
1306 3605 1522 3672 invasit,
1553 3620 1782 3674 eamque

183 3695 376 3765 Opibus
399 3697 611 3752 cunctis
633 3698 971 3768 exspoliavit.
995 3697 1283 3768 Hucusque
1307 3697 1538 3768 Prosper
1565 3699 1784 3754 chroni-

185 3799 247 3842 ca
275 3803 372 3843 sua
403 3789 673 3859 perduxit.
707 3789 853 3843 Idat.
888 3789 1128 3844 Marcell.
1160 3806 1248 3843 an.
1273 3807 1378 3860 seq.

1884 2040 2149 2094 Martiano
2179 2041 2506 2110 imperatore
2539 2040 2791 2094 defuncto
2820 2039 2872 2093 iu
2902 2038 3122 2095 Oriente
3149 2040 3260 2098 Leo
3298 2041 3472 2112 impe-

1882 2144 2031 2190 rator
2087 2133 2246 2186 annis
2297 2146 2406 2185 xvn
2462 2130 2750 2198 Ronueque
2802 2128 3128 2199 Major-ianus
3178 2131 3473 2200 imperator

1882 2224 2039 2279 annis
2072 2239 2121 2276 Iv
2171 2229 2549 2293 regnaverunt.
2581 2219 2728 2274 Cass.
2762 2238 2815 2273 a.
2863 2237 2969 2290 seq.
2999 2251 3071 2259 —
3097 2221 3464 2278 Theodericus

1882 2335 1976 2372 rex
2007 2316 2327 2377 Gothorum,
2365 2314 2546 2370 multis
2593 2315 2647 2369 in
2695 2313 2951 2384 Hispania
3003 2315 3249 2373 ccclesiis
3295 2330 3349 2373 et
3395 2319 3475 2373 ci-

1885 2407 2143 2461 vitatibus
2173 2407 2419 2469 vastatis,
2471 2406 2762 2459 Emeritam
2805 2405 3017 2461 obsidet
3056 2408 3266 2465 urbem.
3310 2407 3474 2466 Suevi

1885 2498 2140 2555 Maldram
2168 2496 2270 2550 sibi
2299 2506 2545 2551 statuunt
2573 2512 2777 2567 regem.
2818 2495 2962 2551 ldat.

1954 2589 2058 2644 457
2105 2587 2435 2656 Majorianus
2481 2590 2775 2658 imperator
2824 2599 3012 2645 contra
3068 2592 3364 2648 Wandalos
3417 2595 3471 2648 i‘u

1883 2681 2123 2735 Africam
2159 2680 2327 2734 movit
2376 2681 2732 2749 procinctum.
2788 2679 2939 2734 Cass.
2974 2701 3026 2737 ο.
3058 2700 3162 2750 seq.
3190 2713 3260 2723 —
3292 2684 3474 2738 Theo-

1885 2777 2099 2833 derieus
2149 2777 2352 2831 nuntiis
2405 2777 2651 2839 territus,
2713 2777 2900 2831 relicta
2951 2779 3224 2844 Emerita,
3271 2780 3474 2838 Gallias

1887 2871 2100 2940 repetit,
2131 2878 2182 2922 et
2211 2883 2343 2938 pace
2370 2865 2549 2936 fugata
2568 2867 2739 2937 (109),
2771 2870 2916 2922 crede
2956 2870 3162 2936 furens,
3193 2872 3471 2936 ecclesias,

1887 2960 2069 3024 urbes,
2098 2957 2247 3011 villas
2279 2956 2511 3010 vastaiit
2545 2966 2599 3009 et
2624 2957 2878 3010 incendit.
2904 2958 3059 3011 Jorn.
3090 2977 3143 3012 α.
3186 2977 3292 3030 seq.
3329 2960 3472 3015 Idut.

1887 3053 1941 3103 It.
1979 3068 2030 3103 a.

1957 3140 2062 3196 458
2093 3139 2252 3194 Suevi
2282 3138 2586 3204 Galliciam,
2619 3146 2674 3192 et
2702 3137 2863 3193 Gothi
2893 3141 3144 3196 Baeticam
3166 3143 3476 3212 provincias

1891 3239 2123 3286 vastanl.
2153 3228 2296 3283 Μαι.
2324 3231 2375 3282 It.

1960 3325 2065 3381 459
2101 3326 2230 3379 ltem
2262 3323 2562 3378 Suevorum
2593 3321 2682 3377 alii
2713 3338 2837 3378 cum
2871 3324 3070 3380 Maldra
3115 3343 3240 3400 rege
3262 3309 3476 3385 Lusita-

1886 3421 2056 3484 niam,
2083 3418 2172 3471 alii
2205 3433 2327 3472 cum
2362 3417 2704 3472 Riclimundo
2750 3417 2896 3488 (HO)
2938 3417 3218 3474 Galliciam
3269 3423 3478 3492 dtprte-

1886 3511 2101 3566 dantur.
2133 3507 2331 3563 llteruli
2374 3505 2629 3562 Baeticam
2670 3507 2950 3565 invadun'.
3006 3508 3332 3578 Majorianus
3374 3515 3476 3568 im-

1890 3612 2130 3674 perator,
2148 3600 2288 3656 facta
2313 3614 2436 3653 cum
2460 3599 2799 3655 Theoderico
2825 3610 2878 3655 et
2906 3599 3272 3674 Gothispace,
3289 3622 3388 3660 ein
3420 3621 3475 3660 ra

1884 3694 2184 3750 Waudalos
2222 3700 2277 3746 et
2306 3691 2512 3747 Suevos
2535 3706 2632 3746 suo
2655 3707 2747 3746 eos
2775 3693 2966 3747 ascivit
2995 3697 3216 3750 auxilio.
3244 3696 3386 3750 ldut.
3418 3716 3471 3751 a.

1885 3801 1992 3855 seq.

1185 3919 1637 3976 COMPENDIUM
1675 3921 1768 3977 EX
1803 3917 2050 3977 CODICE
2085 3913 2449 3971 BERNOLDI.

253 4032 353 4088 ὁδί
391 4033 556 4088 Attila
591 4050 683 4088 rea:
713 4032 942 4088 collectis
970 4033 1164 4087 uiribus
1197 4032 1491 4104 Aquileiam
1521 4050 1711 4103 magna
1738 4032 1784 4088 ri

193 4127 360 4197 cepit;
419 4126 490 4178 ad
537 4143 688 4196 quem
747 4125 1148 4180 Valentinianus
1191 4127 1504 4196 imperator,
1555 4125 1779 4180 Leonem

196 4232 381 4288 papam
412 4217 642 4281 mittens,
670 4234 852 4287 pacem
881 4233 999 4270 cum
1025 4233 1085 4271 eo
1111 4217 1257 4286 fecit.

258 4306 364 4361 452
394 4307 560 4361 Attila
593 4324 684 4362 rex
723 4305 1042 4362 Hunnorum
1071 4309 1125 4362 in
1165 4308 1272 4362 suis
1301 4307 1511 4361 sedibus
1539 4307 1778 4360 moritur.

202 4393 306 4450 Hoc
349 4406 581 4466 tempore
604 4408 794 4470 quarm
840 4398 1139 4467 synodus...
1187 4409 1554 4468 congregatur,
1605 4398 1779 4467 ibique

201 4485 459 4541 damnatis
485 4489 744 4541 haereticis
771 4503 917 4542 xxvu
944 4504 1170 4541 canones
1198 4496 1512 4542 statuerunt.

267 4576 374 4631 453
407 4575 808 4631 Valentinianus
835 4578 957 4632 ima.
974 4577 1182 4632 Aetium
1200 4576 1479 4647 patricium
1500 4592 1658 4630 manu
1685 4593 1782 4629 sua

203 4663 255 4721 in
273 4667 472 4736 palatio
496 4667 866 4739 [raudulenter
895 4669 1104 4722 occidit.
1145 4734 1160 4747 .

268 4756 370 4812 454
405 4757 801 4812 Valentinianus
823 4759 948 4828 imp.
978 4759 1033 4811 in
1055 4775 1237 4826 campo
1266 4757 1462 4811 Martio
1492 4756 1556 4810 ab
1600 4756 1783 4811 amicis

211 4847 332 4902 Aetii
375 4849 735 4914 interimitur;
770 4866 863 4916 pro
891 4866 993 4920 quo
1019 4848 1286 4903 Maximus
1331 4848 1579 4902 invadens
1625 4848 1707 4914 im,
1731 4863 1787 4900 ες

212 4942 356 5007 rium,
393 4943 533 5012 infra
574 4943 990 4996 duosrmensesa
1031 4941 1279 4994 militibus
1328 4939 1603 4993 occiditur.
1654 4936 1783 4991 Post

1887 4046 2038 4103 quem
2069 4028 2248 4082 Avitus
2273 4031 2491 4095 sumpsit
2523 4026 2813 4094 imperium.
2849 4055 2913 4064 -
2942 4025 3065 4094 Ipso
3100 4045 3238 4084 anno
3284 4029 3475 4088 Cense-

1887 4122 2025 4174 ricus
2075 4135 2166 4173 rex
2211 4116 2594 4172 Wandalorum
2643 4114 2864 4168 Romam
2908 4119 3104 4178 cunctis
3147 4122 3329 4189 opibus
3373 4141 3470 4178 ca:—

1883 4208 2096 4279 spoliat.

1954 4299 2059 4354 455
2088 4299 2270 4352 Avitus
2316 4296 2592 4366 imperium
2641 4293 2928 4350 Placentiw
2959 4296 3221 4366 deposuit,
3254 4317 3350 4371 pro
3374 4319 3475 4376 quo

1885 4389 2217 4459 Majorianus
2244 4387 2473 4456 regnavit
2503 4387 2657 4439 annis
2679 4397 2927 4456 quatuor.
3432 4397 3437 4403 '

1955 4479 2061 4534 456
2091 4477 2390 4532 Martianus
2431 4478 2555 4546 imp.
2602 4474 2832 4530 Orientis
2877 4477 3023 4540 obiit,
3072 4494 3167 4547 pro
3212 4495 3315 4552 quo
3371 4481 3479 4539 Leo

1886 4569 2012 4640 imp.
2036 4569 2188 4622 annis
2215 4583 2326 4621 xvu
2359 4576 2558 4636 regnat.
2586 4567 2659 4618 Ab
2682 4567 2778 4620 hoc
2799 4583 2937 4620 anno
2969 4564 3232 4624 Victorius
3252 4574 3473 4642 pascim-

1888 4660 1961 4712 les
1988 4657 2178 4728 cyclos,
2221 4657 2312 4710 sed
2353 4673 2528 4709 errore
2559 4655 2759 4724 plenos,
2811 4656 3044 4722 inchoat,
3083 4659 3299 4728 jubente
3336 4680 3474 4733 papa

1885 4749 2123 4804 Hilario.

1960 4840 2064 4895 457
2094 4837 2424 4906 Majorianns
2449 4836 2572 4905 imp.
2599 4833 2897 4890 Occidentis
2932 4839 2986 4891 in
3035 4836 3269 4906 Africam
3293 4853 3476 4895 contra

1891 4930 2185 4992 Wandalos
2206 4929 2360 4983 movit
2385 4927 2728 4998 procinctum.

1719 5129 1934 5190 NOTAS
