4062 5508
609 315 680 374 99

1448 313 1810 371 IIERSIANNI
1847 312 2242 372 CONTRACTI
2276 311 2645 372 AUGIENSIS
2672 313 2987 387 ,MONACIII

3785 318 3888 377 100

1925 450 2153 507 (ΖΟΒΕᾸ
2190 449 2576 507 AUGIENSIS.

675 610 781 667 46;)
834 607 1070 666 Maldras
1120 624 1217 664 rex
1268 608 1567 664 Suevornm
1619 608 1902 663 occiditur.
1955 606 2114 661 Suevi
2158 623 2188 661 a
2219 613 2266 674 Α
2312 574 2317 579 4
2361 606 2467 662 466
2494 605 2599 662 Leo
2629 608 3288 679 impcratorAntheminm
3322 609 3388 666 de
3408 610 3887 685 Constantinopoli

602 702 797 759 Gothis
823 701 1045 772 prmdati
1074 716 1259 773 pacem
1284 700 1576 771 postulant.
1607 699 1936 769 Majorianns
1962 699 2193 767 impera-

602 803 720 856 tor,
771 790 1061 861 llispanias
1115 800 1345 861 petens,
1388 791 1617 845 classem
1664 799 1855 844 contra
1902 784 2190 842 Wantlalos

600 881 857 952 paravit;
885 896 1005 951 qua:
1042 890 1219 936 tamen
1247 882 1315 935 ab
1347 881 1476 951 ipsis
1503 881 1689 935 invasa
1728 888 1783 934 et
1829 880 2035 949 direpta
2084 887 2186 932 cst.

600 969 835 1023 Rursum
864 984 989 1024 cum
1021 969 1089 1025 ad
1113 969 1352 1024 Africam
1393 978 1583 1025 contra
1610 984 1704 1024 eos
1753 968 2003 1038 trajicere
2037 968 2189 1022 moli-

599 1067 771 1124 retur,
816 1056 1128 1117 Geisericus
1162 1060 1383 1114 territus
1429 1076 1619 1132 pacem
1650 1060 1904 1129 postulat.
1938 1059 2187 1129 Majoria-

597 1165 701 1204 nus
728 1149 955 1205 Romam
985 1166 1251 1214 reversus,
1278 1166 1400 1206 cum
1429 1151 1814 1221 rempublicam
1853 1151 2181 1220 disponeret,

597 1238 785 1295 fraude
833 1239 1137 1296 Riclnncris
1186 1240 1519 1314 [Ricimeris]
1569 1241 1802 1312 patricii,
1857 1240 2180 1307 Suevorum,

597 1340 655 1385 ut
679 1330 850 1397 aiunt,
873 1332 1098 1387 consilio
1138 1332 1253 1387 fulti
1295 1343 1609 1404 peremptus
1646 1345 1746 1388 est.
1777 1331 1926 1386 Cass.
1956 1331 2101 1385 Idat.
2127 1333 2180 1385 h.

594 1441 650 1477 a.
683 1433 729 1477 et
760 1439 868 1494 seq.

669 1512 769 1567 461
810 1515 1043 1568 Severus
1092 1514 1361 1569 Ravenna:
1391 1530 1420 1568 a
1460 1515 1745 1569 Richmcre
1776 1515 2069 1584 imperator
2104 1513 2184 1569 cf-

594 1603 771 1659 fcetus
797 1620 849 1659 tv
877 1608 1033 1659 annis
1057 1607 1321 1677 regnavit.
1347 1605 1496 1660 Cass.
1526 1606 1671 1660 ldat.
1699 1607 2006 1661 Atrabcnus
2030 1606 2180 1677 (111)

594 1694 648 1750 in
678 1694 851 1751 Gallia
880 1712 1086 1761 comes,
1119 1697 1452 1752 Theoderico
1486 1698 1594 1768 regi
1632 1697 1928 1752 Gothorum
1978 1697 2184 1753 confre-

592 1785 828 1850 deratus,
862 1784 1168 1840 Narbonam
1200 1788 1247 1841 ei
1278 1787 1518 1841 tradidit.
1546 1785 1688 1839 Idat.
1720 1816 1787 1825 —
1814 1784 1919 1856 52
1946 1786 2179 1841 Turonis

586 1877 782 1933 beatus
811 1875 1111 1947 Perpetuus
1139 1878 1425 1948 episcopus
1453 1878 1626 1933 factus
1652 1886 1755 1945 est,
1805 1879 1895 1948 qui
1949 1878 2171 1933 basilica

588 1971 759 2025 sancti
788 1968 1003 2023 Martini
1034 1970 1286 2035 adaucta,
1334 1971 1580 2040 corporis
1616 1971 1733 2040 cjns
1765 1970 2173 2026 translationem
2209 1983 2251 2041 Β

587 2062 737 2118 fecit.
768 2061 921 2133 (ἐι-(9.
954 2062 1082 2115 Tur.
1124 2062 1335 2129 (1.460.
1368 2092 1436 2102 —-
1465 2062 1522 2117 In
1550 2062 1774 2117 Gallicia
1808 2062 1967 2129 villa),
2001 2064 2174 2118 homi-

587 2170 687 2210 nes
717 2156 771 2210 et
798 2171 989 2227 greges
1016 2156 1212 2210 mirum
1238 2157 1288 2208 in
1320 2158 1533 2211 modum
1567 2155 1785 2210 fulmine
1810 2156 1936 2210 tacti
1957 2158 2176 2212 combu-

572 2256 804 2314 runtur,
836 2259 891 2303 et
920 2249 1025 2302 duo
1056 2246 1285 2316 juvenes
1311 2249 1583 2319 concretis
1623 2249 1675 2301 in
1699 2264 1862 2302 unum
1886 2249 2173 2303 adustione

564 2336 941 2407 cadaveribus
972 2337 1337 2391 inveniuntur.
1849 2387 1853 2391 .

653 2432 763 2486 462
797 2432 980 2489 Romae
1016 2432 1253 2487 Hilarius
1281 2432 1427 2504 (112)
1454 2448 1590 2503 papa
1620 2431 1824 2488 XLVIII
1853 2433 1992 2488 sedit
2016 2434 2173 2489 annis

582 2539 661 2589 vt,
700 2526 979 2581 mensibus
1021 2541 1123 2591 nt;
1176 2526 1268 2595 qui
1314 2540 1414 2595 pro
1443 2535 1586 2581 statu
1620 2526 1877 2582 Ecclesia:
1909 2526 2166 2581 nonnulla

582 2616 826 2672 decrevit
867 2625 923 2671 ct
960 2617 1248 2683 constituit
1294 2633 1308 2681 ;
1361 2617 1597 2671 haereses
1661 2616 2052 2688 Eutychianam
2113 2627 2168 2672 et

579 2704 954 2761 Nestor-ianua:
983 2706 1279 2772 damnavit,
1309 2717 1363 2762 et
1406 2708 1590 2763 multis
1619 2708 1853 2763 metallis
1893 2708 2074 2778 plures
2113 2709 2166 2763 in

582 2796 729 2852 Urbe
757 2797 1008 2853 basilicas
1049 2799 1265 2854 ornavit
1294 2799 2015 2873 ‘oratoriaqucj'construxit;
2046 2815 2170 2856 mo-

577 2889 874 2944 nasterium
904 2890 961 2944 S.
992 2889 1270 2947 Laurentii
1299 2890 1366 2944 ad
1396 2889 1617 2945 balneas
1650 2889 1798 2962 (113)
1826 2888 1985 2958 fecit,
2014 2892 2166 2961 item-

574 2992 682 3047 que
708 2979 851 3034 aliud
882 2979 948 3034 ad
997 2979 1198 3035 Lunam
1237 2988 1295 3035 et
1341 2981 1477 3035 duas
1527 2978 1887 3036 bibliothecas
1924 2982 1977 3036 in
2020 2981 2164 3038 Urbe

551 3134 557 3145 _
574 3069 834 3124 condidit.
866 3071 1048 3124 Anast.

644 3157 751 3212 463
780 3157 893 3213 Rex
923 3159 1215 3214 Alanorum
1241 3159 1497 3231 Beorgor,
1528 3160 1736 3218 Italiam
1774 3171 1985 3233 petens,
2018 3164 2157 3234 apud

573 3248 896 3321 Pergamum
922 3268 950 3302 a
979 3250 1266 3306 Richmere
1284 3251 1514 3322 patricio
1535 3265 1710 3323 pugna
1732 3254 1906 3308 victus
1928 3254 2155 3308 interiit.

574 3341 726 3396 Cass.
749 3359 804 3398 α.
832 3359 941 3414 seq.
967 3344 1121 3398 Jorn.
1264 3344 1266 3346 ’

643 3434 752 3491 464
777 3435 1011 3493 Severus
1039 3435 1555 3507 imperator-fraude,
1577 3446 1636 3493 ut
1662 3437 2158 3504 aiunt,Richmeris

572 3524 761 3581 Roma:
796 3527 849 3581 in
876 3528 1072 3596 palatio
1114 3543 1319 3583 veneno
1345 3528 1571 3583 interiit.
1602 3527 1753 3583 Cass.
1787 3546 1839 3584 a.
1866 3546 1973 3601 seq.
1998 3529 2155 3589 Jorn.

645 3613 765 3693 465.
795 3615 1043 3673 Wandali
1090 3633 1187 3687 per
1235 3616 1605 3672 Marcellinum
1658 3618 1712 3673 in
1762 3619 1948 3674 Sicilia
2006 3619 2159 3687 victi,

571 3707 806 3779 etesique
833 3719 960 3763 sunt
987 3718 1041 3765 ct
1072 3709 1260 3780 fugati.
1292 3707 1437 3763 Idat.

2294 702 2361 755 ad
2392 702 2687 774 regendum
2710 702 3020 759 Occidentis
3046 705 3333 775 imperium
3354 703 3581 760 Romam
3608 704 3891 779 misit,qui

2292 806 2540 865 suscepto
2600 797 2825 867 imperio
2891 799 3137 868 regnavit
3180 798 3338 853 annis
3391 813 3465 851 vt.
3520 796 3766 853 Marce".
3825 814 3885 854 α.

2289 902 2395 956 seq.
2426 903 2440 950 ;
2472 886 2615 941 ldat.
2653 906 2742 942 an.
2774 906 2858 959 pr.

2358 996 2463 1050 467
2496 996 2836 1052 Marcellinus
2876 998 2929 1053 in
2965 998 3147 1054 Sicilia
3193 998 3477 1055 occiditur.
3521 997 3755 1066 Toloszc,
3793 998 3886 1055 ubi

2289 1088 2444 1143 sedes
2471 1090 2617 1158 regni
2650 1089 2949 1145 Gothorum
2994 1100 3134 1154 erat,
3167 1091 3221 1146 in
3251 1091 3428 1146 medio
3477 1092 3719 1147 civitatis
3761 1108 3889 1147 san-

2288 1178 2407 1247 guis
2442 1192 2471 1232 e
2503 1188 2641 1232 terra
2667 1196 3021 1251 prorumpens
3066 1190 3180 1237 tota
3222 1182 3309 1238 die
3355 1196 3461 1237 una
3505 1182 3683 1237 ﬂuxit.
3731 1183 3879 1238 Idat.

2297 1265 2461 1321 It'red.
2502 1288 2554 1323 a.
2582 1285 2687 1335 seq.
3864 1282 3871 1288 ’

2357 1381 2461 1451 53
2490 1382 2593 1438 468
2621 1381 2944 1438 Arabundus
2971 1382 3118 1454 (114)
3148 1383 3434 1454 imperium
3467 1393 3707 1450 tentans,
3727 1385 3884 1454 jussu

2284 1472 2559 1529 Anthemii
2602 1475 2943 1546 imperatoris
2977 1476 3170 1530 exsilio
3216 1481 3554 1546 deportatur.
3587 1474 3881 1532 Cassiodo-

2287 1580 2398 1616 rus.
2442 1593 2515 1603 —
2554 1564 2741 1619 Romae
2783 1563 3094 1634 Simplicius
3138 1579 3275 1635 papa
3335 1561 3501 1619 XLIX
3532 1565 3674 1618 sedit
3721 1565 3883 1622 annis

2286 1669 2375 1720 xv,
2408 1655 2682 1710 mensibus
2709 1670 2791 1710 III.
2819 1654 2918 1721 Qui
2945 1654 3228 1709 basilicam
3265 1654 3324 1708 S.
3350 1654 3610 1725 Stephani
3639 1655 3694 1709 in
3729 1654 3882 1711 Celio

2285 1757 2466 1801 monte
2518 1747 2805 1802 dedicavit.
2859 1748 2988 1800 Item
3040 1746 3321 1800 basilicam
3353 1745 3411 1800 8.
3443 1746 3678 1799 Androm
3716 1744 3878 1813 juxta

2284 1836 2339 1891 S.
2413 1836 2635 1891 Mariam
2680 1838 3006 1893 construxit.
3071 1837 3203 1892 Item
3251 1836 3530 1892 basilicam
3581 1835 3644 1892 S.
3693 1836 3883 1893 Fibia-

2284 1942 2366 1983 na:
2395 1927 2718 1998 (II5)juxta
2750 1928 3007 1998 palatium
3039 1927 3403 1982 Licinianum.
3437 1927 3631 1980 Anast.

2347 2039 2450 2095 469
2480 2040 2754 2095 Romanus
2804 2041 3067 2109 patricius
3099 2039 3384 2108 imperium
3430 2038 3696 2095 affectans
3718 2039 3880 2110 capi-

2279 2134 2457 2190 taIiter
2485 2134 2706 2204 punitus
2736 2142 2840 2189 est.
2870 2134 3000 2189 Cass
3047 2152 3099 2189 a.
3134 2151 3241 2205 seq.

2344 2245 2451 2300 470
2479 2244 2942 2317 Constantinopoli
2984 2245 3184 2316 Aspar,
3207 2244 3461 2301 aﬁ'ectata
3498 2246 3814 2316 tyrannide,
3841 2262 3870 2299 ι

2276 2333 2451 2390 Leone
2499 2335 2825 2405 imperatore
2873 2335 3046 2390 occidi
3098 2336 3285 2406 jussus
3339 2345 3443 2390 est.
3502 2333 3754 2388 Hart-eu.
3816 2352 3870 2388 α.

2271 2429 2552 2500 seq.-—In
2582 2427 2752 2484 Gallia
2806 2428 2863 2484 S.
2922 2427 3201 2498 Remigius
3256 2427 3513 2492 coalitus,
3572 2436 3870 2497 antequam

2273 2528 2607 2585 nasceretur,
2653 2519 3044 2589 praenuntiatus
3075 2532 3105 2572 a
3140 2516 3282 2574 cella
3304 2557 3320 2583 ,
3360 2519 3414 2572 in
3451 2532 3615 2587 quam
3649 2532 3713 2571 se
3739 2519 3872 2571 ado-

2272 2611 2616 2676 lescentulus,
2661 2610 2770 2665 Deo
2799 2610 3063 2681 militans,
3103 2609 3420 2679 incluserat,
3453 2610 3503 2663 vi
3530 2609 3866 2675 abstractus,

2270 2698 2561 2755 Remorum
2586 2700 3023 2771 archiepiscopus
3051 2701 3337 2755 ordinatur
3366 2698 3537 2769 (116).

2337 2810 2437 2867 471
2492 2811 2676 2867 Roma)
2728 2812 2987 2867 Richmcr
3020 2812 3304 2882 patricius,
3333 2811 3618 2884 Olybrium
3656 2812 3867 2871 faciens

2268 2903 2668 2970 imperatorem,
2701 2902 3048 2957 Anthemium
3105 2903 3488 2973 imperatorem
3546 2912 3742 2958 contra
3775 2905 3865 2976 jus

2244 2990 2804 3073 .alIinitalis(II7)ct
2859 2990 3071 3061 imperii
3123 3008 3246 3045 cum
3294 2993 3446 3063 gravi
3498 2992 3654 3048 clade
3698 2993 3863 3051 Urbis

2264 3084 2480 3140 occidit.
2510 3082 2617 3138 Sed
2650 3098 2752 3137 non
2786 3082 2875 3137 diu
2897 3082 3102 3152 scelere
3130 3082 3341 3137 Iactatus
3366 3084 3478 3154 ipse
3512 3100 3576 3137 st.
3601 3093 3729 3154 post
3753 3085 3862 3151 die,

2263 3186 2317 3230 ct
2344 3174 2596 3246 Olybrius
2630 3190 2699 3229 vn
2730 3188 2940 3239 mense,
2971 3175 3136 3228 vitam
3163 3184 3483 3246 exegerunt.
3518 3174 3769 3231 Marcell.
3808 3192 3860 3230 a.

2261 3283 2371 3338 seq.
2401 3266 2557 3321 Jorn.

2355 3379 2462 3433 472
2515 3378 2848 3435 Gundebado
2911 3379 3167 3435 hortante
3232 3378 3518 3452 Glycerius
3582 3379 3865 3436 Ravenna:

2263 3471 2493 3541 sumpsit
2528 3472 2835 3541 imperium.
2873 3471 3027 3526 Jorn.
3067 3490 3121 3525 a.
3148 3488 3255 3542 seq.
3285 3501 3357 3511 -—-
3381 3469 3861 3542 Constantinopoli

2273 3560 2384 3615 Leo
2420 3561 2714 3630 imperator
2736 3560 2972 3616 Leonem
2999 3570 3249 3631 nepotem
3279 3576 3439 3617 suum
3471 3561 3695 3631 imperii
3729 3574 3865 3619 con-

2269 3662 2471 3707 sortem
2501 3650 2649 3707 fecit.
2675 3651 2824 3707 Cass.
2851 3669 2903 3705 a.
2933 3668 3039 3722 seq.

1573 3842 2030 3900 COMPENDIUM
2072 3844 2161 3901 EX
2202 3848 2449 3908 CODICE
2483 3852 2847 3909 BERNOLDI.

636 3932 742 3987 460
783 3931 1114 4003 Maiorianus
1171 3934 1458 4005 imperator
1509 3950 1542 3987 a
1592 3933 1887 3987 Richintere
1931 3935 2153 4003 patricio

566 4025 931 4095 fraudulenter
951 4027 1241 4097 perimitur.
1702 4032 1703 4037 “

634 4117 733 4173 461
786 4116 1005 4173 Severus
1054 4119 1382 4176 Ravenna’...
1419 4123 1669 4192 regnavit.
1709 4153 1781 4163 —
1812 4121 2037 4177 Turonis
2083 4123 2148 4177 Β.

566 4205 858 4278 Perpetuus
908 4211 1174 4281 episcopus
1221 4213 1392 4282 {actus
1421 4231 1607 4285 corpus
1638 4213 1695 4269 S.
1730 4215 1948 4270 Martini
1977 4226 2151 4270 trans-

565 4300 710 4354 tulit.

635 4390 746 4447 462
774 4391 957 4449 Roma!
990 4394 1231 4450 Hilarius
1266 4414 1403 4467 papa
1432 4396 1528 4452 XL
1542 4397 1683 4455 VIII
1712 4402 1843 4456 sedit
1892 4404 2045 4458 anuis
2073 4421 2147 4469 vt,

564 4482 827 4538 mensibus
862 4500 965 4551 tu;
996 4487 1084 4557 qui
1117 4487 1337 4541 hatreses
1370 4487 1758 4558 Eutychianam
1802 4502 1847 4544 et
1879 4491 2153 4547 Nestoriu-

536 4588 687 4635 luam
714 4574 1004 4643 damnavit,
1043 4588 1093 4634 et
1134 4580 1266 4633 inter
1302 4580 1412 4634 alia
1442 4580 1576 4635 bona
1605 4582 1759 4636 etiam
1803 4583 1936 4638 duas
1964 4585 2148 4640 biblio-

2329 3942 2432 3997 466
2455 3942 2556 3997 Leo
2577 3945 2701 4014 imp.
2728 3943 3124 3999 Anthemium...
3150 3945 3307 4009 misit,
3330 3945 3418 4016 qui
3442 3947 3678 4016 regnavit
3701 3946 3863 4007 anuis

2235 4036 2241 4042 ’
2259 4036 2498 4090 auiuaue.

2328 4123 2431 4177 467
2467 4122 2733 4176 Tolostr...
2768 4132 2876 4177 tota
2922 4124 3008 4178 die
3032 4126 3303 4195 proﬂuxit.

2328 4212 2433 4267 468
2471 4214 2855 4268 Arabundus...
2893 4216 3219 4286 deportatur.
3259 4215 3441 4272 Romre
3470 4216 3853 4277 Simplicius...

2257 4309 2516 4362 mensibus
2565 4308 2748 4373 tribus,
2774 4308 2864 4379 qui
2887 4309 2991 4363 duo
3018 4309 3225 4364 decreta
3257 4308 3630 4383 promulgavit.

2324 4397 2427 4453 469
2462 4397 2731 4452 Romanus
2768 4399 3021 4469 patricius
3052 4400 3328 4471 imperium
3377 4402 3637 4471 aﬁ'ectaus
3673 4405 3856 4462 decol-

2257 4488 2419 4543 latur.
3820 4514 3825 4519 ’

2322 4578 2428 4634 470
2458 4576 2526 4632 1η
2554 4576 2728 4632 Gallia
2764 4576 2821 4635 S.
2848 4578 3181 4651 Remigius...
3224 4582 3652 4652 archiepiscopus
3687 4584 3773 4654 ﬁt.

561 4662 738 4718 thebas
762 4666 814 4718 in
851 4663 987 4721 Urbe
1017 4656 1255 4722 condidit
1274 4680 1319 4723 et
1348 4685 1439 4724 sea:
1481 4671 1730 4740 synodica
1760 4670 1987 4741 capitula
2030 4691 2150 4728 con-
2183 4671 2229 4730 D
2325 4668 2424 4723 471
2465 4666 2729 4722 Richimer
2750 4668 3083 4724 Anthemium
3105 4671 3468 4731 imperatorem
3496 4689 3617 4727 cum
3647 4690 3851 4746 magno

561 4754 755 4809 stituit.

532 4808 537 4815 .
631 4808 747 4901 465V
782 4845 893 4902 Rea:
944 4848 1235 4904 Alanorum
1282 4848 1495 4906 Italiam
1541 4863 1718 4924 petens
1758 4855 1896 4925 apud
1944 4853 2142 4925 Perga—

561 4951 702 4990 mum
730 4954 761 4991 a
792 4936 1087 4995 Richimere
1116 4942 1338 5012 patricio
1371 4960 1546 5014 pugna
1572 4944 1788 4999 interiit.

631 5026 737 5072 464
763 5026 984 5072 Seuerus
1023 5032 1128 5072 inm
1180 5031 1363 5072 ΓνηηιΙρ
1428 5043 1483 5072 σοι
1512 5035 1659 5072 nisus!
1733 5031 2036 5072 ΩὸρΙιῖνηοι-ὅο
2061 5052 2145 5072 ιω-

2250 4758 2423 4814 clade.
2446 4756 2587 4811 urbis
2618 4755 2801 4811 Romae
2829 4758 3053 4825 occidit,
3085 4770 3132 4813 et
3165 4757 3440 4830 Olybrium
3471 4761 3850 4832 imperatorem

2250 4850 2515 4905 constituit
2538 4850 2745 4921 ipseque
2776 4850 2947 4920 periit.
2979 4850 3133 4906 Jorn.
3221 4872 3224 4876 ’
3804 4878 3809 4883 -

2230 4940 2233 4947 ’
2320 4941 2427 4996 472
2464 4940 2725 4995 Ravenna:
2763 4939 3035 5011 Glycerius
3082 4945 3301 5013 sumpsit
3351 4945 3654 5014 imperium.
3700 4940 3847 4999 Con-

2251 5029 2585 5072 :lnntinnnhli
2614 5029 2713 5072 [οη
2748 5028 2966 5072 [panem
3000 5042 3287 5072 ranam-tom
3316 5034 3459 5072 πυρηυὸ
3494 5034 3617 5072 fori!
3651 5033 3846 5072 norim
