4062 5508
226 238 316 299 101
1439 232 1808 292 CIIIIONICOI

1908 262 1959 276 —
1994 229 2169 288 SAEC.
2209 231 2271 288 γ.

3373 233 3481 294 {03

1521 327 1754 385 CODEX
1791 323 2183 381 AUGIENSIS.

291 421 402 504 47.3
431 421 892 490 Constantinopoli
924 421 1033 475 Leo
1079 420 1260 475 senior
1307 421 1598 489 imperator
1625 420 1758 475 obiit
1784 435 1797 482 ;
1834 427 1874 480 Α
1973 415 2079 469 483
2108 416 2255 468 Zeno
2283 416 2554 485 Augustus
2584 413 2975 471 Theodericum
3004 417 3161 489 hujus
3186 423 3311 475 anni
3339 436 3474 477 eon-

221 521 341 584 post
390 527 554 582 quem
593 510 701 564 Leo
743 510 924 578 junior
969 510 1076 582 54
1103 510 1289 580 paucis
1331 523 1564 579 regnans
1609 508 1802 563 mensi-

222 602 339 667 bus,
368 609 428 655 et
459 602 571 670 ipse
613 601 868 663 decessit;
903 610 953 653 et
994 611 1112 670 post
1144 601 1285 655 hunc
1315 598 1458 654 Zeno
1507 600 1804 666 imperator

225 693 399 747 factus
432 692 682 760 regnavit
708 693 862 746 annis
893 708 1022 746 xvu.
1073 691 1257 746 Romae
1295 707 1508 761 quoque
1555 690 1804 762 Glycerio

223 783 398 852 Nepos
436 784 488 838 in
520 783 744 852 imperio
771 783 1048 838 successit.
1087 782 1324 837 Marcell.
1352 801 1403 836 a.
1431 801 1538 852 seq.

293 875 399 930 474
428 875 619 929 Roma:
669 875 885 931 Orestes
916 876 1196 946 patricius,
1234 876 1438 946 Nepote
1478 877 1805 945 imperatore

226 967 275 1020 in
302 966 611 1020 Dalmatias
636 964 848 1037 fugato,
892 967 1060 1020 filium
1102 982 1259 1022 suum
1293 967 1648 1037 Augustulum
1701 967 1801 1020 im-

225 1065 532 1124 peratorem
565 1055 860 1108 constituit.
886 1053 1034 1108 Cass.
1061 1072 1114 1108 a.
1141 1072 1246 1125 seq.
1285 1055 1437 1108 Jorn.

294 1145 400 1198 475
433 1144 680 1198 Odoacer
709 1158 800 1198 rex
830 1142 1261 1215 Torcilingorum
1292 1154 1346 1198 et
1368 1144 1644 1214 Rugorum
1676 1159 1798 1197 cum

227 1236 407 1289 multis
442 1237 803 1289 Barbarorum
838 1235 1059 1305 auxiliis.
1089 1250 1310 1304 pervasa
1343 1235 1488 1288 Italia
1516 1275 1530 1298 ,
1581 1222 1804 1288 Romam

227 1325 458 1379 obtinuit
487 1340 633 1378 anno
655 1341 684 1378 a
711 1325 1016 1380 conditione
1049 1324 1164 1392 ejus
1189 1323 1496 1378 MCCXXX.
1531 1325 1802 1388 Orestem,

226 1426 279 1471 et
298 1416 528 1470 Paulum
555 1417 752 1471 fratres
778 1416 1031 1486 patricios
1065 1415 1285 1479 occidit,
1311 1414 1666 1484 Augustulum
1707 1415 1807 1469 im--

227 1519 529 1578 peratorem
575 1508 766 1562 exsilio
801 1507 1096 1572 damnavit,
1128 1517 1182 1561 et
1217 1521 1314 1576 pro
1339 1522 1402 1562 eo
1433 1507 1572 1576 regis
1610 1521 1807 1560 nomen

226 1598 485 1667 arripuit;
526 1613 650 1652 cum
676 1606 849 1651 tamen
873 1612 972 1651 nec
1001 1611 1255 1666 purpura,
1279 1612 1376 1651 nec
1403 1597 1552 1667 regni
1588 1596 1810 1667 insigni-

227 1689 320 1742 bus
349 1699 618 1743 uteretur.
651 1688 802 1743 Cosas
826 1700 872 1742 et
907 1688 1001 1741 alii
1036 1706 1088 1742 a.
1118 1706 1222 1758 seq.

1905 505 2076 559 sulem
2103 506 2250 575 (121)
2285 546 2298 570 ,
2330 514 2384 560 et
2428 505 2741 575 magistrum
2773 507 3002 562 militum
3058 513 3203 565 fecit.
3234 511 3383 568 Cass.
3424 535 3477 569 a.

1905 613 2010 666 seq.
2041 627 2107 635 —
2132 597 2314 650 Itomze
2343 595 2492 651 Felix
2531 597 2593 651 IlI
2625 613 2761 668 papa
2803 598 2844 652 L
2881 601 3018 654 sedit
3050 603 3207 656 annis
3256 603 3367 659 fere
3401 622 3476 672 rx,

1904 686 1994 755 qui
2021 686 2292 740 basilicam
2326 686 2467 740 beati
2490 689 2701 757 Agapiti
2727 685 2880 754 juxta
2907 689 2963 742 S.
2982 689 3326 746 Laurentium
3355 709 3482 748 con-

1905 777 2124 830 struxit.
2166 775 2350 828 Anast.
2371 805 2441 815 —
2462 775 2654 846 Cyrola
2680 778 2915 832 Arianus
2937 779 3222 849 episcopus
3258 783 3310 835 in
3340 781 3481 837 Afri-

1905 882 1968 922 ca
1995 908 2009 931 ,
2061 869 2318 922 adversus
2358 869 2656 939 Eugenium
2696 870 3176 942 Carthaginensem
3217 876 3481 946 archiepi-

1909 972 2130 1026 scopum
2178 960 2419 1027 aliosque
2477 959 2772 1014 catholicos
2820 961 3097 1017 miraculis
3145 965 3322 1020 claros
3365 965 3482 1021 zelo

1907 1049 2123 1113 ductus,
2146 1052 2430 1120 quemdam
2459 1066 2489 1105 e
2519 1052 2628 1105 suis
2656 1052 2882 1120 pecunia
2913 1064 3225 1126 corruptum
3266 1059 3479 1110 cazcita-

1909 1149 2013 1194 tem
2043 1140 2494 1210 simularejussit,
2531 1153 2586 1195 ut
2617 1156 2739 1195 eum
2765 1158 2947 1197 coram
2981 1159 3103 1216 rege
3133 1161 3190 1200 se
3223 1146 3476 1202 invocan-

1908 1241 2036 1294 tem,
2081 1231 2231 1300 quasi
2287 1246 2384 1300 per
2434 1231 2592 1286 [idem
2643 1249 2794 1286 suam
2835 1235 3194 1303 illuminaret;
3246 1239 3328 1292 cui
3359 1255 3481 1294 cum

1906 1337 2089 1376 coram
2133 1322 2381 1376 onmibus
2412 1337 2605 1376 manus
2639 1323 3006 1394 imposuisset,
3034 1344 3159 1381 vera
3204 1345 3327 1384 mox
3354 1329 3483 1384 divi-

1907 1416 2052 1470 nitus
2078 1415 2320 1470 crecitate
2349 1431 2657 1486 percussus,
2685 1421 2861 1475 dolum
2895 1425 3125 1491 aperuit,
3163 1441 3484 1482 cmiversus-

1908 1521 2012 1576 que
2041 1522 2070 1560 a
2093 1508 2292 1561 sanctis
2320 1508 2586 1577 episc0pis
2617 1510 2875 1579 Eugenio,
2908 1512 3236 1569 Vindemiale
3260 1525 3312 1570 et
3345 1516 3483 1570 Lon-

1908 1597 2071 1665 guino
2113 1596 2230 1668 [al.,
2268 1595 2532 1670 Longino]
2586 1614 2796 1653 rursum
2841 1601 3127 1657 illuminari
3169 1606 3484 1675 promeruit.

1909 1688 1991 1742 Ab
2020 1689 2122 1742 hoc
2151 1687 2340 1758 Cyrola
2368 1687 2704 1744 IIunnerieus
2732 1706 2822 1745 rex
2860 1693 3166 1762 instigatus,
3190 1697 3486 1753 catholicus

289 1783 394 1836 476
419 1783 668 1836 Odoacer
700 1797 939 1851 possessa
969 1781 1138 1835 Roma
1169 1782 1456 1836 maximam
1487 1783 1653 1837 Italize
1681 1798 1804 1852 par-
1837 1773 1880 1832 Β
1907 1780 2269 1850 persequitur,
2311 1787 2364 1834 et
2393 1779 2638 1850 plurimis
2688 1785 2946 1853 martyrio
2981 1788 3272 1850 coronatis,
3302 1789 3480 1858 ipsum

227 1881 328 1925 tem
362 1873 466 1926 sibi
500 1873 828 1942 subjugavit.

289 1966 394 2020 477
425 1965 738 2020 Geiserieus
792 1981 883 2019 rex
937 1964 1349 2030 Wandalorum,
1380 1977 1502 2036 post
1529 1982 1712 2021 xxxvii
1751 1975 1806 2021 ct

226 2057 382 2127 paulo
407 2057 529 2125 plus
544 2057 745 2110 inrasae
759 2055 1100 2125 Carthaginis
1121 2072 1312 2119 annos,
1335 2057 1545 2110 tandem
1570 2056 1806 2110 moriens

225 2148 495 2218 tyrannidi
529 2163 638 2202 suae
687 2148 846 2202 linem
892 2147 1036 2201 fecit.
1089 2146 1220 2200 Post
1272 2163 1430 2215 quem
1469 2163 1572 2200 non
1612 2148 1805 2202 melior

227 2237 366 2292 ﬁlius
394 2237 737 2292 Hunnericus
771 2239 1015 2307 regnavit
1059 2239 1216 2292 annis
1263 2236 1376 2292 fere
1405 2253 1520 2290 vm.
1575 2235 1799 2306 l‘rorop.

237 2323 363 2380 Vict.
409 2345 463 2380 a.
508 2345 668 2396 prter.

291 2418 399 2472 478
448 2418 614 2488 IInjus
648 2429 894 2488 tempore
941 2420 1173 2474 Zenonis
1221 2420 1559 2489 imperatoris
1609 2436 1804 2489 corpus

227 2511 491 2568 Barnabze
533 2513 791 2583 apostoli,
820 2522 874 2567 et
909 2513 1254 2584 Evangelium
1302 2504 1539 2568 Mattlizei
1575 2527 1807 2581 evange-

166 2601 176 2610 “
229 2604 384 2670 Iistae,
417 2605 558 2675 stylo
589 2607 758 2674 ipsius
796 2608 1077 2675 scriptum,
1123 2605 1239 2674 ipso
1280 2604 1548 2660 rerelante
1588 2605 1804 2658 inventa

229 2707 351 2750 sunt
377 2697 551 2765 (118).

295 2787 400 2841 479
428 2786 522 2841 IIis
553 2789 882 2857 temporibus
907 2788 1053 2858 (II9)
1084 2787 1391 2857 Simplicius
1417 2802 1550 2857 papa
1588 2787 1804 2843 Petrum

229 2875 649 2931 AIexandrinum
695 2878 1004 2948 episcopum
1046 2879 1355 2934 litereticum
1387 2879 1804 2950 Entychianum,

231 2970 296 3022 ab
324 2970 515 3025 Acatio
557 2971 1147 3041 Constantinopolitano
1192 2981 1502 3025 accusatum
1559 2969 1803 3025 damnat.

230 3062 412 3116 Anast.

1907 1872 2208 1942 Eugenium
2236 1887 2357 1926 cum
2397 1888 2621 1927 cccxxxv
2650 1876 2917 1945 episcopis
2963 1878 3152 1933 exsilio
3202 1880 3484 1953 relegavit,

1906 1971 1960 2018 ct
1997 1963 2293 2018 catholicas
2337 1962 2598 2019 ecclesias
2645 1965 2856 2022 clausit.
2905 1964 3066 2039 Greg.
3119 1969 3246 2024 Tur.
3283 1989 3334 2025 a.
3373 1989 3484 2044 seq.

1916 2054 2160 2108 Marrell.

1977 2145 2081 2200 484
2126 2145 2484 2212 IIunnericus,
2520 2163 2613 2202 rex
2638 2147 3050 2216 Wandalorum,
3074 2150 3330 2209 divinitus
3375 2170 3490 2224 per-

1907 2252 2129 2300 cussus,
2175 2250 2392 2294 scatens
2442 2241 2716 2295 vermibus
2769 2243 3086 2310 exspiravit.
3151 2243 3279 2298 Post
3328 2262 3489 2316 quem

1909 2327 2093 2382 fratris
2128 2327 2243 2397 ejus
2286 2331 2426 2385 lilius
2453 2329 2874 2387 Gundamttndus
2910 2334 3154 2404 regnavit
3183 2335 3340 2391 anuis
3375 2337 3489 2392 fere

1909 2436 2009 2484 xu,
2036 2421 2124 2490 qui
2179 2437 2283 2475 non
2333 2422 2502 2476 multo
2538 2432 2658 2491 post
2690 2424 2985 2492 Eugenium
3034 2426 3345 2496 episcopum
3400 2444 3488 2484 re-

1909 2517 2142 2566 vocavit.
2174 2511 2328 2565 Jorn.
2359 2543 2427 2554 —
2453 2513 2760 2568 Ludovicus
2792 2531 2881 2569 rex
2918 2515 3493 2587 Francorum-juvante

1912 2603 2258 2675 Baganbario
2308 2604 2427 2677 [al.,
2482 2605 2880 2679 Ragnachario]
2931 2618 3158 2679 cognato
3204 2625 3322 2675 suo,
3375 2612 3493 2664 δίθ-

1910 2698 2084 2769 grium
2131 2714 2310 2769 regem
2339 2699 2527 2754 Gallia)
2570 2699 2771 2771 Egitlii
2817 2701 2983 2756 lil§um
3022 2704 3160 2758 bello
3186 2705 3385 2760 victum
3425 2707 3491 2760 ad

1910 2791 2187 2844 Alaricum
2221 2807 2400 2862 regem
2431 2792 2730 2847 Gothorum
2762 2793 2948 2864 fugere
2978 2796 3237 2864 compulit
3283 2799 3492 2867 sibique

1911 2881 2178 2936 redditum
2202 2881 2488 2945 occidit,et
2510 2891 2681 2936 totum
2712 2877 3097 2952 reguum'illius
3121 2899 3182 2938 ac
3206 2886 3494 2941 thesauros

1911 2973 2012 3029 sibi
2047 2973 2292 3044 subjecit.
2320 2969 2476 3041 Greg.
2509 2972 2635 3027 Tur.
2668 2992 2720 3028 a.
2755 2974 2879 3029 I86.

1981 3063 2086 3118 485
2133 3063 2245 3118 IIoc
2294 3071 2533 3132 tempore
2584 3064 2805 3119 Acatius
2841 3065 3490 3138 ConstantinOpOIitanus,

297 3157 402 3212 480
437 3157 548 3213 Hoc
579 3167 822 3227 tempore
851 3167 1062 3214 mortuo
1080 3157 1384 3214 Childerico
1412 3173 1537 3228 rege
1567 3157 1806 3212 Franco-
1833 3131 1878 3193 Ο
1911 3155 2100 3211 Ineresi
2132 3155 2332 3218 favens,
2363 3131 2577 3210 Petrum
2626 3155 2734 3228 56
2767 3157 3184 3213 Alexandrinum
3203 3131 3444 3216 ’τργουειῑ

233 3265 384 3314 mm,
431 3249 733 3305 Ludovicus
774 3249 914 3305 illius
960 3249 1106 3319 ejus,
1155 3266 1315 3320 quem
1358 3250 1679 3306 Clodovenm
1727 3250 1806 3306 di-

233 3347 378 3404 cunt,
406 3341 650 3410 regnavit
691 3341 848 3394 annis
886 3356 1010 3394 xxx.
1049 3339 1202 3411 Greg.
1251 3339 1378 3394 Tur.
1428 3339 1534 3410 55
1556 3357 1645 3393 an.
1693 3356 1802 3410 seq.

232 3431 443 3501 —Ipso
483 3448 626 3487 anno
671 3433 916 3488 Odoacer
955 3432 1140 3489 Roma
1189 3449 1420 3504 regnans
1459 3435 1508 3487 in
1539 3433 1804 3488 Dalmatia

231 3520 457 3578 Odium
487 3539 669 3594 regem
697 3523 826 3579 vicit
867 3533 920 3578 et
947 3526 1196 3593 peremit.
1230 3524 1471 3579 Cassiod.
1502 3524 1655 3578 Jorn.

299 3612 406 3667 482
459 3613 828 3668 Theodericus
901 3612 1224 3668 Theodmari
1283 3613 1422 3669 filius
1473 3614 1657 3685 (120)
1713 3629 1808 3670 rex

232 3701 701 3773 Ostrogothorum,
740 3703 793 3757 id
831 3712 952 3766 est,
1002 3705 1092 3773 qui
1123 3704 1250 3758 olim
1296 3705 1349 3758 in
1397 3704 1544 3759 Italia
1599 3719 1807 3760 reman-

233 3804 453 3861 serant,
505 3794 842 3858 Gothorum,
895 3792 1097 3848 Zenoni
1143 3794 1384 3865 Augusto
1419 3794 1700 3850 familiaris
1733 3795 1810 3851 ef-

234 3883 441 3952 fectus,
488 3899 608 3940 cum
654 3883 768 3939 suis
805 3883 854 3937 ei
898 3882 1088 3938 Gothis
1138 3884 1408 3939 militavit.
1463 3884 1703 3940 Marcell.
1754 3902 1808 3940 a.

231 3990 337 4046 seq.

1908 3261 2016 3316 quo
2044 3245 2224 3302 audito
2271 3246 2423 3302 Felix
2470 3264 2606 3318 papa
2658 3259 2948 3318 ulrmnqne
2985 3266 3108 3305 cum
3165 3254 3494 3322 sequacibus

1907 3336 2111 3392 erroris
2133 3336 2457 3392 condemnat
2483 3339 2652 3408 (me).
2687 3337 2884 3393 Felicis
2913 3343 3061 3410 epist.
3102 3342 3154 3396 5.

1976 3428 2084 3483 486
2130 3427 2620 3485 οάοοςρτῖοεωηι
2655 3428 2787 3502 pit,
2839 3429 3099 3486 Phtrbam
3131 3450 3220 3486 seu
3271 3409 3492 3507 cham]

1907 3517 1999 3584 qni
2050 3525 2106 3570 et
2136 3516 2420 3573 Felethens
2475 3520 2662 3591 (I25),
2696 3535 2876 3590 regem
2927 3520 3197 3591 [iugorum
3250 3523 3381 3579 vicit
3437 3534 3494 3578 et

1913 3608 2290 3678 apprehendit.
2314 3608 2554 3664 Cassiod.
2596 3629 2648 3664 a.
2683 3629 2786 3682 seq.

1983 3701 2087 3756 487
2112 3691 2576 3758 Gundamnundus
2606 3720 2698 3759 rex
2743 3705 2880 3760 Wan
2903 3706 3128 3761 'alorum
3177 3705 3492 3775 Carthagini

1913 3792 2200 3848 ecclesiam
2243 3795 2416 3849 sancti
2463 3794 2632 3864 Agilei
2663 3795 2946 3852 catholicis
2993 3794 3244 3858 reddidit,
3273 3788 3494 3866 petente

1914 3893 2101 3939 sancto
2131 3885 2370 3956 Eugenio
2389 3887 2668 3959 ,episc0po.
2695 3886 2879 3957 Prosp.
2910 3890 3134 3958 append.
3434 3895 3443 3906 ‘

1221 4063 1670 4119 COMPENDIUM
1710 4065 1804 4118 EX
1841 4061 2088 4120 CODICE
2129 4059 2490 4115 BERNOLDI.

301 4159 408 4213 473
446 4156 551 4211 Leo
585 4158 759 4211 senior
817 4157 1095 4226 imperator
1149 4154 1293 4217 obiit,
1345 4165 1456 4223 post
1503 4172 1652 4224 quem
1705 4154 1809 4208 Leo
1843 4183 1889 4241 D
1986 4153 2092 4208 478
2127 4151 2435 4223 Simplicius
2462 4169 2598 4224 papa
2631 4153 2931 4210 Petrum...
2967 4159 3222 4227 damnat,
3270 4169 3330 4217 ut
3354 4161 3490 4234 Aug.

228 4249 413 4320 iunior
438 4249 619 4317 paucis
649 4247 912 4302 mensibus
939 4261 1159 4313 regnans
1187 4255 1234 4298 et
1263 4246 1372 4306 ipse
1408 4245 1649 4298 moritur.
1685 4243 1811 4298 Post

234 4338 369 4392 hunc
411 4337 549 4391 Zeno
589 4340 715 4407 imp.
742 4337 970 4406 regnavit
1008 4335 1160 4388 annis
1193 4349 1324 4388 xvn.
1365 4332 1544 4387 Romre
1573 4331 1812 4403 Glycerio
1886 4365 1889 4367 -

235 4431 477 4482 successit
500 4425 679 4496 Nepos
708 4427 765 4481 in
799 4426 1037 4494 imperio.

303 4519 404 4574 474
431 4517 640 4574 Orestes
669 4517 921 4588 patricius
944 4514 1198 4586 Nepotem
1228 4515 1587 4584 imperatorem
1615 4515 1813 4586 fugavit

236 4609 440 4682 ﬁlioque
475 4627 572 4665 suo
600 4608 895 4680 Augustulo
926 4607 1196 4676 imperium
1223 4606 1385 4658 dedit.

306 4701 408 4755 475
435 4700 681 4755 Odoacer
710 4717 800 4754 rea:
849 4697 1264 4767 Torcilingorum
1305 4706 1352 4748 et
1396 4694 1664 4765 Rugorum
1699 4712 1814 4765 per-

243 4806 356 4845 sasa
381 4791 615 4846 Italia...
647 4800 696 4844 et
725 4789 952 4844 Paulum
971 4788 1219 4858 patricios
1240 4785 1450 4853 occidit,
1468 4788 1815 4857 Augustulum

241 4882 562 4952 imp.e.rsflio
603 4881 891 4935 damnavit.
1093 4869 1098 4874 ’
1199 4929 1204 4934 .

304 4973 402 5029 476
437 4974 688 5029 Odoacer
720 4969 898 5023 Romte
936 4969 1092 5024 invito
1122 4967 1332 5024 Zenone
1364 4981 1564 5042 regnat.

304 5066 400 5120 477
429 5065 690 5135 Tempore
711 5061 1000 5117 Zenonis...
1025 5063 1136 5132 ipso
1160 5062 1412 5118 revelante
1445 5073 1642 5130 reperta
1665 5074 1805 5129 sunt,

235 5162 292 5209 ut
315 5157 444 5228 Aug.
470 5173 564 5211 an.
591 5168 712 5223 seq.

1916 4257 1968 4297 a.
1999 4257 2115 4312 seq.

1987 4331 2092 4387 480
2127 4329 2397 4386 Hilderico
2430 4349 2545 4403 rege
2586 4331 2916 4391 Francorum
2958 4349 3234 4395 mortuo...
3265 4344 3491 4410 regnarit

1917 4437 2018 4474 XXX
2052 4437 2224 4475 annis.

1984 4511 2090 4564 482
2117 4510 2536 4570 Theodericus...
2565 4515 2845 4584 familiaris
2883 4519 3121 4587 efficitur,
3150 4529 3198 4571 et
3229 4537 3344 4573 cum
3381 4521 3491 4574 suis

1914 4597 1962 4650 ei
1989 4596 2173 4652 Gothis
2211 4602 2476 4656 militavit.
2519 4602 2661 4657 Zeno
2697 4606 2960 4674 Augustus
2994 4604 3487 4663 Theodoricam.....

1916 4687 2058 4757 fecit,
2093 4697 2151 4744 ut
2178 4692 2315 4761 Aug.
2349 4707 2397 4744 a.
2427 4707 2544 4762 seq.

1987 4780 2096 4836 485
2124 4780 2303 4836 Roma:
2333 4781 2490 4836 Felix
2537 4784 2740 4847 tertius,
2776 4801 2910 4853 papa
2936 4783 3008 4848 L,
3049 4786 3180 4839 sedit
3209 4786 3360 4842 armis
3388 4787 3494 4858 fere

1918 4886 2098 4922 norem
2127 4881 2174 4924 et
2215 4887 2473 4925 canonum
2519 4887 2666 4926 xxvzt
2699 4872 2930 4942 capitula
2958 4878 3248 4934 constituit.

1987 4957 2096 5014 485
2122 4959 2239 5016 Hoc
2277 4970 2570 5029 tempore...
2603 4974 2824 5026 revocat,
2866 4981 3016 5034 queat
3042 4974 3308 5038 quondam
3340 4989 3500 5028 accu-

1914 5051 2096 5114 sabat;
2125 5069 2226 5122 quo
2253 5051 2453 5118 audito,
2477 5063 2605 5117 etc.,
2637 5060 2695 5105 ut
2717 5053 2854 5124 Aug.
3209 5059 3211 5061 ’

1746 5241 1977 5300 NOTAE.

305 5339 440 5410 (IIS)
468 5339 586 5395 Hac
628 5337 698 5392 de
728 5334 922 5410 refigit
951 5333 1214 5390 Baronius
1244 5336 1309 5390 ad
1339 5353 1428 5392 an.
1454 5333 1582 5400 485,
1611 5332 1806 5392 Cedre-

163 5467 166 5474 ,
230 5403 329 5468 lus
364 5427 490 5464 vero
517 5409 589 5464 ad
621 5425 714 5461 an.
748 5403 875 5458 477ζ

304 5481 439 5508 “HM
472 5481 675 5508 ηληῖηη
723 5492 846 5508 non“
891 5474 1154 5508 nnnnnlﬂn
1178 5474 1276 5508 han
1305 5477 1465 5508 rnfnnl
1512 5474 1575 5508 ηδ
1605 5491 1803 5508 annum

1987 5333 2138 5410 (121)
2181 5335 2547 5393 Theodericus
2601 5351 2728 5390 ann.
2801 5339 2904 5395 484
2955 5345 3146 5399 consul
3187 5347 3308 5410 fuit,
3356 5347 3500 5402 unde

1918 5405 2360 5508 htqularli‘nttttn.
2389 5417 2702 5508 sequentqu
2734 5423 3002 5508 spectant.I

2197 5477 2418 5508 pllnlllll'l
2466 5482 2565 5508 ..ι-,ι
2609 5487 2687 5508 ιλιι.
2745 5477 2794 5508 :;.
2835 5483 3059 5508 nunl.:l:n
3115 5485 3185 5508 Π-
3213 5505 3219 5508 Α
3257 5499 3352 5508 -..Α
3408 5500 3470 5508 Α..
