4062 5508
561 276 666 333 463

1403 270 1764 328 ιιΕιιΜΑΝΝι
1800 267 2195 333 CONTRACTI
2223 264 2606 333 .AUGIENSIS
2642 272 2949 330 MONACIII

3718 277 3821 335 104

1850 425 2090 483 CODEX
2130 416 2269 482 AUC
2279 424 2518 482 lENSlSv.

645 563 751 619 488
813 561 1172 619 l'heodoricus
1220 578 1312 619 rex
1348 563 1812 635 .Ostrogothorum
1870 579 2136 635 permissu
2170 561 2364 634 Alpse
2412 561 2685 620 dedicavit
2744 564 3029 621 ecclesiam
3060 564 3123 620 S.
3176 563 3490 636 Euphemite
3539 564 3829 623 Tiburtina

552 654 789 710 Zenonis
829 653 1054 722 Augusti
1095 653 1302 717 Italiam
1353 655 1543 726 petiit,
1574 657 1660 712 cui
1689 657 1830 728 apud
1863 656 2139 712 lsoncium

549 744 799 800 Odoacer
849 759 1145 800 occurrens
1179 743 1317 800 bello
1363 745 1609 800 conflixit
1651 754 1707 800 et
1763 747 1939 803 victus
1979 746 2138 801 aufu-

553 832 665 905 git;
701 842 764 895 es
796 833 991 891 iterum
1034 834 1336 889 recollectis
1367 834 1575 891 viribus
1599 833 1822 891 Veronae
1861 835 1979 891 acie
2008 850 2139 891 con-

550 938 801 995 gressus,
830 921 1008 978 denuo
1031 922 1204 979 victus
1238 931 1294 978 et
1319 922 1539 995 fugatus
1577 932 1682 981 est.
1725 923 1883 980 Iern.
1932 941 1987 978 a.
2031 941 2136 997 seq.
2201 966 2217 983 .

557 1013 788 1071 Marius.

626 1107 733 1164 489
760 1107 1132 1165 Theodoricus
1161 1109 1230 1165 ad
1279 1109 1499 1165 ﬂuvium
1546 1109 1790 1165 Adduam
1832 1108 2143 1165 Odoacrem

559 1196 722 1252 tertio
761 1197 1062 1252 certamine
1106 1199 1237 1253 vicit
1284 1196 1693 1269 fugientemque
1741 1198 1883 1268 apud
1931 1196 2145 1253 Raven-

556 1302 684 1341 nam
715 1286 943 1342 obsedit.
993 1286 1148 1342 Jorn.
1181 1306 1235 1342 α.
1285 1307 1392 1359 seq.
1430 1288 1575 1344 Mar.
1599 1318 1669 1328 —
1698 1287 2004 1342 Ludovicus
2048 1301 2144 1351 rex

557 1377 913 1445 Francorum,
944 1380 1248 1453 Thuringos
1273 1393 1463 1453 petens
1488 1422 1503 1448 ,
1546 1382 1695 1453 gravi
1729 1398 1821 1436 eos
1847 1382 1992 1436 ctede
2022 1396 2147 1451 pro-

556 1471 756 1526 stravit
783 1472 1034 1543 ipsosque
1059 1489 1181 1528 cum
1213 1482 1357 1528 terra
1378 1489 1565 1528 eorum
1589 1472 1691 1527 sibi
1721 1470 1968 1541 subjecit.
1985 1468 2141 1542 Grcg.

561 1557 692 1614 Tur.
723 1578 775 1614 a.
804 1560 934 1617 491.

647 1650 753 1706 490
790 1650 1077 1715 Odoacer,
1134 1663 1295 1709 noctu
1353 1670 1383 1708 a
1438 1654 1692 1709 Ravenna
1744 1669 1870 1710 cum
1933 1653 2144 1710 Herulis

558 1756 837 1811 egressus,
878 1741 1126 1800 collectis
1156 1745 1362 1800 viribus
1392 1757 1589 1816 quarto
1636 1762 1759 1801 cum
1807 1745 2145 1803 Theodorico

556 1832 822 1897 conﬂixit,
850 1843 906 1887 et
929 1834 1110 1890 itidem
1139 1836 1314 1892 victus
1336 1837 1404 1892 ab
1427 1853 1490 1892 eo
1522 1846 1825 1908 captusque
1853 1847 1938 1894 est
1965 1837 2143 1907 (124).

2242 655 2397 721 urbe,
2428 654 2671 725 aliasque
2700 655 2951 712 basilicas
2998 664 3305 713 sanctorum
3336 656 3616 724 Nicandri,
3664 658 3825 714 Eleu—

2240 745 2425 811 therii,
2452 754 2508 802 et
2540 744 2600 821 S.
2628 745 2857 802 Andrea:
2892 747 2974 802 via
3003 746 3292 803 Lavicana.
3314 747 3469 803 Fecit
3494 749 3658 804 etiam
3687 748 3834 806 basi-

2242 835 2398 891 licam
2426 844 2626 891 sanctaa
2657 834 2839 892 Maria:
2868 836 2955 890 via
2978 835 3327 893 Laurentina.
3353 838 3539 892 Anast.

2314 927 2422 985 493
2459 927 2555 983 llis
2587 929 2918 999 temporibus
2950 930 3002 982 in
3051 928 3236 984 Alrica
3282 930 3471 986 beatus
3510 929 3830 1002 Fulgentius

2245 1019 2566 1091 episcopus,
2616 1019 2707 1091 qui
2776 1020 3111 1090 Ruspensem
3160 1036 3288 1075 xxvt
3332 1022 3489 1077 annis
3532 1021 3674 1076 rexit
3723 1020 3829 1075 Ec-

2239 1106 2484 1175 clesium,
2509 1108 2771 1173 doctrina,
2822 1118 2879 1164 et
2911 1109 3123 1164 actibus
3163 1111 3343 1166 clarus
3371 1109 3611 1176 ell‘ulsit;
3651 1111 3831 1180 quiet

2248 1200 2365 1271 ipse
2402 1200 2632 1272 plurima
2673 1200 2818 1256 inter
2869 1201 3007 1256 alios
3035 1201 3332 1257 catholicos
3360 1201 3521 1269 mala,
3552 1210 3609 1258 et
3635 1201 3831 1257 exsilia

2245 1305 2536 1360 perpessus
2564 1299 2670 1346 est.
2731 1289 2909 1345 Victor
2959 1290 3065 1346 Vit.
3118 1291 3471 1349 Isid.—Hac
3496 1294 3661 1347 etiam
3696 1303 3837 1347 tem-

2245 1390 2458 1451 pestate
2488 1379 2794 1437 Ludovicus
2820 1396 2913 1436 rex
2937 1381 3271 1437 Francorum
3297 1382 3499 1438 Gallias
3524 1396 3697 1453 usque
3731 1380 3832 1457 ξε·-

2246 1487 2504 1542 quanam,
2543 1480 2596 1527 ct
2620 1472 2816 1527 deinde
2845 1487 3014 1543 usque
3040 1473 3274 1545 Ligerim
3307 1474 3499 1529 ﬂuvios
3528 1490 3628 1529 suo
3666 1487 3839 1543 regno

2244 1561 2481 1633 subegit.
2530 1561 2686 1618 Hunc
2725 1562 2892 1617 multa
2930 1564 3189 1618 instantia
3236 1564 3537 1627 Chrodhild
3568 1580 3708 1619 uxor
3734 1577 3833 1618 sua

2246 1654 2313 1709 ad
2353 1652 2514 1708 ﬁdem
2550 1652 2751 1708 Christi
2782 1655 3117 1710 cohortatur.
3150 1652 3191 1707 (ἐ
3201 1670 3305 1725 reg.
3336 1653 3463 1708 Tur.
3490 1671 3582 1707 an.
3606 1671 3721 1726 seq.

2317 1746 2423 1802 494
2460 1743 2889 1800 Gundamundus
2914 1761 3004 1800 rex
3040 1744 3452 1810 Wandalorum,
3481 1747 3843 1815 persuadente

2248 1835 2489 1906 Eugenio
2525 1836 2955 1907 archiepiscopo,
2985 1837 3196 1892 tandem
3223 1844 3344 1905 post
3367 1852 3400 1890 x
3436 1852 3609 1892 annos
3641 1852 3836 1893 omnes

561 1920 727 1978 Citati
767 1923 838 1977 ad
883 1942 937 1979 a.
992 1942 1099 1995 seq.
1126 1956 1196 1966 —
1224 1926 1342 1997 Ipso
1394 1944 1535 1983 anno
1577 1928 2008 1985 Gundamundus
2059 1944 2153 1985 rex
2184 1920 2557 1981 Bcatholicos
2605 1925 2886 1995 episcOpos
2943 1928 3010 1980 de
3067 1925 3261 1980 exsilio
3321 1926 3596 1980 revocavit
3641 1935 3700 1982 et
3746 1926 3843 1981 diu

562 2013 956 2071 Wandalorum
984 2032 1169 2086 pacem
1198 2034 1320 2092 cum
1359 2017 1617 2097 Romanis
1663 2018 1808 2075 fecit.
1839 2019 2150 2075 Constanti-

562 2106 748 2177 nopoli
788 2100 976 2162 Zenon
1022 2109 1318 2178 imperator
1348 2111 1605 2176 moritur;
1643 2119 1768 2180 post
1799 2125 1959 2180 quem
2006 2109 2152 2164 Ana-

564 2201 765 2257 stasius
810 2200 1094 2272 imperium
1125 2201 1362 2258 Orientis
1406 2218 1576 2275 xxvnt
1619 2203 1776 2259 annis
1809 2202 1997 2258 tenuit.
2022 2200 2156 2256 Cas-

562 2294 704 2352 siod.
734 2310 789 2350 a.
814 2311 922 2367 seq.
940 2281 1011 2337 —F
1033 2293 1146 2351 lloc
1168 2303 1412 2366 tempore
1439 2294 1745 2350 Ludovicus
1774 2310 1865 2349 rex
1910 2294 2150 2349 Franco-

566 2398 687 2439 rum
722 2383 1126 2440 intercurrente
1175 2383 1471 2438 Aureliano
1523 2381 1703 2455 legato
1746 2398 1847 2438 suo
1899 2383 1966 2437 de
2014 2381 2153 2438 Bur-

564 2472 767 2545 gundia
794 2470 1180 2528 llruodbildcm
1209 2472 1330 2546 (aL,
1364 2472 1689 2528 Chlotildem
1712 2490 1803 2528 seu
1827 2471 2152 2545 Crotildem]

567 2579 793 2619 uxorem
843 2563 1207 2619 Christianam
1260 2565 1509 2635 accepit,
1559 2564 1726 2620 tiliam
1780 2564 1990 2620 scilicet
2042 2562 2156 2617 Hil-

567 2654 742 2727 perici
780 2654 962 2726 (ωδ),
1013 2671 1174 2726 quem
1204 2654 1375 2710 frater
1411 2670 1543 2711 suus
1581 2654 1972 2711 Gundobaldus
2027 2670 2155 2711 cum

568 2760 738 2802 uxore
766 2754 822 2801 et
859 2745 982 2800 liliis
1020 2746 1403 2803 trucidaverat.
1439 2745 1596 2817 Greg.
1628 2744 1756 2800 Tur.
1782 2763 1833 2800 a.
1860 2746 1986 2801 495.

640 2835 749 2907 57
772 2835 872 2892 491
912 2836 1096 2892 Roma:
1135 2836 1390 2893 defuncto
1429 2838 1607 2894 Felice
1642 2854 1777 2909 papa
1807 2839 2093 2894 concilium
2125 2853 2155 2893 a

568 2927 903 2999 presbyteris
935 2938 992 2983 et
1018 2929 1335 2985 diaconibus
1361 2939 1541 2985 actum
1570 2931 1743 3003 (128).

644 3019 753 3077 491
790 3016 1160 3077 Theodericus
1188 3021 1455 3077 Ravennae
1480 3022 1786 3078 Odoacrum
1813 3021 2037 3077 insidias
2055 3021 2159 3076 sibi

2250 2014 2466 2070 clausas
2490 2013 2749 2071 ecclesias
2793 2028 2926 2084 pace
2973 2014 3182 2070 reddita
3231 2013 3467 2085 aperuit.
3511 2013 3742 2085 Procop.
3782 2033 3845 2072 a.

2254 2103 2781 2177 seq.—Lndovicus
2820 2121 2915 2161 rex
2965 2104 3297 2160 Francorum
3347 2114 3540 2162 contra
3587 2106 3852 2162 Alaman-

2254 2210 2355 2249 nos
2408 2210 2696 2265 pugnans,
2754 2210 2879 2250 cum
2937 2195 3210 2251 exercitus
3257 2193 3379 2265 ejus
3424 2194 3850 2265 periclitaretur,

2256 2284 2424 2342 Deum
2455 2287 2579 2343 οωιί
2610 2289 2885 2353 invocans,
2923 2298 2980 2341 et
3004 2286 3161 2342 ﬁdem
3187 2303 3341 2343 suam
3368 2285 3590 2342 Christo
3612 2301 3844 2348 vovens,

2230 2370 2378 2448 ‘ipso
2412 2375 2640 2447 juvante
2691 2378 2865 2432 vietor
2920 2377 3252 2433 Alamannos
3299 2376 3628 2449 subjugarit.
3680 2373 3849 2457 (ἐι-ές.

2258 2468 2386 2522 Tur.
2421 2486 2475 2522 a.
2512 2467 2641 2524 496.

2325 2555 2432 2612 495
2471 2555 2794 2623 Ludovicus,
2830 2571 2923 2612 seu
2955 2555 3252 2615 Clodoveus
3277 2571 3370 2612 rex
3401 2555 3742 2612 Francorum
3769 2557 3855 2611 in-

2257 2656 2443 2704 stante
2490 2648 2788 2704 Hrodhildc
2820 2647 2969 2720 (127)
2996 2647 3105 2719 58
3148 2647 3376 2719 conjuge
3424 2662 3544 2707 sua,
3595 2662 3626 2700 a
3654 2659 3851 2702 sancto

2260 2741 2504 2813 Remigio
2558 2741 2809 2797 Rcmensi
2859 2740 3262 2812 archiepiscopo
3291 2739 3397 2795 ﬁde
3431 2740 3637 2797 Chrisxi
3670 2740 3854 2795 imbu-

2257 2841 2368 2896 tus,
2397 2847 2519 2887 cum
2546 2841 2704 2904 gente
2732 2846 2829 2886 sua
2862 2831 3190 2901 baptizatur.
3214 2827 3371 2900 (περ.
3418 2828 3545 2883 Tur.
3574 2848 3624 2884 α.
3661 2847 3777 2899 seq.

2330 2921 2437 2978 496
2471 2921 2867 2977 Gundamundo
2927 2923 3071 2991 rege'
3102 2917 3491 2974 Wandalorum
3562 2916 3852 2982 defuncto,

2261 3014 2667 3070 Trasamundus
2704 3028 2829 3066 xxvi
2870 3010 3026 3080 paulo
3074 3009 3193 3079 plus
3237 3010 3397 3064 annis
3435 3025 3535 3079 pro
3555 3024 3626 3064 eo
3656 3025 3862 3081 regna-

571 3113 886 3169 molientem
915 3113 1163 3182 peremit,
1192 3128 1258 3167 ac
1280 3114 1393 3183 ipse
1418 3112 1727 3170 Occidentis
1750 3113 2034 3184 imperium
2051 3129 2161 3168 xxx
2261 3106 2360 3159 Vit.
2408 3102 2509 3171 Qui
2543 3103 2670 3156 item
2701 3100 2983 3156 catholicis
3034 3097 3261 3155 infestus
3297 3098 3556 3154 ecclesias
3600 3107 3726 3169 post
3763 3098 3863 3153 ali-

571 3202 733 3256 annis
804 3202 1059 3257 obtinuit.
1128 3201 1279 3258 Cass.
1328 3203 1554 3259 ,Harius
1612 3221 1664 3258 a.
1721 3220 1828 3275 seq.
1866 3234 1936 3245 —-
1976 3203 2160 3258 Reum

2267 3205 2401 3266 quot
2435 3209 2611 3249 annos
2650 3192 2864 3255 clausit,
2904 3198 2955 3245 et
2986 3189 3128 3244 inter
3170 3188 3306 3243 alios
3337 3188 3732 3258 persecutionis
3778 3187 3864 3241 la-

571 3288 822 3347 Gelasius
852 3305 986 3360 papa
1020 3289 1083 3345 Ll
1130 3292 1274 3345 sedit
1313 3292 1476 3347 annis
1510 3308 1586 3357 tv,
1631 3269 1906 3347 mensibus
1947 3308 2041 3357 vn,
2076 3294 2160 3348 vir
2190 3269 2234 3330 (ἶ
2264 3287 2423 3343 bores
2456 3300 2590 3340 ccxt.
2619 3284 2903 3354 episcopos
2933 3281 3123 3336 exsilio
3149 3280 3202 3334 in
3236 3280 3489 3335 Sardinia
3522 3278 3732 3349 etaliis
3759 3277 3844 3331 in-

572 3380 789 3448 doctus,
813 3391 868 3436 et
898 3381 1038 3453 pius,
1065 3383 1155 3452 qui
1181 3397 1285 3453 pro
1311 3381 1568 3439 Ecclesia:
1595 3392 1738 3438 statu
1768 3382 2028 3438 nonnulla
2060 3382 2155 3437 de-

571 3479 724 3527 creta
756 3471 903 3537 fecit,
932 3472 1099 3527 multa
1125 3472 1428 3529 sublimiter
1462 3475 1705 3545 scripsit,
1732 3474 2025 3530 hznreticos
2056 3474 2154 3529 da-

576 3563 803 3630 mnavit,
836 3562 1039 3619 clerum
1083 3563 1387 3620 Romanum
1431 3566 1601 3633 anxit,
1644 3581 1910 3638 pauperes
1940 3565 2148 3622 dilexit.

2259 3377 2391 3433 sulis
2415 3374 2626 3430 alllixit.
2660 3371 2800 3427 Hist.
2830 3371 3045 3425 miscell.
3086 3369 3313 3440 Procop.
3344 3371 3414 3424 ad
3439 3387 3568 3424 ann.
3593 3385 3704 3440 seq.

2331 3465 2434 3521 497
2472 3464 2711 3527 Boetius,
2744 3462 3003 3533 patricius
3030 3470 3081 3515 et
3123 3460 3337 3528 consul,
3368 3461 3536 3516 multa
3577 3461 3666 3516 bis
3711 3468 3856 3516 tem-

2264 3559 2486 3633 poribus
2536 3554 2737 3626 ingenii
2779 3555 2859 3609 sui
2902 3553 3234 3608 monimenta
3289 3554 3340 3608 in
3372 3552 3623 3609 saeculari
3677 3551 3863 3625 philo-

1564 3738 2015 3797 COMI’ENDIUM
2054 3736 2147 3794 EX
2182 3732 2432 3793 CODICE
2468 3729 2830 3788 BERNOLDI.

648 3869 758 3927 488
787 3869 1146 3929 Theodericus
1174 3887 1333 3926 rex...
1373 3871 1516 3929 petiit
1543 3887 1563 3927 :
1590 3873 1677 3928 cui
1711 3870 1955 3929 Odoacer
1975 3887 2165 3928 occur-

575 3979 697 4018 rens
722 3961 854 4017 bello
880 3962 1142 4033 conﬂixit,
1177 3963 1266 4017 sed
1288 3964 1450 4019 victus
1482 3963 1709 4035 aufugit.

649 4054 755 4109 489
789 4053 1141 4110 Theodoricus
1165 4053 1467 4110 Odoacrem
1480 4057 1601 4128 jam
1630 4058 1785 4111 tertio
1804 4057 1995 4111 devicit
2019 4071 2165 4110 curn-

572 4162 678 4216 que
704 4145 944 4216 fugatum
978 4145 1239 4202 Ravenna:
1269 4147 1494 4203 obsedit.

649 4236 757 4292 490
812 4233 1057 4292 Odoacer
1098 4250 1285 4309 quarto
1341 4238 1623 4309 conﬂigens
1677 4254 1796 4292 cunt
1844 4238 2162 4293 Theoderico

577 4326 744 4381 victus
788 4337 842 4381 et
889 4337 1075 4398 captus
1129 4339 1228 4383 est.
1281 4328 1737 4400 Constantinopoli
1794 4329 1975 4384 Zenon
2031 4331 2159 4401 imp.

542 4417 825 4483 inseritur,
870 4428 983 4487 post
1029 4434 1185 4490 quem
1223 4417 1535 4474 Anastasius
1593 4418 1871 4489 imperium
1921 4418 2154 4473 Orientis

580 4522 753 4563 xxvnt
779 4509 932 4564 annis
972 4510 1126 4565 rexit.

623 4600 750 4656 .49!
793 4599 974 4657 Roma
998 4602 1245 4671 defuncto
1277 4640 1293 4655 .
1321 4640 1336 4656 .
1364 4639 1385 4655 .
1410 4611 1461 4655 et
1487 4601 1723 4656 diaconis
1747 4602 1945 4672 agitur.

2273 3866 2439 3921 multa
2476 3865 2686 3918 decreta
2715 3864 2857 3934 fecit.

2343 3953 2447 4008 495
2484 3951 2601 4007 Hoc
2622 3964 2857 4024 tempore
2893 3954 2951 4010 in
2979 3955 3161 4025 Africa
3188 3956 3369 4013 beatus
3394 3956 3711 4030 Fulgentius
3743 3964 3866 4033 cpi-

2268 4060 2455 4114 scapus
2479 4043 2674 4098 claruit
2702 4044 2941 4098 doctrina
2966 4055 3015 4098 et
3043 4047 3260 4100 moratis
3288 4049 3512 4103 actibus.

2338 4133 2445 4190 494
2480 4132 2780 4190 ιαάοεὶιναε
2828 4149 2919 4188 res:
2972 4132 3307 4189 Francorum
3357 4137 3686 4195 Alamannos
3732 4141 3868 4195 bella

2269 4225 2413 4289 ts'cit,
2441 4222 2551 4279 Deo
2570 4222 2810 4293 juvante,
2841 4224 2949 4290 cui,
2994 4240 3115 4278 cum
3138 4225 3192 4278 in
3233 4225 3415 4281 eodem
3443 4227 3576 4282 bello
3601 4231 3863 4300 perdita-

2266 4323 2429 4378 retur,
2457 4330 2513 4368 se
2546 4313 2868 4367 crediturum
2894 4314 3153 4384 promisit.

2335 4403 2443 4458 495
2478 4401 2770 4464 Ludovicus
2815 4441 2831 4457 .
2864 4442 2878 4458 .
2906 4443 2921 4457 .
2963 4405 3186 4477 conjuge
3240 4424 3339 4462 sua
3390 4408 3702 4467 Christiana
3736 4451 3754 4467 .
3790 4453 3805 4467 .
3845 4453 3861 4467 .

2269 4494 2588 4564 baptizatur.

2337 4586 2442 4642 496
2484 4585 2880 4644 Trasamundus
2896 4605 2989 4643 res:
3035 4589 3422 4649 Wandalorum
3445 4595 3506 4649 in
3532 4596 3752 4666 Africa,
3777 4616 3873 4653 ca-

649 4693 759 4750 ‘93
800 4693 1152 4748 προάστεια,
1173 4692 1430 4755 nanum
1459 4692 1760 4747 adgacrnm
1780 4694 1879 4746 ,ξω
1903 4693 2164 4748 insidia..-
2194 4693 2242 4753 ι)
2270 4678 2478 4733 tltolicis
2508 4677 2753 4748 infestus,
2774 4680 3023 4736 ecclesias
3048 4682 3239 4740 clausit
3271 4695 3321 4739 et
3344 4701 3482 4742 ccxx.
3508 4688 3782 4762 episcopos
3815 4691 3873 4745 in

577 4795 687 4841 (erit
728 4786 946 4856 peremit
979 4825 994 4839 .
1027 4824 1044 4840 .
1076 4824 1093 4838 .

578 4983 762 5023 omnes
793 4968 1064 5022 Itrereticos
1102 4966 1369 5020 damnavit
1433 4966 1629 5021 clerum
1664 4966 1959 5023 Romanum
1989 4971 2160 5037 auxit,

1132 4784 1375 4838 obtinuit.
1423 4782 1603 4839 Roma:
1647 4783 1890 4839 Gelasius
1931 4803 2069 4857 papa
2094 4785 2168 4840 LI

577 4877 717 4930 sedit
753 4893 919 4932 annos
955 4892 1032 4941 tv,
1064 4891 1265 4930 menses
1316 4891 1408 4941 vn,
1438 4877 1514 4930 rir
1549 4876 1733 4930 doctus
1786 4887 1834 4930 et
1880 4878 2019 4946 pius,
2075 4880 2167 4950 qui

2275 4769 2526 4825 Sardinia
2553 4771 2737 4826 exsilio
2764 4773 2968 4844 amisit.

2341 4861 2447 4918 497
2484 4860 2696 4917 Boetius
2710 4864 2961 4934 patricius
2977 4907 2990 4919 .
3008 4904 3024 4920 .
3040 4868 3257 4924 .edidit.
3279 4868 3464 4925 Ranae
3474 4872 3813 4929 Anastasius.
3831 4911 3875 4929 ..

2279 4951 2433 5006 annis
2468 4949 2579 5020 fere
2606 4951 2830 5017 duobus,
2852 4964 2899 5007 et
2926 4957 3100 5025 capita
3122 4959 3405 5013 decretalia
3428 4973 3545 5016 octo
3568 4963 3718 5031 fecit.

2119 5144 2350 5202 NOTAE.

581 5266 969 5394 2lizt'.;t1.“(‘l‘ielvr'tt,
1001 5277 1055 5323 et
1084 5265 1285 5323 Paulus
1312 5269 1461 5325 Diae.
1491 5270 1546 5324 in
1579 5270 1814 5326 llistoria
1843 5271 2163 5345 Longobar-

626 5354 659 5393 ο
790 5377 804 5394 .
860 5377 872 5390 .
928 5377 942 5392 .

626 5354 804 5399 οΙΊΙΠὶ,
836 5354 872 5390 Ι.
903 5354 942 5392 Ι.

661 5405 1507 5508 ςέειξὶὶῐὶξεξιΗῐιιῧῐίιέξηέιεξξᾶἱέιξξ,
1550 5411 1906 5508 (llassiodorps
1945 5414 2160 5496 variar.

588 5473 605 5508 Ι
662 5470 715 5508 ι¹υ
768 5470 834 5508 ιζη
882 5475 947 5508 ο.
985 5477 1020 5508 ς.
1071 5475 1251 5508 "tam.
1312 5476 1507 5508 ιῐςοηηιι
1559 5481 1570 5508 l
1626 5497 1695 5508 ....
1748 5497 1776 5508 ,ι

2343 5276 2492 5354 (426)
2531 5277 2683 5333 Felix
2712 5278 2977 5354 anno§92
3005 5283 3292 5342 delunetus
3320 5298 3425 5354 est,
3449 5306 3518 5346 ex
3544 5291 3874 5354 Anastasio:

2271 5345 2340 5422 de
2355 5341 2482 5402 'hoc'
2499 5358 2697 5422 autent
2714 5349 2942 5405 concilio
2969 5367 3062 5408 seu
3113 5341 3425 5413 constituto
3448 5341 3880 5422 iihl‘iiiir'iiiii

2271 5414 2340 5469 ad
2368 5432 2568 5472 annum
2596 5417 2724 5474 492.
3200 5433 3205 5438 “

2347 5485 2491 5508 [ID-rs
2535 5488 2595 5508 17⁸
2622 5490 2633 5508 I
2693 5490 2772 5508 ‘7'.
2792 5506 2797 5508 _
2853 5491 2886 5508 ιτ
2962 5492 3019 5508 Α·
3044 5494 3057 5508 ι
3103 5496 3153 5508 ,οι
3177 5497 3205 5508 ιι

2792 5506 2797 5508 .
2853 5491 2886 5508 ιτ
2962 5492 3019 5508 nl
3044 5494 3057 5508 I
3103 5496 3153 5508 ,οι
3177 5497 3208 5508 ιι
