4062 5508
285 291 379 348 105
1473 283 1831 344 CIIRONICO}

1932 307 2000 327 ι·-
2028 285 2200 344 ΞΛΕΟ.
2245 287 2328 342 \vl.

3413 297 3512 351 106

1563 422 1794 480 CODEX
1832 421 2215 478 AUGIENSIS.

276 557 450 640 sophia
497 557 827 621 excellenter
869 559 1055 617 edidit.
1100 545 1285 614 Romae
1330 547 1646 613 Anastasius
1690 570 1829 626 papa
1861 559 1909 618 Α
1942 554 2182 624 tiumque
2222 563 2562 619 revocantes,
2593 569 2844 626 magnum
2873 547 3056 612 Romte
3104 560 3339 617 schisma
3381 564 3518 622 fece.

279 664 356 720 LIl
402 661 546 734 (l28)
572 660 709 715 sedit
755 656 913 713 annis
956 651 1151 710 fere".
1199 651 1298 707 llic
1335 648 1727 706 confessionem
1772 645 1832 702 S.

1940 655 2089 710 runt,
2144 655 2198 701 et
2244 645 2436 702 Petrus
2476 647 2672 703 Altinae
2731 649 2880 705 urbis
2925 651 3208 723 episcopus
3251 659 3520 726 permissu

272 753 534 811 Laurentii
574 748 888 812 exornavit;
924 754 1003 812 et,
1051 745 1177 816 quia
1208 742 1527 813 quibusdam
1570 738 1836 794 haereticis
1940 735 2258 792 Theodorici
2291 738 2473 793 sedem
2505 738 2854 809 apostolicam
2887 739 3103 796 invasit.
3129 744 3314 800 Aaast.
3347 745 3482 820 Pag.

270 842 687 900 communionem
711 837 851 894 dum
876 837 1101 892 reddere
1125 834 1259 890 velle
1284 833 1583 893 videbatur,
1612 831 1829 899 quidam

270 949 326 992 se
354 934 418 988 ab
445 932 561 1000 ejus
587 929 966 987 communione
995 933 1357 994 sequestram.
1402 922 1589 974 Anast.
1624 937 1676 973 a.
1705 917 1831 974 196.

333 1023 432 1080 198
469 1021 664 1086 Isauri,
689 1021 873 1075 occiso
905 1017 1116 1086 Liliugo
1143 1013 1279 1069 duce
1307 1027 1424 1079 suo,
1453 1012 1519 1066 ah
1546 1010 1834 1065 Anastasio

273 1115 586 1185 imperatore
650 1110 775 1164 victi
843 1106 1096 1163 trucidati
1148 1113 1294 1158 sunt.
1349 1101 1589 1157 Marce".
1625 1092 1834 1157 —Hoc

273 1215 505 1274 tempore
559 1199 864 1254 LudOvicus
891 1211 984 1251 rex
1038 1195 1367 1250 Francorum
1422 1191 1834 1248 Gundebaldnm

270 1305 320 1352 et
382 1290 798 1362 Gondegiselum
854 1289 1082 1351 fratres,
1146 1277 1588 1355 Burgundionum
1646 1297 1830 1353 reges,

270 1400 430 1456 pugna
459 1381 640 1460 [vicit]
668 1391 721 1436 et
748 1378 972 1449 fugavit,
1003 1386 1059 1432 et
1104 1375 1514 1432 G’undebaldum
1560 1375 1834 1430 Avenione

267 1477 529 1531 obsessum
569 1472 917 1528 tributarium
969 1463 1116 1533 fecit,
1146 1476 1202 1522 et
1243 1483 1366 1523 cum
1411 1483 1606 1538 magna
1653 1464 1832 1537 praida

266 1567 409 1622 redit.
455 1563 612 1635 (ἔνθα.
649 1563 774 1617 Tur.
810 1561 1035 1617 Marius.
1063 1581 1116 1618 a.
1157 1561 1284 1618 500.

322 1655 422 1710 199
459 1651 833 1709 Theodoricus
876 1667 967 1707 rex
1017 1653 1204 1708 Romae
1243 1659 1298 1706 et
1356 1649 1484 1705 alibi
1529 1648 1698 1704 multa
1738 1662 1834 1720 per

269 1746 371 1802 haec
397 1753 639 1815 tempora
690 1743 918 1798 mirifica
968 1742 1270 1798 construxit
1309 1740 1558 1797 aedificia.
1592 1737 1830 1794 Cassiod.

266 1854 310 1890 a.
335 1835 722 1904 sap—Romae
758 1833 1116 1905 Symmachus
1158 1848 1295 1904 papa
1340 1831 1448 1886 LIII
1490 1831 1630 1886 sedit
1674 1828 1830 1884 annis

2007 820 2112 882 50I
2158 827 2378 901 Synodo
2425 840 2527 884 va
2575 831 2950 900 episcoporum
3008 833 3230 890 collecta
3258 875 3273 902 ,
3329 839 3518 896 beatus

1935 932 2072 988 papa
2115 917 2474 990 Symmachus
2521 919 2586 972 de
2638 919 2803 975 illatis
2843 930 3105 992 purgatur
3149 932 3202 979 ct
3249 926 3361 981 sedi
3407 944 3521 985 sua:

1936 1019 2060 1062 eum
2104 1007 2275 1079 gloria
2321 1007 2662 1074 restituitur,
2732 1018 2787 1063 et
2834 1025 3153 1080 pervasores
3206 1016 3350 1070 sedis
3400 1017 3519 1086 ejus

1937 1101 2261 1158 Laurentius
2308 1101 2609 1158 Nucerinus
2651 1111 2707 1158 et
2743 1103 2934 1160 Petrus
2967 1105 3210 1174 Altinas,
3265 1111 3521 1167 condem-

1940 1205 2160 1248 nantur.
2203 1194 2387 1248 Anast.
2421 1211 2474 1249 a.
2502 1211 2671 1265 pr.-—
2705 1190 3006 1253 Ludovicus
3037 1214 3131 1254 rex
3157 1190 3510 1268 Francorum,

1935 1300 2032 1353 per
2066 1282 2321 1354 sull’ragia
2349 1283 2527 1339 sancti
2557 1283 2699 1340 Petri
2732 1288 3014 1358 sanctique
3041 1288 3252 1346 Martini
3289 1303 3343 1349 et
3376 1288 3518 1349 alio-

1936 1391 2056 1432 rum
2109 1386 2422 1432 sanctorum
2469 1377 2711 1432 divinum
2769 1379 3063 1450 implorans
3092 1383 3374 1453 auxilium,
3405 1387 3516 1442 Go-

1935 1466 2056 1522 thos
2099 1467 2273 1537 petiit,
2305 1481 2508 1537 eosque
2542 1463 2696 1538 juxta
2721 1465 2957 1526 Pictavis
3003 1473 3188 1529 urbem
3237 1475 3289 1530 i‘n
3328 1492 3522 1548 campo

1935 1550 2187 1628 Voglensi
2219 1553 2366 1628 (151)
2395 1567 2575 1630 pugna
2618 1553 2780 1624 vicit,
2820 1568 2871 1614 et
2906 1573 3086 1634 regem
3125 1573 3311 1620 eorum
3340 1567 3519 1622 Alari.

1935 1663 2083 1713 cum,
2117 1648 2206 1718 qui
2233 1647 2344 1718 jam
2377 1665 2489 1703 xxu
2527 1649 2683 1705 annis
2714 1653 2980 1720 regnavit,
3012 1653 3229 1734 occidit,
3263 1671 3520 1726 regnum-

1935 1752 2041 1809 que
2064 1736 2213 1808 cjus,
2242 1741 2384 1810 quod
2430 1740 2484 1794 in
2509 1740 2699 1796 Galliis
2729 1743 2984 1810 habebat,
3013 1758 3077 1800 ac
3114 1746 3395 1804 thesauros
3428 1765 3518 1804 ac-

1936 1832 2098 1902 cepit.
2154 1831 2459 1888 Amalricus
2504 1831 2624 1905 [al.,
2655 1834 3019 1908 Amalaricus]
3057 1853 3189 1892 vero
3219 1838 3360 1895 ﬁlius
3390 1841 3517 1895 Ala-

267 1940 349 1992 xv,
377 1927 656 1980 mensibus
685 1924 800 1979 fere
835 1939 952 1988 vm,
980 1940 1102 1978 cum
1133 1939 1241 1995 quo
1279 1922 1438 1978 simul
1471 1937 1568 1992 per
1604 1920 1828 1975 nimiam
1861 1905 1904 1964 Β
1935 1925 2031 1980 rici
2065 1923 2292 1996 fugiens,
2319 1927 2550 1995 regnum
2579 1926 2749 1995 patris
2774 1927 2856 1983 sui
2891 1927 2943 1982 in
2975 1905 3249 1999 Iiispaniis
3279 1934 3505 2006 recepit.

264 2018 646 2072 dissensionem
704 2015 988 2071 ordinatus
1037 2022 1124 2070 est
1173 2013 1321 2086 (129)
1364 2013 1716 2077 Laurentius,
1775 2018 1831 2066 et

260 2122 438 2178 magna
484 2105 675 2160 Romae
716 2105 859 2160 inter
895 2105 1100 2160 clerum
1147 2112 1203 2159 et
1241 2104 1494 2174 populum
1552 2101 1822 2156 discordia

263 2198 414 2264 facta,
469 2200 647 2254 donec
692 2196 900 2266 judicio
958 2195 1280 2252 Theodorici
1327 2195 1470 2267 regis
1510 2203 1564 2249 et
1606 2193 1830 2265 majoris

266 2292 614 2347 multitudinis
671 2291 1034 2362 Symmachus
1093 2289 1146 2345 in
1202 2289 1331 2347 sede
1392 2288 1825 2345 conﬁrmaretur.

265 2382 432 2436 Anast.
477 2379 612 2436 Vict.
643 2379 784 2439 Tun.
814 2399 902 2435 an.
928 2380 1052 2436 498.

321 2471 422 2542 59
456 2471 564 2527 500
605 2471 970 2544 Symmachus
1012 2485 1172 2543 papa,
1218 2471 1424 2543 synodo
1455 2469 1638 2524 Romae
1683 2478 1827 2532 acta,

264 2563 389 2617 inter
422 2562 527 2618 alia
565 2563 920 2618 Laurentium
959 2563 1213 2617 tumulum
1248 2577 1405 2618 suum
1437 2560 1681 2617 Nuceria:
1720 2561 1831 2634 epi-

262 2670 461 2726 scopum
491 2654 806 2711 constituit.
833 2656 1018 2709 Anast.
1063 2655 1193 2726 Pag.
1226 2656 1280 2710 It.
1305 2672 1358 2710 a.

321 2745 412 2799 501
453 2743 835 2800 Theodoricus
865 2759 960 2800 rex
989 2745 1364 2815 aquzeductum
1391 2742 1657 2800 Ravenna:
1681 2742 1828 2799 fecit.

263 2833 483 2892 Cassiod.
512 2857 567 2893 a.
599 2838 904 2910 seq.—His
931 2838 1263 2909 temporibus
1297 2849 1515 2894 sanctus
1543 2835 1834 2894 Hammer-

265 2938 338 2984 tus
376 2930 703 2986 Viennensis
751 2930 1193 3002 archiepiscopus
1240 2931 1554 2987 'virtutibus
1615 2930 1832 2993 claruit.

263 3018 380 3085 qui,
422 3027 652 3090 propter
699 3017 946 3089 luporum
995 3028 1051 3074 et
1097 3034 1347 3075 ursorum
1398 3020 1830 3084 immanitatem,

263 3108 484 3181 aliasque
511 3112 705 3184 plagas
735 3113 1018 3168 triduanas
1055 3123 1182 3168 ante
1211 3115 1594 3169 Ascensionem
1623 3116 1834 3171 Domini

1933 2015 2162 2086 Procop.
2189 2016 2252 2070 de
2279 2015 2399 2070 bell.
2423 2015 2579 2071 Goth.
2603 2034 2656 2072 a.
2679 2017 2804 2072 507.
2828 2018 2982 2074 loris.

2000 2105 2104 2160 505
2143 2104 2446 2160 Ludovicus
2479 2121 2571 2160 rex
2599 2105 2934 2162 Francorum
2964 2106 3208 2166 Parisios
3236 2102 3378 2167 beati
3409 2111 3512 2169 Pe-

1934 2197 2001 2253 tri
2033 2197 2310 2253 basilicam
2339 2197 2591 2252 aadilicat.
2622 2195 2776 2268 (ἔνθα.
2804 2191 2932 2253 Tur.
2960 2217 3013 2254 a.
3040 2199 3162 2257 508.

2001 2288 2113 2362 60
2149 2289 2254 2344 506
2295 2287 2407 2344 Hoc
2445 2296 2687 2357 tempore
2713 2286 3019 2348 Ludovicus
3062 2309 3156 2348 rex
3182 2285 3518 2352 Francorum

1933 2378 2375 2450 Ragnacharium
2407 2376 2554 2450 (152)
2592 2389 2880 2449 cognatum
2921 2389 3076 2438 suum
3109 2385 3366 2455 regnique
3395 2402 3522 2457 par-

1935 2471 2176 2541 ticipem,
2229 2470 2481 2542 ignavum
2521 2479 2575 2525 et
2609 2470 2969 2540 luxuriosum,
3012 2489 3042 2528 a
3079 2475 3194 2531 suis
3218 2476 3520 2547 proditum,

1933 2560 2076 2618 bello
2127 2561 2328 2616 victum
2372 2557 2594 2632 fugavit,
2625 2569 2682 2616 et
2708 2564 3160 2633 comprehensum
3209 2581 3303 2621 sua
3356 2583 3520 2625 manu

1931 2665 2054 2706 cum
2102 2648 2272 2704 fratre
2294 2648 2552 2706 Richario
2597 2652 2806 2707 occidit
2851 2663 2905 2708 et
2947 2651 3064 2722 ejus
3109 2655 3210 2710 sibi
3262 2659 3520 2728 populum

1933 2740 2183 2810 Subjecit.
2213 2741 2370 2812 Greg.
2399 2739 2524 2796 Tur.
2555 2759 2608 2796 a.
2636 2742 2758 2796 509.
2781 2773 2853 2783 —
2885 2741 3254 2800 Theodoricus
3285 2763 3381 2803 rex
3416 2747 3521 2802 Ita-

1934 2831 2018 2888 lia:
2043 2841 2232 2888 contra
2263 2829 2504 2888 Francos
2534 2833 2591 2888 in
2621 2829 2846 2888 Galliam
2875 2835 3173 2891 exercitum
3200 2837 3367 2894 misit.
3391 2838 3521 2894 Cas-

1933 2922 2070 2977 siod.
2108 2939 2162 2976 a.
2192 2922 2316 2979 508.

2003 3013 2106 3068 507
2126 3013 2219 3069 llis
2239 3010 2586 3086 temporibus,
2607 3015 2790 3072 Romae
2811 3017 3007 3073 iterum
3027 3019 3362 3078 dissensione
3381 3036 3511 3077 cou-

1939 3112 2021 3159 tra
2050 3105 2435 3177 Symmachum
2464 3122 2658 3178 papam
2685 3117 2742 3164 et
2771 3109 3069 3167 Ecclesiam
3098 3121 3241 3178 orta,
3270 3114 3516 3171 nonnulli

264 3197 462 3256 litanias
501 3204 720 3272 primus
765 3203 1058 3259 instituens
1085 3245 1100 3271 ,
1151 3203 1365 3260 Domini
1410 3205 1831 3262 misericordiam

1936 3211 2003 3252 ex
2050 3207 2204 3265 parte
2251 3197 2369 3268 ejus
2423 3198 2659 3254 fustibus
2705 3207 2762 3256 et
2809 3201 3040 3256 diversis
3095 3195 3267 3274 plagis
3313 3202 3516 3266 aﬂlicti.

263 3292 636 3365 plagarumque
665 3297 1024 3352 cessationem
1054 3298 1357 3366 promeruit
1384 3297 1557 3369 (150).

328 3377 427 3436 502
465 3381 845 3441 Theodoricus
871 3400 969 3440 rex
998 3386 1154 3442 victis
1179 3386 1522 3459 Vulgaribus,
1553 3386 1671 3460 [al.,
1705 3388 1831 3444 Bul-

266 3475 487 3549 garibus]
517 3475 783 3532 Sirmium
815 3493 980 3548 regno
1022 3477 1190 3533 Italiae
1228 3478 1483 3534 restituit.
1511 3474 1748 3534 Marce“.
1778 3496 1833 3534 a.

267 3562 376 3617 50-1.

327 3654 424 3710 505
460 3656 694 3726 Quidam
743 3673 812 3712 ex
852 3658 1110 3716 Romanis
1136 3700 1152 3726 ,
1201 3658 1582 3733 Symmachum
1641 3675 1834 3730 papam

269 3743 388 3804 falso
409 3750 772 3807 criminantes
798 3761 855 3806 et
882 3751 1021 3821 apud
1048 3765 1231 3822 regem
1259 3760 1575 3806 accusantes
1597 3749 1840 3805 Lauren-

1861 3271 1906 3333 C
1937 3285 2179 3341 nonnulli
2225 3287 2480 3343 trucidati
2517 3297 2572 3343 et
2630 3289 2842 3355 necati,
2893 3299 2948 3345 et
2986 3271 3157 3347 multa
3195 3271 3426 3367 indigna
3463 3305 3522 3352 et

1939 3374 2145 3430 nefaria
2199 3386 2388 3431 contra
2417 3377 2715 3434 Ecclesiam
2764 3389 2819 3436 et
2861 3380 3177 3452 religionem
3226 3385 3516 3442 commissa

1938 3475 2086 3520 sunt.
2115 3464 2302 3520 Auasl.

2009 3557 2112 3613 508
2150 3557 2264 3613 Hoc
2290 3572 2434 3612 anno
2464 3557 2610 3632 (155)
2638 3559 2826 3616 Romae
2866 3561 3086 3621 Boetius
3110 3565 3194 3622 vir
3216 3565 3520 3624 eruditissi-

1941 3662 2062 3703 mus
2087 3649 2431 3706 consulatum
2462 3651 2880 3710 administravit.
2910 3655 3060 3713 Cass.

1248 3902 1699 3962 COMPENDIUM
1737 3901 1831 3957 EX
1865 3900 2112 3960 CODICE
2139 3904 2507 3964 BEBNOLDI.

331 4037 426 4096 498
462 4039 665 4106 Isauri,
700 4040 872 4095 occiso
901 4038 1105 4110 Lilingo
1125 4035 1257 4095 duce
1284 4054 1403 4104 suo,
1432 4037 1496 4092 ab
1549 4037 1834 4094 Anastasio

273 4129 566 4199 imperatore
595 4133 950 4186 trucidantur.

332 4222 430 4278 499
469 4222 829 4278 Theodoricus
876 4237 968 4277 rex
989 4261 1003 4276 .
1036 4262 1051 4276 .
1080 4260 1094 4276 .

271 4314 470 4367 melius
500 4349 515 4367 .
545 4351 561 4367 .
595 4351 611 4366 .
648 4313 814 4368 donec
842 4313 1048 4382 judicio
1087 4311 1396 4367 Tlieodorici
1425 4312 1561 4383 regis
1589 4309 1834 4382 Symma-

271 4403 381 4457 chus
406 4405 458 4458 in
487 4405 610 4459 sede
637 4403 1004 4471 conﬁrmatur.
1490 4396 1494 4399 ’

1144 4221 1392 4291 aediﬁcia.
1445 4219 1624 4275 Romae
1680 4219 1837 4290 Syma-

2011 4036 2109 4092 501
2152 4036 2364 4108 Synodo
2392 4053 2495 4093 cxv
2518 4038 2894 4111 episcoporum,
2919 4050 3024 4099 etc.
3062 4052 3122 4103 ut
3138 4043 3276 4120 Aug.

2005 4125 2110 4182 505
2149 4126 2441 4183 Ludovicus
2474 4144 2583 4196 rex,
2611 4139 2741 4196 etc.,
2767 4140 2827 4186 ut
2852 4133 2989 4204 Aug.

2005 4219 2111 4276 506
2151 4220 2498 4276 Theodericus
2536 4229 2690 4277 rex...
2717 4218 3001 4280 exercitum
3030 4229 3208 4283 movit.

2005 4311 2108 4366 507
2147 4311 2415 4367 Dissensio
2452 4313 2640 4368 iterum
2668 4314 2805 4369 inter
2827 4316 3197 4388 Symmachum
3240 4303 3431 4394 papaiu
3463 4336 3513 4380 et

1937 4398 2229 4454 Ecclesiam
2257 4401 2444 4454 oritur.

1055 4493 1254 4564 synodo
1289 4492 1465 4549 Romae
1513 4503 1656 4560 acta,
1686 4491 1828 4546 ιαμ.
1861 4453 1908 4511 D
2007 4453 2271 4548 508MHoc
2294 4453 2451 4547 anno
2481 4491 2690 4562 Romw,
2718 4503 2850 4564 etc.,
2899 4505 2960 4552 ut
2984 4498 3214 4569 Aug.—
3238 4501 3353 4558 Hoc
3379 4521 3514 4575 quo-

273 4584 476 4637 reatium
497 4584 750 4638 amulum
776 4583 926 4638 suum
954 4583 1198 4638 Nuceria:
1223 4583 1478 4638 ordinavit
1505 4584 1822 4652 episcopum.

331 4665 423 4722 501
468 4668 822 4723 Theodericus
877 4685 970 4723 rex
997 4705 1060 4727 ...
1101 4668 1244 4738 fecit.
1297 4666 1397 4722 His
1445 4668 1832 4738 temporibus...

274 4760 562 4823 promeruit,
593 4766 652 4811 ut
676 4758 815 4828 Aug.

336 4845 433 4902 505
469 4847 702 4914 Quidam
734 4864 800 4902 ea:
822 4847 1086 4916 Romanis,
1117 4857 1248 4915 etc.,
1275 4856 1334 4904 ut
1354 4847 1491 4918 Aug.

1933 4601 2033 4656 que
2062 4596 2289 4656 tempore
2315 4585 2494 4640 Avitus
2539 4586 2698 4641 abbas
2731 4588 3122 4646 Aurelianensis
3161 4593 3436 4649 virtutibus
3465 4607 3515 4650 et

1934 4675 2217 4745 prop/actim
2255 4675 2445 4744 spiritu
2475 4675 2651 4730 clarus
2679 4677 2895 4746 effulsit.
2926 4678 3088 4750 Greg.
3120 4681 3254 4737 Tur.
3280 4682 3351 4742 de
3373 4684 3510 4755 glor.

1937 4763 2082 4819 conf.
2113 4780 2163 4820 c.
2195 4765 2286 4820 99.

1765 4973 2002 5040 ΝΟΤιΕ.

282 5133 478 5258 ⁸9ἓιῖὃ)
510 5130 836 5190 Anastasius
869 5148 997 5208 Papa
1037 5133 1320 5193 ordinatus
1342 5145 1424 5192 est
1444 5137 1515 5191 21
1539 5136 1673 5194 Nov.
1701 5135 1830 5192 anni

343 5273 478 5345 (I29)
527 5273 918 5345 Symmachus,
975 5279 1257 5336 ordinatus
1311 5276 1385 5333 22
1428 5276 1559 5332 Nov.
1610 5294 1661 5332 a.
1693 5278 1830 5343 498;

283 5343 511 5418 aemulum
545 5343 1154 5418 lia_b_uit_Laurentium,
1198 5363 1227 5401 a
1259 5347 1419 5404 Festo
1464 5349 1693 5416 patricio
1739 5363 1832 5404 su-

1937 5135 2004 5191 de
2025 5134 2234 5206 Liturg.
2264 5134 2454 5190 Gallic.

2009 5205 2156 5287 (Lit)
2183 5204 2613 5287 I'Gregoriogl‘u‘r.
2650 5205 2686 5260 l.
2723 5221 2784 5273 ιι,
2835 5225 2882 5265 c.
2909 5212 2975 5268 37
3005 5214 3074 5268 ad
3101 5225 3191 5268 an.
3216 5210 3349 5284 507,
3371 5232 3523 5279 cam-

1937 5289 2040 5345 pus
2065 5275 2417 5345 Vogladensis
2444 5275 2664 5333 dicitur.

2012 5342 2166 5418 (152)
2201 5342 2608 5418 Ragnacharius
2645 5346 3058 5409 Cameracensis
3107 5353 3344 5418 regulus.
3392 5357 3522 5417 Vid.
