4062 5508
566 294 666 349 illi

1418 295 1777 351 llEltIllANNl
1816 295 2207 354 CONTRACTI
2245 298 2612 355 AUGIENSlS
2642 298 2947 356 MONACHI

3725 308 3837 368 101

1864 422 2111 489 ὈΟΒΕΧ
2147 432 2539 490 AUGIENSIS.

583 547 587 550 ’
625 547 729 602 509
767 545 1093 611 Ludovicus.
1123 546 1216 616 qui
1264 554 1315 599 et
1343 545 1643 602 Clodoveus
1675 548 1920 620 Magnus,
1969 548 2139 603 Fran-
2166 554 2210 612 Α
2241 555 2430 618 petens
2471 564 2647 619 pugna
2696 548 2899 622 fugavit
2923 593 2937 616 ,
2978 560 3033 606 et
3078 552 3228 623 ipse.
3273 553 3417 609 inter
3457 548 3645 611 hostes
3690 572 3837 629 equo

555 654 741 695 eorum
771 652 863 693 rex
890 646 1011 708 post
1038 636 1235 692 multas
1263 638 1518 693 victorias
1557 649 1720 693 totam
1750 655 1884 711 pene
1913 640 2141 695 Galliam

552 727 858 800 possidens,
890 726 1155 792 Parisios,
1186 727 1276 782 ubi
1304 728 1499 796 sedem
1547 730 1694 801 regni
1741 730 1998 794 instituit,
2027 746 2144 784 mo-

558 821 718 884 ritur,
741 829 796 874 et
820 818 873 873 in
898 818 1122 874 basilica
1154 817 1211 873 S.
1230 818 1372 874 Petri
1401 835 1429 873 a
1461 835 1519 874 se
1546 829 1856 877 censtructa
1886 821 2144 892 sepelitur

556 927 700 968 anno
745 910 897 983 regni
944 926 1075 976 xxx,
1119 921 1242 982 post
1289 912 1574 967 transitum
1627 911 1684 967 S.
1712 913 1952 978 Martini,
1992 926 2050 967 ut
2087 914 2140 968 in

555 1004 725 1075 gestis
770 1003 1111 1060 Francorum
1144 1004 1392 1068 habetur,
1425 1021 1567 1060 anno
1613 1021 1731 1061 cxlt
1786 1006 1953 1077 (151).
2013 1006 2143 1061 Post

550 1114 713 1169 quem
756 1106 990 1170 quatuor
1031 1097 1125 1153 lilii
1163 1098 1279 1170 eius
1314 1099 1488 1154 diviso
1532 1115 1717 1170 regno,
1750 1099 2139 1164 Theodericus,

552 1192 709 1248 lictis
748 1191 930 1248 sedem
967 1191 1177 1248 habens
1213 1191 1372 1246 annis
1410 1208 1569 1255 xxur,
1612 1208 1732 1246 cum
1768 1204 1990 1247 strenuo
2033 1191 2143 1246 filio

551 1298 651 1336 suo
676 1281 1058 1339 Theodeberto
1110 1282 1387 1354 regnavit;
1415 1281 1790 1338 Chlodomeris
1817 1283 2138 1349 Aurelianis,

549 1373 931 1430 Childebertus
972 1374 1237 1440 Parisios,
1284 1385 1338 1430 et
1370 1384 1597 1444 quartus
1644 1375 1955 1431 Chlotarius
1983 1375 2142 1431 Sueso

550 1468 723 1521 sionis
765 1467 947 1521 sedem
996 1476 1244 1521 statuens
1298 1467 1454 1522 annis
1504 1482 1553 1520 LI
1605 1467 1868 1537 regnavit.
1935 1466 2139 1522 ilorum

548 1574 708 1613 soror
736 1556 1069 1621 llredhildis,
1115 1558 1393 1628 :equivoca
1450 1556 1662 1621 matris,
1710 1566 1765 1612 et
1811 1573 1963 1627 aeque
2011 1557 2139 1612 reli-

546 1649 719 1719 giosa,
747 1649 1024 1705 Amalrico
1075 1651 1185 1721 regi
1216 1650 1517 1706 Gothorum
1543 1650 1747 1706 Ariano
1784 1650 1835 1705 in
1867 1650 2142 1722 Hispaniis

546 1743 751 1812 nupsit,
780 1753 1064 1814 materque
1090 1743 1250 1797 vidua
1272 1742 1493 1814 apudS.
1512 1742 1801 1798 Martinam
1829 1743 2060 1798 Turonis
2088 1743 2142 1797 in

545 1835 886 1891 orationibus
935 1844 990 1891 et
1032 1835 1390 1907 cleemesynis
1438 1837 1758 1906 permansit.
1812 1834 1971 1908 Greg.
2005 1834 2137 1891 Tur.

544 1927 777 1981 Aimoin.
810 1927 986 1981 cceteri
1015 1936 1149 1981 recte
1177 1927 1247 1981 ad
1284 1945 1375 1983 an.
1407 1928 1534 1985 511.

617 2015 724 2087 61
764 2015 870 2070 510
909 2016 1004 2071 llis
1056 2017 1389 2087 temporibus
1417 2016 1777 2090 Symmachus
1822 2036 1958 2092 papa
2002 2014 2142 2075 inter

545 2106 648 2159 alia
699 2107 836 2161 bona
876 2106 1201 2163 illaniclnces
1256 2108 1307 2162 in
1354 2109 1487 2164 urbe
1534 2109 1783 2165 inventos
1830 2111 2138 2178 damnavit,

552 2194 840 2250 ecclesiam
874 2196 932 2251 8.
957 2196 1188 2252 Αιιάηιειξ
1218 2198 1283 2251 ad
1324 2196 1382 2253 S.
1407 2198 1627 2255 Petrum
1658 2200 1988 2267 construxit,
2017 2216 2143 2255 era-

553 2286 756 2341 torium
779 2285 836 2340 S.
855 2285 1094 2352 Thomze,
1122 2286 1515 2344 confessionem
1545 2289 1604 2345 S.
1631 2289 1874 2346 Cassiani
1907 2289 2143 2360 itemque

556 2376 870 2433 sanctorum
900 2377 1048 2433 Preti
1084 2387 1137 2433 et
1164 2378 1450 2451 Hyacinthi
1471 2423 1486 2446 ,
1535 2384 1831 2438 oratorium
1858 2384 1915 2439 S.
1939 2384 2143 2455 Apelli-

551 2468 723 2532 naris,
754 2468 989 2539 itemque
1016 2468 1071 2523 S.
1091 2469 1255 2535 Sosii,
1282 2469 1411 2525 item
1441 2471 1724 2535 S.Crucis,
1754 2473 1881 2527 item
1908 2472 2142 2529 S..loan-

552 2556 637 2610 nis
666 2556 939 2626 Baptisttc,
968 2558 1093 2613 item
1119 2557 1177 2614 S.
1200 2558 1425 2614 Joannis
1450 2561 1828 2633 Evangelisttn,
1863 2564 2141 2620 basilicam

553 2651 610 2702 8.
637 2649 803 2714 Petri,
855 2661 909 2705 et
954 2652 1222 2722 porticum
1280 2669 1550 2707 marmore
1606 2655 1799 2709 stravit
1856 2666 1911 2710 et
1958 2656 2142 2713 multis

547 2736 722 2796 modis
736 2743 973 2797 ornavit.
999 2742 1351 2799 Xenodochia
1375 2743 1633 2812 instituit,
1655 2755 1711 2800 ct
1733 2746 1960 2815 singulis
1984 2749 2143 2804 annis

546 2831 871 2899 catholicos,
909 2850 939 2888 a
965 2832 1340 2889 Trasamundo
1373 2850 1497 2906 rege
1523 2835 1908 2892 Wandalorum
1938 2838 2141 2893 Ariano

546 2938 644 2992 per
693 2924 887 2979 exsilia
938 2925 1233 2996 disperses,
1285 2924 1539 2981 alimonia
1589 2935 1644 2981 et
1693 2926 1936 2984 vestibus
1975 2927 2139 2997 iuvit.

546 3016 865 3073 Construsit
903 3019 1069 3075 etiam
1118 3019 1400 3075 basilicam
1438 3021 1498 3075 S.
1529 3020 1753 3092 Agatlm
1786 3023 1871 3076 via
1898 3022 2138 3088 Aurelia.

547 3107 676 3159 item
707 3103 765 3160 S.
790 3105 1084 3174 Pancratii,
1111 3107 1237 3162 item
1270 3106 1329 3162 S.
1356 3107 1625 3174 Silvestri,
1658 3109 1785 3166 item
1815 3109 1873 3165 8,
1899 3110 2139 3179 Martini,

546 3201 677 3253 item
699 3197 801 3255 SS.
827 3201 1036 3256 Cosme:
1064 3211 1119 3257 et
1147 3201 1412 3266 Damiani,
1443 3211 1499 3257 et
1522 3202 1656 3257 alias
1687 3203 1973 3261 nonnullas
1998 3215 2143 3260 stru-

550 3289 651 3353 xit,
672 3294 676 3298 ’
696 3290 976 3345 renovavit
1004 3300 1059 3347 et
1087 3292 1321 3348 ornavit.
1356 3295 1541 3348 Anast.
1574 3292 1705 3347 Bed.
1738 3294 1918 3350 chron.

618 3377 715 3433 6H
761 3377 876 3434 Hoc
907 3389 1150 3451 tempore
1195 3398 1349 3453 rcges
1378 3382 1711 3439 Francorum
1740 3384 2135 3456 Chlodomeris,

548 3466 959 3543 Childebcrtus,
1009 3480 1066 3526 et
1097 3471 1444 3540 Clotharius,
1496 3472 1939 3547 Burgundionum
1984 3494 2139 3550 reges

550 3556 958 3632 Sigismundum
1010 3573 1064 3619 et
1099 3563 1465 3621 Godomarum
1509 3577 1722 3636 petunt,
1759 3579 1813 3624 et
1842 3585 2019 3641 pugna
2051 3573 2135 3627 vi-

549 3661 671 3707 ctos
697 3651 903 3726 fugant.
931 3654 976 3710 Ε
1002 3654 1199 3726 quibus
1228 3652 1611 3725 Sigismundus
1639 3674 1731 3713 rex
1761 3659 2043 3729 religiosus
2066 3662 2134 3719 ad

548 3752 771 3799 sanctos
809 3744 1165 3811 Agaunenses
1213 3744 1362 3817 (l55)
1414 3746 1766 3818 confugiens,
1815 3750 2135 3820 insequente

550 3831 932 3902 Chlodomcre,
977 3835 1175 3891 ibidem
1203 3844 1394 3906 captus
1421 3845 1478 3892 et
1503 3836 1814 3895 Aureliauis
1865 3839 1921 3895 in
1948 3856 2138 3898 carce-

552 3937 666 3978 rem
694 3924 894 3979 missus
925 3940 1032 3979 una
1059 3940 1184 3981 cum
1224 3942 1393 3982 uxore
1431 3942 1495 3984 ac
1520 3927 1646 3985 filiis
1692 3930 1989 3986 trucidatus
2018 3941 2136 4002 est;

550 4023 605 4066 et
629 4026 823 4071 secuto
843 4025 1084 4089 tempore
1106 4017 1481 4076 Chlodomeris
1509 4021 1707 4077 iterum
1732 4022 2138 4096 Burgundiones

2249 637 2480 700 delatus.
2511 639 2580 693 ab
2614 640 2747 709 ipsis
2780 638 3083 711 iugulatur.
3126 650 3181 697 et
3213 642 3520 715 Burgundia
3542 660 3571 700 a
3606 645 3840 704 Francis

2244 727 2581 798 subiugatur.
2607 729 2764 800 Greg.
2790 729 2918 785 Tur.
2948 730 3151 785 Marias
3177 732 3273 788 Av.
3307 751 3359 788 a.
3386 735 3512 789 515.
3538 753 3645 807 seq.

2314 822 2420 876 5l2
2453 823 2793 879 Amalaricus
2833 825 2885 878 in
2916 823 3188 895 Hispaniis
3220 842 3314 882 rex
3339 825 3640 883 Gothorum
3670 830 3834 884 Aria-

2245 928 2346 967 nus
2378 911 2724 968 Hrodhildcm
2778 930 3003 970 uxorem
3059 932 3211 972 suam
3262 919 3589 975 catholicam
3648 923 3836 978 multis

2242 1004 2418 1058 modis
2443 1000 2649 1057 alllixit.
2699 1003 2798 1070 Qui
2845 1016 3031 1075 postea
3080 1023 3110 1060 a
3138 1006 3305 1062 fratre
3342 1007 3460 1078 eius
3485 1008 3836 1067 Cbildeberlo

2241 1110 2423 1166 pugna
2469 1095 2645 1150 victus
2674 1104 2730 1150 et
2781 1107 3091 1167 peremptus
3136 1106 3252 1164 est;
3291 1107 3346 1155 et
3369 1115 3471 1171 pro
3516 1116 3582 1156 eo
3610 1100 3834 1157 Theuda

2245 1186 2489 1257 regnavit
2521 1184 2689 1257 (156).
2719 1183 2876 1256 Greg.
2913 1185 3023 1241 Tur
3057 1205 3111 1242 a.
3136 1186 3263 1243 551.

2246 1281 2254 1291 ’
2314 1277 2421 1332 515
2455 1276 2809 1333 Cassiodorus
2848 1278 3007 1349 hujus
3051 1278 3179 1333 anni
3227 1279 3417 1335 consul
3456 1280 3577 1346 fuit,
3607 1283 3701 1353 qui
3734 1297 3835 1354 po-

2243 1379 2357 1424 stea
2390 1384 2681 1423 conversus
2708 1377 2762 1423 et
2794 1371 3090 1426 monachus
3115 1370 3340 1429 effectus
3367 1375 3675 1430 cmnobium
3704 1391 3839 1432 cen—

2242 1462 2456 1519 struxit.
2492 1468 2548 1515 ct
2574 1461 2624 1513 in
2657 1460 2901 1515 saeculari
2933 1461 3223 1533 divinaque
3251 1464 3553 1519 litteratura
3578 1467 3689 1538 62
3718 1467 3838 1522 cla-

2245 1566 2335 1605 rus
2362 1550 2591 1609 effulsit.
2626 1550 2869 1606 Psalazos
2908 1554 3190 1623 exposuit,
3227 1553 3395 1610 libros
3429 1556 3835 1614 institutionum

2242 1626 2298 1697 et
2334 1643 2590 1697 chronica
2635 1641 2782 1699 fecit.
2830 1644 3016 1698 Romae
3066 1647 3669 1711 tamlcm,dissensione
3717 1664 3838 1704 ces-

2244 1738 2400 1789 Sanle
2440 1736 2582 1789 inter
2626 1733 2833 1789 clerum
2865 1743 2922 1788 et
2958 1736 3238 1805 pepulum,
3276 1746 3462 1809 Optata
3503 1738 3664 1792 rediit
3707 1756 3837 1795 con-

2246 1825 2454 1886 cordia.
2517 1833 2571 1879 et
2610 1824 2974 1895 Symmachus
3035 1841 3171 1897 papa
3229 1828 3421 1883 beatus
3472 1828 3609 1883 obiit
3661 1827 3835 1900 (157).

2170 1905 2211 1965 Β
2241 1916 2400 1968 Anast
2413 1953 2425 1965 .
2450 1913 2602 1971 Cass.

2310 2008 2411 2062 BH
2452 2008 2822 2067 Theodericus
2876 2028 2967 2067 rex
3019 2012 3185 2069 ltali:e
3230 2014 3397 2068 filiam
3441 2031 3595 2069 suam
3649 2013 3838 2068 Amal-

2240 2103 2490 2158 suindam
2522 2106 2815 2161 Eutharico
2844 2108 3046 2163 Cilliczc
3082 2109 3134 2162 in
3166 2108 3573 2163 ntatrimonium
3598 2107 3799 2176 iunxit.

2240 2190 2482 2247 Cassiod.
2516 2211 2606 2248 an.
2635 2211 2741 2266 seq.
2764 2195 3028 2250 Jornantt.
3061 2227 3133 2237 —-—
3167 2197 3350 2251 Roma:
3380 2197 3667 2251 [iurauisda
3698 2212 3836 2267 papa

2240 2280 2351 2336 LIV
2381 2283 2520 2337 sedit
2547 2298 2721 2337 annos
2745 2300 2824 2349 lx,
2859 2286 2951 2355 qui
2991 2285 3135 2340 inter
3165 2286 3269 2339 alia
3298 2285 3435 2339 bona
3462 2285 3839 2357 Eutychianos

2243 2370 2480 2441 iteu'tque
2538 2371 2865 2429 Manichacus
2931 2375 3241 2441 damnavit,
3300 2375 3505 2430 clerum
3564 2375 3835 2442 erudivit,

2239 2463 2493 2518 bas'licas
2523 2465 2826 2520 adornavit.
2851 2467 3047 2521 Auast.

2309 2553 2413 2608 515
2451 2553 2565 2609 Hoc
2618 2564 2859 2627 tempore
2892 2555 3192 2611 Vitalianus
3241 2558 3458 2629 quidam
3511 2572 3702 2611 servus
3740 2558 3828 2612 di-

2240 2644 2537 2713 gni.atibus
2579 2645 2753 2701 elatus
2798 2648 3087 2704 Anastasio
3134 2651 3447 2720 imperatori
3496 2650 3746 2717 rebellat,
3776 2662 3833 2704 et

2242 2736 2461 2807 Scythis
2489 2739 2778 2809 adjunctus
2823 2742 3033 2795 crebris
3057 2742 3255 2812 praelii's
3287 2743 3484 2798 milites
3513 2742 3630 2810 eius
3657 2746 3831 2798 victos

2243 2826 2455 2897 fugatis,
2491 2843 2686 2900 magno
2740 2830 3050 2901 reipublij
3102 2833 3353 2888 dedecori
3405 2842 3461 2888 et
3503 2833 3833 2888 detrimento

2241 2916 2363 2972 fuit.
2397 2917 2638 2974 Marcell.

2312 3011 2416 3065 516
2457 3011 2553 3067 llis
2585 3013 2775 3069 diebus
2804 3013 3086 3068 Hormisda
3116 3029 3273 3084 papa,
3302 3032 3402 3087 pro
3430 3016 3532 3071 lide
3559 3014 3827 3070 catholica

2246 3104 2313 3158 ad
2345 3103 2725 3174 imperatorem
2752 3107 3100 3161 Anastasium
3126 3106 3654 3179 Censtantinepolitn
3681 3106 3829 3177 lega-

2244 3202 2332 3249 tos
2383 3196 2606 3250 mittens
2653 3207 2708 3251 et
2756 3196 2886 3251 nihil
2929 3197 3240 3267 proficiens,
3287 3199 3423 3253 alios
3472 3200 3659 3254 itidem
3703 3214 3829 3253 cum

2166 3262 2212 3326 ε
2243 3287 2486 3358 epistolis
2527 3289 2731 3360 legatos
2782 3290 2967 3345 mittit.
3006 3290 3153 3357 Quos
3185 3291 3511 3347 Anastasius
3538 3306 3664 3347 cum
3701 3305 3827 3346 cor-

2242 3395 2492 3450 rumpere
2520 3397 2625 3436 non
2652 3391 2860 3451 posset,
2901 3383 3094 3437 exsilio
3133 3383 3410 3453 deputavit
3450 3392 3504 3437 ct
3542 3384 3687 3437 inter
3725 3381 3831 3435 alia

2242 3472 2442 3529 deamo
2477 3489 2628 3547 papae
2658 3473 2939 3544 rescripsit
2964 3473 3152 3531 dicens
3178 3492 3191 3529 :
3223 3472 3337 3530 Nos
3354 3475 3542 3543 jubere
3564 3472 3831 3537 colamus,

2242 3580 2348 3618 non
2376 3565 2522 3619 nobis
2534 3565 2734 3636 juberi.
2758 3565 2924 3620 Anast

2308 3672 2411 3728 5l'l
2450 3674 2547 3729 His
2586 3676 2924 3748 temporibus
2954 3675 3324 3734 Theodericus
3367 3692 3463 3731 rex
3492 3676 3832 3731 Francorum

2237 3763 2418 3819 Danos
2464 3780 2523 3819 se
2560 3765 2875 3822 invadentes
2918 3782 3016 3836 per
3050 3765 3219 3821 filium
3248 3766 3685 3821 Theodebcrtum
3724 3778 3832 3818 una

2238 3869 2363 3912 cum
2399 3871 2528 3928 rege
2561 3872 2660 3912 suo
2688 3857 2756 3912 ad
2786 3857 3216 3913 internecionem
3243 3857 3462 3913 delevit.
3507 3854 3670 3927 Greg.
3700 3854 3833 3910 Tur.

2241 3964 2296 4001 α.
2317 3964 2424 4016 pr.;
2455 3947 2553 4012 al.,
2580 3949 2720 4002 circa
2745 3965 2834 4002 an.
2857 3946 2983 4002 515.

1506 4150 1959 4211 ΟΟΜΡΕΝΒΙΠΜ
1999 4156 2095 4212 EX
2131 4159 2378 4218 CODICE
2417 4163 2781 4221 llEllNOLDl.

618 4253 1076 4349 iﬁlliLudoricus,
1113 4259 1204 4328 qui
1238 4268 1286 4314 et
1311 4258 1635 4327 Clodoveus,
1665 4261 1997 4320 Francorum
2034 4283 2129 4324 rea:
2158 4279 2211 4340 ι)
2300 4273 2405 4329 511
2446 4274 2626 4331 Roma:
2657 4274 3009 4332 Hormisda...
3042 4277 3341 4343 adornavit,
3375 4288 3422 4332 et
3453 4287 3687 4349 quatuor
3732 4280 3835 4335 de-

553 4347 779 4402 Parisiis
813 4347 965 4413 obiit,
990 4349 1079 4403 ubi
1106 4349 1279 4403 sedem
1310 4352 1454 4421 regni
1487 4351 1731 4409 instituit.

617 4440 723 4494 510
762 4437 861 4494 His
915 4442 1233 4510 temporibus
1266 4439 1612 4513 Symmachus
1660 4448 1798 4518 popa
1847 4451 1986 4505 inter
2020 4451 2130 4508 alia

549 4530 684 4583 bona
707 4528 1027 4584 Manichceos
1050 4529 1107 4584 in
1131 4530 1257 4585 urbe
1278 4532 1508 4588 inventos
1527 4534 1829 4602 damnavit;
1857 4538 2132 4595 basilicam

550 4622 609 4691 δ.
634 4618 780 4676 Petri
816 4631 865 4677 et
904 4621 1166 4692 porticum
1202 4638 1466 4679 marmore
1493 4628 1676 4682 stravit
1715 4637 1764 4682 et
1800 4628 1909 4683 alia
1944 4631 2131 4702 hujus-

548 4712 710 4769 modi.

620 4802 724 4857 515
760 4801 1109 4859 Cassiodorus
1135 4805 1362 4875 hujus...
1407 4807 1652 4864 chronica
1695 4809 1839 4879 fecit,
1866 4821 1912 4864 et
1939 4812 2134 4882 tripar-

550 4894 702 4946 titam
726 4894 1001 4950 historiam
1029 4896 1311 4951 ordinavit.
1346 4896 1528 4952 Reum:
1570 4899 1782 4954 tandem
1810 4901 2134 4960 dissensione

540 4993 807 5049 cessante,
836 4984 1183 5054 Symmachus
1216 5003 1353 5057 pupa
1384 4987 1509 5042 obiit
1543 4987 1597 5040 in
1624 5005 1770 5050 pace.

2235 4376 2376 4419 creta
2404 4365 2544 4434 fecit.

2306 4457 2411 4512 515
2441 4455 2735 4513 Vitalianus
2756 4462 2971 4529 inlidant
3002 4477 3181 4517 servus
3216 4477 3335 4516 cum
3360 4460 3571 4532 Scythis
3591 4463 3826 4519 Anasta-

2234 4548 2313 4602 sio
2346 4549 2649 4616 imperatori
2673 4549 2903 4605 rebellat.

2244 4664 2247 4667 ι
2308 4637 2414 4691 516
2452 4635 2739 4693 Hormistla
2774 4657 2910 4712 papa
2939 4643 3221 4698 Anastasio
3253 4645 3567 4713 imperatori
3603 4661 3699 4715 pro
3725 4644 3835 4715 ﬁds

2238 4728 2495 4782 catholica
2549 4727 3059 4802 Constantinopolim
3099 4735 3297 4806 legatos
3339 4736 3509 4801 misit,
3544 4738 3631 4789 cui
3667 4738 3829 4807 impe—

2237 4826 2385 4870 rator
2416 4818 2553 4871 inter
2581 4819 2687 4872 alia
2733 4825 2994 4894 rescripsit
3027 4826 3101 4880 ita
3125 4843 3144 4881 :
3172 4825 3280 4882 Nos
3324 4826 3514 4895 iubere
3549 4828 3825 4894 volumus,

2236 4927 2343 4966 non
2371 4912 2527 4969 nobis
2549 4913 2748 4984 iuberi.

2072 5123 2281 5182 NOTAE
2290 5168 2303 5183 .

626 5254 773 5325 U34)
815 5254 1004 5309 Aunus
1039 5270 1142 5309 xxx
1177 5270 1324 5324 regni
1355 5255 1609 5311 Clodovci
1643 5258 1709 5311 ab
1737 5271 1879 5311 anno
1918 5255 2021 5313 48f
2048 5267 2131 5314 est

556 5324 730 5382 annus
779 5325 839 5379 51
858 5326 911 5396 l_._
949 5340 1058 5395 quo
1101 5326 1262 5396 etiam
1308 5326 1459 5387 obiit,
1505 5327 1752 5396 quamvis
1792 5328 1919 5382 anui
1947 5344 2057 5384 cxn
2102 5344 2133 5383 a

559 5407 733 5451 morte
782 5396 841 5451 S.
866 5393 1081 5451 Martini
1113 5411 1163 5449 a.
1188 5394 1289 5450 397
1318 5393 1557 5452 defﬂucti
1599 5398 1952 5453 convenirent
1993 5414 2139 5455 anno

556 5465 661 5508 Sim
685 5468 771 5508 hi0
811 5474 1015 5508 Ilnlaln-

2237 5264 2397 5343 baldo
2434 5283 2525 5322 rex
2569 5266 2766 5343 factus.
2814 5286 2911 5343 an.
2937 5272 3044 5328 525
3074 5276 3246 5331 victus
3277 5291 3338 5329 ac
3365 5274 3580 5343 demum
3631 5294 3684 5335 a.
3714 5280 3822 5336 59.4

2237 5337 2564 5418 eccisiisesl
2595 5339 3034 5418 a_l_1hl_o_do_mere,
3064 5347 3154 5418 qui
3182 5358 3235 5401 et
3269 5347 3381 5418 ipse
3407 5348 3460 5399 in
3489 5340 3670 5418 pugna
3700 5352 3830 5407 inte-

2240 5406 2350 5460 riit.
2382 5406 2495 5460 Vid.
2524 5418 2563 5462 t.
2593 5438 2607 5464 ι
2633 5409 2755 5463 Maii
2786 5406 3055 5478 Bolland.,
3082 5406 3149 5469 ad
3175 5419 3227 5469 d.
3261 5406 3310 5469 1’.
3489 5406 3528 5465 ’.
3563 5406 3594 5418 “’

2313 5477 2461 5508 11221
2505 5479 2600 5508 VL!
2653 5479 2944 5508 Dm”...an
2975 5481 3035 5508 .l..
3069 5484 3201 5508 1..."-
3232 5483 3459 5508 n._.|.:....
3529 5496 3573 5508 ...
3610 5485 3627 5508 ι

2313 5477 2461 5508 11221
2505 5479 2600 5508 UL!
2653 5479 2944 5508 Dnnnnn:non
2975 5481 3035 5508 ,1η
