4062 5508
270 374 368 429 100

1443 366 1862 432 CIIRONICON.
1899 404 1966 415 —-
2003 356 2184 429 δίεοζ
2222 370 2307 427 Vl.

3413 376 3516 435 ΗΟ

243 525 250 572 ξ
1570 490 1800 547 CODEX
1838 485 2233 545 AUGIENSIS.

238 573 248 604 ί
328 583 434 640 518
469 583 796 640 Anastasius
825 583 1139 653 imperator,
1165 597 1287 638 cum
1313 583 1505 640 haeresi
1531 583 1843 654 Eutychetis
1872 589 1916 644 Α
1950 581 2037 645 tis,
2064 581 2305 636 donariis
2331 589 2384 635 et
2418 581 2731 636 muneribus
2767 581 2996 638 donatus
3026 584 3334 639 revertitur.
3369 583 3517 641 Mar-

259 678 483 733 t’avisset
516 687 574 732 et
613 663 916 732 catholicos.
957 685 1394 748 persequeretur,
1444 677 1666 731 fulmine
1702 677 1841 731 ictus

255 766 487 832 interiit,
527 765 706 837 major
733 767 1100 837 octogenario.
1136 766 1243 822 Pro
1270 782 1379 837 quo
1401 766 1648 822 Justinus
1675 767 1842 836 impe-

254 865 406 911 rator
427 852 736 913 catholicus
765 855 1232 928 Constantinopoli
1256 859 1501 928 regnavit
1529 857 1684 911 annis
1711 872 1835 922 vttt;

253 950 340 1020 qui
370 950 667 1005 nonnullos
709 951 934 1021 imperio
973 951 1244 1006 inhiantes
1271 950 1488 1015 occidit,
1518 959 1718 1005 etcum
1748 949 1841 1003 Vi-

251 1039 453 1097 taliano
502 1051 736 1114 tyranno
777 1057 910 1112 pace
953 1043 1106 1113 prius
1153 1042 1318 1109 facta,
1371 1043 1618 1100 eumdem
1651 1051 1837 1112 postea

248 1131 501 1199 peremit.
533 1131 775 1186 Μαι-(εΗ.

273 1222 421 1293 '63
479 1223 587 1277 519
622 1221 866 1277 Justinus
915 1221 1192 1294 Augustus
1247 1221 1453 1293 legatos
1514 1221 1829 1290 apostolieze

247 1312 408 1375 sedis,
441 1313 514 1365 ab
545 1311 832 1366 llormisda
863 1327 999 1381 papa
1031 1309 1551 1382 Constantinopolim
1579 1297 1684 1380 pro
1734 1311 1837 1364 title

246 1405 467 1469 missos,
510 1418 726 1458 summo
776 1403 981 1458 honore
1012 1403 1271 1474 suscepit,
1301 1403 1493 1471 eisque
1524 1404 1574 1456 in
1607 1403 1836 1456 damna-

243 1493 385 1546 tione
424 1493 698 1548 hrcreseos
721 1503 818 1561 per
842 1492 1024 1547 omnia
1064 1501 1463 1547 consentaneus
1485 1491 1715 1562 plurima
1741 1507 1838 1561 per

242 1598 333 1637 eos
360 1583 596 1638 donaria
625 1583 855 1637 Romam
887 1582 1051 1636 misit.
1083 1583 1266 1637 Anast.

308 1672 426 1726 520
462 1671 576 1727 "ac
604 1680 928 1742 tempestate
958 1671 1327 1727 Theodericus
1371 1688 1468 1728 rex
1494 1670 1833 1726 Francorum

243 1779 358 1820 cum
395 1763 514 1819 ﬁlio
551 1763 932 1819 Theodeberto
978 1762 1287 1832 Thuringos
1328 1771 1538 1832 petens,
1570 1763 1833 1817 immensa

239 1871 330 1910 eos
355 1855 516 1910 caule
544 1855 826 1926 protrivit,
872 1863 926 1910 et
957 1853 1358 1910 Ermenl‘ridum
1411 1870 1590 1926 regem
1641 1870 1831 1909 eorum

1943 671 2060 726 eell.
2095 689 2185 727 an.
2219 673 2345 727 ὄιν-5.

2013 767 2119 822 524
2158 767 2527 824 Tlteodoricus
2553 783 2646 824 rex
2693 766 2990 824 Gothorum
3022 779 3077 823 et
3115 773 3374 840 tyrannus
3401 767 3516 826 Ito-

1941 873 2224 914 manorum
2259 861 2401 916 inter
2424 861 2527 914 alia
2559 859 2668 932 65
2695 860 2832 914 mala
2864 858 3106 914 Boetium
3133 861 3418 930 patricium
3449 869 3504 914 ct

1941 950 2316 1019 philosophum
2345 949 2438 1004 ditt
2461 960 2796 1004 carceratum
2823 949 3051 1013 occidit;
3084 965 3180 1004 nec
3203 949 3369 1004 multo
3394 959 3517 1019 post

1941 1056 2185 1095 socerum
2210 1041 2324 1110 ejus
2340 1041 2721 1112 Symmachum
2739 1042 3025 1111 patricium
3047 1042 3230 1096 itidem
3256 1043 3506 1112 peremit;

1939 1129 2203 1186 Joannem
2231 1147 2443 1201 quoque
2478 1147 2671 1202 papam
2715 1132 2934 1187 beatum
2962 1133 3025 1186 de
3048 1131 3515 1202 Constantinopoli

1941 1237 2219 1276 reversum
2277 1223 2550 1278 Ravenna:
2604 1238 2712 1276 ttna
2761 1236 2884 1276 cum
2935 1221 3223 1276 comitibus
3279 1221 3514 1276 carceris

1939 1310 2229 1380 amictione
2257 1311 2467 1367 necavit
2502 1327 2570 1367 ιν
2601 1311 2717 1364 Kal.
2747 1309 2916 1378 Junii,
2945 1311 3035 1380 qui
3069 1324 3174 1365 non
3207 1310 3372 1364 multo
3394 1318 3515 1380 post

1940 1401 2164 1456 Romam
2196 1403 2419 1466 relatus,
2445 1404 2583 1473 apud
2615 1402 2671 1457 S.
2705 1401 2924 1458 Petrum
2960 1403 3202 1473 sepultus
3225 1412 3306 1458 est
3337 1404 3508 1474 (158).

1938 1491 2104 1545 Beda.
2139 1489 2278 1544 Hist.
2305 1491 2500 1544 miscell
2512 1529 2524 1546 .

2007 1579 2110 1632 5‘25
2150 1579 2517 1634 Theodoricus
2569 1590 2846 1650 tyrannus,
2898 1588 3021 1650 post
3068 1594 3129 1636 ut
3178 1597 3392 1638 menses
3442 1585 3511 1639 ab

1933 1670 2081 1724 obitu
2106 1686 2254 1741 papae
2284 1669 2667 1741 Joannis,post
2690 1671 2857 1726 multa
2892 1671 3030 1726 mala
3060 1687 3157 1728 sua
3186 1674 3278 1728 Dei
3301 1674 3510 1744 judicio

1934 1760 2216 1814 subitanea
2247 1770 2420 1815 morte
2434 1760 2703 1815 Ravenna:
2735 1762 3053 1827 interiit,et,
3082 1763 3223 1818 sicut
3269 1764 3514 1820 solitario

1934 1852 2148 1907 cuidam
2182 1851 2476 1906 revelatum
2505 1863 2608 1919 est,
2643 1868 2672 1907 a
2702 1852 2909 1909 Joanne
2939 1872 3074 1927 papa
3101 1865 3155 1912 et
3184 1856 3510 1929 Symmacho

241 1946 489 2014 fugavit;
544 1963 708 2018 quem
763 1955 949 2018 postea
982 1948 1087 2002 ﬁde
1131 1948 1254 2002 data
1285 1949 1353 2003 ad
1408 1963 1467 2002 se
1521 1948 1825 2002 venientem
1861 1935 1904 1994 Β
1933 1944 2161 2012 patricio
2201 1937 2252 1997 in
2307 1943 2467 1998 ollam
2520 1941 2746 2000 Vulcani
2773 1945 3012 2016 dejectus
3061 1958 3145 2003 est
3191 1964 3330 2004 anno
3352 1952 3509 2022 regni

237 2038 553 2108 suscipiens
582 2052 614 2093 e
638 2053 797 2093 muro
823 2037 1206 2109 praecipitavit,
1247 2048 1302 2093 et
1346 2038 1483 2094 tilios
1512 2039 1628 2108 ejus
1655 2039 1827 2094 occidi

237 2127 383 2184 fecit.
417 2127 576 2199 Creg.
613 2128 741 2182 Tur.
766 2146 855 2182 an.
883 2129 1008 2184 550.

302 2221 408 2276 521
450 2218 703 2275 Justinus
729 2220 1004 2291 Augustus
1044 2219 1319 2274 haereticis
1340 2218 1570 2274 infestus
1599 2217 1828 2273 Arianos

235 2310 404 2364 etiam
465 2309 942 2380 Constantinopoli
1003 2309 1384 2381 persequitur;
1454 2308 1599 2363 unde
1656 2309 1829 2363 iratus

238 2398 618 2455 Theudoricus
663 2415 763 2455 rex
807 2399 975 2456 Italia:
1027 2399 1263 2456 Arianus
1318 2400 1546 2456 exitium
1596 2398 1649 2454 in
1676 2397 1826 2453 Italia

235 2491 532 2546 catholicis
555 2492 816 2547 minatur.
844 2490 986 2547 Hist.
1016 2491 1238 2547 miscell.

301 2581 420 2637 δη
458 2582 516 2637 In
545 2583 730 2638 Africa
771 2592 986 2638 mortuo
1019 2584 1234 2637 tandem
1287 2581 1661 2636 Trasamundo
1700 2594 1827 2651 rege

234 2672 632 2727 Wandalorum
682 2672 904 2740 Ariano,
963 2672 1282 2728 Heldericus
1335 2686 1433 2742 pro
1467 2687 1533 2726 eo
1584 2671 1828 2741 regnavit

233 2763 396 2819 annis
424 2779 554 2829 vni;
581 2763 674 2834 qui
697 2766 881 2819 statim
905 2765 957 2819 in
981 2764 1247 2834 principio
1271 2763 1422 2832 regni
1449 2762 1716 2817 ecclesias
1733 2761 1824 2817 ditt

235 2856 458 2909 clausas
487 2856 723 2924 aperuit,
771 2863 826 2910 et
853 2870 1042 2911 omnes
1090 2853 1390 2910 catholicos
1420 2855 1486 2908 de
1507 2853 1714 2908 exsiliis
1743 2867 1825 2908 re-

233 2957 439 2998 vocare
465 2943 700 3011 studuit,
729 2953 784 2998 et
810 2953 1049 3014 optatam
1074 2943 1331 2999 Ecclesia:
1345 2956 1534 3012 pacem
1561 2942 1824 2998 restituit.

236 3033 469 3104 Procop.
516 3033 711 3090 Victor.
747 3033 880 3089 Tun.
901 3053 988 3090 an.
1015 3052 1125 3106 seq.
1445 3095 1464 3110 _

315 3125 428 3179 5‘23
469 3126 655 3181 Romze
683 3123 920 3181 Joannes
945 3141 1080 3197 papa
1109 3125 1198 3180 LV
1221 3125 1365 3182 sedit
1392 3126 1552 3180 annis
1578 3139 1640 3190 tt,
1673 3139 1826 3180 men—

235 3213 386 3268 sibus
414 3230 468 3268 tx
491 3230 508 3280 ;
535 3215 648 3284 qui,
673 3216 986 3270 cmmeteria
1017 3216 1068 3270 in
1096 3216 1232 3271 urbe
1281 3225 1598 3271 restaurans
1622 3224 1678 3270 et
1701 3214 1824 3270 aliis

1932 2035 2099 2090 Italici
2127 2051 2298 2090 χχχιι.
2323 2037 2452 2091 Post
2476 2052 2636 2106 quem
2669 2052 2832 2108 nepos
2855 2039 2971 2108 ejus
3000 2041 3290 2096 Atharicus
3319 2041 3510 2115 [Atha-

1933 2125 2151 2198 laricus]
2177 2142 2310 2198 puer
2333 2143 2455 2182 cum
2492 2138 2670 2183 matre
2699 2128 3050 2185 Amalsuinda
3076 2133 3320 2202 regnavit
3352 2135 3510 2190 annis

1929 2233 2046 2273 vttt.
2082 2219 2223 2273 Hist.
2256 2219 2452 2274 miscet.
2485 2215 2707 2290 Procop.
2734 2220 3159 2278 Jorn.-——Romze
3181 2224 3328 2280 Felix
3351 2241 3512 2296 quar-

1933 2319 2018 2364 tus
2049 2325 2182 2379 papa
2215 2307 2324 2363 LVI
2354 2310 2497 2364 sedit
2525 2311 2681 2364 anuis
2711 2326 2786 2376 tv,
2817 2313 3098 2368 mensibus
3152 2329 3224 2378 ll;
3257 2315 3347 2385 qui
3378 2314 3511 2372 fecit

1930 2399 2210 2455 basilicam
2241 2409 2552 2454 sanctorum
2585 2399 2792 2453 Cosma:
2839 2409 2894 2455 et
2926 2399 3172 2458 Damiaui
3202 2403 3288 2458 via
3319 2403 3508 2473 Sacra,

1929 2500 1984 2545 ct
2009 2491 2065 2544 S.
2102 2491 2381 2545 Saturnini
2409 2491 2493 2544 via
2525 2489 2739 2545 Salaria
2771 2490 2941 2563 (159).
2969 2493 3155 2548 Anast.

1999 2582 2105 2636 526
2154 2581 2620 2652 Constantinopoli
2671 2582 2916 2639 Justinus
2971 2585 3290 2656 imperator,
3339 2584 3511 2642 Justi-

1927 2674 2148 2728 nianum
2207 2675 2355 2745 regni
2390 2684 2702 2730 consortem
2752 2685 2806 2729 et
2854 2691 3224 2732 successorem
3279 2675 3510 2744 faciens,

1925 2765 2091 2830 obiit;
2125 2779 2223 2833 pro
2253 2780 2360 2835 quo
2385 2764 2724 2820 Justinianus
2753 2780 2818 2818 ex
2849 2781 3036 2821 sorore
3071 2782 3238 2837 nepos
3263 2767 3378 2837 ejus
3405 2770 3510 2824 itu-

1925 2853 2135 2923 peravit
2176 2855 2334 2908 annis
2381 2868 2586 2908 xxxvm
2651 2853 2817 2906 multa
2869 2854 3069 2923 pietate
3117 2865 3172 2909 et
3211 2858 3497 2924 prudentia

1924 2943 2268 3013 conspicuus,
2321 2941 2424 2997 nisi
2469 2942 2522 2996 in
2565 2942 2886 3011 quibusdam
2935 2943 3201 3001 haereticis
3251 2945 3498 3002 favisset.

1928 3034 2168 3089 Marcell.
2193 3051 2282 3088 an.
2317 3051 2426 3105 seq.

1939 3119 1951 3126 ’
1997 3125 2100 3181 527
2157 3125 2494 3182 Justinianus
2553 3125 2828 3197 Augustus
2879 3125 3208 3182 Belesarium
3269 3129 3504 3184 amicum

1930 3235 2085 3275 suum
2110 3219 2408 3291 principem
2458 3219 2662 3274 militia:
2707 3218 2856 3286 fecit,
2888 3235 2986 3290 per
3006 3209 3166 3290 quem
3196 3223 3338 3278 etde
3366 3223 3506 3278 Paro

241 3307 400 3361 bonis
426 3307 663 3373 instans,
697 3323 726 3360 a
751 3306 1090 3364 Theodorico
1121 3307 1642 3378 Constantinoiiolim
1673 3309 1820 3379 legac
1849 3289 1896 3353 Ο
1929 3311 2034 3365 this
2084 3289 2438 3380 triumphavit
2485 3313 2541 3364 et
2583 3323 2773 3380 magna
2805 3325 2871 3364 ex
2891 3289 3062 3380 parte
3114 3311 3504 3382 rempublicam

240 3408 326 3452 tus
355 3400 618 3465 mittitur,
647 3408 705 3454 et
732 3415 944 3455 summo
973 3401 1178 3456 honore
1207 3409 1263 3456 et
1303 3401 1499 3470 gaudio
1537 3417 1568 3455 a
1607 3400 1822 3456 Justino

238 3491 482 3560 Augusto
521 3501 578 3545 et
625 3491 839 3546 cunctis
893 3492 1104 3548 civibus
1133 3501 1416 3562 susceptus
1463 3494 1530 3547 ad
1583 3505 1819 3562 portam,

239 3595 355 3649 quae
396 3583 602 3637 dicitur
643 3583 825 3638 Aurea
851 3598 1055 3638 caecum
1100 3583 1388 3649 illuminat,
1418 3593 1474 3638 et
1499 3595 1760 3639 coronato
1789 3596 1822 3637 a

240 3684 297 3724 se
322 3670 572 3744 Augusto
608 3671 847 3741 Justino,
873 3683 930 3730 et
966 3688 1066 3744 pro
1094 3673 1290 3744 quibus
1309 3682 1534 3730 venerat
1563 3675 1821 3746 impetra-

1924 3401 2285 3470 recupcravit.
2340 3399 2484 3454 Hist.
2528 3400 2967 3456 ntiscel.—Gens
3022 3393 3345 3457 Winilorum
3393 3403 3508 3460 sive

1929 3491 2432 3562 Longobardorum,
2456 3505 2582 3562 rege
2607 3491 2854 3557 Odwino,
2889 3491 3012 3564 [al.,
3039 3491 3341 3568 Audoinus]
3365 3493 3506 3550 Pan-

1927 3581 2149 3637 noniam
2189 3581 2409 3644 invasit,
2457 3579 2640 3650 ibique
2667 3581 2912 3636 habitare
2951 3581 3134 3652 coepit.
3165 3582 3326 3641 Paul.
3354 3584 3506 3642 Diae.

1926 3674 2049 3728 hist.
2072 3671 2308 3742 Longob.
2344 3667 2571 3741 Procop.

1229 3808 1682 3866 COMPENDIUM
1719 3807 1812 3863 EX
1847 3806 2095 3865 CODICE
2128 3795 2498 3860 BERNOLDI.

303 3952 410 4009 5l8
449 3949 766 4004 Anastasius
809 3949 962 4019 imp.,
1005 3948 1190 4003 haeresi
1225 3947 1404 4016 favens
1434 3945 1734 4016 Eutychetis
1777 3953 1826 3999 et

235 4042 519 4098 catholicos
559 4055 895 4110 persequens,
953 4038 1086 4091 ictus
1131 4035 1350 4104 fulmine
1393 4035 1610 4100 interiit,
1653 4032 1823 4102 major

236 4135 606 4206 octogenario;
649 4149 747 4203 pro
787 4147 890 4202 quo
916 4129 1160 4183 Justinus
1209 4129 1498 4198 imperator
1534 4124 1822 4179 catholicus

235 4223 696 4294 Constantinopoli
727 4223 957 4293 regnavit
983 4221 1136 4275 annis
1163 4230 1299 4285 octo,
1324 4230 1370 4274 et
1411 4234 1529 4272 cum
1564 4215 1822 4270 Vitaliano

233 4328 457 4387 tyranno
480 4329 660 4383 pacem
687 4312 831 4380 fecit,
857 4328 1008 4382 quem
1031 4319 1212 4381 postea
1235 4320 1409 4362 tamen
1436 4307 1670 4378 peremit.

302 4407 408 4461 519
445 4405 688 4459 Justinus
713 4404 975 4473 Augustus
999 4402 1192 4473 legatos
1223 4400 1522 4455 Hormisdw
1544 4415 1693 4469 papa:
1714 4414 1808 4469 pro

236 4499 336 4566 ﬁde
366 4499 553 4551 missos
587 4493 877 4563 honoriﬁce
916 4495 1162 4564 suscepit,
1216 4493 1392 4563 eisque
1426 4493 1480 4544 in
1521 4489 1819 4543 damnatio-

238 4603 349 4640 nem
376 4589 633 4639 ha’reseos
654 4585 1000 4649 consentiens,
1023 4584 1190 4637 multa
1217 4599 1310 4653 per
1343 4598 1430 4637 eos
1459 4581 1682 4634 donaria
1713 4581 1812 4634 lio—

241 4695 375 4731 mam
417 4679 578 4730 misit.

3247 3899 3314 3912 ιινΔ
3343 3897 3482 3914 -ι-Ἶ-ιρ.

1923 3942 2133 4005 missus,
2176 3949 2223 3994 et
2254 3954 2287 3991 a
2313 3935 2524 3992 Iustino
2565 3936 2699 4006 Aug.
2730 3945 2777 3990 et
2806 3938 3010 3990 cunctis
3049 3933 3248 3993 civibus
3285 3938 3510 3998 honori-

1921 4033 2019 4101 ﬁce
2039 4039 2330 4100 susceptus,
2355 4029 2424 4084 ad
2473 4038 2678 4099 portam
2709 4045 2826 4098 qua:
2851 4030 3048 4083 dicitur
3099 4031 3273 4087 Aurea
3304 4051 3503 4093 ciccum

1921 4124 2184 4178 illuminat
2211 4132 2282 4186 et,
2302 4133 2550 4176 coronato
2571 4139 2606 4176 a
2625 4139 2679 4176 se
2703 4121 2916 4177 Justino
2945 4123 3204 4196 Augusto,
3221 4143 3338 4183 cum
3361 4131 3500 4186 mul-

1920 4218 1987 4272 tis
2014 4215 2314 4270 muneribus
2341 4215 2512 4268 rediit.

1992 4309 2098 4364 524
2141 4307 2491 4362 Theodericus
2516 4323 2606 4362 rex
2629 4305 2920 4362 Gothorum
2941 4319 2990 4362 et
3017 4317 3274 4379 tyrannus
3303 4311 3503 4369 Roma-

1924 4419 2111 4457 norum
2157 4397 2469 4455 Boetiuin...
2510 4398 2690 4454 itidem
2745 4401 3024 4455 interemit.
3073 4400 3338 4458 Joannem
3374 4423 3504 4476 quo.

1921 4510 2021 4563 que
2048 4509 2237 4564 papam
2267 4495 2474 4546 beatum
2499 4491 2723 4545 carceris
2752 4491 3028 4563 afflictione
3054 4495 3254 4548 necavit
3283 4512 3351 4550 xv
3374 4495 3504 4554 Kal.

1921 4569 2097 4638 Junﬁ.
2263 4633 2265 4635 ,

1994 4674 2098 4729 525
2139 4673 2181 4728 Τ
2182 4674 2562 4729 heodoricus...
2612 4674 2676 4728 ab
2723 4673 2865 4728 obitu
2890 4673 3116 4730 Joannis
3158 4692 3308 4746 papw
3335 4678 3508 4736 subito

308 4770 404 4824 Sil
449 4769 694 4823 Justinus
714 4769 1047 4840 Augustus...
1075 4768 1290 4823 exitium
1322 4763 1595 4821 catholicis
1623 4765 1675 4818 in
1707 4762 1818 4817 lta-
1849 4755 1898 4814 Ῐ)
1929 4768 2188 4822 Rauenna:
2210 4767 2354 4831 obiit,
2381 4775 2428 4820 et
2452 4766 2899 4836 sicut...tlejeetus
2924 4776 3020 4822 est.
3041 4765 3167 4820 Post
3182 4783 3330 4836 quem
3347 4784 3505 4837 nepos

243 4865 309 4918 lia
339 4869 630 4921 minitatur.

307 4958 407 5011 5822
445 4957 511 5011 In
558 4958 743 5027 Africa
774 4966 976 5009 mortuo
1019 4953 1384 5008 Trasamundo
1429 4965 1547 5022 rege
1573 4947 1819 5005 Wanda-

245 5045 404 5102 lorum
426 5050 653 5112 Ariano,
690 5045 992 5100 Hildericns
1014 5062 1107 5115 pro
1133 5061 1191 5098 eo
1235 5044 1463 5113 regnavit
1491 5042 1645 5094 annis
1667 5051 1819 5104 octo;

244 5139 323 5180 nui
355 5141 522 5180 statim
556 5137 807 5180 pri-Iasiae
836 5137 927 5180 diu
958 5136 1162 5180 clauim:
1189 5135 1412 5180 nneruil-
1445 5142 1494 5180 et
1524 5147 1701 5180 omnes
1732 5147 1823 5180 ca-

1925 4861 2064 4931 ejus,
2114 4858 2469 4923 Athalaricus,
2516 4874 2647 4928 puer
2701 4873 2819 4910 cum
2871 4868 3037 4911 matre
3094 4857 3321 4927 regnavit
3350 4860 3505 4918 annis

1927 4949 2322 5005 actm—Roma:
2348 4947 2568 5004 Felix...
2592 4947 2854 5002 mensibus
2883 4962 2946 5002 tt.

1997 5041 2102 5095 5‘26
2139 5037 2594 5107 ConstantinOpoli
2641 5025 2885 5090 Justinus
2934 5039 3061 5109 imp.
3092 5039 3257 5107 obiit;
3285 5055 3379 5109 pro
3405 5056 3513 5112 quo

1925 5131 2266 5180 Justinianus
2295 5141 2452 5180 aenos
2484 5128 2600 5180 eius
2630 5126 2899 5180 imperavit
2929 5114 3082 5180 annis
3116 5143 3342 5180 xxxvm.
