4062 5508
607 442 700 494 ιιι

1483 435 1841 493 IIEMIANM
1880 438 2268 496 CONTRACTI
2309 441 2672 500 AUGIENSIS
2712 442 3014 500 MONACIII

3759 444 3862 499 ΗΞ

1995 549 2129 603 υΕΧ
2163 549 2555 608 AllGIENSlS.

1995 549 2129 603 DEX
2245 549 2259 603 l
2353 593 2375 606 -
2411 552 2466 607 πει
2537 588 2555 608 .

666 639 774 712 65
809 637 913 694 528
949 636 1043 692 llis
1077 636 1407 706 temporibus
1433 637 1621 691 beatus
1645 637 1812 692 abbas
1848 547 2244 703 lltfit(t:dictusAAl
2265 550 2880 706 tﬁliai:itiSGeilamernm
2910 656 3089 711 regem
3111 654 3296 695 eorum
3328 647 3547 710 captum
3575 639 3857 696 Constan-

599 732 857 785 immensa
883 729 1136 782 virtutum
1167 727 1334 798 gloria
1362 727 1577 782 claruit.
1618 727 1932 782 Priscianus
1954 744 2170 798 quoque

597 818 987 891 'grammaticus
1015 818 1099 872 his
1129 816 1229 872 fuit
1259 822 1609 889 temporibus.
1647 821 1776 876 Bed.
1808 824 1920 876 chr.

667 911 772 966 5‘29
810 909 1098 964 Exercitus
1144 908 1422 965 Romanus
1469 912 1694 966 sabbato
1735 912 1956 967 Pascha:
1982 927 2010 965 a
2036 911 2170 966 Par-

599 1002 710 1058 this
739 1009 1046 1071 superatur.

664 1093 771 1151 550
809 1093 866 1147 In
893 1093 1074 1147 Africa
1101 1093 1284 1148 occiso
1304 1094 1443 1149 male
1471 1093 1754 1151 llelderico
1777 1111 1902 1166 rege
1930 1095 2172 1150 Wanda-

594 1188 767 1244 lorum
797 1185 1087 1252 catholico,
1135 1185 1410 1243 Geilamer
1451 1203 1672 1258 regnum
1722 1189 1981 1244 invadens
2025 1199 2168 1243 tanta

595 1281 813 1336 feritate
842 1279 893 1333 in
924 1277 1224 1334 catholicos
1274 1289 1331 1333 et
1372 1279 1424 1334 in
1469 1296 1659 1334 omnes
1699 1281 2080 1343 debacchatur,
2113 1290 2169 1334 ut

592 1388 695 1426 nec
720 1370 1036 1440 parentibus
1060 1369 1174 1424 suis
1224 1381 1492 1438 parceret.
1525 1368 1751 1439 Procop.
1795 1367 1927 1422 Vict.
1961 1368 2170 1422 Tun.—

594 1463 778 1516 llumtc
803 1460 1112 1515 Bonifacius
1135 1461 1404 1514 secundus
1431 1476 1564 1529 papa
1596 1459 1730 1514 LVII
1764 1460 1900 1514 sedit
1924 1447 2080 1514 antiis
2108 1475 2166 1524 tt,

595 1568 782 1606 tnense
810 1552 978 1605 ferme
1002 1567 1042 1615 ι,
1071 1565 1194 1604 eum
1217 1564 1323 1618 quo
1346 1565 1442 1619 per
1464 1551 1857 1606 dissensionem
1889 1551 2170 1605 ordinatus

592 1653 676 1697 cst
703 1642 1015 1706 Dioscorus,
1049 1652 1102 1696 et
1131 1641 1315 1712 paucis
1341 1649 1462 1711 post
1491 1641 1682 1696 diebus
1702 1651 1976 1706 mortuus;
2005 1658 2165 1711 quem

593 1744 770 1790 tamen
802 1733 1112 1790 Bonifacius
1138 1731 1364 1788 collecta
1392 1733 1602 1804 synodo
1641 1733 1902 1788 danmare
1951 1733 2168 1787 molitus

587 1834 690 1880 est.
723 1826 910 1878 Anast.

659 1916 758 1970 5'51
802 1915 1112 1972 Bonifacius
1134 1931 1270 1987 papa
1290 1915 1546 1981 Vigilium
1572 1915 1859 1971 diaconum
1885 1917 1936 1970 in
1961 1916 2166 1989 synodo

2276 732 2549 798 tintqiolim
2581 731 2828 796 abduxit,
2852 741 2904 785 et
2929 731 3316 800 Carthaginem
3354 729 3664 798 reipublicae
3693 732 3861 784 resti-

2275 822 2373 874 tuit
2419 830 2539 890 post
2577 837 2748 891 annos
2788 837 2907 875 retv
2936 836 3001 874 ex
3038 836 3143 890 quo
3173 836 3203 873 a
3249 819 3528 875 Geiserico
3555 831 3714 888 capta
3749 831 3858 875 est.

2270 911 2541 966 Geilamer
2587 928 2802 982 quoque
2851 922 2971 981 post
3002 911 3207 979 aliquot
3245 927 3418 965 annos
3462 926 3492 963 a
3537 909 3856 966 Justiniano

2269 1005 2515 1073 Augusto
2564 1019 2746 1058 comes
2792 1003 3049 1067 effectus,
3099 1011 3152 1057 et
3208 1003 3261 1056 in
3311 1003 3571 1056 terminos
3618 1001 3859 1057 Partho-

2271 1110 2388 1148 rum
2405 1094 2471 1149 ad
2493 1095 2869 1164 eosarcendos
2892 1093 3218 1149 constitutus
3231 1103 3333 1148 est.
3354 1091 3600 1147 Marcell.
3622 1091 3856 1147 Marius.

2273 1184 2498 1252 Procop.
3001 1222 3004 1224 -
3137 1179 3140 1183 ’
3556 1252 3562 1258 .

2340 1276 2446 1330 555
2483 1275 2666 1331 Romae
2696 1278 2957 1348 Agapitus
3008 1295 3144 1351 papa
3179 1278 3294 1334 LIX
3325 1280 3466 1335 sedit
3494 1295 3638 1334 anno
3665 1277 3784 1336 fere
3812 1293 3855 1337 t.

2270 1365 2369 1420 llic
2402 1385 2429 1420 a
2460 1368 2739 1424 Theodato
2771 1382 3020 1442 tyranno,
3072 1388 3167 1442 pro
3208 1373 3382 1443 gratia
3415 1372 3709 1428 Iustiniani
3740 1375 3857 1428 Au-

2269 1460 2432 1528 gusti,
2484 1471 2703 1530 propter
2750 1463 2984 1517 occisam
3038 1464 3444 1518 Amalsuindam
3490 1465 3592 1518 sibi
3627 1463 3854 1528 infensi,

2269 1549 2800 1619 Constantinopolim
2851 1552 3073 1616 missus,
3111 1562 3430 1606 constanter
3457 1570 3580 1608 cum
3608 1554 3857 1624 Augusto

2268 1659 2366 1713 pro
2411 1645 2513 1698 Iide
2563 1643 2764 1699 Christi
2817 1647 3147 1711 decet-tavit;
3198 1647 3548 1702 Anthemium
3603 1646 3857 1714 ejusdem

2269 1732 2420 1786 urbis
2471 1735 2780 1803 episcopmn
2833 1735 3144 1789 haeretiennt
3199 1737 3506 1791 convictum
3546 1737 3855 1802 damnavit,

2267 1832 2322 1878 et
2346 1825 2398 1878 in
2426 1824 2600 1879 locmn
2629 1825 2746 1894 ejus
2772 1825 2985 1880 favente
3025 1828 3272 1897 Augusto
3299 1827 3528 1882 anam
3558 1827 3683 1898 (aL,
3705 1827 3855 1881 Men-

2269 1919 2412 1984 nam)
2439 1916 2739 1982 ordinavit;
2777 1917 2997 1987 ipseque
3032 1918 3228 1972 ibidem
3270 1920 3460 1982 morbo
3487 1927 3665 1973 tactus
3692 1917 3854 1984 obiit,

587 2015 706 2076 post
729 2023 786 2061 se
813 2022 1004 2076 papam
1031 2007 1154 2078 eligi
1196 2008 1297 2062 sub
1325 2007 1687 2079 chirographo
1716 2009 1984 2073 decrevit;
2017 2009 2160 2079 quod
2193 2010 2237 2070 B
2263 2018 2320 2064 et
2351 2010 2403 2062 in
2450 2008 2626 2064 loculo
2683 2009 2932 2078 plumbeo
2990 2009 3216 2064 Romam
3251 2011 3453 2065 relatus
3484 2012 3552 2065 ad
3583 2011 3853 2065 Sanctum

587 2109 766 2153 tamen
789 2107 974 2169 postea
1007 2099 1339 2161 rescindens,
1371 2099 1494 2166 quia
1537 2109 1724 2153 contra
1757 2113 1992 2154 canones
2019 2109 2159 2164 erat,

585 2191 906 2246 combussit.
939 2191 1055 2261 Ipse
1097 2191 1148 2244 in
1181 2191 1424 2261 periculo
1469 2189 1630 2246 famis
1677 2190 1883 2245 clct'ttttt
1921 2201 1974 2245 et
2027 2207 2160 2261 pau-

582 2297 741 2353 peres
766 2282 1017 2338 alimonia
1041 2281 1204 2352 juvit.
1231 2282 1418 2336 Anasl.

653 2377 759 2433 552
793 2375 875 2431 Ab
903 2376 1004 2432 hoc
1028 2391 1196 2440 anno,
1227 2375 1438 2431 scilicet
1493 2373 1784 2429 Justiniani
1817 2373 2162 2444 imperatoris

584 2479 763 2536 sexto,
795 2469 1082 2542 Dionysius
1110 2470 1385 2524 [tertianus
1429 2468 1624 2532 abbas,
1657 2470 1939 2538 utriusque
1967 2469 2161 2540 lingua:

583 2562 967 2634 peritissimus,
1001 2561 1210 2634 cyelum
1261 2577 1510 2632 magnum
1561 2560 1866 2631 paschalem
1918 2561 2160 2626 inchoat,

581 2652 675 2723 qui
722 2652 837 2720 jam
895 2650 1060 2706 semel
1119 2651 1188 2705 ab
1213 2650 1591 2705 incarnatione
1637 2649 1847 2704 Domini
1902 2649 1956 2703 in
2006 2650 2162 2704 annis

588 2757 777 2798 bxxxu
812 2753 1056 2807 exactus,
1089 2741 1309 2797 totidem
1355 2741 1409 2794 in
1445 2756 1504 2795 se
1532 2754 1702 2794 annos
1731 2739 1993 2794 continet.
2029 2739 2166 2794 Inci-

581 2833 662 2904 pit
701 2840 883 2887 autcm
921 2848 952 2887 a
991 2831 1167 2902 primo
1212 2829 1528 2885 Diocletiani
1569 2844 1735 2892 anno,
1788 2829 1934 2883 unde
1987 2828 2160 2883 Graeci

585 2922 766 2995 eyclos
809 2938 939 2979 suos
987 2921 1334 2986 inchoabant,
1377 2921 1544 2991 ryclis
1597 2919 2163 2975 decennovennatibus

581 3031 682 3070 χιιι
712 3015 944 3080 exactis,
979 3013 1031 3069 id
1067 3021 1170 3078 est,
1223 3029 1314 3067 an.
1358 3027 1593 3066 cchvn.
1627 3010 1758 3066 Bed.
1787 3011 2162 3064 clm—Itonia:

579 3103 818 3159 Joannes
842 3103 1133 3169 secundus,
1157 3103 1247 3174 qui
1263 3112 1318 3156 et
1343 3101 1664 3168 Mercurius,
1683 3116 1819 3172 papa
1842 3099 1996 3155 LVIII
2021 3101 2162 3154 sedit

580 3195 737 3250 annis
760 3210 822 3259 ti,
846 3194 1121 3250 tncusibus
1143 3201 1216 3250 tv.
1244 3194 1324 3248 Ad
1354 3194 1497 3248 hunc
1520 3191 1857 3248 Justinianus
1885 3193 2161 3264 Augustus

581 3289 648 3342 de
673 3287 776 3344 fide
799 3303 894 3341 sua
921 3286 1131 3340 litteras
1160 3293 1213 3338 et
1235 3286 1459 3342 donaria
1498 3293 1688 3339 sancto
1717 3284 1876 3339 Petro
1909 3286 2162 3339 transmi-

2263 2098 2480 2153 Petrum
2511 2097 2754 2168 sepultus
2777 2109 2886 2154 est.
2919 2099 3107 2153 Anast.
3143 2099 3389 2153 Marcell.
3437 2099 3574 2153 Vict.
3606 2099 3747 2153 Tun.

2335 2191 2438 2244 556
2465 2192 2645 2245 Romae
2669 2189 2950 2256 Silverius,
2977 2191 3274 2246 Ilortnisla:
3295 2207 3446 2261 pupa}
3462 2193 3664 2246 dudum
3683 2192 3852 2257 ﬁlius,

2261 2291 2452 2338 contra
2503 2282 2837 2337 voluntatem
2885 2281 3014 2337 eleri
3048 2298 3077 2336 a
3111 2281 3388 2337 Theodato
3418 2294 3646 2353 tyranno
3687 2298 3854 2354 pecu-

2261 2381 2350 2435 nia
2402 2390 2657 2450 corrupto
2710 2379 2858 2448 (HO)
2912 2378 3002 2432 LX
3034 2394 3168 2448 papa
3222 2378 3489 2433 violenter
3533 2388 3850 2446 promotus,

2262 2471 2402 2527 sedit
2423 2486 2568 2526 anno
2594 2486 2630 2535 ι,
2665 2471 2942 2524 mensibus
2975 2485 3024 2522 v.
3059 2468 3308 2522 Marcell.
3335 2466 3852 2522 Auast.—-Tbeoda-

2261 2561 2417 2615 datus
2466 2571 2726 2630 tyrannus
2773 2560 2970 2614 abhinc
2994 2571 3111 2628 post
3159 2573 3193 2612 ιι
3236 2573 3455 2612 menses
3496 2573 3526 2610 a
3591 2555 3850 2626 Witigiso

2263 2663 2599 2724 peremptus,
2631 2661 2685 2706 ct
2715 2651 2927 2721 Witigis
2957 2652 3078 2722 (aL,
3107 2649 3360 2721 Witigcs)
3417 2667 3507 2703 res
3537 2649 3849 2704 Gothorum

2263 2742 2438 2798 Iactus
2457 2751 2558 2796 cst.
2583 2741 3185 2795 Aimoin.—Belisarius
3207 2740 3468 2809 patricius
3487 2755 3515 2792 a
3535 2737 3852 2792 Justiniano

2262 2837 2504 2904 Augusto
2531 2835 2581 2888 in
2611 2834 2815 2888 Italiam
2847 2842 3035 2889 contra
3082 2832 3290 2886 Gothos
3333 2831 3550 2894 missus,
3582 2844 3681 2900 per
3705 2830 3849 2882 Sici-

2265 2929 2389 2983 liam
2441 2929 2730 2992 transiens,
2781 2937 2836 2983 et
2895 2927 3165 2983 Sunderat
3214 2927 3406 2980 ducem
3456 2925 3575 2993 ejus
3618 2927 3855 2981 vincens

2261 3021 2609 3091 Africamque
2633 3021 2698 3075 de
2722 3022 2965 3092 tyrannis
2987 3020 3094 3090 67
3124 3017 3632 3088 eruens,Neapolim
3665 3027 3851 3070 trans-

2264 3112 2486 3167 fretavit
2555 3113 2836 3182 ipsamque
2859 3110 3045 3166 urbem
3070 3111 3171 3165 sibi
3196 3111 3538 3165 resistentem
3563 3110 3852 3163 obsessam

2262 3203 2316 3257 vi
2345 3203 2510 3273 cepit,
2538 3212 2594 3258 et
2629 3213 2738 3256 tam
2789 3203 2938 3257 cives
2961 3217 3122 3271 quam
3169 3201 3395 3264 Gothos,
3431 3199 3560 3254 nulli
3590 3215 3848 3269 parcens,

2267 3295 2574 3351 trucidavit.
2609 3295 2736 3349 Inde
2757 3309 2878 3349 eum
2908 3294 3096 3348 urbem
3126 3293 3349 3348 Romam
3370 3293 3651 3362 ingressus
3677 3301 3850 3354 esset,

580 3379 671 3433 sit.
713 3378 901 3434 Anast.
935 3393 1025 3430 an.
1072 3375 1642 3431 535.—Theodoriens
1690 3389 1782 3430 rex
1825 3373 2194 3430 Francorum‘

2271 3385 2430 3439 Gothi
2459 3401 2648 3439 omnes
2674 3385 2766 3453 qui
2797 3385 2869 3439 ibi
2914 3383 3151 3447 fuerant,
3187 3391 3340 3437 nocte
3369 3380 3598 3451 egressi,
3628 3379 3850 3434 Raven-

581 3485 725 3524 anno
753 3469 901 3538 regni
933 3483 1066 3522 xsttt
1117 3467 1371 3533 moritur,
1419 3477 1474 3521 et
1515 3467 1671 3521 Metis
1713 3466 1974 3536 sepelitur
2007 3481 2020 3519 :
2059 3483 2159 3534 pro

581 3574 690 3630 quo
732 3559 876 3616 filius
923 3557 1040 3628 ejus
1093 3559 1501 3615 Theodebertus
1556 3557 1812 3629 regnavit.
1845 3559 2005 3611 annis
2049 3572 2157 3613 Juv.

581 3652 740 3723 (ἔτερ.
772 3651 898 3706 Tur.
935 3669 1023 3706 an.
1053 3651 1176 3706 55L

653 3747 758 3802 535
813 3745 996 3799 Ruina:
1050 3754 1263 3798 mortuo
1314 3743 1628 3798 Athalarico
1659 3755 1782 3811 rege
1829 3741 2156 3809 Gothorum,

579 3836 931 3894 Amalsuinda
987 3833 1324 3889 Theodatum
1364 3835 1475 3905 66
1522 3833 1573 3888 in
1618 3833 1950 3888 consortium
2011 3833 2188 3902 regni.

577 3927 842 3992 assumit;
873 3925 964 3996 qui
995 3925 1164 3996 ipsam
1199 3941 1303 3979 non
1335 3933 1502 3978 ιιιυιιυ
1538 3931 1657 3993 post
1700 3923 1872 3977 occidi
1894 3922 2075 3992 jussit,
2107 3931 2162 3977 et

583 4034 809 4090 regnum
840 4019 942 4074 sibi
971 4018 1069 4073 soli
1105 4017 1401 4088 usurpavit.
1435 4016 1674 4070 Mai-celi.
1709 4033 1799 4070 an.
1827 4031 1932 4087 seq.

649 4110 754 4165 554
791 4110 1086 4165 Belisarius
1135 4111 1398 4180 patricius
1427 4128 1455 4164 a
1484 4109 1795 4164 Jttstiniano
1829 4110 2160 4180 imperatore

581 4203 781 4259 missus
807 4201 1196 4258 Wandalorum
1223 4211 1436 4272 gentem
1483 4202 1534 4256 in
1571 4201 1752 4256 Africa
1781 4201 1922 4256 bello
1961 4201 2158 4255 vietam

2263 3492 2387 3530 nam
2437 3475 2703 3544 fugientes
2730 3475 3020 3544 petierunt,
3068 3490 3204 3545 quos
3257 3475 3556 3537 insecutus,
3587 3482 3852 3526 conserto

2263 3569 2450 3640 piariio
2495 3579 2699 3638 septem
2753 3568 2917 3622 millia
2969 3583 3035 3622 ex
3069 3569 3147 3622 eis
3177 3565 3400 3620 occidit.
3445 3564 3664 3636 Witigis
3714 3578 3848 3618 vero

2267 3659 2492 3714 collecto
2522 3660 2714 3729 grandi
2750 3660 2992 3715 exercitu
3039 3657 3359 3714 Belisarium
3394 3658 3696 3725 urbemque
3735 3655 3851 3710 Ro-

2267 3765 2409 3803 mam
2433 3764 2540 3804 uno
2562 3764 2705 3803 anno
2733 3749 2966 3814 obsedit,
2986 3749 3275 3817 omniaque
3300 3749 3506 3802 circum
3523 3746 3846 3809 devastans,

2265 3833 2453 3894 urbem
2478 3839 2615 3893 bello
2641 3848 2692 3894 et
2719 3838 2858 3894 fame
2888 3837 3124 3908 graviter
3145 3837 3433 3906 Oppressit.
3463 3835 3658 3889 Postea
3711 3849 3846 3888 νει-ο

2263 3944 2484 3999 egresso
2515 3929 2793 3993 Ilelisario,
2846 3943 3019 3997 pugna
3050 3928 3342 3982 commissa
3389 3926 3584 3988 victus,
3615 3923 3842 3978 Raven-

2265 4035 2387 4074 nam
2444 4019 2670 4087 aufugit.
2730 4016 2953 4088 Procop.
2999 4015 3148 4101 .Mnr.
3208 4014 3634 4070 Jorn.—Fames
3691 4020 3844 4067 tanta

2265 4110 2408 4166 facta
2432 4120 2531 4173 est,
2559 4120 2617 4165 ut
2650 4111 2701 4164 in
2757 4109 2974 4177 Liguria
3004 4108 3248 4179 quaedam
3294 4108 3550 4164 mulieres
3575 4106 3844 4178 parvulos

2263 4217 2390 4258 suos
2410 4202 2774 4258 comederent.
2809 4202 2860 4255 Μ
2869 4201 3049 4256 arcell.
3079 4201 3133 4256 lt.
3161 4218 3215 4256 α.

1575 4313 2026 4370 (ἈΜΡΕΝΟῙΗΜ
2064 4313 2158 4369 EX
2197 4314 2440 4371 CODICE
2473 4314 2835 4372 BEBNOLDI.

653 4411 760 4466 5‘28
803 4409 901 4465 llis
933 4410 1270 4480 temporibus,
1303 4417 1436 4471 etc.,
1466 4417 1526 4460 ut
1549 4407 1685 4476 Aug.

652 4502 758 4557 530
798 4501 864 4556 In
891 4502 1068 4572 Africa
1093 4502 1260 4555 occiso
1304 4501 1643 4554 Ililderico...
1691 4497 1960 4562 invadens,
1994 4497 2048 4551 in
2069 4515 2158 4551 ca-

582 4592 800 4648 tholicos
815 4603 860 4646 et
878 4593 930 4646 in
947 4609 1122 4646 omnes
1146 4592 1516 4645 debacchatur.
1550 4589 1724 4644 Romae
1748 4588 2154 4659 Bonifacius”,

580 4701 716 4755 rapa
746 4681 931 4748 LVII,
958 4683 1087 4736 sedit
1117 4683 1269 4736 annis
1298 4699 1358 4746 tt,
1390 4699 1562 4736 mense
1591 4686 1750 4750 [erme
1783 4697 1906 4734 uno.

651 4774 748 4829 55l
795 4773 1102 4845 Bonifacius
1130 4789 1266 4844 papa
1306 4772 1620 4843 Vigilinm...
1655 4773 1955 4826 combussit.

651 4865 760 4922 55?.
797 4867 873 4920 Ab
922 4867 1020 4921 hoc
1045 4881 1252 4920 anno...
1306 4864 1576 4919 Romanus
1614 4865 1773 4918 abbas
1802 4865 2070 4934 cyct’um...
2099 4866 2155 4920 in

583 4978 638 5016 se
662 4975 825 5016 annos
848 4963 1094 5017 continet.
1123 4959 1301 5014 Roma:
1326 4957 1629 5013 Joannes...
1659 4959 1790 5012 sedit
1818 4974 1982 5012 annos
2004 4960 2156 5023 duos,

2190 4415 2240 4474 ι)
2265 4439 2464 4499 gentem
2492 4428 2874 4482 Wandalorum
2927 4429 2980 4482 in
3027 4427 3208 4497 Africa
3250 4427 3382 4481 bello
3417 4432 3602 4482 rtctam
3625 4427 3838 4490 delevit,

2263 4533 2512 4592 captoque
2533 4537 2647 4591 rege
2667 4539 2843 4575 eorum
2864 4519 3144 4574 chamero
3169 4519 3440 4591 (Gelimer)
3463 4517 3839 4590 Carthaginem

2264 4613 2502 4669 Romano
2527 4615 2716 4685 populo
2745 4613 2867 4666 resti
2895 4614 2991 4666 uit.

2333 4706 2436 4760 555
2482 4705 2925 4774 llomwAgapitns
2950 4721 3084 4773 papa
3115 4701 3241 4762 LIX
3267 4704 3397 4757 sedit
3420 4719 3558 4756 auito
3581 4701 3690 4771 fere
3711 4717 3834 4754 uno.

2262 4798 2364 4854 llic
2391 4817 2421 4853 η
2449 4798 2712 4852 Theodoto
2756 4808 2979 4866 tyranno
3009 4813 3102 4865 pro
3153 4795 3324 4866 gratia
3374 4793 3670 4848 Justiniani
3698 4794 3834 4862 Aug.

2262 4894 2448 4946 missus
2479 4889 3001 4959 Constantinopolim,
3031 4889 3363 4941 Anthemium
3409 4887 3643 4956 ejusdem
3693 4885 3838 4937 urbis

2254 4983 2545 5050 episcopum
2576 4980 2875 5032 htcreticnm
2906 4977 3192 5042 damnavit,
3226 4978 3566 5045 ordinatoqne
3596 4975 3703 5029 alio
3731 4975 3834 5043 epi-

584 5067 783 5150 ntcnses
831 5049 1198 5150 quatuorrcui
1253 5048 1588 5103 Justittianus
1637 5046 1773 5117 Aug.
1822 5048 1886 5100 de
1925 5041 2030 5115 ﬁde
2061 5065 2159 5100 5”“
2255 5090 2426 5140 “0.50,
2456 5073 2509 5124 id
2549 5081 2650 5133 est,
2690 5069 2892 5123 Menete
2922 5070 3200 5135 catholico,
3227 5070 3334 5138 ipse
3379 5070 3567 5122 ibidem
3603 5069 3750 5132 obiit,
3780 5067 3836 5122 in
