4062 5508
253 256 353 311 113

1441 259 1856 319 CIJRONICON.
1892 291 1959 303 —
2001 260 2173 320 SAEC.
2216 261 2303 319 VI.

3408 260 3509 317 ML

312 460 419 516 537
458 459 722 517 Silverius
753 477 911 532 papa,
941 477 1066 520 cum
1096 462 1149 518 in
1180 463 1524 519 restituLione
1554 371 2333 534 faﬁfiiiiAfclgflSIiotita
2381 482 2479 539 per
2525 468 2640 524 haec
2685 454 2925 540 tempora
2970 466 3110 540 apud
3157 450 3510 523 Faventiuum

247 562 301 607 et
326 553 716 625 communione
744 554 1118 609 haereticorum
1141 538 1396 624 Augustis
1421 554 1588 610 nollet
1616 569 1828 625 parere,

242 640 393 711 jussu
433 642 678 713 ipsorum
710 658 742 698 a
767 641 1029 699 Belisario
1061 644 1295 714 patricio
1322 642 1461 701 falso
1493 645 1832 713 criminatus,

247 740 301 787 et
326 742 548 790 secreto
590 733 795 804 positus
837 732 1198 805 monachique
1239 735 1427 790 habitu
1473 734 1713 800 indutus,
1755 736 1835 791 in-

247 824 485 880 dictione
512 840 581 878 xv
610 842 638 878 a
672 824 863 895 V'gllio
890 826 1118 882 diacono
1151 827 1344 882 exsilio
1363 824 1614 891 amictus,
1643 836 1719 893 et,
1745 828 1837 883 de-

246 912 439 968 ﬁciens
481 929 558 967 xu
609 913 723 968 Kal.
766 912 917 979 Julii,
946 921 1064 984 post
1109 914 1315 970 obitum
1357 915 1521 970 etiam
1561 915 1838 972 miraculis

245 1003 478 1072 claruit;
529 1006 755 1076 ipseqtm
783 1003 1008 1074 Vigilius
1051 1020 1187 1075 papa
1234 1006 1345 1061 LXI
1383 1008 1669 1064 ordinatus
1699 1009 1841 1064 sedit

244 1096 409 1153 annis
455 1113 594 1162 xvn,
642 1097 919 1153 mensibus
948 1113 1044 1154 vn.
1089 1100 1275 1153 Anast.
1323 1098 1552 1153 Aimoin.
1592 1129 1664 1139 —
1705 1098 1839 1168 Ipsis

246 1188 442 1246 diebus
478 1189 776 1246 Belisarius
809 1190 1242 1246 Theodebertum
1284 1205 1464 1262 regem
1506 1190 1845 1247 Francorum

244 1294 370 1336 cum
401 1281 595 1352 grandi
625 1282 870 1338 exercitu
893 1281 1102 1337 Italiam
1132 1283 1435 1354 ingressum
1460 1281 1611 1348 vicit,
1638 1292 1695 1339 et
1717 1283 1843 1340 inde

246 1370 453 1425 reverti
492 1372 675 1442 coegit
710 1371 884 1444 (141).
918 1372 1036 1443 Ipse
1076 1372 1263 1428 Romae
1293 1372 1352 1430 S.
1385 1372 1547 1430 Petro
1572 1374 1711 1429 dolia
1744 1374 1842 1431 ob-

247 1457 393 1514 tulit.
427 1457 673 1515 Πυθίη.
715 1459 848 1515 Vict.
875 1459 1012 1516 Tun.
1043 1458 1269 1532 Procop.

316 1559 430 1616 538
474 1558 776 1617 Belisarius
818 1561 1108 1632 patricius,
1152 1561 1440 1617 commissa
1480 1577 1606 1619 cum
1650 1562 1842 1618 Gothis

248 1664 434 1722 pugna
481 1650 678 1706 iterum
724 1651 921 1718 victor,
966 1651 1274 1725 Witigisum
1323 1668 1505 1725 regem
1552 1669 1741 1710 eorum
1787 1653 1841 1709 in

249 1741 372 1813 ipsa
413 1739 540 1812 luga
582 1757 612 1796 a
658 1741 868 1798 Joanne
906 1742 1266 1816 Sanguinario
1307 1746 1569 1814 magistro
1607 1746 1842 1802 militum

1933 554 2170 612 diuidiae
2196 556 2450 629 oppidum
2479 556 2783 613 Romanum
2808 557 3106 615 exercitum
3131 564 3382 628 superat;
3413 572 3533 612 nec

1935 647 2105 705 multo
2148 655 2272 719 post
2310 648 2503 704 iterum
2546 648 2823 705 Romanos
2855 649 3019 705 duces
3061 648 3271 721 fugatis,
3313 640 3513 721 partim

1935 738 2011 804 vi,
2030 738 2225 809 partim
2238 737 2392 794 donis
2415 738 2713 795 exercitum
2730 738 2831 793 sibi
2852 738 3146 804 consociat,
3166 746 3222 793 et
3241 738 3514 812 tyrannidi

1937 827 2148 883 iustam
2178 827 2348 899 ipsam
2388 827 2555 883 etiam
2587 827 2812 883 Romam
2840 835 2897 883 et
2930 826 3278 898 Campaniam
3318 836 3515 886 vastat.

1938 915 2076 972 Hist.
2105 916 2321 971 miscell.
2352 916 2573 986 Prorop.
2604 916 2842 975 Marcell.
2870 932 2959 972 an.
2990 916 3115 972 545.

2007 1007 2114 1063 5J2
2151 1006 2322 1078 Hujus
2345 1007 2634 1065 Justiuiani
2679 1007 3008 1079 temporibus
3034 1021 3234 1079 corpus
3262 1007 3321 1065 S.
3348 1007 3520 1064 Anto-

1938 1099 2015 1155 nii
2063 1100 2312 1155 monachi
2367 1099 2623 1156 divinitus
2680 1099 2974 1155 revelatum
3027 1111 3085 1157 et
3136 1100 3518 1158 Alexandriam

1942 1191 2285 1258 translatum,
2318 1192 2373 1248 in
2401 1192 2629 1251 ecclesia
2663 1191 2726 1249 8.
2750 1190 2977 1249 Joannis
3003 1192 3263 1265 Baptista:
3289 1193 3523 1250 tumula-

1943 1293 2054 1340 tum
2083 1292 2188 1340 est.
2213 1282 2345 1338 Bed.
2371 1283 2486 1339 ειη.
2526 1281 2662 1338 Vict.
2692 1282 2829 1339 Tun.
2850 1313 2922 1324 —
2943 1283 3057 1341 Hoc
3084 1284 3252 1341 etiam
3280 1293 3523 1355 tempore

1906 1374 2129 1444 .quiuta
2172 1373 2411 1447 synodus
2450 1372 2776 1430 universalis
2821 1373 3285 1446 Constantinopoli
3332 1381 3524 1430 contra

1941 1465 2287 1521 Theodorum
2330 1473 2387 1521 et
2430 1479 2620 1520 omnes
2670 1464 2953 1522 bmreticos
2997 1464 3340 1538 sub.Vigilio
3383 1478 3524 1536 papa

1940 1554 2166 1610 collecta
2192 1562 2280 1610 est
2302 1554 2474 1626 (142).

2013 1642 2121 1699 543
2155 1642 2261 1698 Per
2304 1644 2418 1700 tunc
2448 1652 2710 1714 tempora,
2754 1660 2879 1700 cum
2910 1644 3197 1701 Belisarius
3222 1660 3252 1699 a
3294 1644 3524 1701 Partho-

1949 1751 2068 1791 rum
2102 1734 2298 1790 linibus
2318 1734 2388 1789 ad
2422 1734 2683 1790 auxilium
2707 1734 2821 1807 69
2848 1735 3010 1791 Italiae
3036 1744 3321 1792 revocatus
3344 1745 3401 1791 et
3433 1736 3525 1791 diu

248 1835 713 1905 comprehensum
743 1842 799 1891 et
835 1835 1062 1891 Romam
1105 1836 1414 1902 adductum,
1450 1837 1583 1909 ipse,
1614 1846 1672 1894 οι
1699 1837 1844 1910 γεεί-
1876 1824 1921 1886 Β
1948 1827 2261 1899 impeditus,
2292 1827 2506 1883 tandem
2536 1842 2660 1884 cum
2706 1828 2916 1884 modica
2946 1826 3119 1885 classe
3162 1827 3387 1885 Romam
3411 1824 3527 1897 jam

249 1921 360 1980 lius
389 1939 533 1995 papa
561 1923 1087 1998 Constantinopolim
1107 1942 1237 1983 cum
1280 1944 1451 1985 uxore
1479 1937 1537 1986 et
1577 1930 1848 1989 thesauris

249 2011 320 2068 ad
345 2010 718 2070 Justinianum
741 2016 1044 2087 Augustum
1066 2018 1468 2087 perduxerunt;
1500 2033 1532 2073 a
1555 2035 1662 2090 quo
1683 2020 1847 2091 patri-

248 2103 372 2160 cius
398 2112 457 2158 et
489 2119 676 2160 comes
716 2103 935 2170 lactus,
982 2106 1035 2162 in
1068 2106 1352 2164 Orimitem
1390 2118 1581 2165 contra
1622 2109 1850 2168 Partho-

250 2210 375 2250 rum
428 2209 525 2251 scu
564 2194 855 2251 Persarum
884 2198 1239 2254 excursiones
1268 2200 1613 2268 constitutus,
1651 2201 1849 2258 ibidem

250 2287 427 2342 vitam
464 2286 659 2343 linivit.
689 2286 852 2344 Gothi
893 2289 950 2344 in
978 2289 1194 2361 Liguria
1223 2291 1339 2362 68
1385 2301 1665 2348 manentes
1695 2292 1851 2351 llele-

253 2379 590 2452 badum(al.,
614 2380 1003 2453 lleldebadum)
1028 2383 1127 2438 sibi
1159 2399 1254 2455 reg
1270 2399 1339 2437 »ιιι
1362 2383 1597 2454 elevant,
1629 2386 1853 2441 iterum-

254 2485 367 2543 que
405 2471 672 2528 Romanis
710 2471 991 2530 rebellant.
1022 2471 1250 2546 Procop.
1280 2474 1422 2531 Mar.
1455 2475 1598 2531 Hist.
1630 2476 1847 2533 miscell.

256 2578 353 2618 an.
384 2563 514 2618 540.

329 2659 439 2717 559
475 2659 662 2718 Parthi
707 2671 861 2735 rupta
904 2678 1036 2736 pace
1069 2662 1415 2721 Antiochiam
1447 2675 1725 2738 totamque
1753 2667 1855 2741 Sy-

257 2749 403 2807 riam
444 2750 765 2809 invadentes
791 2753 1094 2823 devastant,
1142 2755 1314 2810 donec
1354 2770 1385 2810 a
1427 2755 1691 2812 Bclisario
1736 2766 1852 2813 tan-

261 2842 387 2896 dem
415 2842 621 2912 repulsi
651 2844 720 2898 ad
758 2845 1020 2900 terminos
1048 2860 1175 2901 suos
1213 2846 1510 2901 redierunt.
1551 2847 1856 2917 Posteaque

262 2948 295 2988 a
326 2932 566 2991 Martino
603 2936 741 2991 duce
776 2951 879 3009 pax
909 2951 1032 2992 eum
1066 2936 1149 2993 eis
1181 2936 1317 2991 facta
1346 2946 1452 3004 est,
1494 2936 1757 2995 Belisario
1787 2938 1855 2994 ad

1945 1936 2083 1993 pene
2110 1929 2376 1979 vastatam
2404 1920 2682 1990 ingressus
2706 1929 2873 1984 esset,
2895 1918 3084 1976 Totila:
3111 1919 3531 1990 superirruentis

1945 2010 2244 2067 exercitum
2266 2010 2556 2066 commisso
2583 2009 2766 2079 νηιΗο
2791 2008 2929 2066 l‘udit
2948 2018 3004 2066 et
3028 2009 3082 2066 in
3104 2008 3288 2067 Tiberi
3315 2009 3527 2075 mersit,

1948 2105 2234 2178 ipsumque
2277 2105 2330 2161 in
2364 2103 2714 2175 Campaniam
2754 2102 2969 2173 repulit.
3002 2101 3244 2157 Μαι-ειη.
3284 2118 3374 2157 an.
3402 2101 3529 2158 547.

1946 2227 2018 2240 —
2045 2195 2158 2252 Hoc
2201 2206 2461 2266 tempore,
2489 2211 2611 2257 cum
2656 2194 2978 2256 Benedictus
3013 2194 3181 2251 abbas
3206 2193 3530 2264 discipulum

1949 2302 2107 2343 suum
2132 2284 2375 2343 Maurum
2396 2282 2464 2340 ad
2484 2282 2685 2341 Gallias
2705 2283 3117 2348 transmisisset,
3141 2282 3394 2352 migravit
3417 2281 3535 2352 ipse

1948 2388 2072 2451 post
2100 2380 2301 2435 multas
2329 2376 2560 2433 virtutes
2585 2374 2655 2435 ad
2683 2374 2985 2435 Dominum.
3019 2373 3143 2433 Leo.
3172 2372 3315 2441 0st.,
3339 2372 3414 2429 al.
3440 2387 3532 2429 an.

1951 2470 2077 2531 514.

2023 2564 2130 2623 5J4
2168 2562 2401 2620 Sanctus
2433 2561 2728 2634 Remigius,
2766 2560 3059 2617 Remorum
3096 2556 3539 2630 archiepiscopus

1952 2666 2009 2714 et
2056 2656 2234 2729 gentis
2276 2654 2611 2711 Francorum
2658 2650 2954 2723 apostolus.
3007 2663 3150 2705 anno
3193 2648 3538 2720 episcopatus

1953 2765 2141 2814 usiv,
2170 2747 2352 2804 idibus
2378 2744 2622 2801 Januarii
2655 2744 2846 2815 plenus
2871 2741 3161 2798 virtutibus
3186 2740 3441 2813 migravit
3469 2739 3540 2795 ad

1955 2842 2241 2897 Dominum
2289 2838 2461 2912 (145).
2489 2838 2688 2893 Arator
2738 2834 3099 2893 subdiaconus
3145 2833 3421 2889 Romanus
3469 2830 3538 2886 li-

1956 2934 2121 2989 brum
2141 2946 2322 2994 suum,
2346 2943 2507 3000 quem
2549 2927 2617 2982 de
2655 2925 2881 2981 Actibus
2921 2922 3285 2995 apostolorum
3316 2920 3540 2977 heroico

260 3022 474 3081 italiam
518 3035 709 3082 contra
749 3027 980 3083 Totilam
1026 3038 1298 3084 revocato.
1340 3028 1484 3086 Mar.
1522 3048 1613 3085 an.
1650 3046 1757 3102 seq.
1787 3060 1859 3077 -—
1958 3032 2131 3078 metm
2177 3020 2378 3085 edidit.
2424 3016 2618 3087 Vigilio
2666 3030 2819 3087 papas
2865 3014 3104 3071 oblatum
3155 3010 3370 3085 publice
3413 3025 3540 3102 cum

263 3113 431 3171 Gothi
463 3114 736 3172 Helebado
764 3127 887 3188 post
914 3133 1081 3173 unum
1107 3132 1307 3174 annum
1343 3130 1641 3191 perempto,
1667 3121 1853 3177 Erari-

216 3264 223 3273 _
261 3222 387 3263 cum
415 3223 601 3279 regem
631 3207 858 3264 faciunt.
886 3208 1114 3281 Procop.
1136 3228 1226 3278 an.
1250 3210 1349 3267 5H
1381 3228 1490 3282 seq.

259 3330 267 3339 ο
334 3308 445 3363 540
491 3308 550 3364 lu
591 3308 741 3365 Italia
783 3310 969 3366 occiso
1015 3320 1138 3382 post
1177 3327 1342 3367 unum
1383 3327 1583 3367 annum
1631 3312 1855 3369 Erarico

267 3412 418 3472 rege,
459 3399 624 3457 Gothi
658 3400 911 3469 Totilam,
942 3402 1033 3471 qui
1069 3410 1123 3457 et
1149 3400 1598 3481 Baduillaulictus
1625 3411 1730 3468 est,
1773 3416 1857 3458 re-

268 3505 388 3562 gem
419 3491 526 3553 sibi
575 3501 850 3560 statuunt;
885 3493 976 3569 qui
1023 3494 1364 3550 successibus
1392 3493 1656 3553 bellorum
1685 3493 1857 3549 frctus

182 3592 185 3594 ’
268 3582 579 3663 Romanum
604 3586 899 3647 exercitum
933 3585 1206 3655 ducesque
1247 3585 1530 3655 aliquoties
1558 3586 1857 3657 superavit,

272 3682 327 3730 et
350 3689 451 3745 per
480 3675 682 3730 multos
710 3690 882 3731 annos
909 3673 1117 3734 Italiam
1154 3683 1323 3731 totam
1364 3676 1643 3745 ipsamque
1672 3675 1857 3729 urbem

276 3760 501 3820 Romam
532 3775 747 3835 captam
794 3764 1041 3838 pluribus
1084 3765 1240 3826 malis
1276 3765 1488 3824 attrivit
1520 3773 1576 3821 et
1604 3764 1855 3821 vastavit.

270 3851 498 3928 Precop.
528 3873 619 3912 an.
646 3857 772 3912 5H.

1960 3131 2153 3188 magno
2183 3113 2366 3169 favore
2394 3110 2644 3169 recitavit
2668 3108 2841 3183 (144).
2882 3105 3042 3163 Paul.
3068 3105 3222 3161 Diae.
3247 3104 3372 3159 hist.
3402 3100 3544 3157 Lono

1879 3186 1927 3251 ε
1957 3186 2074 3281 gob.
2102 3208 2138 3260 Ι.
2166 3222 2206 3274 I,
2233 3222 2281 3261 ο.
2305 3204 2395 3261 25.

2030 3299 2135 3356 545
2172 3298 2287 3354 Hoc
2326 3306 2566 3368 tempore
2597 3308 2719 3351 cum
2747 3291 3038 3350 Belisarius
3080 3304 3113 3346 a
3159 3286 3343 3352 Sicilia
3382 3283 3542 3358 jussu

1960 3390 2187 3463 Augusti
2234 3386 2752 3458 Constantinopolim
2805 3393 3089 3440 revocatus
3137 3387 3315 3445 esset,
3363 3374 3541 3433 Totila

1956 3482 2070 3555 jam
2100 3494 2325 3537 securus
2357 3477 2553 3533 iterum
2583 3475 2809 3533 Romam
2853 3471 3073 3538 invasit,
3103 3479 3160 3528 et
3192 3475 3378 3525 secuto
3408 3474 3544 3520 teni-

1961 3589 2094 3645 pore
2123 3571 2363 3629 collectis
2391 3568 2600 3625 viribus
2631 3566 2867 3623 Siciliam
2890 3564 3054 3619 etiam
3102 3562 3347 3618 invasam
3375 3557 3542 3626 cepit,

1965 3661 2541 3734 totamque,insultans
2569 3658 2851 3723 Romanis,
2870 3656 2961 3727 qui
2990 3654 3218 3718 diversis
3241 3648 3543 3708 occasioni-

1962 3761 2063 3815 bus
2090 3756 2337 3813 subducti
2358 3762 2539 3823 erant,
2561 3752 2806 3808 devastat
2833 3748 3059 3805 italiam.
3081 3743 3313 3816 ProcOp.
3337 3740 3544 3798 Marias

1960 3869 2053 3931 an.
2085 3849 2210 3905 547.
2264 3915 2269 3919 1

1278 3971 1730 4030 COMPENDlUM
1772 3971 1865 4028 EX
1902 3964 2148 4027 CODICE
2182 3958 2549 4021 BERNOLDI.

340 4084 443 4140 537
486 4082 742 4139 Silverins
781 4102 988 4157 papa...
1031 4085 1168 4156 {also
1210 4086 1542 4149 criminatus,
1587 4103 1618 4141 α
1664 4084 1856 4155 Vigilio
1886 4079 2220 4149 Ddevastat.

278 4177 494 4231 diacono
521 4176 742 4248 amictus
767 4176 980 4241 exsilio,
1009 4176 1133 4230 obiit
1161 4192 1235 4231 xu
1266 4175 1389 4231 Kal.
1422 4175 1456 4229 J
1465 4177 1581 4242 alii,
1609 4185 1655 4231 et
1677 4184 1857 4246 postea

280 4265 547 4320 miraculis
578 4267 792 4321 claruit.
823 4265 1042 4337 Ipseque
1076 4264 1297 4337 Vigilius
1321 4283 1457 4337 papa
1488 4264 1618 4320 LXI
1645 4266 1861 4319 ordina-

283 4367 360 4413 tus
385 4358 519 4411 sedit
548 4374 717 4412 annos
746 4371 881 4423 xvn,
911 4372 1110 4411 menses
1133 4372 1228 4411 vu.

2027 4168 2134 4223 5l2
2183 4166 2360 4238 Hujus
2401 4162 2697 4221 Iustiniani
2742 4169 2969 4231 tempore
3005 4171 3194 4229 corpus
3233 4153 3295 4216 S.
3343 4153 3552 4214 dutonii

1908 4264 1911 4267 λ
1960 4261 2206 4317 monachi
2228 4259 2479 4314 divinitus
2503 4253 2787 4312 revelatum
2807 4250 3182 4308 Alexandriam
3208 4246 3547 4317 transfertur.

2035 4353 2150 4409 Hoc
2172 4364 2398 4424 tempore
2421 4354 2604 4423 quinta
2626 4349 2924 4421 synodus...
2954 4344 3285 4401 collectaxtv
3311 4341 3544 4417 capitula

277 4464 283 4468 ‘
344 4447 451 4504 558
488 4447 782 4502 Belisarius
812 4447 1064 4517 patricius
1087 4455 1135 4501 et
1172 4445 1389 4516 Vigilius
1417 4462 1552 4517 papa
1582 4443 1863 4515 Vitigisum
1963 4444 2250 4500 constituit.

284 4550 444 4610 regem
463 4536 755 4593 Cat/torum
783 4555 957 4609 pugna
980 4540 1194 4605 victum,
1219 4535 1720 4607 Constantinopolim
1742 4551 1860 4605 per-

278 4628 470 4685 ducunt
499 4633 567 4685 ad
593 4631 967 4687 Iustinianum
990 4632 1304 4702 Augustum.

2036 4536 2142 4590 545
2183 4534 2296 4589 Hoc
2324 4546 2553 4605 tempore
2578 4531 2891 4587 Benedictus
2914 4527 3094 4592 abbas,
3121 4541 3309 4586 cum...
3350 4539 3553 4594 smara-

1963 4634 2031 4685 vit
2063 4629 2132 4682 ad
2165 4629 2471 4684 Dominum.
2513 4625 2575 4682 S.
2611 4624 2948 4695 Remigius...
2987 4620 3228 4691 migravit
3267 4617 3337 4672 ad
3363 4614 3551 4671 Domi-

348 4719 450 4776 539
498 4722 792 4778 Belisarius
845 4724 1097 4791 patricias
1151 4721 1377 4775 Parthos
1428 4721 1760 4775 Antiochiam
1814 4728 1863 4774 et
1966 4737 2112 4785 num,
2144 4729 2202 4774 ut
2237 4721 2371 4791 Aug.
2407 4734 2495 4774 an.
2531 4734 2647 4789 seq.

294 4807 484 4879 Syriam
513 4825 776 4868 vastantes
808 4814 975 4869 redire
1002 4814 1185 4884 coegit.

355 4901 445 4956 5;“
494 4902 660 4959 Totila
707 4920 805 4958 rea:
838 4901 1126 4959 Col/torum
1161 4902 1381 4961 Romam
1421 4900 1865 4979 Cantpaniamque

2038 4810 2143 4865 544
2180 4811 2375 4865 Arator
2395 4808 2817 4862 subdiaconus...
2837 4803 3064 4858 oblatam
3081 4798 3282 4871 publice
3300 4796 3549 4853 recitavit.

2038 4901 2144 4980 5&5
2185 4901 2357 4957 Totila
2388 4916 2479 4960 res:
2508 4900 2697 4963 iterum
2726 4895 2942 4951 Romam
2972 4892 3179 4948 invasit.

1810 5008 2045 5073 NOTAE.

360 5126 493 5196 (ill)
530 5128 830 5201 Gregorius
857 5130 987 5186 Tur.
1017 5145 1108 5185 an.
1144 5129 1265 5193 559,
1292 5129 1578 5186 victoriam
1609 5128 1861 5188 Theode—

301 5195 436 5282 lierto
461 5195 671 5282 tribuit:
698 5202 773 5255 ttli
801 5200 1199 5282 “Procopius,
1222 5209 1280 5254 ut
1302 5208 1485 5282 tamen
1518 5202 1674 5282 tertia
1702 5215 1863 5256 exer-

302 5267 427 5346 citus
450 5286 568 5338 pars
597 5274 904 5346 dysenteria
938 5267 1223 5337 interiret,
1264 5278 1320 5325 et
1357 5272 1436 5327 sic
1467 5271 1665 5329 reverti
1704 5285 1865 5343 coge-

307 5344 455 5391 retur.

531 5410 826 5486 Concilium
848 5415 957 5486 hoc
979 5377 1265 5480 perperam
1292 5409 1399 5467 huc
1421 5411 1656 5474 locatur,
1683 5416 1870 5486 utpote

2042 5131 2192 5215 (ιέδ)
2224 5130 2399 5215 βροφ
2416 5128 2647 5215 autem
2664 5167 2691 5215 ν,
2704 5114 3554 5215 causamantea

1969 5186 2061 5273 qui
2076 5186 2395 5273 Remigium
2410 5186 2501 5251 an.
2531 5186 2980 5273 _4'l_t_)_ebi§_copum
3000 5186 3309 5273 ordinatum
3323 5186 3553 5273 scribit:

1970 5261 2027 5329 at
2050 5273 2200 5329 iuxta
2228 5261 2492 5326 c'alculum
2520 5261 3075 5327 Gallize'Cbri’stianse,
3107 5261 3161 5316 in
3187 5273 3294 5328 qua
3322 5261 3429 5329 iam
3463 5269 3552 5309 an.

1968 5326 2075 5397 ῖῦὖ
2101 5326 2382 5398 ordinatus
2409 5336 2629 5408 legitur,
2656 5334 2837 5393 obitus
2865 5333 2984 5405 ejus
3010 5326 3156 5391 circa
3185 5326 3279 5384 an.
3310 5326 3415 5385 535
3467 5333 3560 5379 aut

1971 5405 2654 5486 δδοείξηδῇςιιεε¹¹τ¹¹¹έ⁶ῗ⁵¹ι
2694 5474 2730 5486 --
2822 5474 2857 5486 --
2966 5475 2979 5486 -

3258 5483 3269 5485 Α
3286 5483 3295 5486 -
3337 5465 3555 5486 “-ι...-.ι.
