4062 5508
518 222 637 284 liii:

1364 228 1720 286 HERMANNI
1758 228 2155 301 ,L'ONTRACTI
2194 233 2558 291 AUGIENSIS
2598 230 2903 290 MONACHI

3684 230 3790 303 116

2014 350 2059 402 Χ
2095 350 2485 403 AUGIENSIS.

587 439 694 495 546
748 436 1155 495 Theodebcrtus
1205 453 1297 494 rex
1352 438 1690 496 Francorum
1745 347 2125 498 Sil‘flﬁlzfxe:

2213 348 2533 515 ἶιὶξίῗῗίῗυε
2554 459 2777 500 securus
2800 444 2987 502 urbem
3011 442 3270 515 possedit.
3298 404 3524 515 Procop.
3547 420 3792 503 missa.

514 531 675 589 fortis
705 532 956 598 moritur,
993 540 1050 589 et
1078 529 1223 587 illius
1248 528 1653 605 Theodpaidus,
1693 533 1922 590 multum
1951 542 2105 604 patre

517 624 749 696 nequior
797 635 853 682 et
904 624 1174 696 ignavior.
1224 639 1325 697 pro
1373 639 1443 683 eo
1497 626 1745 698 regnavit
1798 626 1957 687 annis
2004 641 2102 684 vn.

513 716 658 773 Har.
689 714 848 788 Greg.
882 715 1011 772 Tur.
1040 734 1132 778 an.
1162 732 1271 787 seq.

581 805 687 863 547
727 806 826 864 llis
862 806 1196 879 temporibus
1233 806 1459 878 Vigilius
1492 822 1665 879 papa,
1705 823 1829 866 cum
1869 808 1937 865 ad
1973 823 2106 866 con-

510 911 734 956 sensum
780 898 1051 959 haereseos
1096 907 1153 956 et
1212 899 1322 981 7o
1374 900 1776 955 restitutionem
1822 900 2109 963 Anthemii

512 989 754 1062 episc0pi
806 990 1112 1050 nullatenus
1156 994 1350 1050 adduci
1400 1004 1605 1065 posset,
1638 996 1795 1071 jussu
1837 996 2104 1068 imperiali

509 1083 702 1141 Romae
723 1082 774 1141 vi
797 1096 989 1156 captus
1012 1095 1068 1142 et
1088 1087 1616 1159 Constantinopolim
1637 1089 1955 1160 perductus,
1978 1105 2107 1150 cum

513 1184 833 1233 constanter
864 1177 917 1233 in
965 1176 1184 1249 incepto
1212 1178 1562 1251 perstitisset,
1591 1195 1694 1243 nec
1718 1180 1963 1252 Augusto
1989 1196 2108 1238 cesve

507 1267 692 1334 sisset,
718 1282 841 1325 eum
865 1270 1156 1326 comitibus
1185 1266 1684 1345 ali‘ectnsliujuriis]
1713 1281 1767 1328 et
1792 1272 1985 1328 exsilio
2010 1274 2107 1330 ad-

508 1358 713 1427 dictus,
743 1374 841 1432 per
875 1375 1050 1420 annos
1077 1360 1284 1434 aliquot
1307 1362 1547 1434 graviter
1565 1362 1796 1421 amictus
1816 1373 1901 1421 est
1929 1363 2102 1436 (N5).

508 1447 756 1508 Harcell.

582 1542 688 1601 518
724 1542 832 1605 Per
860 1542 977 1601 hare
1009 1552 1252 1615 tempora
1293 1543 1635 1603 Justinianus
1660 1547 1936 1624 Augustus
1963 1547 2109 1602 inter

508 1632 618 1691 alia
656 1635 943 1706 magnifica
977 1635 1259 1698 basilicam
1300 1636 1624 1709 Saivatoris,
1660 1653 1781 1709 quae
1809 1638 1964 1709 Agite
1996 1637 2104 1693 So-

505 1728 654 1801 phia:
698 1728 919 1796 dicitur,
967 1729 1379 1801 incomparabili
1422 1745 1589 1801 opere
1634 1729 2103 1801 Constantinopoli

2276 535 2377 591 551
2420 534 2709 606 fluensque
2728 533 2980 597 Jordanis
3004 533 3290 606 episcopus
3310 534 3580 611 Chronica
3604 552 3704 593 sua
3727 540 3801 595 de

2205 625 2387 689 Gestis
2424 627 2791 684 Romanorum
2822 626 3135 683 abbreviata
3173 626 3427 697 perduxit
3470 626 3642 700 (148).
3696 628 3803 686 llis

2206 716 2540 787 temporibus
2566 717 2620 773 in
2653 716 2838 774 Africa
2872 715 3045 773 Mauri
3067 731 3167 791 per
3194 716 3462 775 Joannem
3500 720 3797 791 patricium

2205 806 2393 863 domiti
2425 815 2572 864 sunt.
2605 807 2905 863 Marcellin.

2275 898 2378 968 71
2412 897 2517 952 552
2549 897 2660 954 lloc
2686 908 2945 969 tempore,
2983 897 3323 956 Justinianus
3351 899 3631 972 Angustus
3654 900 3800 958 Nar.

2206 1000 2377 1047 setem
2427 991 2767 1056 eunuchum,
2838 990 3231 1047 cbartularium
3288 1001 3345 1047 et
3398 993 3803 1049 cubicularium

2206 1097 2386 1148 suum,
2437 1083 2738 1153 principem
2784 1082 2995 1140 militiw
3024 1083 3158 1139 fecit
3183 1093 3240 1139 et
3265 1084 3318 1139 in
3367 1084 3576 1140 italiam
3623 1085 3797 1153 misit,

2204 1175 2299 1246 qui
2327 1175 2619 1231 commissa
2664 1192 2841 1249 pugna
2875 1177 2968 1232 Dei
3016 1178 3191 1249 gratia
3219 1178 3396 1234 victor
3426 1178 3661 1234 Tetilam
3701 1194 3799 1234 re—

2205 1283 2327 1340 gem
2385 1269 2616 1336 occidit,
2660 1281 2717 1326 et
2770 1280 2985 1341 gentem
3045 1270 3348 1327 Gothorum
3405 1273 3803 1330 auxiliantibus

2204 1359 2372 1416 etiam
2403 1359 2777 1431 Longobardis
2807 1361 2859 1415 in
2882 1360 3035 1417 Italia
3048 1360 3459 1421 exterminavit.
3487 1364 3797 1421 Μανσειιῖη.

2204 1466 2327 1522 app.
2356 1450 2463 1505 Per
2495 1451 2610 1506 haec
2629 1451 2795 1508 etiam
2820 1461 3062 1525 tempora
3091 1467 3216 1508 cum
3241 1453 3565 1510 Buccelinus
3583 1468 3799 1520 eomes,

2205 1557 2332 1598 cum
2362 1543 2528 1599 sociis
2554 1558 2586 1598 a
2624 1543 3003 1600 Theodeberto
3051 1560 3178 1617 rege
3222 1545 3562 1601 Francorum
3590 1544 3800 1601 dudum

2204 1636 2427 1701 missus,
2454 1652 2553 1707 per
2585 1652 2758 1692 annos
2784 1637 2994 1707 aliquot
3018 1637 3230 1693 italiam
3271 1637 3626 1708 Siciliamque
3660 1637 3802 1694 infed

2206 1735 2379 1784 staret
2403 1736 2460 1782 et
2490 1729 2789 1783 Romanum
2819 1744 2962 1799 sarpc
2994 1730 3295 1784 exercitum
3336 1738 3645 1800 superaret,
3677 1737 3800 1784 tan-

509 1820 840 1876 construxit.
870 1819 987 1891 ipse
1010 1820 1157 1893 leges
1185 1821 1459 1877 Romanas
1490 1820 1730 1889 inﬁnitas
1753 1821 2104 1877 abbreviatas
2134 1807 2178 1868 Β
2207 1818 2329 1874 dem
2354 1819 2631 1877 exercitus
2653 1819 2789 1890 ejus,
2809 1818 3069 1889 proﬂuvio
3092 1820 3298 1875 vetaris
3318 1821 3538 1877 attritus
3573 1829 3631 1877 et
3659 1830 3802 1876 atte-

506 1908 729 1979 eollegit
757 1920 812 1964 et
840 1910 1009 1982 leges,
1052 1928 1174 1982 qua:
1216 1909 1539 1967 Justinianae
1565 1912 1844 1977 dicuntur,
1874 1926 2102 1984 compo-

506 1998 635 2055 suit.
672 1997 825 2055 Paul.
850 2000 1001 2056 Diae.
1025 2001 1153 2058 hist.
1176 2000 1406 2073 Longob.
1430 2001 1470 2058 l.
1496 2019 1535 2069 ι,
1559 2019 1607 2057 c.
1629 2002 1724 2058 25.

582 2089 688 2146 519
725 2091 841 2147 11οε
870 2099 1114 2163 tempore
1141 2106 1273 2164 gens
1307 2092 1637 2165 Gepidorum
1670 2092 2043 2167 [Gepidarum]
2072 2110 2102 2150 a

2208 1916 2430 1973 uitiatus,
2457 1923 2486 1962 a
2518 1907 2746 1963 Narsete
2792 1924 2969 1980 pugna
3002 1908 3180 1964 vietus
3207 1919 3263 1965 et
3290 1908 3630 1980 proﬂigatus,
3680 1908 3804 1979 ipse

2207 2001 2314 2056 dux
2344 2000 2561 2057 occisus
2584 2010 2694 2066 est;
2729 2016 2830 2056 nec
2853 2001 3022 2056 multo
3045 2010 3166 2070 post
3193 2002 3376 2057 socius
3402 2000 3522 2072 ejus
3546 2001 3805 2056 Ammin-

2206 2105 2305 2158 gus
2331 2089 2480 2161 (149)
2525 2091 2629 2146 dux
2663 2106 2787 2146 cum
2838 2091 3062 2161 reliquis
3107 2091 3432 2156 Gothorum,
3484 2092 3690 2162 quibus
3737 2106 3803 2148 se

508 2200 641 2257 rege
672 2186 905 2242 Alboino
944 2195 1000 2240 et
1024 2186 1414 2258 Longobardis,
1446 2187 1539 2259 qui
1584 2187 1637 2242 in
1666 2187 1945 2243 Pannonia
1976 2196 2106 2242 tunc
2197 2180 2398 2251 junxit,
2430 2194 2741 2253 peremptus
2768 2191 2871 2239 est.
2900 2182 3142 2237 Marcell.
3165 2200 3289 2254 app.
3322 2199 3450 2238 ann.
3470 2199 3579 2255 seq.

509 2276 859 2346 habitabant,
885 2279 1074 2350 proelio
1100 2280 1239 2335 victa
1269 2288 1326 2337 et
1372 2294 1509 2350 pene
1536 2279 1712 2336 deleta
1745 2289 1849 2346 est,
1880 2289 1935 2335 et
1960 2279 2105 2335 Chu-

507 2366 802 2438 nimupdus
849 2384 944 2425 rex
985 2386 1172 2428 eorum
1217 2371 1431 2430 occisus
1467 2380 1578 2436 est,
1626 2373 1693 2428 de
1734 2373 1889 2444 cujus
1927 2374 2104 2443 capite

508 2471 647 2515 auro
672 2456 885 2521 incluso
911 2459 1107 2525 Alboin
1138 2460 1241 2516 sibi
1264 2460 1509 2516 Praciam
1543 2460 1690 2533 (146)
1720 2462 1872 2527 fecit,
1913 2462 2103 2517 filiam-

511 2560 621 2617 que
649 2546 766 2618 ejus
792 2544 1117 2620 Rosmodam
1147 2548 1598 2623 [Rosamundam]
1628 2552 1770 2608 inter
1800 2552 1934 2607 alios
1967 2553 2105 2606 Inul-

504 2645 600 2696 tos
625 2638 920 2709 captivam,
962 2650 1172 2711 postea,
1201 2639 1456 2697 defuncta
1488 2642 1715 2713 conjuge
1744 2641 1985 2696 Lotharii
2020 2658 2104 2697 re-

506 2728 593 2805 gis
616 2729 948 2785 Francorum
980 2730 1111 2797 tilia,
1141 2731 1195 2786 in
1226 2732 1309 2786 sui
1338 2732 1634 2802 perniciem
1665 2731 1822 2787 duxit
1849 2747 2097 2796 uxorea.

505 2820 596 2877 Al.
620 2837 711 2877 an.
740 2820 873 2889 547;
904 2821 1000 2881 alii
1025 2839 1115 2877 an.
1142 2822 1268 2878 568.

579 2911 688 2968 550
738 2912 924 2980 Victor
966 2915 1251 2994 episcopus
1297 2916 1445 2988 (M7)
1494 2916 1783 2988 Capuanus
1828 2918 1895 2974 dc
1940 2919 2101 2991 husz

503 3007 637 3065 anni
670 3006 879 3064 Pascha
921 3010 1189 3077 scribens,
1227 3025 1487 3066 erroneos
1520 3011 1745 3068 Victorii
1789 3014 1973 3084 cyclos
2005 3031 2095 3069 ar-

504 3097 644 3175 guit.
672 3097 800 3153 Bed.
825 3100 936 3155 chr.
959 3130 1031 3142 -—
1057 3099 1168 3156 lloc
1196 3110 1439 3170 tempore
1468 3101 1645 3157 Totila
1673 3118 1766 3158 rex
1794 3104 2095 3161 Gothorum

503 3183 705 3243 lterum
734 3187 960 3253 Romam
990 3190 1271 3247 obsessam
1319 3199 1374 3247 et
1419 3191 1561 3247 fame
1597 3193 1759 3250 nimis
1785 3210 2100 3266 oppressam

504 3278 681 3349 cepit,
727 3288 783 3335 et
825 3280 1148 3362 quibusdam
1192 3281 1539 3339 senatoribus
1579 3282 2105 3357 Constantinopolim

2276 2273 2383 2330 555
2409 2273 2791 2344 Theodpaldus
2826 2289 2919 2328 rex
2955 2272 3292 2330 Francorum
3331 2272 3586 2339 moritur,
3625 2280 3686 2330 et
3713 2287 3803 2329 re-

2204 2383 2367 2438 gnum
2392 2366 2510 2434 ejus
2552 2380 2886 2435 uxoremque
2914 2364 3315 2420 Wandcradam
3360 2364 3480 2437 [al.,
3509 2363 3807 2421 Vuldetra-

2204 2458 2359 2531 dam]
2372 2457 2816 2519 Clothariusrex,
2844 2456 3021 2527 patris
3040 2456 3155 2526 ejus
3183 2455 3543 2512 Thcodeberti
3569 2464 3804 2525 patruus

2205 2549 2437 2618 accepit,
2468 2548 2559 2618 qui
2587 2547 2698 2616 jam
2749 2564 2876 2603 κων
2918 2563 3061 2601 anno
3116 2547 3399 2617 regnabat.
3448 2546 3572 2616 ipso
3622 2562 3799 2611 anno,

2204 2641 2515 2697 Clotharius
2548 2641 2661 2710 ipse
2704 2639 2951 2696 Saxones
2981 2639 3308 2695 rebellantes
3339 2638 3494 2709 juxta
3518 2637 3803 2694 Wiseram

2208 2735 2429 2797 ﬂuvium
2447 2735 2640 2805 magna
2653 2735 2799 2790 caede
2821 2733 3117 2800 domuit,et
3133 2731 3487 2803 Thuringiam
3508 2745 3803 2788 pervasam

2203 2828 2523 2885 devastavit.
2557 2824 2798 2881 Marrell.
2823 2842 2944 2895 app.

2274 2920 2378 2977 554
2404 2919 2633 2989 Vigilius
2655 2933 2815 2989 papa,
2841 2917 3057 2973 tandem
3086 2915 3505 2987 impetrantibus
3531 2913 3806 2973 Romanis

2201 3020 2259 3071 et
2285 3010 2533 3075 Narsete,
2561 3010 2628 3067 de
2649 3009 2841 3065 exsilio
2874 3007 3172 3073 relaxatus,
3196 3022 3317 3062 cum
3350 3006 3576 3061 Romam
3610 3006 3796 3062 redire

2204 3101 2480 3172 coepisset,
2536 3102 2588 3161 in
2642 3100 2826 3159 Sicilia
2872 3099 3064 3154 morbo
3116 3096 3309 3152 calculi
3350 3104 3524 3151 tactus
3561 3095 3803 3151 decessit

2212 3197 2401 3269 (l50)-:
2433 3197 2526 3252 sed
2557 3206 2738 3250 tamen
2778 3194 3005 3248 Romam
3050 3190 3254 3247 relatus
3296 3190 3438 3260 apud
3469 3188 3530 3244 S.
3568 3186 3804 3244 Marcel-

2210 3286 2324 3343 lum
2376 3287 2461 3341 via
2509 3285 2717 3341 Salaria
2766 3283 3012 3356 sepultus
3056 3292 3163 3347 est.
3204 3281 3310 3337 Pro
3359 3295 3469 3353 quo
3513 3280 3804 3339 Ordinatus

1513 3391 1965 3455 COMPENDIUM
2005 3395 2099 3451 EX
2142 3396 2391 3456 CODICE
2427 3398 2798 3467 BEBNOLDI.

491 3560 506 3571 _‘
579 3499 683 3555 516
727 3499 841 3554 Hoc
879 3509 1105 3571 tempore
1138 3501 1237 3571 fuit
1282 3500 1338 3556 S.
1377 3500 1651 3558 Liberatus
1689 3503 1838 3575 (l5l)
1878 3503 2104 3561 Cartha-

505 3591 737 3663 ginensis
759 3591 1180 3656 archidiaconus,
1194 3594 1281 3663 qui
1305 3593 1369 3647 de
1390 3596 1699 3655 auctoritate
1716 3594 2106 3653 Chalcedonen-

505 3684 582 3746 sis
611 3684 821 3740 concilii
846 3683 1013 3739 multa
1045 3686 1196 3739 utilia
1217 3687 1544 3757 conscripsit,
1566 3697 1614 3741 et
1649 3687 1895 3760 Vigilium
1914 3708 2105 3761 papam

507 3772 796 3847 aliquando
825 3774 1085 3831 lucreticis
1117 3775 1312 3851 favisse
1338 3777 1665 3844 monstravit.

579 3865 684 3922 517
734 3865 955 3939 Vigilius
993 3884 1132 3937 papa
1162 3882 1281 3922 cum
1317 3867 1386 3920 ad
1414 3884 1722 3923 consensum
1763 3870 2019 3926 ha'reseos
2057 3883 2105 3927 et

505 3957 887 4019 restitutionem
907 3957 1171 4025 Anthemii
1193 3959 1420 4028 episcopi
1450 3958 1749 4014 nullatenus
1770 3961 1965 4016 adduci
1985 3980 2106 4033 pos-

506 4060 606 4112 set.
634 4047 1141 4120 ConstantinOpolim
1166 4053 1213 4104 vi
1240 4051 1544 4120 perductus,
1572 4053 1756 4107 exsilio
1782 4055 2007 4124 graviter
2029 4065 2105 4112 est

509 4140 755 4213 afﬂictus.

2280 3512 2387 3568 552
2444 3511 2561 3567 Hoc
2581 3522 2809 3582 tempore
2837 3511 3173 3566 Justinianus
3212 3507 3480 3578 Augustus
3517 3505 3800 3562 Narsetem

2209 3607 2504 3662 eunuchum
2535 3605 2818 3677 principem
2844 3603 3045 3658 militia:
3080 3601 3279 3665 Iaciens
3307 3601 3360 3653 in
3386 3596 3604 3651 Italiam
3630 3598 3799 3652 misit.

2283 3698 2389 3754 554
2431 3697 2746 3768 Vigilius....
2776 3697 2831 3749 in
2876 3693 3059 3749 Sicilia
3088 3693 3269 3746 morbo
3314 3693 3506 3747 calculi
3550 3691 3798 3745 decessit.

2216 3789 2326 3846 Pro
2359 3808 2461 3863 quo
2504 3790 2846 3858 Pelagius...
2882 3795 3068 3840 contra
3114 3784 3364 3855 Vigilium
3397 3785 3660 3855 culpatus,
3707 3799 3799 3836 as-

2216 3898 2367 3937 censo
2410 3879 2551 3949 apud
2583 3877 2643 3935 S.
2690 3876 2907 3931 Petrum
2955 3877 3175 3931 amboue
3216 3885 3264 3929 et
3318 3873 3601 3945 Evangelia
3640 3887 3803 3943 super

2212 3980 2365 4041 caput
2392 3971 2506 4040 ejus
2534 3968 2725 4039 posito,
2754 3968 3059 4037 juramento
3094 3982 3149 4019 se
3184 3983 3215 4018 a
3244 3966 3463 4019 crimine
3496 3964 3646 4018 illato
3671 3980 3803 4035 ματη

2209 4062 2348 4131 gavit
2372 4060 2540 4129 (152).
2566 4058 2669 4112 Hic
2689 4057 2964 4111 ordinatus
2987 4064 3062 4110 est
3087 4054 3402 4117 aPerusino
3430 4065 3478 4108 et
3509 4052 3800 4108 Ferentina

2209 4149 2491 4219 episcopis,
2526 4156 2576 4201 et
2616 4147 2828 4199 Andrea
2876 4143 3107 4205 Ostiensi
3137 4144 3607 4213 archipresbytero.
3650 4139 3799 4196 Nam

502 4272 505 4273 ν
578 4230 686 4286 538
720 4229 1061 4287 Justiniunus
1111 4234 1246 4303 Aug.
1295 4235 1567 4300 basilicam
1612 4235 1941 4301 Saluatoris,
1987 4254 2107 4308 quae
2140 4240 2309 4309 Dhoc
2337 4249 2411 4292 est
2448 4235 2777 4307 privilegium
2824 4232 3080 4292 Ostiensis
3127 4232 3381 4292 Ecclesia:
3420 4243 3475 4285 ut
3524 4232 3799 4301 episcopus

509 4319 721 4388 Sancta:
740 4322 959 4396 ,Sophia:
988 4326 1204 4392 dicitur,
1237 4328 1635 4398 incomparabili
1669 4346 1821 4399 opere
1844 4329 2105 4385 Constan-

510 4414 733 4485 tinopoli
761 4419 1070 4476 construxit.
1102 4418 1223 4489 Ipse
1248 4419 1403 4491 leges,
1429 4437 1546 4494 qua:
1578 4422 1899 4481 Justiniana:
1921 4424 2107 4480 dicun-

510 4513 619 4574 tur,
648 4509 958 4580 composuit.

494 4619 500 4625 ·
581 4599 689 4656 550
733 4600 975 4667 Victor...
1008 4605 1181 4675 cgclos
1212 4606 1407 4676 arguit.

582 4690 679 4746 551
725 4690 1013 4766 [lucusque
1042 4693 1341 4755 Jarnandcs
1369 4699 1707 4770 episcopus...
1737 4701 2001 4770 perduxit.

2208 4334 2324 4403 ejus
2353 4342 2399 4386 et
2431 4330 2847 4400 archipresbyter
2868 4328 2936 4397 (si
2970 4329 3241 4397 episcOpus
3266 4326 3380 4395 ejus
3409 4340 3513 4379 non
3539 4324 3797 4393 adfuerit)

2209 4424 2437 4478 Romani
2462 4421 2725 4491 pontiﬁcis
2773 4419 3093 4474 ordinationi
3132 4428 3379 4489 perpetuo
3423 4417 3671 4472 interesse
3701 4416 3797 4469 de:

2211 4515 2384 4569 beant.
2426 4512 2493 4567 Et
2522 4515 2815 4585 episcopus,
2836 4514 2882 4568 si
2912 4511 3165 4582 adfuerit,
3195 4511 3436 4581 deinceps
3464 4508 3797 4580 privilegium

2209 4604 2362 4675 pallii
2388 4603 2635 4674 portandi
2660 4602 2888 4668 habebit,
2923 4601 3063 4671 quod
3100 4600 3231 4658 nulli
3258 4601 3352 4654 alii
3376 4599 3639 4657 cardinali
3660 4600 3799 4669 epis-1

2212 4714 2345 4769 capo
2372 4696 2568 4751 licebit.
2601 4696 2795 4751 Anast.

2030 4827 2258 4890 ΝΟΤᾸΞ.

584 4943 912 5017 (“Syllum
952 4944 1172 5017 quidem
1221 4946 1288 5002 de
1332 4942 1515 5017 Yigilii
1567 4946 1885 5017 captivitate
1936 4947 2101 5009 habet

515 5014 858 5079 Anastasius,
904 5015 999 5071 sed
1047 5015 1178 5070 falsa
1225 5030 1348 5073 esse
1394 5014 1701 5079 monstrant
1738 5016 2003 5073 Baronius
2047 5026 2105 5072 et

513 5082 713 5155 largius
740 5084 1038 5155 :_exsilium
1069 5100 1201 5143 vero
1227 5086 1344 5155 ejus
1371 5087 1436 5155 ad
1468 5103 1557 5142 an.
1592 5087 1699 5155 555
1733 5087 2100 5144 referendum.

586 5152 974 5230 (146)_P_aulus
1012 5155 1160 5230 Diae.
1211 5152 1350 5223 Hist.
1401 5152 1643 5230 Longob.
1673 5152 1711 5213 Ι.
1735 5175 1784 5230 _I,
1811 5157 1978 5230 c.27,
2007 5174 2106 5229 po—

513 5224 694 5287 cuium
718 5224 923 5301 habet,
954 5229 1096 5301 quod
1127 5230 1280 5301 scala
1312 5229 1465 5301 unde
1500 5224 1673 5301 germ.
1719 5226 1968 5301 Schalen,
2004 5224 2101 5301 seu

512 5306 702 5364 patera
738 5295 1084 5380 dicitur.".’id
1122 5298 1407 5357 ἐξω-διονῆ
1439 5295 1639 5371 ὃεῖἱρι.
1668 5315 1778 5355 rer.
1811 5298 1954 5361 ltal.,
1990 5306 2027 5352 t.
2054 5296 2097 5365 l,

2201 4956 2408 5003 talione
2432 4956 2651 5015 praevia.

2278 5013 2790 5089 (li9LOmnirugus
2829 5010 3028 5089 dicitur
3056 5009 3503 5089 hiarcellino,_er
3527 5027 3637 5089 quo
3661 5008 3794 5089 Her-

2203 5081 2444 5167 manuus
2467 5100 2565 5141 sua
2595 5098 2769 5155 usque
2812 5083 2880 5138 ad
2922 5097 3012 5136 an.
3060 5082 3165 5139 558
3191 5081 3260 5136 ad
3293 5081 3522 5146 verbum
3548 5081 3675 5137 lere
3702 5083 3794 5137 de-.

2204 5165 2698 5351 8:2!lgii')h\ligilius,
2720 5222 2805 5278 die
2829 5222 2897 5277 10
2924 5221 3047 5277 Jan.
3086 5238 3135 5277 a.
3162 5221 3297 5288 555,
3318 5220 3458 5292 apud
3484 5220 3791 5293 Syracusas

2208 5315 2241 5351 ο
2264 5307 2341 5351 »ιιι

2208 5307 2341 5353 obiit

2535 5364 2550 5380 I
2588 5378 2593 5379 γ
2646 5362 2704 5380 ..⁸
2738 5360 3007 5380 n,,-,9----,,
3034 5377 3063 5379 η
3132 5362 3175 5380 ι-
3240 5376 3283 5380 --
3314 5376 3381 5380 κ--
3442 5358 3758 5380 ιν--.--ς-.--
