4062 5508
257 274 369 331 117·

1411 271 1827 337 CllBONlCON.
1863 304 1936 319 --
1972 276 2147 334 ΞσΕὒ.
2192 270 2280 331 Vl.

3403 275 3512 347 iis

816 452 843 464 ..
874 442 935 467 se
1006 440 1019 461 ι
1056 446 1067 505 ,ν
1557 426 1783 489 CUDEX
1823 424 2212 490 AUGIENSlS.

253 591 504 665 Pelagius
530 604 667 661 papa
701 582 836 644 LXII
866 584 1004 643 sedit
1024 553 1182 641 annis
1209 597 1286 650 xi,
1317 580 1592 639 mensibus
1621 598 1652 636 x
1671 562 1822 652 ;'qui,
1930 581 2235 637 Suessionis
2264 583 2402 654 apud
2433 582 2492 640 8.
2529 584 2839 641 bledardum
2873 583 3145 658 sepelitur.
3189 581 3315 645 Post
3342 602 3507 662 quem

251 704 279 739 a
302 683 502 756 populo
524 683 770 738 Romano
791 678 1041 735 factionis
1058 685 1246 732 contra
1266 672 1514 747 Vigilium
1531 674 1829 737 incusatus,

248 774 545 836 celebratis
563 788 670 829 una
689 786 808 827 cum
834 769 1067 825 Narsete
1088 766 1289 823 litaniis
1322 766 1462 837 apud
1498 764 1553 820 8.
1582 764 1830 829 Petrum,

246 866 484 923 amboue
504 877 733 921 ascenso
753 859 1153 932 Evangelioque
1178 870 1339 929 super
1358 851 1465 927 72
1489 864 1652 926 caput
1671 868 1829 909 suum

246 957 447 1032 posito,
468 937 792 1029 iuramento
841 968 903 1009 se
947 950 1178 1008 crimine
1225 947 1491 1021 purgavit.
1534 940 1831 1002 Marcellin.

251 1066 425 1196 ψέὲὸ
454 1138 577 1196 Hoc
617 1148 881 1210 tempore,
911 1134 1156 1192 Saxones
1200 1132 1396 1191 iterum
1428 1127 1708 1187 Clothario
1749 1139 1835 1183 re-

247 1230 536 1295 bellantes,
564 1244 693 1285 cum
722 1229 793 1283 ab
820 1243 888 1284 eo
913 1234 1231 1298 peterentur
1262 1221 1535 1280 hostiliter
1557 1220 1715 1291 eique
1734 1233 1834 1290 pro

244 1322 629 1380 satisfactione
679 1319 961 1377 dimidium
1017 1333 1196 1375 rerum
1262 1330 1484 1371 suarum
1539 1311 1834 1379 offerrent,

248 1414 406 1484 idque
440 1412 726 1468 exercitus
766 1409 1102 1467 Francorum
1146 1405 1388 1464 refutans
1428 1420 1494 1461 eo
1534 1404 1703 1459 inrito
1733 1419 1831 1474 pu-

245 1518 403 1574 gnam
451 1502 705 1566 iniisset,
744 1515 937 1571 magna
978 1499 1046 1553 ab
1085 1499 1169 1554 eis
1214 1496 1361 1552 ciuile
1397 1493 1662 1568 protritus
1697 1492 1835 1565 fugai

246 1592 557 1665 pnesidium
587 1591 763 1663 petiit.
798 1589 1042 1647 Hareell.
1082 1606 1203 1659 app.

312 1684 420 1740 556
474 1683 577 1739 His
605 1681 821 1747 diebus,
863 1681 1173 1737 Chramnus
1220 1679 1362 1751 patri
1410 1694 1511 1735 suo
1537 1677 1833 1742 Clothario,

248 1774 529 1830 adnitente
580 1781 775 1843 patruo
827 1770 1197 1836 Cbildeberto,
1257 1769 1547 1835 rebellans,
1609 1784 1833 1840 regnum

246 1866 584 1923 Francorum
630 1862 925 1918 domestica
955 1861 1220 1918 seditione
1254 1862 1557 1932 perturbat.
1589 1860 1833 1916 Saxones

245 1955 483 2011 factione
550 1952 879 2009 Cbilileberti
925 1952 979 2008 in
1026 1953 1253 2007 Francia
1314 1952 1526 2023 praedas
1560 1960 1827 2023 ,egerunt.
1865 1945 1903 2003 Β
1934 1949 2102 2019 periei
2130 1948 2326 2003 ibidem
2357 1956 2575 2017 captum
2624 1948 2977 2017 in,exsilium
3027 1949 3194 2015 misit,
3232 1951 3517 2021 ipsumque
3610 1972 3618 1983 ο

246 2044 633 2101 Cbildebertus
697 2043 1021 2099 Bemensem
1103 2042 1454 2114 Campaniam
1522 2040 1828 2116 populatur.

247 2133 484 2188 Παγίδα.
518 2151 643 2203 app.

308 2225 497 2281 5571ιι
519 2224 802 2279 Britannia
825 2223 1040 2281 Bridius
1066 2224 1184 2296 [al.,
1204 2222 1419 2296 Bridus]
1440 2239 1529 2278 rex
1553 2221 1830 2278 Pictorum

247 2321 493 2378 edicitur.
555 2320 935 2376 Cbildebcrtus
986 2337 1077 2376 rex
1134 2320 1469 2376 Francorum
1518 2320 1662 2375 circa
1716 2320 1832 2374 haec

248 2423 489 2483 tempora
518 2411 768 2473 moritur,
794 2421 847 2466 et
865 2411 1108 2466 Parisius
1142 2411 1196 2465 in
1221 2409 1445 2465 basilica
1474 2408 1532 2464 S.
1559 2408 1831 2463 Vincentii

247 2518 275 2555 a
320 2516 379 2556 se
429 2510 754 2555 constructa
786 2502 1073 2571 sepelitur;
1107 2514 1439 2570 regnumque
1478 2497 1595 2567 ejus
1620 2497 1834 2553 Clotha-

248 2594 354 2646 rius
387 2590 570 2645 frater
618 2607 906 2647 assumens
953 2602 1122 2647 totam
1174 2591 1384 2662 paterni
1434 2591 1582 2660 regni
1618 2606 1833 2648 monar-

247 2684 416 2739 cbiani
440 2685 707 2740 obtinuit.
744 2684 986 2740 Μαι-σευ.
1016 2702 1161 2757 app.,
1184 2684 1258 2739 al.
1283 2702 1336 2738 a.
1367 2701 1475 2753 seq.

312 2775 416 2831 558
469 2774 790 2829 Chramnus
819 2785 1027 2846 patrem
1066 2776 1424 2843 Clotharimn,
1459 2790 1619 2845 quem
1648 2774 1833 2829 multis

247 2865 568 2931 oll'euderat,
596 2865 700 2920 lioc
732 2875 974 2935 tempore
995 2867 1047 2920 in
1076 2865 1410 2920 Britanniam
1433 2865 1662 2934 fugiens,
1695 2866 1834 2920 inse-

249 2962 440 3023 quente
472 2969 544 3009 eo
593 2954 795 3009 ibidem
828 2971 950 3009 cum
981 2955 1231 3011 Conobro
1267 2970 1413 3026 rege,
1450 2971 1626 3025 pugna
1660 2957 1835 3015 victus

248 3055 299 3099 et
325 3052 543 3115 captus,
593 3060 716 3099 cum
749 3061 916 3101 uxore
943 3055 1001 3101 et
1031 3045 1246 3102 ﬁliabus
1282 3046 1437 3101 vivus
1476 3046 1727 3102 incensus
1753 3055 1838 3100 est

252 3134 411 3205 (155).
443 3136 571 3203 Quo
605 3138 771 3192 etiam
799 3147 1064 3212 tempore,
1095 3135 1326 3193 Turonis
1353 3136 1577 3193 basilica
1610 3137 1667 3190 S.
1696 3136 1835 3190 Mar-

250 3223 363 3289 tini,
396 3225 696 3283 rebellibus
734 3226 802 3282 ad
830 3242 951 3282 eam
988 3226 1339 3298 fugientibus,
1385 3228 1508 3298 igne
1536 3235 1831 3282 crematur.

252 3311 492 3370 Hareell.
525 3334 647 3387 app.

1933 683 2166 742 quatuor
2196 672 2290 728 lilii
2320 674 2455 743 ejus,
2486 675 2658 731 diviso
2685 691 2871 747 regno,
2903 677 3216 750 Sigebertus
3250 676 3407 737 Metis
3450 692 3510 737 et

1935 760 2121 818 Bemis
2150 762 2332 819 sedem
2371 763 2598 831 habens,
2639 765 2796 823 annis
2842 782 2954 833 xiv,
2985 768 3335 826 Cliaribertus
3360 766 3509 825 Pari.

1932 854 2066 918 sius.
2100 855 2401 925 Hilpericus
2429 855 2736 915 Suessionis
2773 874 2879 914 xxv
2905 861 3084 926 annis,
3123 861 3507 918 Guutramums

1932 945 2240 1002 Aurelianis
2287 957 2341 1003 et
2389 948 2440 1003 in
2490 946 2798 1021 Burgundia
2852 967 2985 1007 xxiii
3037 952 3192 1008 annis
3239 952 3503 1024 regnavit.

1935 1034 2141 1091 Marius
2168 1036 2323 1110 Greg.
2357 1037 2483 1093 Tur.
2510 1057 2600 1095 an.
2624 1057 2732 1111 seq.
3534 1092 3539 1097 .

2004 1127 2102 1182 561
2137 1128 2193 1183 lu
2217 1129 2493 1185 Britannia
2523 1129 2834 1188 Edilhartus
2866 1147 2957 1188 rex
2988 1130 3284 1208 Anglorum
3314 1147 3508 1204 regna-

1933 1216 2013 1272 vit
2040 1217 2197 1273 anuis
2240 1234 2349 1273 LVI.
2390 1218 2521 1274 Berl.
2570 1221 2705 1285 hist.
2731 1220 2866 1294 Aug.
2897 1239 2961 1277 α.
2991 1222 3116 1277 560.
3165 1220 3343 1278 Hunni
3384 1239 3506 1278 cum

1935 1324 2061 1381 rege
2086 1326 2185 1366 suo
2209 1311 2468 1384 Cliagano
2490 1312 2695 1370 Gallias
2718 1324 2988 1387 petentes,
3017 1314 3361 1387 aSigeberto
3386 1330 3510 1385 rege

1934 1414 2111 1471 pugna
2141 1400 2268 1456 victi
2295 1412 2352 1457 et
2378 1404 2670 1468 humiliati,
2699 1405 3098 1477 viximpetrata
3124 1422 3281 1478 pace,
3307 1400 3519 1464 findere

1932 1500 2093 1562 pacto
2124 1495 2418 1550 redierunt.
2446 1490 2603 1567 Greg.
2629 1513 2722 1551 an.
2742 1514 2868 1568 seq.
3284 1542 3285 1547 η
3512 1478 3519 1493 1

2004 1585 2110 1642 562
2144 1584 2479 1656 Chilpericus
2514 1602 2611 1642 rex
2642 1603 2867 1659 regnum
2909 1588 3101 1648 fratris
3131 1590 3214 1648 sui
3243 1589 3512 1663 Sigeberti

1933 1686 1989 1732 et
2001 1676 2187 1731 urbem
2203 1674 2523 1734 Remensem
2541 1676 2764 1745 invasit,
2779 1678 3239 1752 Campaniamque
3262 1683 3509 1739 vastavit.

1934 1769 2053 1836 Quo
2080 1768 2265 1823 audito
2311 1766 2627 1839 Sigebertus
2665 1785 2696 1824 a
2727 1769 2936 1827 Hunnis
2984 1786 3253 1834 reversus,
3290 1781 3515 1847 econtra

1936 1858 2244 1913 Suessionis
2274 1856 2463 1914 urbem
2512 1858 2681 1930 cepit,
2722 1858 3154 1917 Tbcodebertum
3196 1861 3363 1916 lilium
3402 1853 3514 1915 Hil-

1932 2039 2298 2108 Cliilpericum
2326 2054 2506 2110 pugna
2536 2038 2740 2096 vietum
2767 2041 2991 2112 tugavit,
3024 2050 3079 2096 et
3109 2041 3359 2097 civitates
3388 2058 3516 2096 sitas

1933 2132 2159 2203 recepit.
2212 2131 2408 2187 Postea
2438 2148 2601 2197 vero,
2647 2120 2879 2204 accepto
2920 2135 2989 2187 ab
3034 2148 3099 2188 eo
3147 2134 3296 2205 pacis
3336 2149 3515 2190 sacra-

1933 2230 2137 2285 mento,
2163 2220 2329 2275 lilium
2344 2221 2393 2277 ei
2418 2220 2672 2288 reddidit,
2695 2237 2990 2295 pacemque
3007 2237 3129 2279 cum
3158 2238 3223 2279 eo
3253 2222 3511 2279 firmavit.

1934 2310 2092 2380 (ἔτερ.
2125 2309 2250 2363 Tur.
2276 2326 2367 2363 an.
2408 2310 2534 2374 5C3,
2572 2311 2611 2364 ι.
2643 2328 2718 2377 tv,
2742 2328 2789 2367 θ.
2812 2313 2906 2369 25.

2004 2402 2108 2455 565
2146 2401 2499 2458 Charibertus
2534 2419 2624 2457 rex
2668 2401 2878 2459 libidini
2924 2403 3160 2471 deditus,
3190 2419 3336 2471 cum,
3366 2403 3516 2476 lngo-

1935 2494 2100 2564 berga
2132 2509 2299 2549 uxore
2325 2508 2423 2549 sua
2461 2495 2765 2567 repudiata,
2795 2496 2932 2553 duas
2959 2497 3185 2554 ancillas
3225 2513 3512 2570 germanas

1936 2588 2037 2643 sibi
2068 2587 2120 2640 in
2156 2587 2503 2655 matrimonio
2521 2586 2815 2659 iunxisset,
2844 2604 2876 2644 a
2906 2598 3096 2647 sancto
3122 2590 3396 2647 Germano
3415 2589 3513 2665 Pa;

1936 2679 2193 2735 risiorum
2223 2680 2477 2751 episcopo
2501 2678 3030 2749 excommunicatus,
3063 2698 3169 2739 non
3199 2683 3367 2738 multo
3393 2691 3519 2757 post

1937 2772 2146 2827 interiit
2175 2770 2344 2843 (15$).
2399 2772 2517 2839 Quo
2557 2774 2719 2829 etiam
2752 2783 3017 2846 tempore,
3063 2775 3379 2846 Sigebertus
3420 2791 3515 2831 rex
3566 2786 3574 2801 ‘

1936 2861 2198 2925 Brunam,
2220 2878 2340 2932 qua:
2362 2874 2416 2917 et
2441 2864 2790 2928 Brunibildis,
2820 2865 2987 2920 tiliam
3009 2865 3349 2937 Athanagildi
3378 2867 3517 2936 regis

1936 2953 2238 3010 Gothorum
2287 2955 2355 3010 de
2400 2955 2657 3025 Hispania
2712 2972 2933 3013 uxorem
2997 2957 3205 3029 accepit
3252 2956 3419 3030 (155),
3459 2967 3515 3025 et

1935 3057 2125 3102 secuto
2160 3057 2403 3118 tempore
2430 3047 2765 3119 Cliilpcricus
2795 3047 2961 3104 frater
2988 3047 3106 3118 ejus
3132 3048 3513 3105 Gielswindam

1940 3136 2063 3209 [al.,
2093 3137 2487 3211 Gailesuintlia]
2528 3154 2770 3194 sororem
2816 3140 3008 3195 Bruum
3040 3139 3321 3211 conjugem
3362 3152 3518 3207 accc:

1940 3231 2040 3300 pit,
2096 3244 2256 3300 quam
2303 3238 2491 3300 postea
2559 3246 2720 3286 suasu
2772 3230 3132 3303 Fridegundis
3199 3229 3517 3295 concubinae

1934 3331 2095 3377 noctu
2125 3323 2514 3392 strangulavit;
2547 3324 2700 3395 cnjus
2727 3325 2890 3379 etiam
2915 3334 3029 3379 astu
3054 3323 3393 3379 Audoveram
3432 3338 3515 3375 re-

317 3407 421 3463 559
448 3407 768 3466 Clotliarius
796 3425 911 3476 rex,
944 3411 1009 3466 de
1040 3410 1334 3469 sceleribus
1371 3423 1425 3467 et
1459 3414 1696 3484 peccatis
1714 3415 1830 3471 suis
1930 3412 2134 3482 giuam,
2157 3420 2508 3471 commatrem
2528 3428 2679 3472 suam
2706 3414 2922 3477 factam,
2953 3412 3270 3489 repudiavit,
3301 3421 3356 3467 et
3382 3410 3518 3485 mul-

251 3499 624 3567 ptenitentiam
660 3516 846 3572 agens,
884 3502 1162 3558 basilicam
1210 3503 1268 3561 8.
1301 3504 1517 3562 Martini
1550 3506 1653 3562 hoc
1694 3515 1830 3563 teru-

252 3604 373 3657 porc
412 3590 659 3645 studiose
691 3606 950 3661 reparans
999 3602 1195 3648 stanno
1237 3596 1390 3650 texit.
1435 3593 1589 3668 Greg.
1619 3596 1749 3652 Tur.
1774 3616 1826 3653 a.

254 3694 351 3747 se].
404 3680 648 3735 Sanctus
695 3678 980 3736 Medardus
1008 3684 1291 3754 episcopus
1325 3686 1513 3755 plenus
1540 3688 1834 3746 virtutibus

256 3772 501 3840 migravit
525 3771 593 3826 ad
621 3772 928 3839 Dominum,
943 3783 997 3829 et
1018 3789 1048 3827 a
1067 3774 1342 3830 Clothario
1366 3777 1540 3848 regeF
1549 3794 1834 3834 raucorum

261 3859 564 3918 Suessionis
614 3879 812 3936 magna
848 3881 971 3921 cum
1016 3866 1188 3937 gloria
1228 3868 1471 3938 sepultus
1518 3879 1620 3926 est.
1676 3869 1831 3941 Creg.

263 3945 384 4005 Tur.
415 3970 471 4008 α.
500 3970 605 4023 seq.

326 4040 430 4113 73
456 4043 565 4097 560
594 4044 907 4103 Clotharius
938 4046 1128 4116 major,
1175 4049 1316 4103 titius
1346 4048 1599 4105 Clodovei
1630 4050 1830 4122 Magni,

264 4144 353 4186 rex
372 4130 736 4203 Francorum,
759 4152 903 4197 anno
928 4138 1076 4209 regni
1099 4155 1150 4194 LI
1173 4137 1487 4215 Compendii
1503 4140 1754 4207 moritur,
1777 4150 1836 4198 et

1933 3510 1986 3559 ta
2009 3500 2162 3555 {mala
2193 3500 2342 3556 fecit.
2374 3500 2532 3577 (ἶνες.
2560 3502 2686 3558 Tur.
2722 3522 2774 3558 a.
2805 3504 2931 3569 566,
2959 3522 3066 3572 seq.

2010 3594 2120 3668 74
2159 3595 2263 3657 564
2312 3595 2779 3667 Constantinopoli
2829 3596 3168 3655 Justiuianus
3222 3596 3518 3664 imperator

1937 3700 2080 3739 anno
2126 3685 2337 3755 imperii
2391 3701 2600 3742 xxxviii
2653 3687 2919 3752 decessit;
2973 3702 3071 3758 pro
3122 3701 3230 3756 quo
3274 3683 3515 3739 Justinus

1939 3776 2117 3833 minor
2147 3777 2305 3835 annis
2335 3794 2386 3833 xl
2432 3781 2695 3851 regnavit,
2743 3781 2905 3836 homo
2948 3779 3164 3850 iniquus
3193 3786 3249 3833 et
3274 3775 3516 3831 avaritiae

1937 3868 2078 3922 ultra
2113 3869 2328 3922 inodum
2358 3867 2592 3931 deditus.
2635 3868 2830 3937 Evagr.
2856 3868 2895 3921 Ι.
2946 3884 2995 3930 v,
3029 3872 3157 3931 c.1,
3182 3883 3238 3920 a.
3268 3881 3374 3936 seq.
3419 3862 3515 3937 llis

1936 3958 2273 4028 temporibus
2304 3958 2566 4013 immensa
2595 3958 2899 4029 pestilentia
2926 3968 2981 4013 et
3009 3956 3307 4014 mortalitas
3347 3964 3511 4023 totam

1938 4049 2147 4104 Italiam
2180 4059 2234 4104 et
2276 4048 2511 4103 maxime
2537 4049 2809 4118 Liguriam
2838 4048 3232 4118 incredibiliter
3259 4048 3511 4121 vastavit,

1939 4137 2102 4194 Paul.
2137 4138 2288 4192 Diae.
2316 4139 2437 4192 hist.
2468 4137 2700 4209 Longob.

1245 4338 1696 4399 CUMPENDIUM
1736 4341 1829 4401 EX
1870 4340 2118 4401 CODICE
2156 4340 2520 4401 BEBNOLDI.

327 4518 427 4574 557
464 4518 806 4573 Hildebertus
847 4534 937 4572 rex
980 4514 1313 4573 Francorum
1345 4518 1572 4573 moritur
1598 4528 1646 4573 et
1676 4516 1830 4573 Pari-

264 4608 355 4664 siis
380 4609 433 4662 in
458 4608 674 4662 basilica
718 4607 780 4663 S.
825 4606 1076 4663 Vincentii
1115 4606 1451 4677 sepelitur....
1482 4609 1723 4662 obtinuit.

332 4700 432 4755 558
461 4700 571 4755 lloc
605 4710 839 4770 tempore
866 4699 1088 4757 Turonis
1120 4700 1342 4755 basilica
1373 4700 1433 4756 S.
1472 4700 1713 4765 Martini,
1754 4718 1833 4757 re-

274 4790 475 4847 bellibus
521 4793 589 4847 ad
646 4808 767 4849 eam
805 4792 1157 4863 fugientibus,
1212 4795 1332 4866 igne
1387 4804 1680 4862 crematur;
1735 4795 1831 4862 aL,

274 4894 322 4936 ι.
354 4882 472 4937 560.

337 4974 437 5030 559
464 4975 738 5032 Lotharius
765 4992 871 5038 rex,
896 4979 960 5035 de
983 4978 1138 5036 malis
1151 4979 1263 5033 suis
1282 4977 1633 5048 paenitentiam
1654 4994 1836 5049 agens,

279 5062 531 5137 insiliunt
560 5065 621 5122 S.
657 5064 877 5121 Martini
907 5085 1181 5139 reparans,
1211 5079 1399 5124 stanno
1426 5072 1572 5131 texit.
1619 5069 1680 5127 S.
1726 5070 1842 5127 Me-

280 5154 551 5211 dardas....
613 5172 732 5211 cum
779 5173 962 5229 magna
1017 5160 1188 5232 gloria
1241 5158 1505 5230 sepelitur.
1548 5163 1834 5227 Fortunat.

1941 4522 1994 4578 in
2028 4522 2167 4576 Vita.

2013 4614 2118 4669 560
2149 4615 2451 4671 Clotharius
2481 4631 2594 4680 rex,
2642 4614 2783 4684 ﬁlius
2829 4613 3076 4674 (Σισάρυεὶ
3112 4614 3315 4688 Magni,
3355 4613 3511 4670 Com-

1940 4705 2116 4776 pcndii
2147 4706 2367 4759 moritur
2403 4722 2542 4759 anno
2576 4706 2717 4778 regni
2738 4721 2810 4762 ιι.
3304 4766 3308 4777 ,

2013 4795 2119 4852 565
2148 4795 2487 4853 Charibertus
2519 4813 2630 4861 rex,
2662 4794 2868 4852 libidini
2914 4797 3151 4857 deditus,
3197 4812 3227 4846 a
3279 4788 3325 4848 S.
3378 4790 3512 4846 Ceri—

1943 4904 2100 4943 mano
2168 4884 2501 4942 Parisiorum
2555 4889 2791 4959 episcopo
2854 4884 3330 4942 ercommunicaus
3371 4884 3516 4937 obiit.

1942 4980 2109 5052 Greg.
2139 4980 2269 5038 Tur.
2290 4997 2338 5039 a.
2365 4980 2492 5035 557.

2012 5071 2117 5127 564
2144 5068 3027 5140 Constantinopoli...Justinianus
3043 5067 3213 5122 minor
3242 5064 3341 5133 ιι,
3372 5064 3526 5119 homo

1940 5162 2151 5233 iniquus
2179 5171 2226 5218 et
2253 5176 2465 5227 avarus,
2492 5165 2644 5218 armis
2666 5158 2906 5215 undecim
2930 5156 3180 5234 regnavit.
3490 5148 3493 5153 ’

1770 5322 2015 5416 Nam.
