4062 5508
596 329 696 385 Illi

1437 329 1791 388 IIERMANNI
1831 328 2220 389 CONTRACTI
2259 324 2626 390 AUGIENSIS
2661 323 2966 386 MONACHI

3735 320 3836 381 I20

3361 385 3458 425 "‘13.!

660 539 764 593 565
809 536 1042 595 Sanctus
1074 536 1336 596 Columba
1365 537 1651 610 presbyter
1674 545 1729 592 et
1758 443 2159 604 abhasf‘fl):
2191 443 2730 601 :UGlsggillshbinus
2757 530 3036 607 plerasque
3062 532 3112 591 in
3147 531 3341 592 Tuscia
3368 531 3611 606 citraque
3651 532 3839 591 civita-

588 629 776 688 bernia
823 631 1082 697 veniens,
1131 629 1430 688 Brittannis
1478 631 1699 685 verbum
1748 631 1843 686 Dei
1885 631 2160 701 praedicat.

587 719 747 774 Beda:
765 720 890 790 epit.
921 719 1016 778 His
1038 721 1369 792 temporibus
1391 719 1590 777 Narses
1610 721 1868 792 patricius
1897 721 2166 777 Sindwal-

587 812 716 866 dum
754 826 938 886 regem
990 815 1058 870 de
1103 813 1350 884 reliquiis
1397 812 1720 869 Ilerniorum
1769 813 1824 870 in
1857 813 2010 870 Italia
2059 813 2173 869 sibi.

587 901 941 966 rebellantem
978 919 1154 976 pugna
1201 904 1331 960 vicit
1376 913 1431 959 et
1459 913 1676 977 captum
1727 903 1835 960 alta
1864 905 2015 960 trabe
2045 919 2164 960 sus-

583 993 791 1064 pendit.
821 993 964 1051 Mar.
994 993 1091 1050 Av.
1117 1012 1168 1050 a.
1197 1011 1306 1063 seq.
1335 994 1439 1062 Qui
1467 995 1670 1050 divitiis
1694 1005 1884 1050 auctus
1910 1009 2159 1065 magnam

584 1099 617 1137 ι
645 1082 904 1143 Romanis
932 1098 1126 1157 passus
1155 1085 1436 1152 invidiam,
1464 1084 1602 1157 apud
1639 1085 1936 1154 Augustum
1969 1084 2157 1139 crimi~

584 1179 770 1237 natus,
814 1181 870 1227 et
899 1172 966 1228 ad
1009 1173 1062 1232 id
1109 1174 1374 1229 adductus
1416 1182 1501 1228 est
1540 1182 1598 1228 ut
1642 1173 1832 1228 relicta
1881 1171 2051 1228 Roma
2106 1173 2160 1230 in

585 1259 932 1331 Campaniam
953 1262 1224 1319 subsecuti
1247 1262 1394 1335 (I56)
1409 1264 1710 1330 secederet,
1723 1263 1877 1334 eique
1889 1261 2162 1335 Longinus

489 1399 493 1403 .
581 1369 870 1411 successor
912 1355 970 1412 in
999 1355 1205 1412 Italiam
1249 1358 1575 1414 mitteretur.
1615 1357 1775 1412 Paul.
1816 1357 1970 1414 Diae.
2016 1357 2158 1412 Mar.

582 1461 638 1499 α.
665 1444 792 1500 568.

595 1461 638 1499 τι.
665 1447 734 1500 56
776 1484 792 1500 .
1214 1475 1216 1478 ·

595 1501 597 1504 ι
655 1447 769 1594 5668
788 1535 974 1594 Romae
998 1537 1232 1596 Joannes
1257 1540 1448 1597 tertius
1475 1529 1611 1612 papa
1643 1539 1804 1595 LXIII
1839 1540 1980 1596 sedit
2003 1541 2167 1597 annis-

603 1642 698 1684 ere
727 1644 843 1684 xrv.
871 1629 972 1697 Qui
1000 1629 1281 1686 ecclesiam
1315 1631 1546 1702 Philippi
1575 1642 1631 1686 et
1663 1629 1849 1686 Jacobi
1890 1630 2165 1702 apostolo-

587 1731 733 1783 rum,
765 1731 925 1787 quam
956 1719 1207 1775 decessor
1235 1717 1350 1789 ejus
1373 1719 1618 1792 Pelagius
1645 1729 1906 1792 cmperat,
1929 1721 2160 1792 perfecit

581 1817 638 1865 et
667 1809 936 1865 dedicavit
959 1810 1129 1882 (I57).
1153 1811 1338 1866 Anast.
1369 1811 1502 1867 Bed.

2271 637 2373 693 tes,
2403 628 2644 698 exceptis
2670 627 2862 693 Roma,
2905 625 3266 698 Ravennaque
3293 623 3354 682 et
3375 628 3562 696 paucis
3596 629 3791 683 castris
3821 661 3839 692 ι

2265 718 2424 789 cepit.
2456 718 2651 789 Ingens
2698 720 2860 773 etiam
2905 718 3076 774 fames
3116 727 3240 788 post
3289 718 3592 773 ubertatem
3631 718 3840 772 Italiam

2262 808 2563 879 pestilentia
2587 809 2826 863 attritam
2857 807 3074 862 invasit.
3104 806 3242 863 Mar.
3263 837 3337 849 -
3357 807 3586 863 Sanctus
3633 806 3842 864 Vedas-

2266 909 2352 956 tus
2377 902 2662 972 episcopus
2690 901 2942 957 decessit.
2976 900 3136 957 Paul.
3171 900 3322 956 Diae.

2333 994 2430 1049 57!
2467 993 2760 1066 Papienses
2787 994 2958 1059 cives,
2992 992 3131 1047 ultra
3165 992 3416 1047 resistere
3440 1007 3548 1046 non
3576 991 3842 1058 valentes,

2264 1084 2375 1154 regi
2409 1083 2638 1139 Alboino
2684 1099 2744 1139 se
2781 1081 3036 1137 tradunt:
3068 1083 3183 1152 qui,
3223 1082 3498 1138 civitatem
3541 1081 3844 1152 ingressus,

2263 1184 2554 1230 corruentc
2571 1175 2849 1244 etjaeente
2873 1175 3015 1229 intra
3037 1183 3246 1244 portam
3275 1189 3413 1244 equo
3434 1189 3554 1240 suo,
3581 1173 3844 1229 divinitus

2263 1266 2538 1336 mitigatus
2567 1307 2582 1332 ,
2632 1274 2820 1321 contra
2862 1275 3042 1320 votum
3073 1280 3184 1335 quo
3221 1280 3410 1321 omnes
3438 1279 3497 1320 se
3527 1265 3843 1337 puniturum

2263 1356 2638 1424 minitabatur,
2669 1357 2878 1414 civibus
2921 1357 3181 1428 pepercit,
3214 1365 3290 1419 et,
3341 1357 3524 1411 sedem
3564 1356 3636 1411 ibi
3689 1355 3845 1427 regni

2263 1453 2534 1511 statuens,
2576 1456 2685 1502 tres
2711 1462 2880 1501 annos
2906 1456 2962 1502 et
2981 1462 3034 1501 vt
3063 1460 3275 1501 menses
3315 1445 3368 1500 in
3396 1444 3547 1500 Italia
3573 1445 3844 1516 regnavit.

2269 1533 2387 1604 Quo
2434 1537 2599 1594 etiam
2630 1547 2878 1608 tempore
2905 1536 3104 1591 Narses
3137 1537 3398 1608 patricius
3427 1578 3445 1604 ,
3469 1552 3593 1592 cum
3617 1552 3649 1592 e
3672 1535 3842 1591 Cam-

2261 1625 2423 1695 pania
2463 1625 2686 1680 Romam
2718 1640 2966 1680 reversus
2995 1633 3157 1692 esset,
3186 1641 3293 1680 non
3324 1625 3492 1680 multo
3520 1635 3644 1696 post
3689 1640 3844 1680 mor-

2263 1725 2386 1773 tuus
2409 1727 2462 1773 et
2488 1717 2539 1773 iu
2585 1717 2758 1773 loculo
2781 1717 3032 1787 plumbeo
3077 1733 3201 1771 cum
3234 1716 3502 1772 thesauris
3537 1717 3652 1773 suis
3693 1717 3846 1773 Con-

2263 1807 2665 1878 stantinopolim
2690 1807 2890 1862 relatus
2920 1816 3003 1861 est
3029 1805 3198 1877 (158).
3229 1803 3390 1860 Paul.
3433 1805 3580 1860 Diae.

661 1899 764 1955 567
803 1899 1004 1956 Narses
1049 1902 1330 1956 eunuchus
1369 1911 1425 1956 et
1461 1902 1742 1974 patricius,
1773 1902 1866 1974 qui
1889 1899 2097 1958 Italiam
2131 1915 2161 1954 a
2192 1886 2240 1949 Β
2337 1900 2442 1957 5ῖὲ
2485 1899 2596 1956 Hoc
2644 1909 2881 1970 tempore
2907 1899 3246 1969 Chilpericus
3289 1914 3383 1953 rex
3413 1897 3742 1953 Cloduveum
3779 1896 3850 1953 ﬂ-

580 1989 776 2046 Gothis
805 1991 1034 2066 aliisque
1065 1993 1310 2051 hostibus
1341 1993 1686 2060 liberaverat,
1717 2003 1771 2050 et
1801 1994 2029 2053 multum
2066 2009 2164 2065 pro

580 2079 859 2159 republica
890 2079 1249 2148 laboraverat,
1279 2097 1311 2138 a
1336 2081 1547 2138 Iustino
1573 2084 1820 2152 Augusto
1876 2092 1932 2140 et
1961 2083 2160 2153 Sophia

581 2183 757 2224 uxore
787 2168 903 2237 ejus
942 2168 1152 2239 injuriis
1179 2170 1484 2236 lacessitus,
1533 2171 1938 2246 Langobardos,
1984 2174 2074 2246 qui
2107 2173 2162 2228 in

580 2258 880 2320 Pannoniis
901 2259 1238 2326 habitabant,
1273 2261 1338 2316 ad
1361 2263 1676 2318 vastandam
1703 2271 1758 2317 et
1782 2262 2161 2333 possidendam

579 2350 795 2416 Italiam
827 2351 1098 2420 invitavit,
1140 2353 1323 2410 missis
1349 2354 1429 2410 eis
1471 2355 1538 2412 de
1589 2355 2021 2412 ubertateltaliae
2045 2354 2163 2411 fru-

584 2442 941 2513 ctibusjterra:
963 2454 1124 2514 atque
1155 2446 1490 2500 muneribus.
1521 2445 1678 2500 Paul.
1703 2445 1853 2500 Diae.
1883 2445 1920 2499 l.
1947 2462 2006 2512 Il,
2031 2463 2077 2501 c.
2104 2447 2158 2502 5.

579 2561 653 2574 -—
676 2531 840 2591 Multa
884 2534 1145 2612 prodigia,
1181 2545 1235 2589 et
1265 2536 1534 2606 praecipue
1571 2536 1741 2606 ignem
1774 2537 1916 2591 acies
1937 2536 1991 2591 in
2023 2537 2162 2593 coelo

577 2625 734 2692 visae,
757 2626 1084 2696 sanguisque
1130 2639 1425 2684 coruscans
1473 2625 1681 2680 Italiam
1734 2633 1961 2683 terrent.
1999 2625 2158 2699 Greg.

579 2711 663 2770 Μ.
693 2713 732 2767 ι.
765 2729 847 2779 Ill,
874 2713 1045 2779 Dial.,
1070 2729 1118 2769 c.
1151 2713 1240 2769 58.
1549 2717 1556 2721 ’

650 2802 757 2874 75
803 2803 907 2860 568
954 2803 1290 2874 Lougobardi
1333 2820 1458 2876 rege
1494 2805 1724 2863 Aiboino
1763 2822 1948 2864 mense
1989 2808 2160 2880 Aprili

580 2891 862 2948 Venetiam
887 2903 938 2948 et
969 2893 1106 2950 fines
1135 2893 1249 2963 ejus
1276 2895 1503 2966 ingressi
1532 2905 1678 2962 sunt,
1702 2911 1949 2967 eamque,
1973 2899 2162 2968 paucis

575 2984 886 3042 civitatibus
911 2987 1174 3057 exceptis,
1198 2997 1414 3059 captam
1439 2986 1805 3058 subjicientes,
1832 2990 1974 3060 apud
2000 2990 2163 3061 Aqui-

575 3071 774 3144 legiam
801 3115 817 3141 ,
850 3091 943 3131 seu
977 3076 1174 3132 Forum
1203 3075 1355 3144 Julii,
1385 3077 1614 3132 electam
1644 3087 1851 3149 partem
1881 3080 2158 3150 copiarum

575 3180 702 3224 cum
751 3167 887 3222 duce
925 3166 1134 3224 Gisulfo
1181 3167 1582 3242 relinquentes,
1629 3168 1698 3223 ad
1734 3176 1898 3224 totam
1945 3169 2154 3226 Italiam

577 3257 898 3326 capiendam
942 3259 1151 3314 animos
1203 3259 1508 3315 intendunt.
1545 3259 1704 3315 Paul.
1742 3261 1893 3315 Diae.
1924 3261 1961 3316 ι.
1995 3278 2069 3329 n,
2104 3280 2151 3317 e.

577 3347 939 3418 '7.-—-Ingens
981 3349 1083 3404 hoc
1122 3364 1264 3404 anno
1301 3350 1393 3405 nix
1419 3349 1653 3416 cecidit,
1696 3357 1750 3406 et
1787 3350 2003 3406 insolita
2043 3352 2156 3408 fru.

575 3452 702 3510 gum
729 3439 884 3506 copia
910 3439 1197 3494 subsecuta
1229 3447 1330 3494 est.
1365 3439 1525 3494 Paul.
1555 3440 1709 3495 Diae.

646 3527 752 3584 569
780 3527 892 3583 Hoc
922 3538 1164 3598 tempore
1201 3525 1378 3584 Hunni
1407 3539 1562 3601 rupta
1589 3546 1721 3601 pace
1747 3530 1942 3586 iterum
1981 3531 2156 3587 Fran-

576 3618 719 3675 ciam
745 3629 1008 3690 petentes,
1027 3620 1162 3676 dolis
1187 3621 1441 3678 instructi
1465 3621 1803 3692 Sigebertum
1827 3639 2006 3692 regem
2029 3639 2151 3678 cum

574 3709 804 3772 Francis
829 3711 946 3766 acie
972 3711 1175 3766 victum
1221 3711 1428 3782 fugant.
1474 3712 1632 3782 Greg.
1663 3711 1792 3767 Tur.
1825 3712 2035 3768 566.—
2054 3712 2148 3766 Al-

572 3799 773 3857 boinus
799 3816 894 3855 rex
923 3817 1045 3856 eum
1073 3799 1443 3873 Longobardis
1472 3802 1746 3874 Liguriam
1774 3803 1972 3858 invasit
1999 3843 2014 3868 ,
2039 3803 2152 3858 Me-

572 3893 846 3953 diolanum
876 3904 930 3948 et
959 3893 1093 3950 alias
1120 3894 1401 3966 plerasque
1424 3896 1585 3952 urbes
1623 3897 1788 3967 cepit,
1834 3904 1889 3951 et
1919 3896 2153 3951 circum-

573 4001 790 4055 quaque
821 3986 1013 4056 przedis
1041 3995 1096 4042 et
1125 3987 1362 4043 czcdibus
1408 3986 1752 4055 furibundus,
1781 3987 2001 4057 Papiam
2030 3987 2151 4059 plus

573 4076 809 4135 triennio
838 4077 1068 4145 obsedit.
1102 4076 1261 4133 Paul.
1289 4077 1444 4133 Diae.

2260 1989 2391 2046 lium
2419 2005 2574 2046 suum
2602 1990 2870 2046 hostiliter
2901 1990 2951 2044 in
2975 2005 3198 2060 regnum
3230 1987 3496 2058 Sigeberti
3529 1988 3716 2043 fratris
3755 1989 3845 2045 sui
3874 1991 3878 1994 ’

2260 2080 2447 2148 misit;
2480 2080 2571 2152 qui
2611 2097 2732 2136 cum
2771 2080 2924 2152 juxta
2955 2079 3407 2151 Burdegalensem
3443 2079 3709 2136 resideret
3751 2094 3849 2136 ur-

2259 2168 2384 2225 bem
2409 2209 2426 2236 ,
2459 2167 2696 2242 Sigulfus
2740 2170 2849 2225 dux
2887 2183 2954 2225 ex
3000 2178 3156 2238 parte
3190 2168 3457 2239 Sigeberti
3503 2184 3667 2240 super
3715 2186 3844 2226 eum

2260 2261 2438 2326 irruit,
2464 2249 2890 2332 fugientemque,
2916 2262 3027 2334 76
3042 2277 3166 2316 cum
3191 2261 3332 2316 tubis
3349 2270 3405 2316 et
3430 2260 3676 2317 buceinis
3699 2263 3850 2318 voci-

2258 2351 2483 2408 ferando
2507 2392 2523 2420 ,
2553 2354 2708 2424 quasi
2759 2369 2980 2410 cervum
3015 2353 3256 2409 Parisius
3301 2370 3472 2426 usque
3501 2395 3520 2422 ,
3567 2353 3658 2410 ubi
3689 2364 3848 2428 pater

2259 2442 2376 2513 ejus
2401 2443 2590 2508 fuerat,
2625 2444 2989 2515 persequitur.
3018 2445 3175 2516 Greg.
3214 2444 3340 2499 Tur.

2328 2533 2433 2590 575
2464 2533 2559 2589 IIis
2589 2534 2776 2590 diebus
2817 2533 3155 2604 Chilpericus
3194 2534 3362 2588 illium
3410 2548 3564 2589 suum
3595 2531 3848 2590 Theode-

2259 2625 2471 2682 bertum
2513 2627 2640 2682 item
2670 2628 2736 2682 ad
2766 2629 3082 2684 vastandum
3137 2628 3402 2700 Sigeberti
3439 2643 3661 2700 regnum
3692 2636 3847 2682 trans

2258 2718 2494 2791 Ligerim
2527 2720 2674 2776 misit
2704 2737 2719 2788 ;
2752 2720 2844 2791 qui
2889 2735 3014 2776 cum
3045 2720 3439 2776 vastationibus
3467 2719 3847 2776 crudelissime

2259 2811 2508 2876 instaret,
2537 2820 2591 2867 et
2612 2811 2859 2868 civitates
2884 2811 3173 2867 nonnullas
3195 2813 3452 2882 cepisset,
3477 2811 3694 2866 tandem
3717 2825 3845 2869 cum

2259 2901 2491 2958 ducibus
2521 2900 2790 2972 Sigeberti
2830 2916 3007 2973 pugna
3061 2902 3275 2960 incaute
3304 2909 3552 2958 conserta
3578 2940 3594 2967 ,
3625 2900 3844 2955 decisus

2259 2992 2488 3050 interiit.
2521 2991 2677 3065 Greg.
2711 2993 2837 3048 Tur.
2868 3010 2921 3047 a.
2953 2993 3079 3048 575.

2330 3084 2433 3139 574
2462 3084 2722 3140 Alboinus
2755 3100 2849 3140 rex
2881 3083 3356 3154 Longobardorum
3385 3082 3524 3154 apud
3569 3081 3841 3137 Veronam

2261 3176 2469 3232 insidiis
2500 3175 2782 3231 Rosmoda:
2812 3174 3054 3247 conjugis
3095 3191 3207 3231 suae
3245 3193 3274 3230 a
3306 3174 3635 3230 Ilelmichiso
3669 3174 3839 3228 armi-

2257 3283 2385 3338 gero
2413 3283 2510 3322 suo
2551 3275 2860 3336 peremptus
2889 3274 2971 3322 est
3007 3284 3020 3321 :
3053 3267 3273 3336 ipseque
3311 3265 3607 3320 Ilelmichis
3636 3263 3838 3317 frustra

2257 3371 2482 3425 regnum
2506 3364 2797 3421 attentans,
2822 3370 2942 3409 cum
2966 3356 3031 3409 ad
3062 3364 3292 3411 mortem
3323 3364 3680 3424 quaereretur,
3712 3367 3839 3406 cum

2257 3447 2445 3502 eadem
2495 3446 2766 3500 Rosmoda
2812 3443 3037 3516 conjuge
3085 3461 3182 3501 sua
3225 3456 3282 3501 et
3323 3445 3593 3500 thesauris
3623 3443 3842 3511 liliaque

2256 3539 2402 3606 regia
2454 3538 2763 3592 Albswinda
2810 3537 3118 3592 Ravennam
3152 3539 3304 3608 fugit,
3348 3538 3529 3607 ibique
3571 3550 3837 3590 venenum

2257 3630 2326 3686 ab
2356 3631 2466 3701 ipsa
2499 3638 2801 3700 acceptum,
2833 3629 3001 3700 ipsam
3025 3645 3238 3699 quoque
3262 3630 3445 3685 bibere
3468 3643 3686 3698 cogens,
3711 3643 3836 3681 cum

2259 3721 2375 3791 ipsa
2416 3721 2620 3789 pariter
2670 3720 2894 3774 interiit.
2926 3718 3084 3774 Paul.
3119 3719 3268 3775 Diae.
3304 3721 3341 3774 l.
3370 3736 3431 3783 ιι,
3461 3737 3506 3773 e.
3546 3719 3635 3773 29.
3658 3749 3729 3758 —
3753 3717 3838 3773 Si,

2256 3811 2506 3882 gebertus
2543 3825 2635 3864 rex
2665 3809 3016 3872 Francorum.
3045 3826 3188 3876 cum,
3229 3809 3663 3864 suasulcisccns
3699 3806 3836 3876 inju-

2256 3901 2388 3964 rias,
2419 3898 2603 3953 fratris
2629 3898 2917 3969 Chilperici
2973 3914 3197 3969 regnum
3251 3900 3561 3965 invasisset,
3603 3910 3836 3967 eumque

2257 3998 2444 4044 contra
2496 3988 2723 4042 vetitum
2767 3986 2828 4042 S.
2897 3987 3153 4045 Germani
3205 3988 3534 4044 Parisiorum
3595 3985 3836 4058 episcopi

2258 4078 2540 4134 mortifero
2568 4079 2694 4133 odio
2715 4079 3009 4150 fugientem
3037 4089 3472 4151 persequeretur,
3506 4079 3684 4135 missis
3713 4077 3835 4133 dolo

1631 4190 2068 4250 COMPENDIUII
2109 4189 2201 4244 EX
2236 4187 2480 4244 CODICE
2516 4185 2878 4245 BERNOLDI.

647 4302 752 4358 565
783 4299 886 4359 His
907 4304 1245 4375 temporibus,
1274 4303 1526 4358 immensa
1551 4304 1841 4374 pestilentia
1867 4313 1915 4358 et
1951 4312 2150 4366 morta-

575 4395 702 4454 litas
740 4404 902 4448 totam
947 4394 1188 4460 Italiam,
1219 4395 1443 4448 maxime
1502 4392 1795 4465 Liguriam,
1843 4393 2148 4447 devastavit.

583 4483 786 4538 Narses
815 4484 1067 4553 patricius
1097 4483 1289 4539 diuitiis
1318 4493 1528 4546 auctus,
1576 4493 1622 4538 et
1659 4484 1720 4540 ob
1749 4483 1805 4537 id
1839 4500 1870 4536 a
1901 4481 2153 4537 Romanis

575 4573 830 4641 invidiam
855 4590 1039 4644 passus
1060 4583 1107 4628 et
1142 4575 1282 4644 apud
1307 4577 1598 4648 Augustum
1627 4575 1956 4640 criminatus,
1991 4572 2152 4627 Roma

572 4663 631 4718 in
658 4662 1002 4734 Campaniam
1041 4665 1276 4719 discessit
1322 4665 1468 4742 eique
1509 4681 1779 4719 successor
1802 4663 2068 4736 Longinus
2097 4663 2151 4718 in

571 4753 794 4819 Italiam
818 4757 1064 4810 mittitur.
1097 4755 1158 4816 S.
1194 4756 1538 4826 Coluntba....
1567 4759 1842 4828 praedicat.

642 4848 747 4928 566
769 4849 949 4904 Roma:
975 4849 1231 4915 Joannes,
1255 4859 1386 4914 etc.,
1417 4859 1477 4905 ut
1505 4850 1642 4921 Aug.

648 4939 751 4994 567
785 4941 983 4995 Narses
1029 4942 1314 5012 patricius,
1343 4943 1435 5012 qui
1479 4943 1703 5001 multum
1745 4959 1838 5010 pro
1887 4942 2149 5011 republica

578 5031 929 5096 laboraverat,
957 5048 989 5087 a
1007 5033 1218 5099 Iustina
1241 5033 1375 5106 Aug.
1398 5033 1608 5103 injuriis
1631 5031 1921 5100 lacessitus,
1947 5033 2150 5101 Longo.

577 5120 768 5178 bardos
803 5121 856 5175 in
881 5119 1171 5178 Pannoniis
1200 5124 1492 5192 habitantes
1518 5124 1586 5178 ad
1615 5124 1920 5179 uastandam
1954 5133 2000 5178 et
2028 5139 2149 5194 pos-

571 5211 844 5272 sidendam
875 5212 1090 5268 Italiam
1117 5215 1366 5270 invitavit.
2038 5203 2040 5205 l

2327 4298 2430 4355 568
2463 4297 2810 4368 Langobardi,
2848 4311 2964 4367 rege
2989 4294 3236 4359 Alboino,
3263 4309 3438 4348 mense
3465 4292 3630 4363 Aprili
3670 4291 3834 4346 Vene.

2257 4393 2388 4446 tiam
2432 4390 2669 4462 ingressi,
2701 4405 2815 4444 eam
2846 4425 2862 4454 ,
2901 4387 3082 4458 paucis
3111 4385 3402 4440 ciuitatibus
3431 4384 3653 4454 exceptis
3679 4425 3693 4448 ,
3735 4384 3833 4439 sibi

2253 4485 2561 4554 subjiciunt.

2323 4571 2428 4626 569
2459 4571 2712 4625 Alboiuus
2734 4585 2826 4629 rex
2851 4585 2970 4623 eum
2997 4565 3358 4637 Longobardis
3384 4563 3652 4634 Liguriam
3684 4564 3832 4618 ini-a-

2252 4662 2338 4724 sit,
2377 4660 2734 4721 Mediolanum
2763 4668 2808 4720 et
2839 4657 2973 4713 alias
3001 4659 3276 4734 plerasque
3304 4655 3454 4709 urbes
3493 4655 3622 4724 cepit
3653 4693 3672 4720 ,
3716 4652 3827 4707 Pa.

2252 4751 2391 4821 piant
2417 4749 2532 4818 plus
2563 4749 2785 4802 triennio
2807 4748 3024 4802 obsedit.

2323 4841 2428 4894 570
2454 4840 2701 4893 Alboinus
2746 4839 3019 4908 plerasque
3048 4841 3102 4892 in
3149 4837 3339 4891 Tuscia
3377 4837 3530 4890 urbes
3569 4836 3721 4906 cepit.
3765 4835 3827 4891 S.

2262 4927 2517 4984 Vedastus
2545 4929 2817 4998 episcopus
2845 4929 2990 4981 obiit.

2325 5016 2424 5071 571
2460 5015 2742 5085 Papienses
2774 5016 2882 5087 regi
2910 5017 3132 5070 Alboino
3162 5015 3232 5069 ad
3261 5015 3574 5070 deditionem
3603 5016 3828 5071 ueniunt.

2326 5107 2436 5161 572
2468 5105 2667 5160 Narses
2694 5108 2946 5174 patricius
2975 5109 3120 5161 obiit.
3190 5168 3196 5173 _

2321 5197 2424 5252 574
2454 5196 2702 5251 Alboinus
2733 5212 2823 5250 rea:
2855 5197 3316 5266 Langobardorum
3346 5212 3437 5267 per
3455 5196 3681 5251 insidias
3708 5210 3835 5252 eon-

650 5300 820 5356 Multa
849 5303 1112 5384 prodigia,
1148 5313 1195 5364 et
1236 5305 1494 5376 pra-cipue
1536 5305 1700 5377 ignea:
1735 5305 1875 5364 acies
1919 5308 1972 5361 in
2015 5304 2141 5366 caelo
2241 5281 2389 5359 iugis
2415 5306 2525 5344 διιω
2548 5289 2612 5353 ab
2638 5288 2896 5366 armigero
2917 5303 3011 5342 διιο
3035 5287 3310 5343 060545111?-

581 5392 710 5448 t'isw
731 5402 872 5447 sunt.
