4062 5508
552 232 658 291 5‘25

1376 226 1733 284 lIEBPleNNl
1773 217 2165 282 CONTBACTI
2208 219 2577 278 AUGIENSIS
2619 212 2924 275 MONACHI

1694 298 1699 301 ⁷
1788 406 1793 411 η
1853 333 2086 394 conss
2118 330 2509 390 AUGIENSIS.

3687 205 3790 271 εει

3485 400 3490 404 -
3527 401 3537 405 -
3552 400 3605 407 -

552 504 555 505 ν
606 456 706 513 581
755 455 868 512 Hoc
913 464 1155 524 tempore
1192 451 1466 507 exercitus
1509 448 1712 504 Tiberii
1770 443 2147 517 imperatoris

2227 459 2422 529 scelera
2445 466 2501 514 et
2529 458 2669 514 mala
2697 473 2815 523 sua,
2848 458 3060 515 insidiis
3080 414 3360 529 perempto
3377 457 3533 528 (167)
3560 469 3615 514 et
3647 458 3803 514 Pari-

536 549 736 603 missus
762 544 955 599 Persas
1000 549 1250 613 potenter
1286 540 1596 610 superavit,
1626 547 1681 593 et
1709 540 1849 593 inter
1876 537 2118 591 innume-

536 638 760 696 rabilem
804 635 998 709 paeda:
1049 634 1259 705 copiam
1309 650 1380 689 xx
1437 633 1754 703 elephantos
1807 626 2119 701 imperatori

538 731 731 786 reddit.
768 730 888 801 ipse
936 730 1254 798 imperator,
1311 741 1431 780 cum
1473 724 1629 779 Italia
1674 730 1730 778 et
1777 722 1894 791 ipsa
1948 719 2120 773 Roma

538 818 681 875 bello
724 816 1205 889 Longobardorum
1232 855 1248 879 ,
1276 812 1578 885 pestilentia
1618 821 1674 868 et
1713 813 1938 880 insuper
1978 808 2122 863 fame

538 909 777 981 graviter
804 907 1103 973 laboraret,
1129 920 1297 962 naves
1327 904 1600 960 frumnento
1628 911 1854 959 onustas
1890 900 2120 956 Romam

537 999 709 1065 misit,
722 1008 776 1054 et
791 1013 1020 1054 annona:
1035 998 1246 1069 copiam
1270 995 1468 1069 populo
1481 993 1941 1055 subministravit.
1956 988 2116 1046 Paul.

539 1091 693 1150 Diae.
726 1092 765 1147 l.
804 1108 885 1157 ut,
917 1108 965 1145 c.
1000 1090 1087 1145 l2.
1320 1126 1323 1129 -

607 1182 717 1254 79
748 1181 855 1237 582
872 1180 1338 1252 Constantinopoli
1366 1179 1616 1237 Tiberius
1649 1179 1944 1250 imperator
1968 1175 2121 1234 omni

536 1270 702 1328 laude
731 1271 1117 1344 dignissimus,
1157 1274 1348 1326 morbo
1387 1279 1598 1337 tactus,
1650 1269 1814 1324 ﬁliam
1862 1283 2018 1323 suam
2066 1274 2124 1322 et

538 1360 827 1434 imperium
860 1361 1119 1418 Mauricio
1142 1360 1385 1428 tradidit,
1407 1369 1462 1417 et
1484 1361 1600 1431 ipse
1629 1376 1695 1418 ex
1729 1361 1831 1416 hac
1860 1360 1971 1414 vita
2002 1354 2123 1418 ieii-

539 1451 678 1508 citer
705 1451 975 1508 discessit.
1002 1450 1110 1507 Pro
1128 1466 1237 1521 quo
1259 1450 1402 1507 idem
1434 1449 1730 1506 Mauricius
1752 1463 1951 1522 genere
1982 1447 2125 1522 Cap-

536 1544 715 1616 padox
738 1543 986 1615 regnavit
1013 1542 1170 1599 annis
1200 1558 1314 1598 ut.
1352 1541 1507 1614 Greg.
1548 1540 1676 1596 Tur.
1698 1571 1773 1584 --—
1801 1540 1988 1596 Romae
2024 1535 2126 1597 Pe-

533 1631 712 1704 lagius
736 1634 1011 1689 secundus.
1031 1632 1179 1705 (164)
1208 1647 1343 1705 papa
1371 1631 1517 1689 LXV
1545 1632 1685 1688 sedit
1709 1632 1868 1686 anuis
1898 1646 1954 1697 x,
1980 1646 2127 1687 meu-

537 1721 690 1778 sibus
732 1738 793 1778 ll.
845 1722 946 1778 Hic
997 1722 1253 1793 templum
1304 1721 1362 1778 S.
1409 1721 1557 1777 Petri
1608 1720 1805 1775 tabulis
1851 1721 2125 1792 argenteis

2218 549 2334 604 sius
2366 549 2417 603 in
2447 548 2670 604 basilica
2691 546 2749 604 S.
2774 548 3043 605 Vincentii
3064 547 3302 618 sepulto,
3330 546 3641 604 Clotbarius
3671 563 3809 618 puer

2216 638 2364 696 ﬁlius
2400 636 2516 708 ejus
2561 654 2591 694 a
2636 638 2995 695 Guntrammo
3025 653 3151 711 rege
3179 648 3374 710 patruo
3399 655 3501 695 suo
3532 639 3806 715 baptizari

2214 730 2400 803 jussus
2422 729 2570 801 (168)
2596 739 2649 786 et
2674 731 2741 785 de
2768 744 2926 786 sacro
2951 729 3097 785 fonte
3119 739 3429 801 susceptus,
3452 729 3617 802 inque
3638 745 3809 801 regno

2218 821 2393 901 patris
2420 819 2763 885 sublimatus,
2789 829 3006 892 regente
3028 830 3207 877 matre
3228 819 3568 891 Fridegunde
3586 829 3643 876 et
3663 819 3810 874 Lan-

2220 909 2406 969 derico
2436 910 2642 983 majore
2670 911 2880 976 domus,
2906 909 3151 978 regnavit
3176 909 3334 967 annis
3362 924 3486 965 xcv.
3503 905 3661 980 Greg.
3677 906 3809 962 Tur.

2220 1018 2275 1060 α.
2300 1017 2384 1074 pr.
2412 1000 2737 1056 Mummulus
2767 1000 3046 1071 patricius,
3084 1013 3210 1056 reus
3255 997 3564 1072 majestatis
3610 996 3804 1054 convi-

2221 1103 2365 1171 ctus,
2383 1093 2537 1164 jussu
2562 1091 2904 1151 Guntrammi
2937 1091 3082 1165 regis
3108 1090 3455 1158 interﬁcitur,
3483 1098 3540 1147 et
3562 1088 3809 1167 thesauri

2222 1181 2341 1255 ejus
2366 1182 2419 1239 in
2447 1181 2639 1240 ﬁscum
2666 1183 3002 1253 rediguntur.
3040 1179 3195 1253 Greg.
3223 1182 3280 1236 It.
3304 1198 3359 1236 a.
3780 1246 3783 1249 _

2294 1272 2398 1328 586
2435 1273 2491 1327 ιιι
2518 1272 2670 1331 Italia
2698 1271 3038 1345 Langobardi
3070 1281 3191 1343 post
3214 1287 3246 1329 ι
3272 1284 3465 1336 annos,
3487 1267 3689 1343 quibus
3711 1269 3813 1325 du-

2223 1390 2316 1432 ces
2341 1381 2646 1447 praeerant,
2686 1369 3011 1426 Autbarium
3047 1366 3272 1425 Flavum
3304 1365 3602 1447 Clepbonis
3635 1363 3811 1437 ﬁliuni

2224 1484 2408 1542 regem
2438 1476 2714 1533 statuunt;
2747 1463 2840 1536 qui
2874 1461 3066 1519 bellica
3105 1460 3286 1518 clarus
3320 1446 3520 1514 virtute
3553 1455 3811 1529 regnavit

2225 1560 2385 1616 annis
2411 1575 2489 1626 vt,
2513 1572 2607 1630 qut
2640 1557 2782 1612 inter
2807 1553 2914 1608 alia
2952 1551 3242 1611 Brexillam
3272 1550 3462 1607 urbem
3491 1548 3705 1616 diruit,
3752 1557 3814 1603 et

2226 1661 2395 1710 totam
2423 1666 2561 1721 pene
2585 1649 2792 1705 Italiam
2822 1656 3011 1703 secuto
3045 1655 3284 1717 tempore
3307 1645 3448 1702 bello
3473 1644 3809 1716 peragravit.

2234 1741 2391 1798 Paul.
2431 1742 2587 1797 Diae.
2615 1738 2977 1811 Leovigildus,
3004 1753 3097 1795 rex
3126 1737 3426 1799 Goﬁiorum
3460 1737 3515 1792 in
3545 1734 3806 1805 Hispania

539 1815 820 1870 dcauratis
846 1815 1011 1881 texit,
1040 1816 1260 1871 domum
1308 1829 1462 1869 suam
1506 1812 1901 1869 xeuodochium
1951 1811 2080 1867 fecit
2107 1852 2122 1879 ,
2156 1810 2199 1867 Β
2225 1834 2482 1898 “ianus,
2505 1810 2954 1902 Herminigjldum
2985 1844 3166 1901 regem
3196 1829 3365 1884 mium
3392 1844 3548 1885 suum
3571 1828 3660 1885 die
3689 1843 3816 1885 san,

538 1905 820 1965 basilicam
847 1906 904 1961 S.
928 1906 1208 1963 Laurentii
1241 1905 1565 1972 construxit,
1593 1914 1648 1960 et
1677 1904 1985 1977 sepulcrum
2006 1906 2125 1977 ejus

540 1999 741 2055 tabulis
765 2000 1037 2068 argenteis
1063 2000 1298 2055 ornavit.
1331 2001 1516 2054 Anast.

611 2092 736 2146 583.
785 2091 1162 2148 Childebertus
1203 2109 1299 2148 rex
1329 2092 1665 2146 Francorum
1693 2107 1815 2147 cum
1852 2092 1954 2146 hoc
1986 2100 2124 2145 tem-

539 2199 672 2256 pore
701 2200 731 2237 ι.
763 2184 929 2239 m'llia
982 2185 1184 2241 solidos
1233 2185 1348 2239 auri
1399 2200 1429 2238 a
1482 2183 1744 2239 Mauricio
1800 2184 2127 2254 imperatore

538 2278 857 2346 accepisset,
886 2286 1155 2348 quatenus
1180 2276 1570 2348 Longobardos
1600 2292 1669 2332 ex
1696 2276 1846 2331 italia
1877 2275 2122 2345 pelleret,

541 2366 721 2423 valido
749 2384 871 2422 cum
897 2369 1139 2423 exercitu
1162 2368 1371 2423 Italiam
1401 2368 1588 2439 petiit;
1622 2368 1717 2423 sed
1750 2367 2126 2436 Longobardis

545 2459 874 2529 petentibus,
906 2469 960 2514 et
991 2475 1217 2515 munera
1244 2461 1597 2516 otfereutibus
1616 2501 1632 2526 ,
1660 2468 1850 2529 pacem
1875 2476 1996 2515 eum
2045 2458 2127 2514 eis

540 2558 870 2620 p..ctumque
898 2550 1251 2617 conﬁrmans,
1277 2552 1394 2607 sine
1434 2550 1576 2607 bello
1605 2552 1797 2616 rediit,
1840 2550 2127 2604 Mauricio.

543 2656 651 2712 quc
670 2642 959 2715 pecuniam
986 2645 1251 2714 repetenti
1280 2660 1379 2699 nec
1405 2659 1727 2716 responsum
1756 2641 1923 2697 dedit.
1966 2641 2006 2696 (ἐ
2018 2658 2123 2712 reg.

547 2732 702 2797 '1'ur.;
737 2732 901 2789 Paul.
933 2734 1089 2790 Diae.
1118 2754 1169 2789 τι.
1199 2736 1324 2791 581.

611 2826 716 2881 584
753 2826 1143 2882 Guntrauuuus
1178 2844 1301 2893 res,
1331 2827 1384 2883 in
1415 2828 1729 2883 suburbano
1765 2826 2129 2883 Cavilloneusi

542 2933 755 2973 suuqu
779 2919 959 2974 studio
987 2921 1376 2975 monasterium
1409 2921 1466 2975 S.
1496 2920 1734 2979 Marcelli
1759 2932 2085 2979 construens
2106 2963 2120 2985 ,

541 3016 611 3070 ad
657 3015 960 3086 exemplum
1007 3016 1348 3086 Agauneusis
1392 3017 1649 3072 instituit.
1696 3015 1851 3089 Greg.
1905 3017 2131 3070 Tur.—

547 3106 903 3163 anitloaldus
927 3107 1074 3177 (165)
1104 3108 1348 3176 quidam,
1376 3123 1499 3162 cum
1531 3109 1733 3164 auxilio
1764 3109 2040 3163 Mnmmuli
2077 3116 2128 3165 et

541 3198 806 3252 Desiderii
855 3212 1078 3268 regnum
1131 3198 1422 3265 aﬂ‘ectans,
1472 3210 1662 3255 contra
1706 3199 2124 3256 Guutrau‘nuum

540 3289 885 3361 tyrannidem
914 3289 1136 3344 invasit.
1178 3290 1286 3345 Sed
1326 3305 1357 3343 a
1401 3290 1629 3347 ducibus
1674 3291 1790 3361 ejus
1843 3289 2125 3344 Leudisclo

541 3391 598 3436 et
631 3381 852 3450 Egilauo
885 3380 1121 3451 fugatus,
1162 3397 1286 3437 cum
1335 3382 1598 3438 latebram
1651 3382 1942 3438 Cambauis
1976 3382 2125 3452 (166)

539 3471 676 3526 urbe
704 3471 934 3540 foveret,
955 3490 985 3527 a
1011 3473 1219 3529 Bosone
1251 3473 1316 3528 de
1342 3488 1472 3544 rupe
1500 3474 1872 3546 prmcipitatus
1897 3474 2126 3539 interiit,

543 3560 588 3617 (ἶ
596 3578 700 3632 reg.
731 3562 858 3617 Tur.

610 3657 722 3729 8-9
756 3656 860 3713 585
899 3656 1204 3728 Chilperico
1236 3674 1361 3729 rege
1391 3657 1747 3721 Francorum,
1787 3665 1911 3728 post
1957 3655 2126 3711 multa

2226 1933 2315 1981 cto
2348 1925 2570 1980 Pascha:
2597 1939 2732 1978 xvnt
2752 1921 2869 1977 Kal.
2912 1922 3035 1977 Maii
3063 1921 3208 1994 (169)
3241 1922 3415 1977 securi
3442 1920 3607 1991 jussit
3645 1919 3822 1997 inter-

2227 2014 2332 2070 ﬁci.
2366 2013 2756 2070 Guntrammus
2779 2027 2873 2067 rex
2896 2011 3199 2067 exercitum
3229 2011 3282 2066 in
3309 2009 3595 2083 llispauias
3618 2008 3813 2079 misit,

2228 2106 2321 2177 qui
2353 2106 2662 2160 iulirmatus
2691 2103 2878 2159 statim
2901 2101 3057 2158 redit.
3082 2099 3239 2172 Greg.
3282 2099 3410 2154 Tur.
3445 2117 3498 2154 a.
3525 2099 3652 2155 585.

2296 2197 2398 2253 587
2438 2195 2755 2252 Lcudisolus
2778 2192 3226 2267 [Leudegisclus]
3270 2209 3299 2247 a
3332 2191 3691 2248 Guutrammo
3715 2208 3812 2262 pa-

2229 2290 2418 2345 tricius
2463 2286 2831 2358 promovetur.
2887 2286 3044 2357 Greg.
3096 2284 3223 2339 Tur.
3267 2301 3320 2337 α.
3359 2284 3483 2340 586.
3515 2314 3587 2324 —
3617 2283 3813 2355 Magna

2227 2400 2501 2455 aquarum
2536 2383 2816 2438 inundatio
2850 2380 3016 2437 facta.
3041 2379 3245 2437 Globus
3282 2378 3470 2449 igneus
3502 2378 3813 2434 scintillans

2227 2485 2281 2529 et
2311 2476 2464 2544 quasi
2494 2475 2712 2546 rugiens
2735 2474 2801 2527 de
2826 2472 2965 2528 caelo
2995 2472 3047 2526 iu
3077 2481 3276 2549 terram
3310 2469 3527 2525 cecidit.
3557 2468 3647 2522 Id.
3670 2468 3726 2522 Ii.
3752 2485 3810 2523 α.

2225 2596 2298 2615 -ς-
2323 2566 2378 2620 lu
2405 2564 2660 2634 Hispania
2686 2563 3022 2631 Loovigildus
3045 2576 3135 2617 rex
3159 2561 3459 2616 Gothorqu
3484 2558 3739 2624 moritur,
3762 2567 3817 2615 ct

2228 2658 2575 2714 Reccarcdus
2625 2656 2766 2711 ﬁlius
2818 2654 2934 2724 ejus
2979 2670 3070 2708 res
3115 2668 3212 2722 pro
3252 2667 3317 2707 eo
3364 2650 3635 2714 eﬁicitur;
3681 2649 3815 2720 qui,

2229 2751 2465 2806 instante
2491 2749 2734 2803 Leandre
2766 2746 3102 2816 llispalitauo
3125 2745 3409 2815 episcopo,
3442 2758 3472 2796 a
3508 2757 3617 2812 quo
3640 2740 3816 2796 frater

2228 2844 2345 2915 ejus
2377 2841 2798 2911 Herminigiltlus
2823 2853 3120 2904 conversus
3143 2836 3341 2901 fuerat,
3364 2850 3491 2889 cum
3516 2842 3627 2888 tota
3651 2842 3816 2904 gente

2229 2935 2528 2991 Gothorum
2558 2948 2664 2987 non
2700 2931 2869 2985 multo
2898 2941 3020 3001 post
3042 2928 3111 2983 ad
3137 2926 3461 2982 catholicam
3498 2924 3659 2980 iidem
3685 2940 3819 2980 cou-

2232 3026 2479 3081 vertitur.
2514 3021 2671 3094 Greg.
2708 3021 2835 3081 Tur.
2868 3038 2921 3077 a.
2952 3019 3054 3077 586
3080 3028 3128 3073 et
3151 3017 3277 3073 588.

2305 3118 2411 3173 588
2447 3115 2835 3171 Gttutrammus
2854 3152 2870 3180 ,
2907 3125 2963 3168 et
2991 3111 3371 3167 Cltildebertus
3398 3123 3557 3180 reges
3585 3108 3728 3163 inter
3759 3122 3823 3169 se

2233 3222 2422 3278 pacem
2477 3216 2533 3261 et
2582 3214 2801 3275 pactum
2843 3211 3028 3258 annuo
3074 3201 3427 3268 conﬁrmant,
3482 3214 3821 3269 regnumque

2233 3296 2572 3352 Guntraunui
2610 3303 2729 3364 post
2756 3294 2960 3348 nbitttm
2999 3292 3117 3363 ejus
3156 3289 3503 3346 Childcberto
3530 3289 3638 3360 81
3686 3303 3822 3359 pro-

2235 3385 2487 3440 mittitur.
2521 3382 2767 3438 Nouuulli
2798 3382 3100 3454 principum
3124 3388 3180 3434 et
3209 3378 3406 3434 ducum
3445 3377 3818 3445 Childeberti,

2234 3475 2627 3546 conjurationis
2649 3484 2838 3529 Contra
2868 3489 2989 3527 cum
3019 3470 3275 3537 convicti,
3305 3468 3478 3540 puniti
3504 3476 3649 3523 sunt.
3686 3466 3822 3522 Fre-

2234 3567 2350 3643 deg.
2373 3584 2425 3621 a.
2465 3565 2588 3620 587.
2613 3594 2683 3603 -
2713 3563 2767 3617 In
2802 3562 3056 3632 Hispania
3089 3560 3310 3615 haeresis
3351 3558 3628 3612 destructa
3655 3565 3711 3610 et
3735 3572 3824 3626 sy-

2235 3654 2410 3711 nodus
2446 3654 2707 3710 Toletaua
2736 3653 2961 3709 collecta
2987 3659 3073 3707 est
3119 3649 3386 3705 industria
3421 3646 3652 3703 Leandri
3684 3662 3823 3717 prae-

1562 3788 2012 3848 COMPENDlUM
2051 3787 2145 3843 EX
2183 3785 2428 3842 CODIGE
2456 3781 2830 3841 .BERNOLDI.

614 3911 709 3966 £8!
744 3911 858 3968 Hoc
879 3922 1103 3981 tempore
1124 3911 1379 3966 exercitus
1411 3909 1601 3964 Tiberii
1630 3906 1961 3961 imperatoris
1994 3901 2124 3956 Per-

544 4019 631 4056 sas
667 4013 899 4070 potenter
927 4004 1212 4073 superavit.

616 4090 723 4146 582
759 4089 1208 4161 Constantinam)“
1247 4090 1483 4146 Tiberius
1514 4090 1653 4145 omni
1686 4088 1845 4144 laude
1875 4086 2123 4158 dignissi-

544 4198 661 4243 νινε
686 4184 843 4246 obiit,
890 4199 984 4252 pro
1038 4199 1142 4253 quo
1190 4181 1486 4237 Mauricius
1534 4182 1767 4252 regnavit
1807 4181 1962 4235 annis
2012 4195 2126 4234 ut.

544 4278 726 4340 Romae
753 4273 999 4346 Pelagius
1027 4268 1288 4330 secundus
1326 4292 1462 4346 papa
1503 4272 1652 4328 LXV
1684 4266 1815 4330 sedit
1855 4274 2007 4327 anuis
2060 4288 2125 4340 κ,

544 4370 809 4431 mensibus
839 4385 901 4424 ll.
929 4369 1029 4424 Hic
1056 4369 1304 4440 templum
1353 4352 1412 4422 S.
1449 4366 1596 4421 Petri
1631 4367 1820 4422 tabulis
1867 4366 2126 4438 argenteis

546 4464 817 4519 deauratis
845 4463 997 4530 texit,
1025 4463 1235 4535 aliaque
1267 4461 1431 4517 multa
1456 4461 1590 4513 bona
1621 4459 1761 4528 fecit.

618 4554 723 4611 583
762 4552 1122 4608 Childebertus
1162 4570 1252 4608 rea:
1284 4550 1650 4616 Francorum,
1691 4551 1916 4620 acceptis
1947 4568 1976 4606 ι.
2006 4551 2127 4604 mil-

547 4648 683 4702 libus
712 4647 1003 4702 solidorum
1033 4646 1205 4699 auria
1228 4645 1491 4699 Mauricio
1520 4644 1644 4710 imp.
1676 4654 1727 4695 ut
1757 4641 2129 4713 Longobardos

528 4726 612 4789 'de
638 4734 797 4790 Italia
830 4736 1059 4805 pelleret,
1086 4752 1201 4789 cum
1228 4737 1419 4790 eisdem
1436 4749 1643 4805 pactum
1671 4736 1926 4807 ﬁrmarit,
1952 4746 1996 4788 et
2030 4736 2132 4787 int-

547 4829 776 4901 peratori
802 4829 1075 4897 pecuniam
1119 4829 1399 4897 requirenti
1435 4845 1526 4882 nec
1563 4844 1864 4895 responsura
1894 4827 2056 4878 dedit.

621 4917 724 4972 58l
777 4915 1154 4972 Guntrammus
1196 4933 1285 4970 rex
1327 4918 1380 4970 in
1432 4919 1732 4973 suburbano
1778 4915 2132 4971 Cabillonensi

551 5012 927 5078 monasterium
956 5011 1017 5067 S.
1042 5010 1283 5067 Marcelli
1312 5012 1630 5069 construxit.

2304 3898 2411 3955 585
2444 3895 2767 3967 Cltilpericus
2794 3910 2888 3948 rex
2913 3891 3275 3957 Francorum,
3298 3904 3389 3960 per
3423 3886 3643 3943 insidias
3688 3887 3824 3941 inte-

2234 4000 2492 4059 remptus,
2526 3986 2768 4041 Parisius
2799 3984 3067 4055 sepelitur.

2303 4081 2407 4137 586
2443 4076 2778 4149 Langobardi
2802 4073 3112 4129 Aut/larium
3152 4086 3319 4141 regem
3346 4071 3444 4125 sibi
3466 4070 3816 4152 constituunt.

2303 4172 2405 4227 587
2442 4169 2638 4225 Globus
2672 4168 2922 4238 igneus...
2962 4163 3167 4219 cecidit.
3208 4161 3275 4216 In
3315 4160 3575 4231 Hispania
3620 4158 3822 4216 Richa-

2236 4264 2419 4328 redus,
2452 4260 2703 4331 Levigildi
2753 4258 2886 4329 regis
2930 4255 3221 4312 Gothorum
3267 4254 3453 4308 Ariani
3492 4253 3665 4322 ﬁlius,
3696 4262 3812 4323 post

2231 4365 2448 4411 mortem
2475 4352 2640 4423 patris
2678 4350 2890 4420 eﬁ'ectus
2930 4363 3048 4411 rem,
3100 4363 3133 4399 a
3182 4344 3422 4399 Leandre
3472 4342 3815 4413 Hispalitatto

2230 4447 2467 4516 episcopo
2519 4460 2638 4497 cum
2679 4451 2791 4496 tota
2837 4448 2986 4511 gente
3032 4436 3323 4494 Gothorum
3375 4439 3443 4489 ad
3496 4433 3810 4490 catholicam

2228 4540 2385 4609 ﬁdem
2415 4535 2751 4591 convertitur.

2300 4631 2404 4686 588
2443 4628 2509 4684 ln
2556 4626 2820 4699 Hispania
2849 4625 3063 4682 lateresis
3110 4624 3379 4679 Ariona...
3415 4619 3570 4690 regis.
3600 4617 3817 4675 Cwsara

2235 4724 2435 4788 regina,
2461 4736 2596 4774 uxor
2622 4716 2838 4786 Aunulﬁ
2867 4718 3000 4787 regis
3043 4714 3321 4770 Persarum
3344 4752 3359 4778 ,
3404 4710 3604 4766 occulte
3648 4708 3819 4777 bapti-

2237 4824 2380 4878 zata,
2401 4814 2727 4884 postmodum
2754 4811 2913 4864 etiam
2938 4809 3191 4862 maritum
3212 4822 3363 4861 suum
3392 4819 3512 4859 cum
3539 4811 3648 4857 tota
3668 4809 3817 4872 gente

2233 4906 2374 4978 apud
2398 4905 2730 4959 Antiochiam
2758 4900 3021 4972 baptizari
3059 4897 3346 4970 persuasit.

2062 5125 2296 5183 NOT/E.

623 5219 771 5291 (164)
811 5218 1058 5291 Pelagius
1083 5219 1257 5291 lljam
1287 5233 1337 5274 a.
1369 5218 1473 5291 578
1499 5232 1637 5289 papa
1665 5215 1766 5271 fuit
1794 5215 2016 5291 electus.

624 5285 771 5361 (165)
812 5290 912 5348 llic
942 5285 1066 5346 crat
1108 5285 2124 5361 G'uudohaldusprieteususClotharii

553 5355 912 5447 {:rgis'ﬁlitt's,
957 5361 1024 5447 de
1069 5355 1600 5447 quonpluribtlt's‘ag'it
1626 5357 1947 5447 Greg'tyitriumsn
1967 5355 2123 5447 Tum,

551 5425 692 5498 illst.
710 5431 935 5508 Franc.,
958 5431 993 5508 Ιἶ
1016 5425 1167 5508 νιξς.
1188 5425 1338 5508 {iet
1362 5425 1616 5508 26,_lfvu
1637 5472 1650 5495 ,
1683 5425 1855 5494 c.'56,
1992 5435 2122 5489 etc.,

2224 5235 2275 5274 c.
2312 5217 2404 5271 58.

2297 5287 2446 5359 (l67)
2486 5285 2631 5341 Mors
2659 5282 2950 5353 Cbllperici
2982 5300 3011 5338 a
3043 5279 3305 5354 Gregorio
3336 5277 3398 5333 ad
3437 5290 3525 5329 an.
3568 5273 3676 5330 58$
3719 5286 3810 5328 re-

2226 5366 2799 5508 ἶοῗῗὲὶὲῖϐιοψπίηε
2829 5424 3075 5508 primum
3107 5438 3159 5477 a.
3191 5419 3294 5476 590
3344 5415 3651 5487 baptizatus
3705 5421 3811 5471 est.
