  <div class='ocr_page' id='page_1' title='image "/cluster/home/n/w/nwhite01/storage/ocr_20150623/143/hvd.32044015471816/069.png"; bbox 0 0 4062 5508; ppageno 0'>
   <div class='ocr_carea' id='block_1_1' title="bbox 525 311 631 371">
    <p class='ocr_par' dir='ltr' id='par_1_1' title="bbox 525 311 631 371">
     <span class='ocr_line' id='line_1_1' title="bbox 525 311 631 371; baseline -0.009 0"><span class='ocrx_word' id='word_1_1' title='bbox 525 311 631 371; x_wconf 68' lang='grc' dir='ltr'>1⁸ὶ7</span> 
     </span>
    </p>
   </div>
   <div class='ocr_carea' id='block_1_2' title="bbox 1369 311 2913 378">
    <p class='ocr_par' dir='ltr' id='par_1_2' title="bbox 1369 311 2913 378">
     <span class='ocr_line' id='line_1_2' title="bbox 1369 311 2913 378; baseline 0.005 -10"><span class='ocrx_word' id='word_1_2' title='bbox 1369 311 1727 371; x_wconf 72' lang='grc' dir='ltr'><strong>ῙΙΕΒΜΛΝΝΙ</strong></span> <span class='ocrx_word' id='word_1_3' title='bbox 1765 314 2159 374; x_wconf 68' lang='lat' dir='ltr'><strong>CONTBACTI</strong></span> <span class='ocrx_word' id='word_1_4' title='bbox 2196 315 2569 378; x_wconf 76' lang='lat' dir='ltr'><strong>AUGIENSIS</strong></span> <span class='ocrx_word' id='word_1_5' title='bbox 2607 319 2913 378; x_wconf 77' lang='lat' dir='ltr'><strong>MONACllI</strong></span> 
     </span>
    </p>
   </div>
   <div class='ocr_carea' id='block_1_3' title="bbox 3682 324 3785 382">
    <p class='ocr_par' dir='ltr' id='par_1_3' title="bbox 3682 324 3785 382">
     <span class='ocr_line' id='line_1_3' title="bbox 3682 324 3785 382; baseline 0.01 -1"><span class='ocrx_word' id='word_1_6' title='bbox 3682 324 3785 382; x_wconf 63' lang='lat'><strong>198</strong></span> 
     </span>
    </p>
   </div>
   <div class='ocr_carea' id='block_1_4' title="bbox 1846 449 2499 511">
    <p class='ocr_par' dir='ltr' id='par_1_4' title="bbox 1846 449 2499 511">
     <span class='ocr_line' id='line_1_4' title="bbox 1846 449 2499 511; baseline 0.005 -3"><span class='ocrx_word' id='word_1_7' title='bbox 1846 451 2078 508; x_wconf 78' lang='lat' dir='ltr'><strong>CODEX</strong></span> <span class='ocrx_word' id='word_1_8' title='bbox 2113 449 2499 511; x_wconf 74' lang='lat' dir='ltr'><strong>AUGIENSIS.</strong></span> 
     </span>
    </p>
   </div>
   <div class='ocr_carea' id='block_1_5' title="bbox 597 532 3787 645">
    <p class='ocr_par' dir='ltr' id='par_1_5' title="bbox 597 532 3787 645">
     <span class='ocr_line' id='line_1_5' title="bbox 597 532 3787 645; baseline 0.001 -23"><span class='ocrx_word' id='word_1_9' title='bbox 597 566 703 623; x_wconf 85' lang='grc'><strong>595</strong></span> <span class='ocrx_word' id='word_1_10' title='bbox 739 565 1034 636; x_wconf 80' lang='lat' dir='ltr'><strong>Gregorius</strong></span> <span class='ocrx_word' id='word_1_11' title='bbox 1074 579 1210 636; x_wconf 88' lang='lat' dir='ltr'><strong>papa</strong></span> <span class='ocrx_word' id='word_1_12' title='bbox 1249 564 1513 636; x_wconf 84' lang='lat' dir='ltr'><strong>synodum</strong></span> <span class='ocrx_word' id='word_1_13' title='bbox 1556 580 1689 620; x_wconf 78' lang='lat' dir='ltr'><strong>xxiv</strong></span> <span class='ocrx_word' id='word_1_14' title='bbox 1724 565 2105 637; x_wconf 86' lang='lat' dir='ltr'><strong>episcoporum</strong></span> <span class='ocrx_word' id='word_1_15' title='bbox 2139 569 2181 626; x_wconf 84' lang='grc' dir='ltr'>Λ</span> <span class='ocrx_word' id='word_1_16' title='bbox 2212 577 2525 638; x_wconf 78' lang='lat' dir='ltr'><strong>peremptus</strong></span> <span class='ocrx_word' id='word_1_17' title='bbox 2565 578 2669 625; x_wconf 90' lang='lat' dir='ltr'><strong>est.</strong></span> <span class='ocrx_word' id='word_1_18' title='bbox 2714 568 2939 642; x_wconf 82' lang='lat' dir='ltr'><strong>Fredeg.</strong></span> <span class='ocrx_word' id='word_1_19' title='bbox 2971 588 3004 626; x_wconf 89' lang='lat' dir='ltr'><strong>a</strong></span> <span class='ocrx_word' id='word_1_20' title='bbox 3037 532 3130 643; x_wconf 76' lang='lat' dir='ltr'><strong>pr.</strong></span> <span class='ocrx_word' id='word_1_21' title='bbox 3152 603 3221 613; x_wconf 97' lang='lat'>—</span> <span class='ocrx_word' id='word_1_22' title='bbox 3258 573 3364 628; x_wconf 87' lang='lat' dir='ltr'><strong>Per</strong></span> <span class='ocrx_word' id='word_1_23' title='bbox 3389 572 3507 629; x_wconf 65' lang='lat' dir='ltr'><strong>haec</strong></span> <span class='ocrx_word' id='word_1_24' title='bbox 3541 578 3787 645; x_wconf 83' lang='lat' dir='ltr'><strong>tempora</strong></span> 
     </span>
    </p>
   </div>
   <div class='ocr_carea' id='block_1_6' title="bbox 528 654 2147 730">
    <p class='ocr_par' dir='ltr' id='par_1_6' title="bbox 528 654 2147 730">
     <span class='ocr_line' id='line_1_6' title="bbox 528 654 2147 730; baseline -0.002 -17"><span class='ocrx_word' id='word_1_25' title='bbox 528 673 630 730; x_wconf 87' lang='lat' dir='ltr'><strong>pro</strong></span> <span class='ocrx_word' id='word_1_26' title='bbox 661 657 892 713; x_wconf 90' lang='lat' dir='ltr'><strong>utilitate</strong></span> <span class='ocrx_word' id='word_1_27' title='bbox 938 656 1192 711; x_wconf 62' lang='lat' dir='ltr'><strong>Ecclesiae</strong></span> <span class='ocrx_word' id='word_1_28' title='bbox 1226 656 1294 709; x_wconf 92' lang='lat' dir='ltr'><strong>ad</strong></span> <span class='ocrx_word' id='word_1_29' title='bbox 1323 654 1583 711; x_wconf 84' lang='lat' dir='ltr'><strong>Sanctum</strong></span> <span class='ocrx_word' id='word_1_30' title='bbox 1624 654 1867 710; x_wconf 85' lang='lat' dir='ltr'><strong>Petrum</strong></span> <span class='ocrx_word' id='word_1_31' title='bbox 1891 654 2109 726; x_wconf 83' lang='lat' dir='ltr'><strong>collegit</strong></span> <span class='ocrx_word' id='word_1_32' title='bbox 2143 663 2147 667; x_wconf 79' lang='grc'><strong>’</strong></span> 
     </span>
    </p>
   </div>
   <div class='ocr_carea' id='block_1_7' title="bbox 526 748 2112 824">
    <p class='ocr_par' dir='ltr' id='par_1_7' title="bbox 526 748 2112 824">
     <span class='ocr_line' id='line_1_7' title="bbox 526 748 2112 824; baseline -0.004 -18"><span class='ocrx_word' id='word_1_33' title='bbox 526 752 819 824; x_wconf 73' lang='lat' dir='ltr'><strong>indictione</strong></span> <span class='ocrx_word' id='word_1_34' title='bbox 856 750 1140 820; x_wconf 81' lang='lat' dir='ltr'><strong>xtv(l77).</strong></span> <span class='ocrx_word' id='word_1_35' title='bbox 1171 748 1360 804; x_wconf 85' lang='lat' dir='ltr'><strong>Franci</strong></span> <span class='ocrx_word' id='word_1_36' title='bbox 1410 758 1465 803; x_wconf 90' lang='lat' dir='ltr'><strong>et</strong></span> <span class='ocrx_word' id='word_1_37' title='bbox 1486 748 1730 803; x_wconf 80' lang='lat' dir='ltr'><strong>Britanni</strong></span> <span class='ocrx_word' id='word_1_38' title='bbox 1760 749 1910 818; x_wconf 82' lang='lat' dir='ltr'><strong>gravi</strong></span> <span class='ocrx_word' id='word_1_39' title='bbox 1939 748 2112 801; x_wconf 84' lang='lat' dir='ltr'><strong>utrin-</strong></span> 
     </span>
    </p>
   </div>
   <div class='ocr_carea' id='block_1_8' title="bbox 525 824 2109 909">
    <p class='ocr_par' dir='ltr' id='par_1_8' title="bbox 525 824 2109 909">
     <span class='ocr_line' id='line_1_8' title="bbox 525 824 2109 909; baseline -0.003 -15"><span class='ocrx_word' id='word_1_40' title='bbox 525 851 631 908; x_wconf 84' lang='lat' dir='ltr'><strong>que</strong></span> <span class='ocrx_word' id='word_1_41' title='bbox 655 824 1007 909; x_wconf 45' lang='lat' dir='ltr'><strong>caede&#39;pugna</strong></span> <span class='ocrx_word' id='word_1_42' title='bbox 1042 838 1358 907; x_wconf 75' lang='lat' dir='ltr'><strong>conﬂigunt.</strong></span> <span class='ocrx_word' id='word_1_43' title='bbox 1410 835 1505 891; x_wconf 80' lang='lat' dir='ltr'><strong>llis</strong></span> <span class='ocrx_word' id='word_1_44' title='bbox 1542 837 1734 891; x_wconf 88' lang='lat' dir='ltr'><strong>diebus</strong></span> <span class='ocrx_word' id='word_1_45' title='bbox 1764 836 1976 892; x_wconf 91' lang='lat' dir='ltr'><strong>Tassilo</strong></span> <span class='ocrx_word' id='word_1_46' title='bbox 2015 851 2109 890; x_wconf 88' lang='lat' dir='ltr'><strong>rex</strong></span> 
     </span>
    </p>
   </div>
   <div class='ocr_carea' id='block_1_9' title="bbox 526 926 2112 999">
    <p class='ocr_par' dir='ltr' id='par_1_9' title="bbox 526 926 2112 999">
     <span class='ocr_line' id='line_1_9' title="bbox 526 926 2112 999; baseline -0.001 -16"><span class='ocrx_word' id='word_1_47' title='bbox 526 928 902 999; x_wconf 77' lang='lat' dir='ltr'><strong>Bajoariorum</strong></span> <span class='ocrx_word' id='word_1_48' title='bbox 954 943 984 982; x_wconf 90' lang='lat' dir='ltr'><strong>a</strong></span> <span class='ocrx_word' id='word_1_49' title='bbox 1039 926 1386 983; x_wconf 84' lang='lat' dir='ltr'><strong>Childeberto</strong></span> <span class='ocrx_word' id='word_1_50' title='bbox 1431 927 1799 989; x_wconf 85' lang='lat' dir='ltr'><strong>constituitur,</strong></span> <span class='ocrx_word' id='word_1_51' title='bbox 1848 927 1938 998; x_wconf 90' lang='lat' dir='ltr'><strong>qui</strong></span> <span class='ocrx_word' id='word_1_52' title='bbox 1987 941 2112 981; x_wconf 86' lang='lat' dir='ltr'><strong>mox</strong></span> 
     </span>
    </p>
   </div>
   <div class='ocr_carea' id='block_1_10' title="bbox 525 1020 2111 1093">
    <p class='ocr_par' dir='ltr' id='par_1_10' title="bbox 525 1020 2111 1093">
     <span class='ocr_line' id='line_1_10' title="bbox 525 1020 2111 1093; baseline -0.003 -14"><span class='ocrx_word' id='word_1_53' title='bbox 525 1021 737 1079; x_wconf 86' lang='lat' dir='ltr'><strong>Sclavis</strong></span> <span class='ocrx_word' id='word_1_54' title='bbox 766 1021 1056 1092; x_wconf 78' lang='lat' dir='ltr'><strong>superatis,</strong></span> <span class='ocrx_word' id='word_1_55' title='bbox 1090 1035 1339 1092; x_wconf 79' lang='lat' dir='ltr'><strong>magnam</strong></span> <span class='ocrx_word' id='word_1_56' title='bbox 1372 1020 1566 1076; x_wconf 82' lang='lat' dir='ltr'><strong>exinde</strong></span> <span class='ocrx_word' id='word_1_57' title='bbox 1593 1022 1832 1091; x_wconf 65' lang='lat' dir='ltr'><strong>praedam</strong></span> <span class='ocrx_word' id='word_1_58' title='bbox 1854 1021 2111 1093; x_wconf 87' lang='lat' dir='ltr'><strong>deporta-</strong></span> 
     </span>
    </p>
   </div>
   <div class='ocr_carea' id='block_1_11' title="bbox 524 1110 1538 1177">
    <p class='ocr_par' dir='ltr' id='par_1_11' title="bbox 524 1110 1538 1177">
     <span class='ocr_line' id='line_1_11' title="bbox 524 1110 1538 1177; baseline -0.003 -9"><span class='ocrx_word' id='word_1_59' title='bbox 524 1115 623 1168; x_wconf 77' lang='lat' dir='ltr'><strong>vit.</strong></span> <span class='ocrx_word' id='word_1_60' title='bbox 657 1111 819 1167; x_wconf 84' lang='lat' dir='ltr'><strong>Paul.</strong></span> <span class='ocrx_word' id='word_1_61' title='bbox 848 1111 997 1166; x_wconf 91' lang='lat' dir='ltr'><strong>Diac.</strong></span> <span class='ocrx_word' id='word_1_62' title='bbox 1026 1111 1063 1164; x_wconf 93' lang='lat' dir='ltr'><strong>l.</strong></span> <span class='ocrx_word' id='word_1_63' title='bbox 1092 1126 1164 1177; x_wconf 88' lang='lat' dir='ltr'><strong>tv,</strong></span> <span class='ocrx_word' id='word_1_64' title='bbox 1198 1128 1245 1165; x_wconf 80' lang='grc' dir='ltr'><strong>ε.</strong></span> <span class='ocrx_word' id='word_1_65' title='bbox 1274 1110 1329 1174; x_wconf 76' lang='grc'><strong>4,</strong></span> <span class='ocrx_word' id='word_1_66' title='bbox 1363 1111 1416 1175; x_wconf 88' lang='lat'><strong>7,</strong></span> <span class='ocrx_word' id='word_1_67' title='bbox 1448 1110 1538 1165; x_wconf 67' lang='grc'><strong>42.</strong></span> 
     </span>
    </p>
   </div>
   <div class='ocr_carea' id='block_1_12' title="bbox 598 1195 2113 1274">
    <p class='ocr_par' dir='ltr' id='par_1_12' title="bbox 598 1195 2113 1274">
     <span class='ocr_line' id='line_1_12' title="bbox 598 1195 2113 1274; baseline -0.001 -14"><span class='ocrx_word' id='word_1_68' title='bbox 598 1203 702 1260; x_wconf 90' lang='grc'><strong>596</strong></span> <span class='ocrx_word' id='word_1_69' title='bbox 744 1202 976 1262; x_wconf 88' lang='lat' dir='ltr'><strong>Sanctus</strong></span> <span class='ocrx_word' id='word_1_70' title='bbox 1013 1195 1276 1258; x_wconf 86' lang='lat' dir='ltr'><strong>Columba</strong></span> <span class='ocrx_word' id='word_1_71' title='bbox 1324 1202 1608 1273; x_wconf 84' lang='lat' dir='ltr'><strong>presbyter</strong></span> <span class='ocrx_word' id='word_1_72' title='bbox 1651 1212 1707 1259; x_wconf 88' lang='lat' dir='ltr'><strong>et</strong></span> <span class='ocrx_word' id='word_1_73' title='bbox 1752 1203 1940 1265; x_wconf 88' lang='lat' dir='ltr'><strong>abbas,</strong></span> <span class='ocrx_word' id='word_1_74' title='bbox 1988 1212 2113 1274; x_wconf 90' lang='lat' dir='ltr'><strong>post</strong></span> 
     </span>
    </p>
   </div>
   <div class='ocr_carea' id='block_1_13' title="bbox 527 1294 2116 1366">
    <p class='ocr_par' dir='ltr' id='par_1_13' title="bbox 527 1294 2116 1366">
     <span class='ocr_line' id='line_1_13' title="bbox 527 1294 2116 1366; baseline -0.001 -14"><span class='ocrx_word' id='word_1_75' title='bbox 527 1294 697 1352; x_wconf 88' lang='lat' dir='ltr'><strong>multa</strong></span> <span class='ocrx_word' id='word_1_76' title='bbox 726 1294 986 1351; x_wconf 88' lang='lat' dir='ltr'><strong>miracula</strong></span> <span class='ocrx_word' id='word_1_77' title='bbox 1030 1295 1081 1350; x_wconf 93' lang='lat' dir='ltr'><strong>in</strong></span> <span class='ocrx_word' id='word_1_78' title='bbox 1113 1295 1288 1350; x_wconf 88' lang='lat' dir='ltr'><strong>insula</strong></span> <span class='ocrx_word' id='word_1_79' title='bbox 1330 1294 1414 1350; x_wconf 86' lang='lat' dir='ltr'><strong>Hii</strong></span> <span class='ocrx_word' id='word_1_80' title='bbox 1455 1295 1610 1366; x_wconf 82' lang='lat' dir='ltr'><strong>juxta</strong></span> <span class='ocrx_word' id='word_1_81' title='bbox 1642 1295 1979 1362; x_wconf 82' lang='lat' dir='ltr'><strong>Hiberniam,</strong></span> <span class='ocrx_word' id='word_1_82' title='bbox 2012 1297 2116 1351; x_wconf 88' lang='lat' dir='ltr'><strong>mi-</strong></span> 
     </span>
    </p>
   </div>
   <div class='ocr_carea' id='block_1_14' title="bbox 530 1388 2111 1461">
    <p class='ocr_par' dir='ltr' id='par_1_14' title="bbox 530 1388 2111 1461">
     <span class='ocr_line' id='line_1_14' title="bbox 530 1388 2111 1461; baseline 0.001 -20"><span class='ocrx_word' id='word_1_83' title='bbox 530 1388 707 1461; x_wconf 87' lang='lat' dir='ltr'><strong>gravit</strong></span> <span class='ocrx_word' id='word_1_84' title='bbox 737 1388 804 1443; x_wconf 92' lang='lat' dir='ltr'><strong>ad</strong></span> <span class='ocrx_word' id='word_1_85' title='bbox 842 1388 1127 1443; x_wconf 90' lang='lat' dir='ltr'><strong>Dominum</strong></span> <span class='ocrx_word' id='word_1_86' title='bbox 1173 1404 1315 1443; x_wconf 88' lang='lat' dir='ltr'><strong>anno</strong></span> <span class='ocrx_word' id='word_1_87' title='bbox 1351 1388 1527 1442; x_wconf 72' lang='lat' dir='ltr'><strong>aetatis</strong></span> <span class='ocrx_word' id='word_1_88' title='bbox 1567 1405 1754 1446; x_wconf 82' lang='lat' dir='ltr'><strong>Lxxut.</strong></span> <span class='ocrx_word' id='word_1_89' title='bbox 1802 1388 1945 1443; x_wconf 87' lang='lat' dir='ltr'><strong>Beda</strong></span> <span class='ocrx_word' id='word_1_90' title='bbox 1988 1389 2111 1444; x_wconf 84' lang='lat' dir='ltr'><strong>hist.</strong></span> 
     </span>
    </p>
   </div>
   <div class='ocr_carea' id='block_1_15' title="bbox 530 1478 2116 1551">
    <p class='ocr_par' dir='ltr' id='par_1_15' title="bbox 530 1478 2116 1551">
     <span class='ocr_line' id='line_1_15' title="bbox 530 1478 2116 1551; baseline 0.001 -18"><span class='ocrx_word' id='word_1_91' title='bbox 530 1478 687 1549; x_wconf 80' lang='lat' dir='ltr'><strong>Angl.</strong></span> <span class='ocrx_word' id='word_1_92' title='bbox 713 1509 781 1520; x_wconf 91' lang='lat'><strong>—-</strong></span> <span class='ocrx_word' id='word_1_93' title='bbox 812 1478 925 1533; x_wconf 83' lang='lat' dir='ltr'><strong>Hoc</strong></span> <span class='ocrx_word' id='word_1_94' title='bbox 946 1488 1186 1548; x_wconf 88' lang='lat' dir='ltr'><strong>tempore</strong></span> <span class='ocrx_word' id='word_1_95' title='bbox 1209 1479 1401 1533; x_wconf 89' lang='lat' dir='ltr'><strong>beatus</strong></span> <span class='ocrx_word' id='word_1_96' title='bbox 1425 1493 1560 1549; x_wconf 88' lang='lat' dir='ltr'><strong>papa</strong></span> <span class='ocrx_word' id='word_1_97' title='bbox 1590 1478 1905 1551; x_wconf 83' lang='lat' dir='ltr'><strong>Gregorius,</strong></span> <span class='ocrx_word' id='word_1_98' title='bbox 1933 1480 2116 1535; x_wconf 90' lang='lat' dir='ltr'><strong>missis</strong></span> 
     </span>
    </p>
   </div>
   <div class='ocr_carea' id='block_1_16' title="bbox 532 1566 2115 1640">
    <p class='ocr_par' dir='ltr' id='par_1_16' title="bbox 532 1566 2115 1640">
     <span class='ocr_line' id='line_1_16' title="bbox 532 1566 2115 1640; baseline -0.001 -14"><span class='ocrx_word' id='word_1_99' title='bbox 532 1567 847 1626; x_wconf 86' lang='lat' dir='ltr'><strong>doctoribus</strong></span> <span class='ocrx_word' id='word_1_100' title='bbox 876 1568 1199 1640; x_wconf 83' lang='lat' dir='ltr'><strong>Augustino,</strong></span> <span class='ocrx_word' id='word_1_101' title='bbox 1228 1567 1450 1633; x_wconf 85' lang='lat' dir='ltr'><strong>Mellito,</strong></span> <span class='ocrx_word' id='word_1_102' title='bbox 1482 1566 1687 1623; x_wconf 81' lang='lat' dir='ltr'><strong>Joanne</strong></span> <span class='ocrx_word' id='word_1_103' title='bbox 1706 1577 1760 1624; x_wconf 85' lang='lat' dir='ltr'><strong>et</strong></span> <span class='ocrx_word' id='word_1_104' title='bbox 1794 1567 1915 1623; x_wconf 91' lang='lat' dir='ltr'><strong>aliis</strong></span> <span class='ocrx_word' id='word_1_105' title='bbox 1944 1569 2115 1624; x_wconf 82' lang='lat' dir='ltr'><strong>servis</strong></span> 
     </span>
    </p>
   </div>
   <div class='ocr_carea' id='block_1_17' title="bbox 529 1658 2116 1730">
    <p class='ocr_par' dir='ltr' id='par_1_17' title="bbox 529 1658 2116 1730">
     <span class='ocr_line' id='line_1_17' title="bbox 529 1658 2116 1730; baseline -0.001 -14"><span class='ocrx_word' id='word_1_106' title='bbox 529 1659 652 1727; x_wconf 85' lang='lat' dir='ltr'><strong>Dei,</strong></span> <span class='ocrx_word' id='word_1_107' title='bbox 680 1659 972 1730; x_wconf 79' lang='lat' dir='ltr'><strong>Anglorum</strong></span> <span class='ocrx_word' id='word_1_108' title='bbox 1001 1659 1149 1730; x_wconf 80' lang='lat' dir='ltr'><strong>genti</strong></span> <span class='ocrx_word' id='word_1_109' title='bbox 1175 1659 1228 1713; x_wconf 93' lang='lat' dir='ltr'><strong>in</strong></span> <span class='ocrx_word' id='word_1_110' title='bbox 1261 1658 1539 1713; x_wconf 84' lang='lat' dir='ltr'><strong>Britannia</strong></span> <span class='ocrx_word' id='word_1_111' title='bbox 1573 1660 1795 1715; x_wconf 78' lang='lat' dir='ltr'><strong>verbum</strong></span> <span class='ocrx_word' id='word_1_112' title='bbox 1828 1659 1951 1714; x_wconf 69' lang='lat' dir='ltr'><strong>vita:</strong></span> <span class='ocrx_word' id='word_1_113' title='bbox 1978 1675 2116 1729; x_wconf 75' lang='lat' dir='ltr'><strong>prce-</strong></span> 
     </span>
    </p>
   </div>
   <div class='ocr_carea' id='block_1_18' title="bbox 531 1749 2116 1822">
    <p class='ocr_par' dir='ltr' id='par_1_18' title="bbox 531 1749 2116 1822">
     <span class='ocr_line' id='line_1_18' title="bbox 531 1749 2116 1822; baseline -0.001 -14"><span class='ocrx_word' id='word_1_114' title='bbox 531 1753 717 1809; x_wconf 89' lang='lat' dir='ltr'><strong>dicare</strong></span> <span class='ocrx_word' id='word_1_115' title='bbox 740 1752 904 1822; x_wconf 85' lang='lat' dir='ltr'><strong>jussit</strong></span> <span class='ocrx_word' id='word_1_116' title='bbox 926 1766 1158 1821; x_wconf 89' lang='lat' dir='ltr'><strong>eamque</strong></span> <span class='ocrx_word' id='word_1_117' title='bbox 1179 1761 1505 1820; x_wconf 85' lang='lat' dir='ltr'><strong>cooperante</strong></span> <span class='ocrx_word' id='word_1_118' title='bbox 1536 1749 1629 1805; x_wconf 89' lang='lat' dir='ltr'><strong>Dei</strong></span> <span class='ocrx_word' id='word_1_119' title='bbox 1662 1752 1833 1821; x_wconf 89' lang='lat' dir='ltr'><strong>gratia</strong></span> <span class='ocrx_word' id='word_1_120' title='bbox 1865 1752 1929 1806; x_wconf 90' lang='lat' dir='ltr'><strong>ad</strong></span> <span class='ocrx_word' id='word_1_121' title='bbox 1957 1752 2116 1807; x_wconf 82' lang='lat' dir='ltr'><strong>ﬁdem</strong></span> 
     </span>
    </p>
   </div>
   <div class='ocr_carea' id='block_1_19' title="bbox 529 1840 2120 1914">
    <p class='ocr_par' dir='ltr' id='par_1_19' title="bbox 529 1840 2120 1914">
     <span class='ocr_line' id='line_1_19' title="bbox 529 1840 2120 1914; baseline -0.001 -15"><span class='ocrx_word' id='word_1_122' title='bbox 529 1842 734 1899; x_wconf 87' lang='lat' dir='ltr'><strong>Christi</strong></span> <span class='ocrx_word' id='word_1_123' title='bbox 772 1859 871 1914; x_wconf 89' lang='lat' dir='ltr'><strong>per</strong></span> <span class='ocrx_word' id='word_1_124' title='bbox 917 1842 1135 1898; x_wconf 89' lang='lat' dir='ltr'><strong>eosdem</strong></span> <span class='ocrx_word' id='word_1_125' title='bbox 1177 1842 1465 1898; x_wconf 76' lang='lat' dir='ltr'><strong>convertit.</strong></span> <span class='ocrx_word' id='word_1_126' title='bbox 1513 1840 1657 1896; x_wconf 83' lang='lat' dir='ltr'><strong>Ibid.</strong></span> <span class='ocrx_word' id='word_1_127' title='bbox 1693 1874 1761 1883; x_wconf 96' lang='lat'><strong>—</strong></span> <span class='ocrx_word' id='word_1_128' title='bbox 1802 1842 2023 1898; x_wconf 90' lang='lat' dir='ltr'><strong>Cometa</strong></span> <span class='ocrx_word' id='word_1_129' title='bbox 2064 1852 2120 1898; x_wconf 90' lang='lat' dir='ltr'><strong>et</strong></span> 
     </span>
    </p>
   </div>
   <div class='ocr_carea' id='block_1_20' title="bbox 2211 658 3790 736">
    <p class='ocr_par' dir='ltr' id='par_1_20' title="bbox 2211 658 3790 736">
     <span class='ocr_line' id='line_1_20' title="bbox 2211 658 3790 736; baseline 0.005 -25"><span class='ocrx_word' id='word_1_130' title='bbox 2211 658 2527 731; x_wconf 83' lang='lat' dir='ltr'><strong>Agilolphus</strong></span> <span class='ocrx_word' id='word_1_131' title='bbox 2556 677 2651 716; x_wconf 83' lang='lat' dir='ltr'><strong>rex</strong></span> <span class='ocrx_word' id='word_1_132' title='bbox 2678 663 2966 720; x_wconf 89' lang='lat' dir='ltr'><strong>nonnullos</strong></span> <span class='ocrx_word' id='word_1_133' title='bbox 2992 664 3155 719; x_wconf 90' lang='lat' dir='ltr'><strong>duces</strong></span> <span class='ocrx_word' id='word_1_134' title='bbox 3177 663 3655 736; x_wconf 80' lang='lat' dir='ltr'><strong>Langobardorum</strong></span> <span class='ocrx_word' id='word_1_135' title='bbox 3686 665 3790 720; x_wconf 91' lang='lat' dir='ltr'><strong>sibi</strong></span> 
     </span>
    </p>
   </div>
   <div class='ocr_carea' id='block_1_21' title="bbox 2213 750 3787 826">
    <p class='ocr_par' dir='ltr' id='par_1_21' title="bbox 2213 750 3787 826">
     <span class='ocr_line' id='line_1_21' title="bbox 2213 750 3787 826; baseline 0.006 -24"><span class='ocrx_word' id='word_1_136' title='bbox 2213 750 2459 816; x_wconf 86' lang='lat' dir='ltr'><strong>rebelles,</strong></span> <span class='ocrx_word' id='word_1_137' title='bbox 2503 750 2638 806; x_wconf 89' lang='lat' dir='ltr'><strong>alios</strong></span> <span class='ocrx_word' id='word_1_138' title='bbox 2665 753 2885 820; x_wconf 88' lang='lat' dir='ltr'><strong>occidit,</strong></span> <span class='ocrx_word' id='word_1_139' title='bbox 2924 753 3060 810; x_wconf 89' lang='lat' dir='ltr'><strong>alios</strong></span> <span class='ocrx_word' id='word_1_140' title='bbox 3086 754 3207 810; x_wconf 89' lang='lat' dir='ltr'><strong>aliis</strong></span> <span class='ocrx_word' id='word_1_141' title='bbox 3235 757 3409 812; x_wconf 89' lang='lat' dir='ltr'><strong>modis</strong></span> <span class='ocrx_word' id='word_1_142' title='bbox 3432 757 3747 826; x_wconf 87' lang='lat' dir='ltr'><strong>perdomuit</strong></span> <span class='ocrx_word' id='word_1_143' title='bbox 3772 772 3787 811; x_wconf 89' lang='lat'><strong>:</strong></span> 
     </span>
    </p>
   </div>
   <div class='ocr_carea' id='block_1_22' title="bbox 2211 842 3794 920">
    <p class='ocr_par' dir='ltr' id='par_1_22' title="bbox 2211 842 3794 920">
     <span class='ocr_line' id='line_1_22' title="bbox 2211 842 3794 920; baseline 0.003 -23"><span class='ocrx_word' id='word_1_144' title='bbox 2211 842 2327 913; x_wconf 87' lang='lat' dir='ltr'><strong>ipse</strong></span> <span class='ocrx_word' id='word_1_145' title='bbox 2360 844 2520 898; x_wconf 89' lang='lat' dir='ltr'><strong>etiam</strong></span> <span class='ocrx_word' id='word_1_146' title='bbox 2568 856 2883 916; x_wconf 89' lang='lat' dir='ltr'><strong>perpetuam</strong></span> <span class='ocrx_word' id='word_1_147' title='bbox 2926 862 3049 902; x_wconf 93' lang='lat' dir='ltr'><strong>cum</strong></span> <span class='ocrx_word' id='word_1_148' title='bbox 3082 847 3420 904; x_wconf 86' lang='lat' dir='ltr'><strong>Theoderico</strong></span> <span class='ocrx_word' id='word_1_149' title='bbox 3449 865 3576 920; x_wconf 87' lang='lat' dir='ltr'><strong>rege</strong></span> <span class='ocrx_word' id='word_1_150' title='bbox 3618 848 3794 904; x_wconf 87' lang='lat' dir='ltr'><strong>Fran-</strong></span> 
     </span>
    </p>
   </div>
   <div class='ocr_carea' id='block_1_23' title="bbox 2212 927 3797 1004">
    <p class='ocr_par' dir='ltr' id='par_1_23' title="bbox 2212 927 3797 1004">
     <span class='ocr_line' id='line_1_23' title="bbox 2212 927 3797 1004; baseline 0.006 -18"><span class='ocrx_word' id='word_1_151' title='bbox 2212 947 2399 987; x_wconf 91' lang='lat' dir='ltr'><strong>corum</strong></span> <span class='ocrx_word' id='word_1_152' title='bbox 2432 949 2614 1004; x_wconf 88' lang='lat' dir='ltr'><strong>pacem</strong></span> <span class='ocrx_word' id='word_1_153' title='bbox 2662 934 2810 991; x_wconf 82' lang='lat' dir='ltr'><strong>iecit.</strong></span> <span class='ocrx_word' id='word_1_154' title='bbox 2852 935 3012 992; x_wconf 83' lang='lat' dir='ltr'><strong>Paul.</strong></span> <span class='ocrx_word' id='word_1_155' title='bbox 3059 936 3209 993; x_wconf 86' lang='lat' dir='ltr'><strong>Diae.</strong></span> <span class='ocrx_word' id='word_1_156' title='bbox 3257 927 3422 994; x_wconf 70' lang='lat' dir='ltr'><strong>Fred.</strong></span> <span class='ocrx_word' id='word_1_157' title='bbox 3464 957 3519 994; x_wconf 91' lang='lat' dir='ltr'><strong>a.</strong></span> <span class='ocrx_word' id='word_1_158' title='bbox 3565 938 3691 995; x_wconf 84' lang='lat'><strong>598.</strong></span> <span class='ocrx_word' id='word_1_159' title='bbox 3723 969 3797 981; x_wconf 90' lang='lat'><strong>—</strong></span> 
     </span>
    </p>
   </div>
   <div class='ocr_carea' id='block_1_24' title="bbox 2212 1021 3798 1097">
    <p class='ocr_par' dir='ltr' id='par_1_24' title="bbox 2212 1021 3798 1097">
     <span class='ocr_line' id='line_1_24' title="bbox 2212 1021 3798 1097; baseline 0.002 -18"><span class='ocrx_word' id='word_1_160' title='bbox 2212 1021 2369 1079; x_wconf 88' lang='lat' dir='ltr'><strong>Circa</strong></span> <span class='ocrx_word' id='word_1_161' title='bbox 2397 1024 2514 1080; x_wconf 62' lang='lat' dir='ltr'><strong>haec</strong></span> <span class='ocrx_word' id='word_1_162' title='bbox 2537 1026 2699 1080; x_wconf 91' lang='lat' dir='ltr'><strong>etiam</strong></span> <span class='ocrx_word' id='word_1_163' title='bbox 2725 1036 2966 1097; x_wconf 90' lang='lat' dir='ltr'><strong>tempora</strong></span> <span class='ocrx_word' id='word_1_164' title='bbox 2990 1029 3382 1084; x_wconf 89' lang='lat' dir='ltr'><strong>monasterium</strong></span> <span class='ocrx_word' id='word_1_165' title='bbox 3411 1028 3594 1085; x_wconf 87' lang='lat' dir='ltr'><strong>Sancti</strong></span> <span class='ocrx_word' id='word_1_166' title='bbox 3622 1030 3798 1084; x_wconf 83' lang='lat' dir='ltr'><strong>Bene-</strong></span> 
     </span>
    </p>
   </div>
   <div class='ocr_carea' id='block_1_25' title="bbox 2213 1100 3799 1189">
    <p class='ocr_par' dir='ltr' id='par_1_25' title="bbox 2213 1100 3799 1189">
     <span class='ocr_line' id='line_1_25' title="bbox 2213 1100 3799 1189; baseline 0.003 -23"><span class='ocrx_word' id='word_1_167' title='bbox 2213 1112 2341 1167; x_wconf 88' lang='lat' dir='ltr'><strong>dicti</strong></span> <span class='ocrx_word' id='word_1_168' title='bbox 2374 1114 2425 1167; x_wconf 92' lang='lat' dir='ltr'><strong>in</strong></span> <span class='ocrx_word' id='word_1_169' title='bbox 2457 1122 2637 1169; x_wconf 87' lang='lat' dir='ltr'><strong>castro</strong></span> <span class='ocrx_word' id='word_1_170' title='bbox 2658 1115 2889 1170; x_wconf 85' lang='lat' dir='ltr'><strong>Cassino</strong></span> <span class='ocrx_word' id='word_1_171' title='bbox 2914 1116 3103 1180; x_wconf 89' lang='lat' dir='ltr'><strong>situm,</strong></span> <span class='ocrx_word' id='word_1_172' title='bbox 3131 1116 3458 1188; x_wconf 77' lang='lat' dir='ltr'><strong>fugientibus</strong></span> <span class='ocrx_word' id='word_1_173' title='bbox 3486 1132 3551 1172; x_wconf 86' lang='lat' dir='ltr'><strong>ex</strong></span> <span class='ocrx_word' id='word_1_174' title='bbox 3580 1132 3648 1172; x_wconf 91' lang='lat' dir='ltr'><strong>eo</strong></span> <span class='ocrx_word' id='word_1_175' title='bbox 3681 1100 3799 1189; x_wconf 52' lang='lat' dir='ltr'><strong>mo?</strong></span> 
     </span>
    </p>
   </div>
   <div class='ocr_carea' id='block_1_26' title="bbox 2216 1202 3797 1273">
    <p class='ocr_par' dir='ltr' id='par_1_26' title="bbox 2216 1202 3797 1273">
     <span class='ocr_line' id='line_1_26' title="bbox 2216 1202 3797 1273; baseline 0.004 -17"><span class='ocrx_word' id='word_1_176' title='bbox 2216 1202 2427 1268; x_wconf 85' lang='lat' dir='ltr'><strong>nachis,</strong></span> <span class='ocrx_word' id='word_1_177' title='bbox 2451 1209 2489 1257; x_wconf 86' lang='lat' dir='ltr'><strong>&#39;a</strong></span> <span class='ocrx_word' id='word_1_178' title='bbox 2517 1202 2889 1273; x_wconf 86' lang='lat' dir='ltr'><strong>Longobardis</strong></span> <span class='ocrx_word' id='word_1_179' title='bbox 2916 1206 3139 1260; x_wconf 88' lang='lat' dir='ltr'><strong>omnino</strong></span> <span class='ocrx_word' id='word_1_180' title='bbox 3173 1207 3509 1262; x_wconf 86' lang='lat' dir='ltr'><strong>destructum</strong></span> <span class='ocrx_word' id='word_1_181' title='bbox 3546 1214 3603 1262; x_wconf 87' lang='lat' dir='ltr'><strong>et</strong></span> <span class='ocrx_word' id='word_1_182' title='bbox 3633 1206 3797 1263; x_wconf 88' lang='lat' dir='ltr'><strong>deso-</strong></span> 
     </span>
    </p>
   </div>
   <div class='ocr_carea' id='block_1_27' title="bbox 2215 1291 3263 1363">
    <p class='ocr_par' dir='ltr' id='par_1_27' title="bbox 2215 1291 3263 1363">
     <span class='ocr_line' id='line_1_27' title="bbox 2215 1291 3263 1363; baseline 0.007 -18"><span class='ocrx_word' id='word_1_183' title='bbox 2215 1291 2383 1349; x_wconf 88' lang='lat' dir='ltr'><strong>latum</strong></span> <span class='ocrx_word' id='word_1_184' title='bbox 2416 1304 2499 1350; x_wconf 89' lang='lat' dir='ltr'><strong>est</strong></span> <span class='ocrx_word' id='word_1_185' title='bbox 2525 1293 2694 1363; x_wconf 88' lang='lat' dir='ltr'><strong>(I80).</strong></span> <span class='ocrx_word' id='word_1_186' title='bbox 2730 1295 2890 1350; x_wconf 82' lang='lat' dir='ltr'><strong>Paul.</strong></span> <span class='ocrx_word' id='word_1_187' title='bbox 2919 1296 3072 1350; x_wconf 89' lang='lat' dir='ltr'><strong>Diac.</strong></span> <span class='ocrx_word' id='word_1_188' title='bbox 3097 1313 3144 1350; x_wconf 89' lang='lat' dir='ltr'><strong>c.</strong></span> <span class='ocrx_word' id='word_1_189' title='bbox 3178 1297 3263 1352; x_wconf 88' lang='grc'>18.</span> 
     </span>
    </p>
   </div>
   <div class='ocr_carea' id='block_1_28' title="bbox 2288 1376 3801 1456">
    <p class='ocr_par' dir='ltr' id='par_1_28' title="bbox 2288 1376 3801 1456">
     <span class='ocr_line' id='line_1_28' title="bbox 2288 1376 3801 1456; baseline 0.002 -17"><span class='ocrx_word' id='word_1_190' title='bbox 2288 1383 2392 1439; x_wconf 95' lang='grc'><strong>600</strong></span> <span class='ocrx_word' id='word_1_191' title='bbox 2416 1376 2721 1455; x_wconf 80' lang='lat' dir='ltr'><strong>Gregorius</strong></span> <span class='ocrx_word' id='word_1_192' title='bbox 2743 1400 2876 1455; x_wconf 88' lang='lat' dir='ltr'><strong>papa</strong></span> <span class='ocrx_word' id='word_1_193' title='bbox 2898 1384 3159 1441; x_wconf 71' lang='lat' dir='ltr'><strong>Lindunae</strong></span> <span class='ocrx_word' id='word_1_194' title='bbox 3178 1397 3232 1441; x_wconf 89' lang='lat' dir='ltr'><strong>et</strong></span> <span class='ocrx_word' id='word_1_195' title='bbox 3256 1386 3484 1442; x_wconf 88' lang='lat' dir='ltr'><strong>Eboraci</strong></span> <span class='ocrx_word' id='word_1_196' title='bbox 3515 1385 3801 1456; x_wconf 83' lang='lat' dir='ltr'><strong>episcopos</strong></span> 
     </span>
    </p>
   </div>
   <div class='ocr_carea' id='block_1_29' title="bbox 2217 1474 3801 1547">
    <p class='ocr_par' dir='ltr' id='par_1_29' title="bbox 2217 1474 3801 1547">
     <span class='ocr_line' id='line_1_29' title="bbox 2217 1474 3801 1547; baseline 0.001 -16"><span class='ocrx_word' id='word_1_197' title='bbox 2217 1474 2273 1531; x_wconf 89' lang='lat' dir='ltr'><strong>in</strong></span> <span class='ocrx_word' id='word_1_198' title='bbox 2305 1475 2602 1540; x_wconf 88' lang='lat' dir='ltr'><strong>Britannia,</strong></span> <span class='ocrx_word' id='word_1_199' title='bbox 2635 1476 2799 1531; x_wconf 89' lang='lat' dir='ltr'><strong>misso</strong></span> <span class='ocrx_word' id='word_1_200' title='bbox 2834 1476 3017 1545; x_wconf 90' lang='lat' dir='ltr'><strong>pallio,</strong></span> <span class='ocrx_word' id='word_1_201' title='bbox 3057 1476 3499 1547; x_wconf 88' lang='lat' dir='ltr'><strong>metropolitanos</strong></span> <span class='ocrx_word' id='word_1_202' title='bbox 3538 1492 3661 1533; x_wconf 86' lang='lat' dir='ltr'><strong>esse</strong></span> <span class='ocrx_word' id='word_1_203' title='bbox 3703 1478 3801 1543; x_wconf 76' lang='lat' dir='ltr'><strong>de-</strong></span> 
     </span>
    </p>
   </div>
   <div class='ocr_carea' id='block_1_30' title="bbox 2220 1566 3803 1638">
    <p class='ocr_par' dir='ltr' id='par_1_30' title="bbox 2220 1566 3803 1638">
     <span class='ocr_line' id='line_1_30' title="bbox 2220 1566 3803 1638; baseline 0.001 -16"><span class='ocrx_word' id='word_1_204' title='bbox 2220 1567 2397 1622; x_wconf 88' lang='lat' dir='ltr'><strong>cernit</strong></span> <span class='ocrx_word' id='word_1_205' title='bbox 2422 1566 2713 1623; x_wconf 85' lang='lat' dir='ltr'><strong>iudictionc</strong></span> <span class='ocrx_word' id='word_1_206' title='bbox 2739 1584 2811 1622; x_wconf 84' lang='lat' dir='ltr'><strong>tv.</strong></span> <span class='ocrx_word' id='word_1_207' title='bbox 2840 1566 2998 1638; x_wconf 84' lang='lat' dir='ltr'><strong>Greg.</strong></span> <span class='ocrx_word' id='word_1_208' title='bbox 3026 1569 3179 1638; x_wconf 91' lang='lat' dir='ltr'><strong>epist.</strong></span> <span class='ocrx_word' id='word_1_209' title='bbox 3205 1583 3333 1635; x_wconf 83' lang='lat' dir='ltr'><strong>va,</strong></span> <span class='ocrx_word' id='word_1_210' title='bbox 3363 1568 3433 1623; x_wconf 83' lang='lat' dir='ltr'><strong>ad</strong></span> <span class='ocrx_word' id='word_1_211' title='bbox 3461 1586 3550 1623; x_wconf 87' lang='lat' dir='ltr'><strong>an.</strong></span> <span class='ocrx_word' id='word_1_212' title='bbox 3580 1568 3708 1624; x_wconf 86' lang='grc'>601.</span> <span class='ocrx_word' id='word_1_213' title='bbox 3732 1599 3803 1610; x_wconf 92' lang='grc'><strong><em>-</em></strong></span> 
     </span>
    </p>
   </div>
   <div class='ocr_carea' id='block_1_31' title="bbox 2221 1656 3805 1732">
    <p class='ocr_par' dir='ltr' id='par_1_31' title="bbox 2221 1656 3805 1732">
     <span class='ocr_line' id='line_1_31' title="bbox 2221 1656 3805 1732; baseline -0.001 -16"><span class='ocrx_word' id='word_1_214' title='bbox 2221 1658 2415 1717; x_wconf 85' lang='lat' dir='ltr'><strong>Clades</strong></span> <span class='ocrx_word' id='word_1_215' title='bbox 2441 1660 2773 1732; x_wconf 77' lang='lat' dir='ltr'><strong>glaudularia</strong></span> <span class='ocrx_word' id='word_1_216' title='bbox 2806 1660 3096 1716; x_wconf 81' lang='lat' dir='ltr'><strong>Massiliam</strong></span> <span class='ocrx_word' id='word_1_217' title='bbox 3124 1661 3368 1730; x_wconf 90' lang='lat' dir='ltr'><strong>aliasque</strong></span> <span class='ocrx_word' id='word_1_218' title='bbox 3405 1661 3645 1732; x_wconf 88' lang='lat' dir='ltr'><strong>partium</strong></span> <span class='ocrx_word' id='word_1_219' title='bbox 3684 1656 3805 1715; x_wconf 83' lang='lat' dir='ltr'><strong>illa-</strong></span> 
     </span>
    </p>
   </div>
   <div class='ocr_carea' id='block_1_32' title="bbox 2225 1749 3803 1829">
    <p class='ocr_par' dir='ltr' id='par_1_32' title="bbox 2225 1749 3803 1829">
     <span class='ocr_line' id='line_1_32' title="bbox 2225 1749 3803 1829; baseline 0 -24"><span class='ocrx_word' id='word_1_220' title='bbox 2225 1766 2343 1805; x_wconf 91' lang='lat' dir='ltr'><strong>rum</strong></span> <span class='ocrx_word' id='word_1_221' title='bbox 2371 1750 2624 1805; x_wconf 86' lang='lat' dir='ltr'><strong>civitates</strong></span> <span class='ocrx_word' id='word_1_222' title='bbox 2652 1759 2707 1805; x_wconf 91' lang='lat' dir='ltr'><strong>et</strong></span> <span class='ocrx_word' id='word_1_223' title='bbox 2728 1749 2932 1804; x_wconf 87' lang='lat' dir='ltr'><strong>Italiam</strong></span> <span class='ocrx_word' id='word_1_224' title='bbox 2964 1750 3203 1822; x_wconf 83' lang='lat' dir='ltr'><strong>graviter</strong></span> <span class='ocrx_word' id='word_1_225' title='bbox 3234 1750 3470 1815; x_wconf 89' lang='lat' dir='ltr'><strong>attrivit;</strong></span> <span class='ocrx_word' id='word_1_226' title='bbox 3493 1750 3568 1804; x_wconf 90' lang='lat' dir='ltr'><strong>al.</strong></span> <span class='ocrx_word' id='word_1_227' title='bbox 3595 1767 3651 1803; x_wconf 91' lang='lat' dir='ltr'><strong>a.</strong></span> <span class='ocrx_word' id='word_1_228' title='bbox 3673 1750 3803 1829; x_wconf 56' lang='grc' dir='ltr'><strong>599Γ</strong></span> 
     </span>
    </p>
   </div>
   <div class='ocr_carea' id='block_1_33' title="bbox 2223 1832 3809 1921">
    <p class='ocr_par' dir='ltr' id='par_1_33' title="bbox 2223 1832 3809 1921">
     <span class='ocr_line' id='line_1_33' title="bbox 2223 1832 3809 1921; baseline 0.003 -24"><span class='ocrx_word' id='word_1_229' title='bbox 2223 1875 2294 1883; x_wconf 93' lang='grc'><strong>-</strong></span> <span class='ocrx_word' id='word_1_230' title='bbox 2313 1843 2369 1898; x_wconf 88' lang='lat' dir='ltr'><strong>lu</strong></span> <span class='ocrx_word' id='word_1_231' title='bbox 2399 1842 2518 1900; x_wconf 89' lang='lat' dir='ltr'><strong>lacu</strong></span> <span class='ocrx_word' id='word_1_232' title='bbox 2546 1841 2780 1901; x_wconf 86' lang='lat' dir='ltr'><strong>Duneusi</strong></span> <span class='ocrx_word' id='word_1_233' title='bbox 2813 1857 2952 1916; x_wconf 87' lang='lat' dir='ltr'><strong>aqua</strong></span> <span class='ocrx_word' id='word_1_234' title='bbox 2994 1848 3214 1921; x_wconf 77' lang='lat' dir='ltr'><strong>repente</strong></span> <span class='ocrx_word' id='word_1_235' title='bbox 3242 1832 3477 1902; x_wconf 75' lang='lat' dir='ltr'><strong>[miliens</strong></span> <span class='ocrx_word' id='word_1_236' title='bbox 3500 1848 3553 1919; x_wconf 76' lang='lat' dir='ltr'><strong>et</strong></span> <span class='ocrx_word' id='word_1_237' title='bbox 3579 1840 3809 1901; x_wconf 68' lang='lat' dir='ltr'><strong>ferVeus</strong></span> 
     </span>
    </p>
   </div>
   <div class='ocr_carea' id='block_1_34' title="bbox 532 1914 3805 2011">
    <p class='ocr_par' dir='ltr' id='par_1_34' title="bbox 532 1914 3805 2011">
     <span class='ocr_line' id='line_1_34' title="bbox 532 1914 3805 2011; baseline -0.001 -20"><span class='ocrx_word' id='word_1_238' title='bbox 532 1934 703 1991; x_wconf 90' lang='lat' dir='ltr'><strong>multa</strong></span> <span class='ocrx_word' id='word_1_239' title='bbox 733 1934 888 2005; x_wconf 87' lang='lat' dir='ltr'><strong>signa</strong></span> <span class='ocrx_word' id='word_1_240' title='bbox 915 1943 1288 2005; x_wconf 89' lang='lat' dir='ltr'><strong>apparuerunt</strong></span> <span class='ocrx_word' id='word_1_241' title='bbox 1312 1933 1365 1988; x_wconf 91' lang='lat' dir='ltr'><strong>in</strong></span> <span class='ocrx_word' id='word_1_242' title='bbox 1395 1933 1555 1988; x_wconf 77' lang='lat' dir='ltr'><strong>ctelo.</strong></span> <span class='ocrx_word' id='word_1_243' title='bbox 1584 1933 1869 1989; x_wconf 79' lang='lat' dir='ltr'><strong>Exercitus</strong></span> <span class='ocrx_word' id='word_1_244' title='bbox 1898 1934 2119 1990; x_wconf 74' lang='lat' dir='ltr'><strong>Chiltle-</strong></span> <span class='ocrx_word' id='word_1_245' title='bbox 2154 1914 2198 1972; x_wconf 72' lang='grc' dir='ltr'><strong>Β</strong></span> <span class='ocrx_word' id='word_1_246' title='bbox 2227 1951 2475 2006; x_wconf 88' lang='lat' dir='ltr'><strong>magnam</strong></span> <span class='ocrx_word' id='word_1_247' title='bbox 2500 1936 2729 2006; x_wconf 88' lang='lat' dir='ltr'><strong>piscium</strong></span> <span class='ocrx_word' id='word_1_248' title='bbox 2760 1914 2969 2006; x_wconf 84' lang='lat' dir='ltr'><strong>partem</strong></span> <span class='ocrx_word' id='word_1_249' title='bbox 2998 1914 3234 1993; x_wconf 77' lang='lat' dir='ltr'><strong>decoxit.</strong></span> <span class='ocrx_word' id='word_1_250' title='bbox 3262 1914 3643 1994; x_wconf 86' lang='lat' dir='ltr'><strong>Wariubarius</strong></span> <span class='ocrx_word' id='word_1_251' title='bbox 3673 1937 3805 2011; x_wconf 83' lang='lat' dir='ltr'><strong>[al.,</strong></span> 
     </span>
    </p>
   </div>
   <div class='ocr_carea' id='block_1_35' title="bbox 530 2024 2113 2096">
    <p class='ocr_par' dir='ltr' id='par_1_35' title="bbox 530 2024 2113 2096">
     <span class='ocr_line' id='line_1_35' title="bbox 530 2024 2113 2096; baseline -0.001 -13"><span class='ocrx_word' id='word_1_252' title='bbox 530 2027 673 2083; x_wconf 87' lang='lat' dir='ltr'><strong>berti</strong></span> <span class='ocrx_word' id='word_1_253' title='bbox 701 2025 915 2083; x_wconf 84' lang='lat' dir='ltr'><strong>Varnos</strong></span> <span class='ocrx_word' id='word_1_254' title='bbox 955 2024 1286 2081; x_wconf 86' lang='lat' dir='ltr'><strong>rebellantes</strong></span> <span class='ocrx_word' id='word_1_255' title='bbox 1312 2040 1496 2096; x_wconf 79' lang='lat' dir='ltr'><strong>pugna</strong></span> <span class='ocrx_word' id='word_1_256' title='bbox 1519 2027 1691 2082; x_wconf 90' lang='lat' dir='ltr'><strong>victos</strong></span> <span class='ocrx_word' id='word_1_257' title='bbox 1719 2040 1857 2096; x_wconf 86' lang='lat' dir='ltr'><strong>pene</strong></span> <span class='ocrx_word' id='word_1_258' title='bbox 1891 2027 2113 2084; x_wconf 79' lang='lat' dir='ltr'><strong>delevit.</strong></span> 
     </span>
    </p>
   </div>
   <div class='ocr_carea' id='block_1_36' title="bbox 534 2116 944 2174">
    <p class='ocr_par' dir='ltr' id='par_1_36' title="bbox 534 2116 944 2174">
     <span class='ocr_line' id='line_1_36' title="bbox 534 2116 944 2174; baseline -0.002 -1"><span class='ocrx_word' id='word_1_259' title='bbox 534 2116 586 2173; x_wconf 83' lang='lat' dir='ltr'><em>F</em></span> <span class='ocrx_word' id='word_1_260' title='bbox 591 2118 703 2174; x_wconf 80' lang='lat' dir='ltr'><strong>red.</strong></span> <span class='ocrx_word' id='word_1_261' title='bbox 722 2122 785 2173; x_wconf 45' lang='grc' dir='ltr'><strong>λα.</strong></span> <span class='ocrx_word' id='word_1_262' title='bbox 819 2117 944 2173; x_wconf 88' lang='grc'><strong>595.</strong></span> 
     </span>
    </p>
   </div>
   <div class='ocr_carea' id='block_1_37' title="bbox 606 2208 2124 2268">
    <p class='ocr_par' dir='ltr' id='par_1_37' title="bbox 606 2208 2124 2268">
     <span class='ocr_line' id='line_1_37' title="bbox 606 2208 2124 2268; baseline 0.002 -3"><span class='ocrx_word' id='word_1_263' title='bbox 606 2209 711 2265; x_wconf 89' lang='grc'><strong>597</strong></span> <span class='ocrx_word' id='word_1_264' title='bbox 750 2208 1129 2265; x_wconf 90' lang='lat' dir='ltr'><strong>Childebertus</strong></span> <span class='ocrx_word' id='word_1_265' title='bbox 1173 2224 1269 2264; x_wconf 88' lang='lat' dir='ltr'><strong>rex</strong></span> <span class='ocrx_word' id='word_1_266' title='bbox 1314 2209 1651 2265; x_wconf 83' lang='lat' dir='ltr'><strong>Francorum</strong></span> <span class='ocrx_word' id='word_1_267' title='bbox 1695 2209 1853 2267; x_wconf 87' lang='lat' dir='ltr'><strong>fortis</strong></span> <span class='ocrx_word' id='word_1_268' title='bbox 1893 2221 1948 2267; x_wconf 90' lang='lat' dir='ltr'><strong>et</strong></span> <span class='ocrx_word' id='word_1_269' title='bbox 1984 2219 2124 2268; x_wconf 88' lang='lat' dir='ltr'><strong>stre-</strong></span> 
     </span>
    </p>
   </div>
   <div class='ocr_carea' id='block_1_38' title="bbox 537 2300 2124 2375">
    <p class='ocr_par' dir='ltr' id='par_1_38' title="bbox 537 2300 2124 2375">
     <span class='ocr_line' id='line_1_38' title="bbox 537 2300 2124 2375; baseline 0.001 -16"><span class='ocrx_word' id='word_1_270' title='bbox 537 2315 701 2366; x_wconf 85' lang='lat' dir='ltr'><strong>nuus,</strong></span> <span class='ocrx_word' id='word_1_271' title='bbox 736 2300 878 2357; x_wconf 76' lang='lat' dir='ltr'><strong>illius</strong></span> <span class='ocrx_word' id='word_1_272' title='bbox 906 2302 1209 2374; x_wconf 88' lang='lat' dir='ltr'><strong>Sigeberti,</strong></span> <span class='ocrx_word' id='word_1_273' title='bbox 1241 2318 1377 2357; x_wconf 67' lang='grc' dir='ltr'>χχιιι</span> <span class='ocrx_word' id='word_1_274' title='bbox 1410 2303 1562 2375; x_wconf 82' lang='lat' dir='ltr'><strong>regni</strong></span> <span class='ocrx_word' id='word_1_275' title='bbox 1591 2320 1753 2369; x_wconf 90' lang='lat' dir='ltr'><strong>anno,</strong></span> <span class='ocrx_word' id='word_1_276' title='bbox 1781 2304 1958 2360; x_wconf 63' lang='lat' dir='ltr'><strong>aetatis</strong></span> <span class='ocrx_word' id='word_1_277' title='bbox 1995 2321 2124 2362; x_wconf 89' lang='lat' dir='ltr'><strong>vero</strong></span> 
     </span>
    </p>
   </div>
   <div class='ocr_carea' id='block_1_39' title="bbox 542 2390 2123 2465">
    <p class='ocr_par' dir='ltr' id='par_1_39' title="bbox 542 2390 2123 2465">
     <span class='ocr_line' id='line_1_39' title="bbox 542 2390 2123 2465; baseline 0.003 -20"><span class='ocrx_word' id='word_1_278' title='bbox 542 2406 652 2445; x_wconf 77' lang='lat' dir='ltr'><strong>xxv</strong></span> <span class='ocrx_word' id='word_1_279' title='bbox 684 2390 831 2462; x_wconf 84' lang='grc'>(178)</span> <span class='ocrx_word' id='word_1_280' title='bbox 860 2406 1092 2458; x_wconf 90' lang='lat' dir='ltr'><strong>veneno,</strong></span> <span class='ocrx_word' id='word_1_281' title='bbox 1121 2400 1179 2446; x_wconf 88' lang='lat' dir='ltr'><strong>ut</strong></span> <span class='ocrx_word' id='word_1_282' title='bbox 1216 2392 1393 2456; x_wconf 88' lang='lat' dir='ltr'><strong>aiunt,</strong></span> <span class='ocrx_word' id='word_1_283' title='bbox 1434 2407 1463 2446; x_wconf 81' lang='lat' dir='ltr'><strong>a</strong></span> <span class='ocrx_word' id='word_1_284' title='bbox 1505 2393 1733 2463; x_wconf 87' lang='lat' dir='ltr'><strong>conjuge</strong></span> <span class='ocrx_word' id='word_1_285' title='bbox 1762 2391 1875 2465; x_wconf 64' lang='grc'>84</span> <span class='ocrx_word' id='word_1_286' title='bbox 1901 2402 2123 2464; x_wconf 85' lang='lat' dir='ltr'><strong>accepto</strong></span> 
     </span>
    </p>
   </div>
   <div class='ocr_carea' id='block_1_40' title="bbox 536 2482 2122 2561">
    <p class='ocr_par' dir='ltr' id='par_1_40' title="bbox 536 2482 2122 2561">
     <span class='ocr_line' id='line_1_40' title="bbox 536 2482 2122 2561; baseline -0.001 -19"><span class='ocrx_word' id='word_1_287' title='bbox 536 2482 779 2561; x_wconf 29' lang='lat' dir='ltr'><strong>‘morilur</strong></span> <span class='ocrx_word' id='word_1_288' title='bbox 796 2482 976 2555; x_wconf 79' lang='lat' dir='ltr'><strong>(l79);</strong></span> <span class='ocrx_word' id='word_1_289' title='bbox 997 2499 1096 2555; x_wconf 89' lang='lat' dir='ltr'><strong>pro</strong></span> <span class='ocrx_word' id='word_1_290' title='bbox 1114 2498 1221 2555; x_wconf 92' lang='lat' dir='ltr'><strong>quo</strong></span> <span class='ocrx_word' id='word_1_291' title='bbox 1241 2485 1347 2539; x_wconf 90' lang='lat' dir='ltr'><strong>duo</strong></span> <span class='ocrx_word' id='word_1_292' title='bbox 1368 2483 1462 2539; x_wconf 80' lang='lat' dir='ltr'><strong>lilii</strong></span> <span class='ocrx_word' id='word_1_293' title='bbox 1482 2484 1619 2555; x_wconf 86' lang='lat' dir='ltr'><strong>ejus,</strong></span> <span class='ocrx_word' id='word_1_294' title='bbox 1643 2483 2052 2541; x_wconf 87' lang='lat' dir='ltr'><strong>Theodebertus</strong></span> <span class='ocrx_word' id='word_1_295' title='bbox 2066 2484 2122 2540; x_wconf 90' lang='lat' dir='ltr'><strong>in</strong></span> 
     </span>
    </p>
   </div>
   <div class='ocr_carea' id='block_1_41' title="bbox 539 2574 2126 2651">
    <p class='ocr_par' dir='ltr' id='par_1_41' title="bbox 539 2574 2126 2651">
     <span class='ocr_line' id='line_1_41' title="bbox 539 2574 2126 2651; baseline 0.001 -22"><span class='ocrx_word' id='word_1_296' title='bbox 539 2574 937 2651; x_wconf 78' lang='lat' dir='ltr'><strong>Austrifrancia</strong></span> <span class='ocrx_word' id='word_1_297' title='bbox 968 2575 1126 2649; x_wconf 79' lang='lat' dir='ltr'><strong>annis</strong></span> <span class='ocrx_word' id='word_1_298' title='bbox 1150 2591 1261 2630; x_wconf 86' lang='lat' dir='ltr'><strong>xvu</strong></span> <span class='ocrx_word' id='word_1_299' title='bbox 1288 2585 1342 2630; x_wconf 89' lang='lat' dir='ltr'><strong>et</strong></span> <span class='ocrx_word' id='word_1_300' title='bbox 1375 2576 1745 2631; x_wconf 87' lang='lat' dir='ltr'><strong>Theodericus</strong></span> <span class='ocrx_word' id='word_1_301' title='bbox 1774 2576 1828 2631; x_wconf 92' lang='lat' dir='ltr'><strong>in</strong></span> <span class='ocrx_word' id='word_1_302' title='bbox 1878 2575 2126 2646; x_wconf 37' lang='lat' dir='ltr'><strong>Burgune</strong></span> 
     </span>
    </p>
   </div>
   <div class='ocr_carea' id='block_1_42' title="bbox 543 2663 2122 2736">
    <p class='ocr_par' dir='ltr' id='par_1_42' title="bbox 543 2663 2122 2736">
     <span class='ocr_line' id='line_1_42' title="bbox 543 2663 2122 2736; baseline 0 -15"><span class='ocrx_word' id='word_1_303' title='bbox 543 2666 633 2721; x_wconf 85' lang='lat' dir='ltr'><strong>dia</strong></span> <span class='ocrx_word' id='word_1_304' title='bbox 680 2680 804 2721; x_wconf 92' lang='lat' dir='ltr'><strong>cum</strong></span> <span class='ocrx_word' id='word_1_305' title='bbox 847 2663 1324 2721; x_wconf 65' lang='lat' dir='ltr'><strong>avia’Brunibilde</strong></span> <span class='ocrx_word' id='word_1_306' title='bbox 1372 2681 1503 2721; x_wconf 83' lang='lat' dir='ltr'><strong>xvut</strong></span> <span class='ocrx_word' id='word_1_307' title='bbox 1534 2666 1693 2720; x_wconf 92' lang='lat' dir='ltr'><strong>annis</strong></span> <span class='ocrx_word' id='word_1_308' title='bbox 1723 2675 2122 2736; x_wconf 84' lang='lat' dir='ltr'><strong>regnaverunt;</strong></span> 
     </span>
    </p>
   </div>
   <div class='ocr_carea' id='block_1_43' title="bbox 543 2742 2128 2829">
    <p class='ocr_par' dir='ltr' id='par_1_43' title="bbox 543 2742 2128 2829">
     <span class='ocr_line' id='line_1_43' title="bbox 543 2742 2128 2829; baseline -0.001 -14"><span class='ocrx_word' id='word_1_309' title='bbox 543 2755 772 2827; x_wconf 82' lang='lat' dir='ltr'><strong>ipsoque</strong></span> <span class='ocrx_word' id='word_1_310' title='bbox 834 2770 979 2813; x_wconf 89' lang='lat' dir='ltr'><strong>anno</strong></span> <span class='ocrx_word' id='word_1_311' title='bbox 1040 2742 1404 2829; x_wconf 83' lang='lat' dir='ltr'><strong>Fridegundis</strong></span> <span class='ocrx_word' id='word_1_312' title='bbox 1470 2774 1595 2814; x_wconf 88' lang='lat' dir='ltr'><strong>cum</strong></span> <span class='ocrx_word' id='word_1_313' title='bbox 1668 2756 2128 2813; x_wconf 65' lang='lat' dir='ltr'><strong>lilio‘Clothario</strong></span> 
     </span>
    </p>
   </div>
   <div class='ocr_carea' id='block_1_44' title="bbox 545 2847 2131 2919">
    <p class='ocr_par' dir='ltr' id='par_1_44' title="bbox 545 2847 2131 2919">
     <span class='ocr_line' id='line_1_44' title="bbox 545 2847 2131 2919; baseline 0 -17"><span class='ocrx_word' id='word_1_314' title='bbox 545 2862 772 2919; x_wconf 89' lang='lat' dir='ltr'><strong>regnum</strong></span> <span class='ocrx_word' id='word_1_315' title='bbox 798 2861 985 2903; x_wconf 89' lang='lat' dir='ltr'><strong>eorum</strong></span> <span class='ocrx_word' id='word_1_316' title='bbox 1015 2847 1235 2912; x_wconf 82' lang='lat' dir='ltr'><strong>invasit,</strong></span> <span class='ocrx_word' id='word_1_317' title='bbox 1264 2855 1318 2903; x_wconf 92' lang='lat' dir='ltr'><strong>et</strong></span> <span class='ocrx_word' id='word_1_318' title='bbox 1340 2862 1434 2904; x_wconf 89' lang='lat' dir='ltr'><strong>eos</strong></span> <span class='ocrx_word' id='word_1_319' title='bbox 1456 2862 1576 2903; x_wconf 91' lang='lat' dir='ltr'><strong>cum</strong></span> <span class='ocrx_word' id='word_1_320' title='bbox 1600 2848 1845 2903; x_wconf 85' lang='lat' dir='ltr'><strong>exercitu</strong></span> <span class='ocrx_word' id='word_1_321' title='bbox 1869 2847 2131 2903; x_wconf 87' lang='lat' dir='ltr'><strong>resisten-</strong></span> 
     </span>
    </p>
   </div>
   <div class='ocr_carea' id='block_1_45' title="bbox 545 2938 2128 3015">
    <p class='ocr_par' dir='ltr' id='par_1_45' title="bbox 545 2938 2128 3015">
     <span class='ocr_line' id='line_1_45' title="bbox 545 2938 2128 3015; baseline 0.001 -20"><span class='ocrx_word' id='word_1_322' title='bbox 545 2950 648 3006; x_wconf 88' lang='lat' dir='ltr'><strong>tes,</strong></span> <span class='ocrx_word' id='word_1_323' title='bbox 683 2938 834 3013; x_wconf 85' lang='lat' dir='ltr'><strong>gravi</strong></span> <span class='ocrx_word' id='word_1_324' title='bbox 875 2941 1022 2998; x_wconf 85' lang='lat' dir='ltr'><strong>caede</strong></span> <span class='ocrx_word' id='word_1_325' title='bbox 1063 2942 1324 3014; x_wconf 86' lang='lat' dir='ltr'><strong>protritos</strong></span> <span class='ocrx_word' id='word_1_326' title='bbox 1362 2942 1590 3015; x_wconf 81' lang='lat' dir='ltr'><strong>fugavit.</strong></span> <span class='ocrx_word' id='word_1_327' title='bbox 1633 2940 1856 3014; x_wconf 85' lang='lat' dir='ltr'><strong>Fredeg.</strong></span> <span class='ocrx_word' id='word_1_328' title='bbox 1899 2960 1953 3002; x_wconf 90' lang='lat' dir='ltr'><strong>a.</strong></span> <span class='ocrx_word' id='word_1_329' title='bbox 2003 2942 2128 3010; x_wconf 85' lang='lat'><strong>596,</strong></span> 
     </span>
    </p>
   </div>
   <div class='ocr_carea' id='block_1_46' title="bbox 547 3030 1674 3089">
    <p class='ocr_par' dir='ltr' id='par_1_46' title="bbox 547 3030 1674 3089">
     <span class='ocr_line' id='line_1_46' title="bbox 547 3030 1674 3089; baseline 0.01 -3"><span class='ocrx_word' id='word_1_330' title='bbox 547 3030 711 3087; x_wconf 85' lang='lat' dir='ltr'><strong>Paul.</strong></span> <span class='ocrx_word' id='word_1_331' title='bbox 741 3033 892 3089; x_wconf 85' lang='lat' dir='ltr'><strong>Diae.</strong></span> <span class='ocrx_word' id='word_1_332' title='bbox 962 3031 970 3040; x_wconf 83' lang='grc'><strong>’</strong></span> <span class='ocrx_word' id='word_1_333' title='bbox 1671 3037 1674 3040; x_wconf 62' lang='grc'><strong>’</strong></span> 
     </span>
    </p>
   </div>
   <div class='ocr_carea' id='block_1_47' title="bbox 618 3124 2132 3200">
    <p class='ocr_par' dir='ltr' id='par_1_47' title="bbox 618 3124 2132 3200">
     <span class='ocr_line' id='line_1_47' title="bbox 618 3124 2132 3200; baseline 0.003 -20"><span class='ocrx_word' id='word_1_334' title='bbox 618 3124 723 3181; x_wconf 82' lang='grc'><strong>598</strong></span> <span class='ocrx_word' id='word_1_335' title='bbox 762 3126 1119 3198; x_wconf 81' lang='lat' dir='ltr'><strong>Fridegundis</strong></span> <span class='ocrx_word' id='word_1_336' title='bbox 1146 3128 1332 3199; x_wconf 86' lang='lat' dir='ltr'><strong>regina</strong></span> <span class='ocrx_word' id='word_1_337' title='bbox 1361 3136 1539 3184; x_wconf 88' lang='lat' dir='ltr'><strong>mater</strong></span> <span class='ocrx_word' id='word_1_338' title='bbox 1563 3127 1826 3185; x_wconf 88' lang='lat' dir='ltr'><strong>Clotbarii</strong></span> <span class='ocrx_word' id='word_1_339' title='bbox 1851 3129 1994 3200; x_wconf 90' lang='lat' dir='ltr'><strong>regis</strong></span> <span class='ocrx_word' id='word_1_340' title='bbox 2016 3145 2132 3185; x_wconf 81' lang='lat' dir='ltr'><strong>ms-</strong></span> 
     </span>
    </p>
   </div>
   <div class='ocr_carea' id='block_1_48' title="bbox 535 3212 2132 3290">
    <p class='ocr_par' dir='ltr' id='par_1_48' title="bbox 535 3212 2132 3290">
     <span class='ocr_line' id='line_1_48' title="bbox 535 3212 2132 3290; baseline 0.003 -19"><span class='ocrx_word' id='word_1_341' title='bbox 535 3212 710 3271; x_wconf 48' lang='lat' dir='ltr'><strong>‘ritur.</strong></span> <span class='ocrx_word' id='word_1_342' title='bbox 744 3214 967 3287; x_wconf 82' lang='lat' dir='ltr'><strong>Fredeg.</strong></span> <span class='ocrx_word' id='word_1_343' title='bbox 1002 3237 1057 3273; x_wconf 91' lang='lat' dir='ltr'><strong>a.</strong></span> <span class='ocrx_word' id='word_1_344' title='bbox 1082 3235 1168 3288; x_wconf 96' lang='lat' dir='ltr'><strong>pr.</strong></span> <span class='ocrx_word' id='word_1_345' title='bbox 1192 3250 1259 3260; x_wconf 90' lang='lat'><strong><em>—</em></strong></span> <span class='ocrx_word' id='word_1_346' title='bbox 1285 3218 1379 3273; x_wconf 84' lang='lat' dir='ltr'><strong>llis</strong></span> <span class='ocrx_word' id='word_1_347' title='bbox 1411 3220 1745 3290; x_wconf 86' lang='lat' dir='ltr'><strong>temporibus</strong></span> <span class='ocrx_word' id='word_1_348' title='bbox 1778 3236 1902 3275; x_wconf 91' lang='lat' dir='ltr'><strong>cum</strong></span> <span class='ocrx_word' id='word_1_349' title='bbox 1933 3221 2132 3276; x_wconf 86' lang='lat' dir='ltr'><strong>Roma-</strong></span> 
     </span>
    </p>
   </div>
   <div class='ocr_carea' id='block_1_49' title="bbox 552 3308 2132 3382">
    <p class='ocr_par' dir='ltr' id='par_1_49' title="bbox 552 3308 2132 3382">
     <span class='ocr_line' id='line_1_49' title="bbox 552 3308 2132 3382; baseline 0.006 -23"><span class='ocrx_word' id='word_1_350' title='bbox 552 3318 656 3360; x_wconf 83' lang='lat' dir='ltr'><strong>nus</strong></span> <span class='ocrx_word' id='word_1_351' title='bbox 702 3308 966 3377; x_wconf 90' lang='lat' dir='ltr'><strong>patricius</strong></span> <span class='ocrx_word' id='word_1_352' title='bbox 996 3308 1206 3378; x_wconf 89' lang='lat' dir='ltr'><strong>aliquot</strong></span> <span class='ocrx_word' id='word_1_353' title='bbox 1239 3310 1402 3365; x_wconf 90' lang='lat' dir='ltr'><strong>urbes</strong></span> <span class='ocrx_word' id='word_1_354' title='bbox 1452 3326 1483 3365; x_wconf 90' lang='lat' dir='ltr'><strong>a</strong></span> <span class='ocrx_word' id='word_1_355' title='bbox 1530 3311 1902 3382; x_wconf 86' lang='lat' dir='ltr'><strong>Longobardis</strong></span> <span class='ocrx_word' id='word_1_356' title='bbox 1932 3314 2132 3369; x_wconf 88' lang='lat' dir='ltr'><strong>dudum</strong></span> 
     </span>
    </p>
   </div>
   <div class='ocr_carea' id='block_1_50' title="bbox 551 3396 2135 3473">
    <p class='ocr_par' dir='ltr' id='par_1_50' title="bbox 551 3396 2135 3473">
     <span class='ocr_line' id='line_1_50' title="bbox 551 3396 2135 3473; baseline 0.006 -22"><span class='ocrx_word' id='word_1_357' title='bbox 551 3401 762 3464; x_wconf 87' lang='lat' dir='ltr'><strong>captas,</strong></span> <span class='ocrx_word' id='word_1_358' title='bbox 781 3396 857 3449; x_wconf 91' lang='lat' dir='ltr'><strong>uti</strong></span> <span class='ocrx_word' id='word_1_359' title='bbox 888 3411 1011 3452; x_wconf 90' lang='lat' dir='ltr'><strong>cum</strong></span> <span class='ocrx_word' id='word_1_360' title='bbox 1040 3398 1315 3454; x_wconf 87' lang='lat' dir='ltr'><strong>deditione</strong></span> <span class='ocrx_word' id='word_1_361' title='bbox 1339 3400 1661 3471; x_wconf 87' lang='lat' dir='ltr'><strong>recepisset,</strong></span> <span class='ocrx_word' id='word_1_362' title='bbox 1690 3400 1851 3470; x_wconf 88' lang='lat' dir='ltr'><strong>idque</strong></span> <span class='ocrx_word' id='word_1_363' title='bbox 1872 3400 2135 3473; x_wconf 84' lang='lat' dir='ltr'><strong>Agilolfus</strong></span> 
     </span>
    </p>
   </div>
   <div class='ocr_carea' id='block_1_51' title="bbox 551 3483 2133 3562">
    <p class='ocr_par' dir='ltr' id='par_1_51' title="bbox 551 3483 2133 3562">
     <span class='ocr_line' id='line_1_51' title="bbox 551 3483 2133 3562; baseline 0.005 -22"><span class='ocrx_word' id='word_1_364' title='bbox 551 3497 651 3540; x_wconf 76' lang='lat' dir='ltr'><strong>rex</strong></span> <span class='ocrx_word' id='word_1_365' title='bbox 673 3483 841 3539; x_wconf 93' lang='lat' dir='ltr'><strong>ultum</strong></span> <span class='ocrx_word' id='word_1_366' title='bbox 880 3486 958 3542; x_wconf 91' lang='lat' dir='ltr'><strong>ire</strong></span> <span class='ocrx_word' id='word_1_367' title='bbox 985 3488 1227 3554; x_wconf 88' lang='lat' dir='ltr'><strong>molitus,</strong></span> <span class='ocrx_word' id='word_1_368' title='bbox 1267 3489 1433 3545; x_wconf 85' lang='lat' dir='ltr'><strong>Italiae</strong></span> <span class='ocrx_word' id='word_1_369' title='bbox 1462 3491 1673 3562; x_wconf 86' lang='lat' dir='ltr'><strong>ipsique</strong></span> <span class='ocrx_word' id='word_1_370' title='bbox 1707 3489 1895 3545; x_wconf 65' lang='lat' dir='ltr'><strong>Romae</strong></span> <span class='ocrx_word' id='word_1_371' title='bbox 1932 3491 2133 3549; x_wconf 86' lang='lat' dir='ltr'><strong>infesto</strong></span> 
     </span>
    </p>
   </div>
   <div class='ocr_carea' id='block_1_52' title="bbox 539 3581 2135 3653">
    <p class='ocr_par' dir='ltr' id='par_1_52' title="bbox 539 3581 2135 3653">
     <span class='ocr_line' id='line_1_52' title="bbox 539 3581 2135 3653; baseline 0.005 -20"><span class='ocrx_word' id='word_1_372' title='bbox 539 3581 679 3633; x_wconf 81' lang='lat' dir='ltr'><strong>&#39;cum</strong></span> <span class='ocrx_word' id='word_1_373' title='bbox 721 3581 963 3636; x_wconf 86' lang='lat' dir='ltr'><strong>exercitu</strong></span> <span class='ocrx_word' id='word_1_374' title='bbox 998 3581 1327 3648; x_wconf 87' lang='lat' dir='ltr'><strong>immineret,</strong></span> <span class='ocrx_word' id='word_1_375' title='bbox 1376 3584 1555 3638; x_wconf 88' lang='lat' dir='ltr'><strong>studio</strong></span> <span class='ocrx_word' id='word_1_376' title='bbox 1591 3584 1766 3639; x_wconf 89' lang='lat' dir='ltr'><strong>sancti</strong></span> <span class='ocrx_word' id='word_1_377' title='bbox 1803 3599 1953 3653; x_wconf 68' lang='lat' dir='ltr'><strong>papaa</strong></span> <span class='ocrx_word' id='word_1_378' title='bbox 1996 3583 2135 3641; x_wconf 88' lang='lat' dir='ltr'><strong>Gre-</strong></span> 
     </span>
    </p>
   </div>
   <div class='ocr_carea' id='block_1_53' title="bbox 555 3670 2132 3749">
    <p class='ocr_par' dir='ltr' id='par_1_53' title="bbox 555 3670 2132 3749">
     <span class='ocr_line' id='line_1_53' title="bbox 555 3670 2132 3749; baseline 0.006 -26"><span class='ocrx_word' id='word_1_379' title='bbox 555 3670 691 3739; x_wconf 84' lang='lat' dir='ltr'><strong>gorii</strong></span> <span class='ocrx_word' id='word_1_380' title='bbox 723 3680 778 3727; x_wconf 86' lang='lat' dir='ltr'><strong>et</strong></span> <span class='ocrx_word' id='word_1_381' title='bbox 808 3673 1064 3745; x_wconf 84' lang='lat' dir='ltr'><strong>sull‘ragio</strong></span> <span class='ocrx_word' id='word_1_382' title='bbox 1087 3675 1470 3730; x_wconf 71' lang='lat' dir='ltr'><strong>Theodclinda:</strong></span> <span class='ocrx_word' id='word_1_383' title='bbox 1496 3676 1761 3746; x_wconf 63' lang='lat' dir='ltr'><strong>religiosae</strong></span> <span class='ocrx_word' id='word_1_384' title='bbox 1800 3677 1996 3747; x_wconf 79' lang='lat' dir='ltr'><strong>reginae</strong></span> <span class='ocrx_word' id='word_1_385' title='bbox 2026 3692 2132 3749; x_wconf 84' lang='lat' dir='ltr'><strong>pax</strong></span> 
     </span>
    </p>
   </div>
   <div class='ocr_carea' id='block_1_54' title="bbox 438 3762 2026 3839">
    <p class='ocr_par' dir='ltr' id='par_1_54' title="bbox 438 3762 2026 3839">
     <span class='ocr_line' id='line_1_54' title="bbox 438 3762 2026 3839; baseline 0.004 -24"><span class='ocrx_word' id='word_1_386' title='bbox 438 3813 453 3825; x_wconf 77' lang='grc'><strong><em>,</em></strong></span> <span class='ocrx_word' id='word_1_387' title='bbox 556 3763 813 3833; x_wconf 85' lang='lat' dir='ltr'><strong>utrinque</strong></span> <span class='ocrx_word' id='word_1_388' title='bbox 833 3762 1021 3821; x_wconf 79' lang='lat' dir='ltr'><strong>elfecta</strong></span> <span class='ocrx_word' id='word_1_389' title='bbox 1049 3772 1149 3820; x_wconf 89' lang='lat' dir='ltr'><strong>est.</strong></span> <span class='ocrx_word' id='word_1_390' title='bbox 1186 3763 1344 3821; x_wconf 88' lang='lat' dir='ltr'><strong>Paul.</strong></span> <span class='ocrx_word' id='word_1_391' title='bbox 1386 3766 1540 3820; x_wconf 90' lang='lat' dir='ltr'><strong>Diac.</strong></span> <span class='ocrx_word' id='word_1_392' title='bbox 1572 3766 1610 3820; x_wconf 94' lang='lat' dir='ltr'><strong>l.</strong></span> <span class='ocrx_word' id='word_1_393' title='bbox 1642 3768 1795 3832; x_wconf 77' lang='lat' dir='ltr'><strong>iv,&#39;c.</strong></span> <span class='ocrx_word' id='word_1_394' title='bbox 1828 3766 1882 3831; x_wconf 89' lang='lat'><strong>8,</strong></span> <span class='ocrx_word' id='word_1_395' title='bbox 1914 3784 2026 3839; x_wconf 85' lang='lat' dir='ltr'><strong>seq.</strong></span> 
     </span>
    </p>
   </div>
   <div class='ocr_carea' id='block_1_55' title="bbox 626 3854 2134 3930">
    <p class='ocr_par' dir='ltr' id='par_1_55' title="bbox 626 3854 2134 3930">
     <span class='ocr_line' id='line_1_55' title="bbox 626 3854 2134 3930; baseline 0.002 -18"><span class='ocrx_word' id='word_1_396' title='bbox 626 3854 731 3912; x_wconf 83' lang='lat'><strong>599</strong></span> <span class='ocrx_word' id='word_1_397' title='bbox 769 3856 1317 3929; x_wconf 86' lang='lat' dir='ltr'><strong>Quintrio(Wiutrio)</strong></span> <span class='ocrx_word' id='word_1_398' title='bbox 1345 3858 1451 3913; x_wconf 88' lang='lat' dir='ltr'><strong>dux</strong></span> <span class='ocrx_word' id='word_1_399' title='bbox 1488 3858 1788 3930; x_wconf 85' lang='lat' dir='ltr'><strong>instigante</strong></span> <span class='ocrx_word' id='word_1_400' title='bbox 1815 3858 2134 3916; x_wconf 89' lang='lat' dir='ltr'><strong>Brunihilde</strong></span> 
     </span>
    </p>
   </div>
   <div class='ocr_carea' id='block_1_56' title="bbox 2160 3264 2206 3325">
    <p class='ocr_par' dir='ltr' id='par_1_56' title="bbox 2160 3264 2206 3325">
     <span class='ocr_line' id='line_1_56' title="bbox 2160 3264 2206 3325; baseline 0 0"><span class='ocrx_word' id='word_1_401' title='bbox 2160 3264 2206 3325; x_wconf 87' lang='lat' dir='ltr'><strong>C</strong></span> 
     </span>
    </p>
   </div>
   <div class='ocr_carea' id='block_1_57' title="bbox 2181 3293 3810 3372">
    <p class='ocr_par' dir='ltr' id='par_1_57' title="bbox 2181 3293 3810 3372">
     <span class='ocr_line' id='line_1_57' title="bbox 2181 3293 3810 3372; baseline -0.004 -12"><span class='ocrx_word' id='word_1_402' title='bbox 2181 3293 2214 3360; x_wconf 68' lang='grc'><strong>³.</strong></span> <span class='ocrx_word' id='word_1_403' title='bbox 2241 3311 2361 3357; x_wconf 90' lang='lat' dir='ltr'><strong>rato</strong></span> <span class='ocrx_word' id='word_1_404' title='bbox 2386 3311 2442 3357; x_wconf 89' lang='lat' dir='ltr'><strong>et</strong></span> <span class='ocrx_word' id='word_1_405' title='bbox 2469 3301 2710 3357; x_wconf 85' lang='lat' dir='ltr'><strong>exercitu</strong></span> <span class='ocrx_word' id='word_1_406' title='bbox 2735 3301 2852 3372; x_wconf 83' lang='lat' dir='ltr'><strong>ejus</strong></span> <span class='ocrx_word' id='word_1_407' title='bbox 2875 3302 3142 3358; x_wconf 89' lang='lat' dir='ltr'><strong>trucidato</strong></span> <span class='ocrx_word' id='word_1_408' title='bbox 3164 3310 3329 3372; x_wconf 82' lang='lat' dir='ltr'><strong>atque</strong></span> <span class='ocrx_word' id='word_1_409' title='bbox 3345 3299 3550 3372; x_wconf 83' lang='lat' dir='ltr'><strong>fugato,</strong></span> <span class='ocrx_word' id='word_1_410' title='bbox 3583 3314 3810 3369; x_wconf 74' lang='lat' dir='ltr'><strong>regnum</strong></span> 
     </span>
    </p>
   </div>
   <div class='ocr_carea' id='block_1_58' title="bbox 2226 2025 3811 2099">
    <p class='ocr_par' dir='ltr' id='par_1_58' title="bbox 2226 2025 3811 2099">
     <span class='ocr_line' id='line_1_58' title="bbox 2226 2025 3811 2099; baseline 0.003 -20"><span class='ocrx_word' id='word_1_411' title='bbox 2226 2025 2609 2099; x_wconf 84' lang='lat' dir='ltr'><strong>Warnharius]</strong></span> <span class='ocrx_word' id='word_1_412' title='bbox 2643 2026 2814 2095; x_wconf 86' lang='lat' dir='ltr'><strong>major</strong></span> <span class='ocrx_word' id='word_1_413' title='bbox 2851 2028 3044 2085; x_wconf 89' lang='lat' dir='ltr'><strong>domus</strong></span> <span class='ocrx_word' id='word_1_414' title='bbox 3087 2028 3432 2095; x_wconf 87' lang='lat' dir='ltr'><strong>Theoderici,</strong></span> <span class='ocrx_word' id='word_1_415' title='bbox 3475 2028 3627 2084; x_wconf 87' lang='lat' dir='ltr'><strong>omni</strong></span> <span class='ocrx_word' id='word_1_416' title='bbox 3675 2029 3811 2084; x_wconf 88' lang='lat' dir='ltr'><strong>sub-</strong></span> 
     </span>
    </p>
   </div>
   <div class='ocr_carea' id='block_1_59' title="bbox 2185 2116 3521 2191">
    <p class='ocr_par' dir='ltr' id='par_1_59' title="bbox 2185 2116 3521 2191">
     <span class='ocr_line' id='line_1_59' title="bbox 2185 2116 3521 2191; baseline 0.002 -20"><span class='ocrx_word' id='word_1_417' title='bbox 2185 2168 2187 2171; x_wconf 89' lang='lat'><strong>.</strong></span> <span class='ocrx_word' id='word_1_418' title='bbox 2222 2116 2419 2172; x_wconf 85' lang='lat' dir='ltr'><strong>stantia</strong></span> <span class='ocrx_word' id='word_1_419' title='bbox 2447 2131 2543 2171; x_wconf 89' lang='lat' dir='ltr'><strong>sua</strong></span> <span class='ocrx_word' id='word_1_420' title='bbox 2568 2117 2872 2184; x_wconf 90' lang='lat' dir='ltr'><strong>distributa,</strong></span> <span class='ocrx_word' id='word_1_421' title='bbox 2903 2119 3057 2174; x_wconf 86' lang='lat' dir='ltr'><strong>obiit.</strong></span> <span class='ocrx_word' id='word_1_422' title='bbox 3092 2117 3317 2191; x_wconf 85' lang='lat' dir='ltr'><strong>Fredeg.</strong></span> <span class='ocrx_word' id='word_1_423' title='bbox 3353 2137 3407 2175; x_wconf 91' lang='lat' dir='ltr'><strong>a.</strong></span> <span class='ocrx_word' id='word_1_424' title='bbox 3437 2136 3521 2191; x_wconf 89' lang='lat' dir='ltr'><strong>pr.</strong></span> 
     </span>
    </p>
   </div>
   <div class='ocr_carea' id='block_1_60' title="bbox 2292 2201 3811 2288">
    <p class='ocr_par' dir='ltr' id='par_1_60' title="bbox 2292 2201 3811 2288">
     <span class='ocr_line' id='line_1_60' title="bbox 2292 2201 3811 2288; baseline 0.005 -25"><span class='ocrx_word' id='word_1_425' title='bbox 2292 2207 2403 2278; x_wconf 75' lang='lat'><strong>85</strong></span> <span class='ocrx_word' id='word_1_426' title='bbox 2441 2208 2539 2264; x_wconf 88' lang='grc'>601</span> <span class='ocrx_word' id='word_1_427' title='bbox 2593 2207 2929 2267; x_wconf 89' lang='lat' dir='ltr'><strong>Brunihildis</strong></span> <span class='ocrx_word' id='word_1_428' title='bbox 2976 2204 3045 2267; x_wconf 85' lang='lat' dir='ltr'><strong>de</strong></span> <span class='ocrx_word' id='word_1_429' title='bbox 3091 2226 3258 2283; x_wconf 83' lang='lat' dir='ltr'><strong>regno</strong></span> <span class='ocrx_word' id='word_1_430' title='bbox 3292 2201 3671 2288; x_wconf 35' lang='lat' dir='ltr'><strong>.Theodeberti</strong></span> <span class='ocrx_word' id='word_1_431' title='bbox 3738 2215 3811 2270; x_wconf 91' lang='lat' dir='ltr'><strong>ob</strong></span> 
     </span>
    </p>
   </div>
   <div class='ocr_carea' id='block_1_61' title="bbox 2224 2301 3811 2375">
    <p class='ocr_par' dir='ltr' id='par_1_61' title="bbox 2224 2301 3811 2375">
     <span class='ocr_line' id='line_1_61' title="bbox 2224 2301 3811 2375; baseline 0.002 -19"><span class='ocrx_word' id='word_1_432' title='bbox 2224 2301 2430 2357; x_wconf 86' lang='lat' dir='ltr'><strong>scelera</strong></span> <span class='ocrx_word' id='word_1_433' title='bbox 2460 2317 2556 2358; x_wconf 91' lang='lat' dir='ltr'><strong>sua</strong></span> <span class='ocrx_word' id='word_1_434' title='bbox 2580 2302 2819 2372; x_wconf 89' lang='lat' dir='ltr'><strong>depulsa,</strong></span> <span class='ocrx_word' id='word_1_435' title='bbox 2845 2318 2876 2357; x_wconf 90' lang='lat' dir='ltr'><strong>a</strong></span> <span class='ocrx_word' id='word_1_436' title='bbox 2901 2303 3136 2375; x_wconf 91' lang='lat' dir='ltr'><strong>quodam</strong></span> <span class='ocrx_word' id='word_1_437' title='bbox 3159 2319 3397 2374; x_wconf 82' lang='lat' dir='ltr'><strong>paupere</strong></span> <span class='ocrx_word' id='word_1_438' title='bbox 3425 2304 3539 2359; x_wconf 88' lang='lat' dir='ltr'><strong>sola</strong></span> <span class='ocrx_word' id='word_1_439' title='bbox 3565 2304 3811 2373; x_wconf 87' lang='lat' dir='ltr'><strong>inventa,</strong></span> 
     </span>
    </p>
   </div>
   <div class='ocr_carea' id='block_1_62' title="bbox 2224 2391 3815 2467">
    <p class='ocr_par' dir='ltr' id='par_1_62' title="bbox 2224 2391 3815 2467">
     <span class='ocr_line' id='line_1_62' title="bbox 2224 2391 3815 2467; baseline 0.002 -18"><span class='ocrx_word' id='word_1_440' title='bbox 2224 2402 2280 2449; x_wconf 89' lang='lat' dir='ltr'><strong>et</strong></span> <span class='ocrx_word' id='word_1_441' title='bbox 2300 2395 2367 2450; x_wconf 90' lang='lat' dir='ltr'><strong>ad</strong></span> <span class='ocrx_word' id='word_1_442' title='bbox 2392 2391 2785 2451; x_wconf 88' lang='lat' dir='ltr'><strong>Theodericum</strong></span> <span class='ocrx_word' id='word_1_443' title='bbox 2813 2409 3017 2466; x_wconf 90' lang='lat' dir='ltr'><strong>regem,</strong></span> <span class='ocrx_word' id='word_1_444' title='bbox 3047 2404 3107 2450; x_wconf 93' lang='lat' dir='ltr'><strong>ut</strong></span> <span class='ocrx_word' id='word_1_445' title='bbox 3139 2397 3383 2467; x_wconf 87' lang='lat' dir='ltr'><strong>rogabat,</strong></span> <span class='ocrx_word' id='word_1_446' title='bbox 3414 2397 3679 2466; x_wconf 84' lang='lat' dir='ltr'><strong>perducta</strong></span> <span class='ocrx_word' id='word_1_447' title='bbox 3716 2397 3815 2452; x_wconf 87' lang='lat' dir='ltr'><strong>be-</strong></span> 
     </span>
    </p>
   </div>
   <div class='ocr_carea' id='block_1_63' title="bbox 2226 2484 3811 2558">
    <p class='ocr_par' dir='ltr' id='par_1_63' title="bbox 2226 2484 3811 2558">
     <span class='ocr_line' id='line_1_63' title="bbox 2226 2484 3811 2558; baseline 0.002 -20"><span class='ocrx_word' id='word_1_448' title='bbox 2226 2484 2498 2557; x_wconf 82' lang='lat' dir='ltr'><strong>nigneque</strong></span> <span class='ocrx_word' id='word_1_449' title='bbox 2526 2496 2774 2556; x_wconf 89' lang='lat' dir='ltr'><strong>suscepta</strong></span> <span class='ocrx_word' id='word_1_450' title='bbox 2801 2486 2974 2541; x_wconf 89' lang='lat' dir='ltr'><strong>eidem</strong></span> <span class='ocrx_word' id='word_1_451' title='bbox 3005 2487 3230 2557; x_wconf 86' lang='lat' dir='ltr'><strong>pauperi</strong></span> <span class='ocrx_word' id='word_1_452' title='bbox 3251 2487 3621 2558; x_wconf 80' lang='lat' dir='ltr'><strong>episcopatum</strong></span> <span class='ocrx_word' id='word_1_453' title='bbox 3651 2488 3811 2542; x_wconf 85' lang='lat' dir='ltr'><strong>Auti-</strong></span> 
     </span>
    </p>
   </div>
   <div class='ocr_carea' id='block_1_64' title="bbox 2226 2575 3813 2648">
    <p class='ocr_par' dir='ltr' id='par_1_64' title="bbox 2226 2575 3813 2648">
     <span class='ocr_line' id='line_1_64' title="bbox 2226 2575 3813 2648; baseline 0.001 -18"><span class='ocrx_word' id='word_1_454' title='bbox 2226 2575 2598 2632; x_wconf 85' lang='lat' dir='ltr'><strong>siodorensem</strong></span> <span class='ocrx_word' id='word_1_455' title='bbox 2634 2575 2946 2647; x_wconf 88' lang='lat' dir='ltr'><strong>impetravit</strong></span> <span class='ocrx_word' id='word_1_456' title='bbox 2979 2575 3151 2648; x_wconf 85' lang='grc'>(181).</span> <span class='ocrx_word' id='word_1_457' title='bbox 3193 2577 3404 2635; x_wconf 81' lang='lat' dir='ltr'><strong>Aimon.</strong></span> <span class='ocrx_word' id='word_1_458' title='bbox 3436 2576 3475 2631; x_wconf 87' lang='grc' dir='ltr'>ι.</span> <span class='ocrx_word' id='word_1_459' title='bbox 3513 2591 3598 2644; x_wconf 85' lang='grc' dir='ltr'>ιιι,</span> <span class='ocrx_word' id='word_1_460' title='bbox 3633 2593 3684 2632; x_wconf 82' lang='lat' dir='ltr'><strong>e.</strong></span> <span class='ocrx_word' id='word_1_461' title='bbox 3718 2577 3813 2643; x_wconf 87' lang='lat'><strong>87,</strong></span> 
     </span>
    </p>
   </div>
   <div class='ocr_carea' id='block_1_65' title="bbox 2228 2663 2540 2721">
    <p class='ocr_par' dir='ltr' id='par_1_65' title="bbox 2228 2663 2540 2721">
     <span class='ocr_line' id='line_1_65' title="bbox 2228 2663 2540 2721; baseline 0.01 -3"><span class='ocrx_word' id='word_1_462' title='bbox 2228 2663 2304 2718; x_wconf 88' lang='lat' dir='ltr'><strong>al.</strong></span> <span class='ocrx_word' id='word_1_463' title='bbox 2330 2682 2386 2718; x_wconf 91' lang='lat' dir='ltr'><strong>a.</strong></span> <span class='ocrx_word' id='word_1_464' title='bbox 2412 2664 2540 2721; x_wconf 84' lang='lat'><strong>599.</strong></span> 
     </span>
    </p>
   </div>
   <div class='ocr_carea' id='block_1_66' title="bbox 2297 2755 3816 2833">
    <p class='ocr_par' dir='ltr' id='par_1_66' title="bbox 2297 2755 3816 2833">
     <span class='ocr_line' id='line_1_66' title="bbox 2297 2755 3816 2833; baseline 0.002 -23"><span class='ocrx_word' id='word_1_465' title='bbox 2297 2755 2402 2810; x_wconf 74' lang='grc'>602</span> <span class='ocrx_word' id='word_1_466' title='bbox 2435 2756 2720 2813; x_wconf 84' lang='lat' dir='ltr'><strong>Mauritius</strong></span> <span class='ocrx_word' id='word_1_467' title='bbox 2767 2758 3059 2833; x_wconf 81' lang='lat' dir='ltr'><strong>imperator</strong></span> <span class='ocrx_word' id='word_1_468' title='bbox 3085 2757 3345 2825; x_wconf 79' lang='lat' dir='ltr'><strong>Phocum,</strong></span> <span class='ocrx_word' id='word_1_469' title='bbox 3377 2757 3816 2833; x_wconf 67' lang='lat' dir='ltr'><strong>reipublictruti-</strong></span> 
     </span>
    </p>
   </div>
   <div class='ocr_carea' id='block_1_67' title="bbox 2231 2844 3813 2923">
    <p class='ocr_par' dir='ltr' id='par_1_67' title="bbox 2231 2844 3813 2923">
     <span class='ocr_line' id='line_1_67' title="bbox 2231 2844 3813 2923; baseline 0.002 -23"><span class='ocrx_word' id='word_1_470' title='bbox 2231 2844 2355 2910; x_wconf 80' lang='lat' dir='ltr'><strong>lem,</strong></span> <span class='ocrx_word' id='word_1_471' title='bbox 2372 2848 2670 2921; x_wconf 89' lang='lat' dir='ltr'><strong>principem</strong></span> <span class='ocrx_word' id='word_1_472' title='bbox 2694 2848 2901 2905; x_wconf 84' lang='lat' dir='ltr'><strong>militiae</strong></span> <span class='ocrx_word' id='word_1_473' title='bbox 2922 2849 3145 2923; x_wconf 84' lang='lat' dir='ltr'><strong>faciens,</strong></span> <span class='ocrx_word' id='word_1_474' title='bbox 3166 2864 3397 2920; x_wconf 87' lang='lat' dir='ltr'><strong>eumque</strong></span> <span class='ocrx_word' id='word_1_475' title='bbox 3418 2865 3541 2909; x_wconf 88' lang='lat' dir='ltr'><strong>cum</strong></span> <span class='ocrx_word' id='word_1_476' title='bbox 3561 2850 3813 2905; x_wconf 88' lang='lat' dir='ltr'><strong>exercitu</strong></span> 
     </span>
    </p>
   </div>
   <div class='ocr_carea' id='block_1_68' title="bbox 2226 2928 3814 3013">
    <p class='ocr_par' dir='ltr' id='par_1_68' title="bbox 2226 2928 3814 3013">
     <span class='ocr_line' id='line_1_68' title="bbox 2226 2928 3814 3013; baseline 0.001 -21"><span class='ocrx_word' id='word_1_477' title='bbox 2226 2928 2476 3007; x_wconf 80' lang='lat' dir='ltr'><strong>mittens,</strong></span> <span class='ocrx_word' id='word_1_478' title='bbox 2505 2939 2573 2995; x_wconf 90' lang='lat' dir='ltr'><strong>de</strong></span> <span class='ocrx_word' id='word_1_479' title='bbox 2602 2940 2782 2997; x_wconf 86' lang='lat' dir='ltr'><strong>Persis</strong></span> <span class='ocrx_word' id='word_1_480' title='bbox 2810 2950 2861 2996; x_wconf 89' lang='lat' dir='ltr'><strong>et</strong></span> <span class='ocrx_word' id='word_1_481' title='bbox 2886 2942 3007 2998; x_wconf 88' lang='lat' dir='ltr'><strong>aliis</strong></span> <span class='ocrx_word' id='word_1_482' title='bbox 3038 2940 3312 2997; x_wconf 90' lang='lat' dir='ltr'><strong>nonnullis</strong></span> <span class='ocrx_word' id='word_1_483' title='bbox 3336 2940 3589 3013; x_wconf 84' lang='lat' dir='ltr'><strong>gentibus</strong></span> <span class='ocrx_word' id='word_1_484' title='bbox 3616 2941 3814 2995; x_wconf 88' lang='lat' dir='ltr'><strong>trium-</strong></span> 
     </span>
    </p>
   </div>
   <div class='ocr_carea' id='block_1_69' title="bbox 2231 3031 3813 3104">
    <p class='ocr_par' dir='ltr' id='par_1_69' title="bbox 2231 3031 3813 3104">
     <span class='ocr_line' id='line_1_69' title="bbox 2231 3031 3813 3104; baseline -0.001 -18"><span class='ocrx_word' id='word_1_485' title='bbox 2231 3032 2436 3102; x_wconf 88' lang='lat' dir='ltr'><strong>phavit.</strong></span> <span class='ocrx_word' id='word_1_486' title='bbox 2482 3031 2621 3087; x_wconf 80' lang='lat' dir='ltr'><strong>Hist.</strong></span> <span class='ocrx_word' id='word_1_487' title='bbox 2649 3033 2846 3088; x_wconf 84' lang='lat' dir='ltr'><strong>miscel.</strong></span> <span class='ocrx_word' id='word_1_488' title='bbox 2871 3062 2941 3074; x_wconf 90' lang='lat'><strong>-—</strong></span> <span class='ocrx_word' id='word_1_489' title='bbox 2971 3032 3126 3102; x_wconf 86' lang='lat' dir='ltr'><strong>Globi</strong></span> <span class='ocrx_word' id='word_1_490' title='bbox 3155 3033 3319 3104; x_wconf 86' lang='lat' dir='ltr'><strong>ignei,</strong></span> <span class='ocrx_word' id='word_1_491' title='bbox 3357 3041 3420 3097; x_wconf 79' lang='lat' dir='ltr'><strong>ct</strong></span> <span class='ocrx_word' id='word_1_492' title='bbox 3439 3032 3544 3087; x_wconf 84' lang='lat' dir='ltr'><strong>alia</strong></span> <span class='ocrx_word' id='word_1_493' title='bbox 3571 3031 3727 3102; x_wconf 75' lang='lat' dir='ltr'><strong>signa</strong></span> <span class='ocrx_word' id='word_1_494' title='bbox 3758 3031 3813 3085; x_wconf 91' lang='lat' dir='ltr'><strong>iu</strong></span> 
     </span>
    </p>
   </div>
   <div class='ocr_carea' id='block_1_70' title="bbox 2232 3120 3816 3194">
    <p class='ocr_par' dir='ltr' id='par_1_70' title="bbox 2232 3120 3816 3194">
     <span class='ocr_line' id='line_1_70' title="bbox 2232 3120 3816 3194; baseline -0.003 -15"><span class='ocrx_word' id='word_1_495' title='bbox 2232 3122 2370 3179; x_wconf 75' lang='lat' dir='ltr'><strong>cmlo</strong></span> <span class='ocrx_word' id='word_1_496' title='bbox 2394 3124 2528 3179; x_wconf 84' lang='lat' dir='ltr'><strong>visa.</strong></span> <span class='ocrx_word' id='word_1_497' title='bbox 2553 3120 2774 3194; x_wconf 85' lang='lat' dir='ltr'><strong>Fredeg.</strong></span> <span class='ocrx_word' id='word_1_498' title='bbox 2800 3141 2852 3177; x_wconf 93' lang='lat' dir='ltr'><strong>a.</strong></span> <span class='ocrx_word' id='word_1_499' title='bbox 2877 3122 2999 3179; x_wconf 82' lang='lat'><strong>600.</strong></span> <span class='ocrx_word' id='word_1_500' title='bbox 3028 3153 3099 3166; x_wconf 82' lang='lat'><strong>—-</strong></span> <span class='ocrx_word' id='word_1_501' title='bbox 3118 3121 3528 3187; x_wconf 82' lang='lat' dir='ltr'><strong>Theodebertus</strong></span> <span class='ocrx_word' id='word_1_502' title='bbox 3552 3130 3610 3177; x_wconf 89' lang='lat' dir='ltr'><strong>et</strong></span> <span class='ocrx_word' id='word_1_503' title='bbox 3636 3120 3816 3176; x_wconf 75' lang='lat' dir='ltr'><strong>Theo-</strong></span> 
     </span>
    </p>
   </div>
   <div class='ocr_carea' id='block_1_71' title="bbox 2237 3211 3866 3285">
    <p class='ocr_par' dir='ltr' id='par_1_71' title="bbox 2237 3211 3866 3285">
     <span class='ocr_line' id='line_1_71' title="bbox 2237 3211 3866 3285; baseline -0.003 -16"><span class='ocrx_word' id='word_1_504' title='bbox 2237 3212 2450 3269; x_wconf 88' lang='lat' dir='ltr'><strong>dericus</strong></span> <span class='ocrx_word' id='word_1_505' title='bbox 2476 3212 2691 3279; x_wconf 80' lang='lat' dir='ltr'><strong>fratres,</strong></span> <span class='ocrx_word' id='word_1_506' title='bbox 2726 3213 2931 3284; x_wconf 83' lang='lat' dir='ltr'><strong>ingenti</strong></span> <span class='ocrx_word' id='word_1_507' title='bbox 2970 3228 3146 3285; x_wconf 86' lang='lat' dir='ltr'><strong>pugna</strong></span> <span class='ocrx_word' id='word_1_508' title='bbox 3181 3211 3460 3268; x_wconf 84' lang='lat' dir='ltr'><strong>Clothario</strong></span> <span class='ocrx_word' id='word_1_509' title='bbox 3488 3227 3613 3281; x_wconf 83' lang='lat' dir='ltr'><strong>rege</strong></span> <span class='ocrx_word' id='word_1_510' title='bbox 3649 3226 3814 3281; x_wconf 82' lang='lat' dir='ltr'><strong>supe-</strong></span> <span class='ocrx_word' id='word_1_511' title='bbox 3862 3212 3866 3218; x_wconf 74' lang='lat'>‘</span> 
     </span>
    </p>
   </div>
   <div class='ocr_carea' id='block_1_72' title="bbox 2239 3391 3814 3465">
    <p class='ocr_par' dir='ltr' id='par_1_72' title="bbox 2239 3391 3814 3465">
     <span class='ocr_line' id='line_1_72' title="bbox 2239 3391 3814 3465; baseline -0.004 -18"><span class='ocrx_word' id='word_1_512' title='bbox 2239 3394 2357 3465; x_wconf 87' lang='lat' dir='ltr'><strong>ejus</strong></span> <span class='ocrx_word' id='word_1_513' title='bbox 2385 3394 2646 3463; x_wconf 88' lang='lat' dir='ltr'><strong>diripiunt</strong></span> <span class='ocrx_word' id='word_1_514' title='bbox 2673 3402 2729 3449; x_wconf 92' lang='lat' dir='ltr'><strong>et</strong></span> <span class='ocrx_word' id='word_1_515' title='bbox 2757 3393 2897 3448; x_wconf 89' lang='lat' dir='ltr'><strong>inter</strong></span> <span class='ocrx_word' id='word_1_516' title='bbox 2923 3407 2981 3447; x_wconf 89' lang='lat' dir='ltr'><strong>se</strong></span> <span class='ocrx_word' id='word_1_517' title='bbox 3026 3392 3302 3456; x_wconf 88' lang='lat' dir='ltr'><strong>dividunt;</strong></span> <span class='ocrx_word' id='word_1_518' title='bbox 3350 3391 3558 3451; x_wconf 84' lang='lat' dir='ltr'><strong>modica</strong></span> <span class='ocrx_word' id='word_1_519' title='bbox 3600 3399 3814 3443; x_wconf 85' lang='lat' dir='ltr'><strong>tantum</strong></span> 
     </span>
    </p>
   </div>
   <div class='ocr_carea' id='block_1_73' title="bbox 2239 3478 3815 3552">
    <p class='ocr_par' dir='ltr' id='par_1_73' title="bbox 2239 3478 3815 3552">
     <span class='ocr_line' id='line_1_73' title="bbox 2239 3478 3815 3552; baseline -0.003 -17"><span class='ocrx_word' id='word_1_520' title='bbox 2239 3491 2393 3552; x_wconf 89' lang='lat' dir='ltr'><strong>parte</strong></span> <span class='ocrx_word' id='word_1_521' title='bbox 2418 3482 2514 3548; x_wconf 94' lang='lat' dir='ltr'><strong>illi,</strong></span> <span class='ocrx_word' id='word_1_522' title='bbox 2545 3482 2597 3537; x_wconf 89' lang='lat' dir='ltr'><strong>id</strong></span> <span class='ocrx_word' id='word_1_523' title='bbox 2625 3490 2729 3548; x_wconf 91' lang='lat' dir='ltr'><strong>est,</strong></span> <span class='ocrx_word' id='word_1_524' title='bbox 2757 3497 2832 3535; x_wconf 79' lang='lat' dir='ltr'><strong>xu</strong></span> <span class='ocrx_word' id='word_1_525' title='bbox 2855 3480 3205 3536; x_wconf 87' lang='lat' dir='ltr'><strong>comitatibus</strong></span> <span class='ocrx_word' id='word_1_526' title='bbox 3225 3480 3378 3550; x_wconf 87' lang='lat' dir='ltr'><strong>juxta</strong></span> <span class='ocrx_word' id='word_1_527' title='bbox 3409 3478 3561 3536; x_wconf 89' lang='lat' dir='ltr'><strong>littus</strong></span> <span class='ocrx_word' id='word_1_528' title='bbox 3576 3478 3815 3544; x_wconf 84' lang='lat' dir='ltr'><strong>Oceani,</strong></span> 
     </span>
    </p>
   </div>
   <div class='ocr_carea' id='block_1_74' title="bbox 2239 3565 3813 3643">
    <p class='ocr_par' dir='ltr' id='par_1_74' title="bbox 2239 3565 3813 3643">
     <span class='ocr_line' id='line_1_74' title="bbox 2239 3565 3813 3643; baseline -0.006 -14"><span class='ocrx_word' id='word_1_529' title='bbox 2239 3588 2359 3629; x_wconf 89' lang='lat' dir='ltr'><strong>cum</strong></span> <span class='ocrx_word' id='word_1_530' title='bbox 2387 3581 2546 3643; x_wconf 88' lang='lat' dir='ltr'><strong>pacto</strong></span> <span class='ocrx_word' id='word_1_531' title='bbox 2586 3572 2738 3642; x_wconf 89' lang='lat' dir='ltr'><strong>pacis</strong></span> <span class='ocrx_word' id='word_1_532' title='bbox 2767 3572 2973 3627; x_wconf 89' lang='lat' dir='ltr'><strong>relicta.</strong></span> <span class='ocrx_word' id='word_1_533' title='bbox 3003 3569 3166 3625; x_wconf 86' lang='lat' dir='ltr'><strong>Fred.</strong></span> <span class='ocrx_word' id='word_1_534' title='bbox 3206 3588 3259 3625; x_wconf 89' lang='lat' dir='ltr'><strong>a.</strong></span> <span class='ocrx_word' id='word_1_535' title='bbox 3297 3569 3436 3635; x_wconf 87' lang='lat'><strong>600;</strong></span> <span class='ocrx_word' id='word_1_536' title='bbox 3476 3565 3617 3622; x_wconf 87' lang='lat' dir='ltr'><strong>Paul</strong></span> <span class='ocrx_word' id='word_1_537' title='bbox 3659 3566 3813 3620; x_wconf 85' lang='lat' dir='ltr'><strong>Diae.</strong></span> 
     </span>
    </p>
   </div>
   <div class='ocr_carea' id='block_1_75' title="bbox 2309 3658 3814 3735">
    <p class='ocr_par' dir='ltr' id='par_1_75' title="bbox 2309 3658 3814 3735">
     <span class='ocr_line' id='line_1_75' title="bbox 2309 3658 3814 3735; baseline -0.006 -14"><span class='ocrx_word' id='word_1_538' title='bbox 2309 3665 2413 3721; x_wconf 79' lang='grc'>605</span> <span class='ocrx_word' id='word_1_539' title='bbox 2446 3663 2912 3735; x_wconf 87' lang='lat' dir='ltr'><strong>Constantinopoli</strong></span> <span class='ocrx_word' id='word_1_540' title='bbox 2943 3663 3153 3719; x_wconf 88' lang='lat' dir='ltr'><strong>Phocas</strong></span> <span class='ocrx_word' id='word_1_541' title='bbox 3193 3662 3367 3723; x_wconf 82' lang='lat' dir='ltr'><strong>victor</strong></span> <span class='ocrx_word' id='word_1_542' title='bbox 3407 3660 3473 3714; x_wconf 85' lang='lat' dir='ltr'><strong>de</strong></span> <span class='ocrx_word' id='word_1_543' title='bbox 3504 3658 3686 3719; x_wconf 81' lang='lat' dir='ltr'><strong>Persis</strong></span> <span class='ocrx_word' id='word_1_544' title='bbox 3728 3672 3814 3712; x_wconf 65' lang='lat' dir='ltr'><strong>reo</strong></span> 
     </span>
    </p>
   </div>
   <div class='ocr_carea' id='block_1_76' title="bbox 2238 3748 3819 3824">
    <p class='ocr_par' dir='ltr' id='par_1_76' title="bbox 2238 3748 3819 3824">
     <span class='ocr_line' id='line_1_76' title="bbox 2238 3748 3819 3824; baseline -0.008 -12"><span class='ocrx_word' id='word_1_545' title='bbox 2238 3772 2428 3814; x_wconf 88' lang='lat' dir='ltr'><strong>versus</strong></span> <span class='ocrx_word' id='word_1_546' title='bbox 2455 3748 2769 3812; x_wconf 85' lang='lat' dir='ltr'><strong>Mauricium</strong></span> <span class='ocrx_word' id='word_1_547' title='bbox 2791 3755 3193 3824; x_wconf 88' lang='lat' dir='ltr'><strong>imperatorem,</strong></span> <span class='ocrx_word' id='word_1_548' title='bbox 3220 3759 3440 3821; x_wconf 87' lang='lat' dir='ltr'><strong>peccata</strong></span> <span class='ocrx_word' id='word_1_549' title='bbox 3470 3764 3567 3803; x_wconf 88' lang='lat' dir='ltr'><strong>sua</strong></span> <span class='ocrx_word' id='word_1_550' title='bbox 3598 3749 3652 3802; x_wconf 89' lang='lat' dir='ltr'><strong>in</strong></span> <span class='ocrx_word' id='word_1_551' title='bbox 3680 3761 3819 3816; x_wconf 73' lang='lat' dir='ltr'><strong>pra:-</strong></span> 
     </span>
    </p>
   </div>
   <div class='ocr_carea' id='block_1_77' title="bbox 2239 3841 3814 3921">
    <p class='ocr_par' dir='ltr' id='par_1_77' title="bbox 2239 3841 3814 3921">
     <span class='ocr_line' id='line_1_77' title="bbox 2239 3841 3814 3921; baseline -0.009 -14"><span class='ocrx_word' id='word_1_552' title='bbox 2239 3850 2404 3917; x_wconf 87' lang='lat' dir='ltr'><strong>senti,</strong></span> <span class='ocrx_word' id='word_1_553' title='bbox 2444 3857 2505 3905; x_wconf 92' lang='lat' dir='ltr'><strong>ut</strong></span> <span class='ocrx_word' id='word_1_554' title='bbox 2545 3849 2661 3921; x_wconf 90' lang='lat' dir='ltr'><strong>ipse</strong></span> <span class='ocrx_word' id='word_1_555' title='bbox 2697 3862 2911 3907; x_wconf 74' lang='lat' dir='ltr'><strong>semper</strong></span> <span class='ocrx_word' id='word_1_556' title='bbox 2955 3858 3143 3902; x_wconf 85' lang='lat' dir='ltr'><strong>orasse</strong></span> <span class='ocrx_word' id='word_1_557' title='bbox 3184 3843 3379 3912; x_wconf 79' lang='lat' dir='ltr'><strong>fertur,</strong></span> <span class='ocrx_word' id='word_1_558' title='bbox 3423 3841 3814 3907; x_wconf 80' lang='lat' dir='ltr'><strong>exsolventem,</strong></span> 
     </span>
    </p>
   </div>
   <div class='ocr_carea' id='block_1_78' title="bbox 1525 3974 2827 4071">
    <p class='ocr_par' dir='ltr' id='par_1_78' title="bbox 1525 3974 2827 4071">
     <span class='ocr_line' id='line_1_78' title="bbox 1525 3974 2827 4071; baseline -0.009 0"><span class='ocrx_word' id='word_1_559' title='bbox 1525 3974 2015 4071; x_wconf 3' lang='lat' dir='ltr'><strong>.CCOMPENDIUM</strong></span> <span class='ocrx_word' id='word_1_560' title='bbox 2052 4010 2145 4066; x_wconf 85' lang='lat' dir='ltr'><strong>EX</strong></span> <span class='ocrx_word' id='word_1_561' title='bbox 2182 4007 2427 4067; x_wconf 80' lang='lat' dir='ltr'><strong>CODlCE</strong></span> <span class='ocrx_word' id='word_1_562' title='bbox 2465 4002 2827 4062; x_wconf 77' lang='lat' dir='ltr'><strong>BERNOLDI.</strong></span> 
     </span>
    </p>
   </div>
   <div class='ocr_carea' id='block_1_79' title="bbox 546 4108 2134 4233">
    <p class='ocr_par' dir='ltr' id='par_1_79' title="bbox 546 4108 2134 4233">
     <span class='ocr_line' id='line_1_79' title="bbox 546 4108 2134 4233; baseline -0.004 -26"><span class='ocrx_word' id='word_1_563' title='bbox 546 4230 549 4233; x_wconf 85' lang='lat'><em>_</em></span> <span class='ocrx_word' id='word_1_564' title='bbox 631 4150 734 4207; x_wconf 77' lang='lat'><strong>595</strong></span> <span class='ocrx_word' id='word_1_565' title='bbox 771 4148 1054 4221; x_wconf 80' lang='lat' dir='ltr'><strong>Gregorius</strong></span> <span class='ocrx_word' id='word_1_566' title='bbox 1092 4149 1348 4220; x_wconf 86' lang='lat' dir='ltr'><strong>synodum</strong></span> <span class='ocrx_word' id='word_1_567' title='bbox 1390 4162 1518 4204; x_wconf 74' lang='lat' dir='ltr'><strong>xxnv</strong></span> <span class='ocrx_word' id='word_1_568' title='bbox 1559 4148 1915 4220; x_wconf 87' lang='lat' dir='ltr'><strong>episcoporum</strong></span> <span class='ocrx_word' id='word_1_569' title='bbox 1958 4146 2028 4201; x_wconf 81' lang='lat' dir='ltr'><strong>ad</strong></span> <span class='ocrx_word' id='word_1_570' title='bbox 2074 4144 2134 4202; x_wconf 91' lang='lat' dir='ltr'><strong>S.</strong></span> 
     </span>
    </p>
   </div>
   <div class='ocr_carea' id='block_1_80' title="bbox 540 4238 1460 4312">
    <p class='ocr_par' dir='ltr' id='par_1_80' title="bbox 540 4238 1460 4312">
     <span class='ocr_line' id='line_1_80' title="bbox 540 4238 1460 4312; baseline -0.001 -16"><span class='ocrx_word' id='word_1_571' title='bbox 540 4238 778 4311; x_wconf 71' lang='lat' dir='ltr'><strong>Parrum</strong></span> <span class='ocrx_word' id='word_1_572' title='bbox 805 4242 1007 4312; x_wconf 79' lang='lat' dir='ltr'><strong>collegit</strong></span> <span class='ocrx_word' id='word_1_573' title='bbox 1046 4242 1328 4296; x_wconf 80' lang='lat' dir='ltr'><strong>indictione</strong></span> <span class='ocrx_word' id='word_1_574' title='bbox 1353 4256 1460 4295; x_wconf 79' lang='lat' dir='ltr'><strong>xw.</strong></span> 
     </span>
    </p>
   </div>
   <div class='ocr_carea' id='block_1_81' title="bbox 2240 4118 3323 4216">
    <p class='ocr_par' dir='ltr' id='par_1_81' title="bbox 2240 4118 3323 4216">
     <span class='ocr_line' id='line_1_81' title="bbox 2240 4118 3323 4216; baseline -0.011 -16"><span class='ocrx_word' id='word_1_575' title='bbox 2240 4118 2339 4216; x_wconf 79' lang='lat' dir='ltr'><strong>ipsi</strong></span> <span class='ocrx_word' id='word_1_576' title='bbox 2363 4143 2562 4198; x_wconf 62' lang='lat' dir='ltr'><strong>Roman</strong></span> <span class='ocrx_word' id='word_1_577' title='bbox 2583 4180 2598 4197; x_wconf 93' lang='lat'><strong>.</strong></span> <span class='ocrx_word' id='word_1_578' title='bbox 2620 4180 2636 4196; x_wconf 93' lang='lat'><strong>.</strong></span> <span class='ocrx_word' id='word_1_579' title='bbox 2664 4155 2771 4212; x_wconf 71' lang='lat' dir='ltr'><strong>pax</strong></span> <span class='ocrx_word' id='word_1_580' title='bbox 2792 4136 3035 4207; x_wconf 85' lang='lat' dir='ltr'><strong>utrinque</strong></span> <span class='ocrx_word' id='word_1_581' title='bbox 3062 4140 3205 4206; x_wconf 76' lang='lat' dir='ltr'><strong>[acta</strong></span> <span class='ocrx_word' id='word_1_582' title='bbox 3226 4143 3323 4189; x_wconf 84' lang='lat' dir='ltr'><strong>est.</strong></span> 
     </span>
    </p>
   </div>
   <div class='ocr_carea' id='block_1_82' title="bbox 2314 4223 3739 4301">
    <p class='ocr_par' dir='ltr' id='par_1_82' title="bbox 2314 4223 3739 4301">
     <span class='ocr_line' id='line_1_82' title="bbox 2314 4223 3739 4301; baseline -0.007 -11"><span class='ocrx_word' id='word_1_583' title='bbox 2314 4234 2418 4290; x_wconf 82' lang='lat'><strong>599</strong></span> <span class='ocrx_word' id='word_1_584' title='bbox 2459 4232 2558 4287; x_wconf 84' lang='lat' dir='ltr'><strong>llis</strong></span> <span class='ocrx_word' id='word_1_585' title='bbox 2592 4229 2906 4301; x_wconf 82' lang='lat' dir='ltr'><strong>temporibus</strong></span> <span class='ocrx_word' id='word_1_586' title='bbox 2930 4226 3327 4291; x_wconf 85' lang='lat' dir='ltr'><strong>monasterium,</strong></span> <span class='ocrx_word' id='word_1_587' title='bbox 3349 4232 3483 4290; x_wconf 88' lang='lat' dir='ltr'><strong>etc.,</strong></span> <span class='ocrx_word' id='word_1_588' title='bbox 3510 4233 3572 4278; x_wconf 90' lang='lat' dir='ltr'><strong>ut</strong></span> <span class='ocrx_word' id='word_1_589' title='bbox 3596 4223 3739 4295; x_wconf 82' lang='lat' dir='ltr'><strong>Aug.</strong></span> 
     </span>
    </p>
   </div>
   <div class='ocr_carea' id='block_1_83' title="bbox 631 4294 3815 4401">
    <p class='ocr_par' dir='ltr' id='par_1_83' title="bbox 631 4294 3815 4401">
     <span class='ocr_line' id='line_1_83' title="bbox 631 4294 3815 4401; baseline -0.005 -14"><span class='ocrx_word' id='word_1_590' title='bbox 631 4294 737 4389; x_wconf 89' lang='grc'><strong>596</strong></span> <span class='ocrx_word' id='word_1_591' title='bbox 750 4294 1212 4387; x_wconf 10' lang='grc' dir='ltr'><strong>νεὶ-(ἰέῖιιιηδιιηιιὲ</strong></span> <span class='ocrx_word' id='word_1_592' title='bbox 1242 4330 1510 4401; x_wconf 82' lang='lat' dir='ltr'><strong>presbyter</strong></span> <span class='ocrx_word' id='word_1_593' title='bbox 1540 4339 1588 4385; x_wconf 87' lang='lat' dir='ltr'><strong>et</strong></span> <span class='ocrx_word' id='word_1_594' title='bbox 1613 4330 1796 4393; x_wconf 83' lang='lat' dir='ltr'><strong>abbas,</strong></span> <span class='ocrx_word' id='word_1_595' title='bbox 1819 4325 2138 4401; x_wconf 28' lang='lat' dir='ltr'><strong>postomulta</strong></span> <span class='ocrx_word' id='word_1_596' title='bbox 2170 4315 2219 4376; x_wconf 80' lang='grc' dir='ltr'><strong>Ι)</strong></span> <span class='ocrx_word' id='word_1_597' title='bbox 2313 4327 2417 4382; x_wconf 73' lang='grc'><strong>600</strong></span> <span class='ocrx_word' id='word_1_598' title='bbox 2455 4294 2736 4396; x_wconf 74' lang='lat' dir='ltr'><strong>Gregorius</strong></span> <span class='ocrx_word' id='word_1_599' title='bbox 2788 4338 2925 4393; x_wconf 91' lang='lat' dir='ltr'><strong>papa</strong></span> <span class='ocrx_word' id='word_1_600' title='bbox 2984 4318 3360 4373; x_wconf 60' lang='lat' dir='ltr'><strong>Lundoniae...</strong></span> <span class='ocrx_word' id='word_1_601' title='bbox 3407 4294 3703 4371; x_wconf 77' lang='lat' dir='ltr'><strong>indictione</strong></span> <span class='ocrx_word' id='word_1_602' title='bbox 3742 4294 3815 4372; x_wconf 80' lang='lat' dir='ltr'><strong>tv.</strong></span> 
     </span>
    </p>
   </div>
   <div class='ocr_carea' id='block_1_84' title="bbox 559 4416 2139 4492">
    <p class='ocr_par' dir='ltr' id='par_1_84' title="bbox 559 4416 2139 4492">
     <span class='ocr_line' id='line_1_84' title="bbox 559 4416 2139 4492; baseline -0.004 -13"><span class='ocrx_word' id='word_1_603' title='bbox 559 4422 849 4479; x_wconf 84' lang='lat' dir='ltr'><strong>mirabilia.</strong></span> <span class='ocrx_word' id='word_1_604' title='bbox 869 4460 915 4477; x_wconf 93' lang='lat'><strong>..</strong></span> <span class='ocrx_word' id='word_1_605' title='bbox 947 4423 1116 4477; x_wconf 72' lang='grc' dir='ltr'><strong>ωιαιὶε</strong></span> <span class='ocrx_word' id='word_1_606' title='bbox 1144 4436 1308 4477; x_wconf 81' lang='lat' dir='ltr'><strong>Lxxu.</strong></span> <span class='ocrx_word' id='word_1_607' title='bbox 1345 4421 1462 4476; x_wconf 82' lang='lat' dir='ltr'><strong>Hoc</strong></span> <span class='ocrx_word' id='word_1_608' title='bbox 1507 4432 1733 4492; x_wconf 85' lang='lat' dir='ltr'><strong>tempore</strong></span> <span class='ocrx_word' id='word_1_609' title='bbox 1760 4419 1826 4474; x_wconf 91' lang='grc' dir='ltr'><strong>Β.</strong></span> <span class='ocrx_word' id='word_1_610' title='bbox 1859 4416 2139 4488; x_wconf 80' lang='lat' dir='ltr'><strong>Gregorius</strong></span> 
     </span>
    </p>
   </div>
   <div class='ocr_carea' id='block_1_85' title="bbox 559 4509 2139 4589">
    <p class='ocr_par' dir='ltr' id='par_1_85' title="bbox 559 4509 2139 4589">
     <span class='ocr_line' id='line_1_85' title="bbox 559 4509 2139 4589; baseline -0.001 -24"><span class='ocrx_word' id='word_1_611' title='bbox 559 4529 720 4584; x_wconf 70' lang='lat' dir='ltr'><strong>papa,</strong></span> <span class='ocrx_word' id='word_1_612' title='bbox 753 4515 946 4568; x_wconf 83' lang='lat' dir='ltr'><strong>missis.</strong></span> <span class='ocrx_word' id='word_1_613' title='bbox 966 4551 980 4567; x_wconf 93' lang='lat'><strong>.</strong></span> <span class='ocrx_word' id='word_1_614' title='bbox 1002 4553 1015 4589; x_wconf 61' lang='grc' dir='ltr'><strong>τ</strong></span> <span class='ocrx_word' id='word_1_615' title='bbox 1040 4512 1250 4567; x_wconf 80' lang='lat' dir='ltr'><strong>Joanne</strong></span> <span class='ocrx_word' id='word_1_616' title='bbox 1273 4522 1319 4567; x_wconf 87' lang='lat' dir='ltr'><strong>et</strong></span> <span class='ocrx_word' id='word_1_617' title='bbox 1349 4511 1491 4578; x_wconf 87' lang='lat' dir='ltr'><strong>aliis,</strong></span> <span class='ocrx_word' id='word_1_618' title='bbox 1526 4510 1817 4582; x_wconf 83' lang='lat' dir='ltr'><strong>Anglorum</strong></span> <span class='ocrx_word' id='word_1_619' title='bbox 1853 4519 2052 4581; x_wconf 85' lang='lat' dir='ltr'><strong>gentem</strong></span> <span class='ocrx_word' id='word_1_620' title='bbox 2084 4509 2139 4563; x_wconf 85' lang='lat' dir='ltr'><strong>in</strong></span> 
     </span>
    </p>
   </div>
   <div class='ocr_carea' id='block_1_86' title="bbox 558 4600 1620 4671">
    <p class='ocr_par' dir='ltr' id='par_1_86' title="bbox 558 4600 1620 4671">
     <span class='ocr_line' id='line_1_86' title="bbox 558 4600 1620 4671; baseline -0.002 -13"><span class='ocrx_word' id='word_1_621' title='bbox 558 4600 840 4659; x_wconf 72' lang='lat' dir='ltr'><strong>Britannia</strong></span> <span class='ocrx_word' id='word_1_622' title='bbox 865 4604 935 4658; x_wconf 82' lang='lat' dir='ltr'><strong>ad</strong></span> <span class='ocrx_word' id='word_1_623' title='bbox 954 4604 1111 4671; x_wconf 78' lang='lat' dir='ltr'><strong>ﬁdem</strong></span> <span class='ocrx_word' id='word_1_624' title='bbox 1140 4604 1335 4659; x_wconf 76' lang='lat' dir='ltr'><strong>Christi</strong></span> <span class='ocrx_word' id='word_1_625' title='bbox 1355 4605 1620 4658; x_wconf 85' lang='lat' dir='ltr'><strong>convertit.</strong></span> 
     </span>
    </p>
   </div>
   <div class='ocr_carea' id='block_1_87' title="bbox 631 4695 1775 4752">
    <p class='ocr_par' dir='ltr' id='par_1_87' title="bbox 631 4695 1775 4752">
     <span class='ocr_line' id='line_1_87' title="bbox 631 4695 1775 4752; baseline -0.001 -1"><span class='ocrx_word' id='word_1_626' title='bbox 631 4695 735 4752; x_wconf 83' lang='grc'><strong>597</strong></span> <span class='ocrx_word' id='word_1_627' title='bbox 773 4695 1132 4752; x_wconf 81' lang='lat' dir='ltr'><strong>Childebertus</strong></span> <span class='ocrx_word' id='word_1_628' title='bbox 1163 4714 1252 4752; x_wconf 72' lang='lat' dir='ltr'><strong>rea:</strong></span> <span class='ocrx_word' id='word_1_629' title='bbox 1281 4696 1609 4750; x_wconf 82' lang='lat' dir='ltr'><strong>Francorum</strong></span> <span class='ocrx_word' id='word_1_630' title='bbox 1632 4696 1775 4750; x_wconf 90' lang='lat' dir='ltr'><strong>obiit.</strong></span> 
     </span>
    </p>
   </div>
   <div class='ocr_carea' id='block_1_88' title="bbox 635 4786 2142 4868">
    <p class='ocr_par' dir='ltr' id='par_1_88' title="bbox 635 4786 2142 4868">
     <span class='ocr_line' id='line_1_88' title="bbox 635 4786 2142 4868; baseline -0.005 -27"><span class='ocrx_word' id='word_1_631' title='bbox 635 4786 739 4843; x_wconf 83' lang='lat'><strong>598</strong></span> <span class='ocrx_word' id='word_1_632' title='bbox 779 4786 879 4842; x_wconf 78' lang='lat' dir='ltr'><strong>llis</strong></span> <span class='ocrx_word' id='word_1_633' title='bbox 917 4788 1253 4858; x_wconf 76' lang='lat' dir='ltr'><strong>temporibus,</strong></span> <span class='ocrx_word' id='word_1_634' title='bbox 1289 4803 1407 4841; x_wconf 87' lang='lat' dir='ltr'><strong>cum</strong></span> <span class='ocrx_word' id='word_1_635' title='bbox 1433 4786 1780 4841; x_wconf 80' lang='lat' dir='ltr'><strong>Romanus...</strong></span> <span class='ocrx_word' id='word_1_636' title='bbox 1822 4793 2001 4856; x_wconf 88' lang='lat' dir='ltr'><strong>captas</strong></span> <span class='ocrx_word' id='word_1_637' title='bbox 2048 4798 2142 4868; x_wconf 68' lang='lat' dir='ltr'><strong>per</strong></span> 
     </span>
    </p>
   </div>
   <div class='ocr_carea' id='block_1_89' title="bbox 552 4876 2139 4955">
    <p class='ocr_par' dir='ltr' id='par_1_89' title="bbox 552 4876 2139 4955">
     <span class='ocr_line' id='line_1_89' title="bbox 552 4876 2139 4955; baseline -0.002 -24"><span class='ocrx_word' id='word_1_638' title='bbox 552 4877 880 4955; x_wconf 68' lang='lat' dir='ltr'><strong>deditionem</strong></span> <span class='ocrx_word' id='word_1_639' title='bbox 909 4879 1202 4950; x_wconf 84' lang='lat' dir='ltr'><strong>recepisset,</strong></span> <span class='ocrx_word' id='word_1_640' title='bbox 1227 4888 1275 4934; x_wconf 86' lang='lat' dir='ltr'><strong>et</strong></span> <span class='ocrx_word' id='word_1_641' title='bbox 1298 4878 1360 4934; x_wconf 90' lang='lat' dir='ltr'><strong>ob</strong></span> <span class='ocrx_word' id='word_1_642' title='bbox 1386 4879 1442 4934; x_wconf 84' lang='lat' dir='ltr'><strong>id</strong></span> <span class='ocrx_word' id='word_1_643' title='bbox 1480 4877 1741 4949; x_wconf 77' lang='lat' dir='ltr'><strong>Agilolfus</strong></span> <span class='ocrx_word' id='word_1_644' title='bbox 1770 4893 1863 4932; x_wconf 77' lang='lat' dir='ltr'><strong>rea:</strong></span> <span class='ocrx_word' id='word_1_645' title='bbox 1887 4876 2063 4931; x_wconf 65' lang='lat' dir='ltr'><strong>Italia:</strong></span> <span class='ocrx_word' id='word_1_646' title='bbox 2091 4884 2139 4928; x_wconf 86' lang='lat' dir='ltr'><strong>et</strong></span> 
     </span>
    </p>
   </div>
   <div class='ocr_carea' id='block_1_90' title="bbox 2245 4406 3494 4486">
    <p class='ocr_par' dir='ltr' id='par_1_90' title="bbox 2245 4406 3494 4486">
     <span class='ocr_line' id='line_1_90' title="bbox 2245 4406 3494 4486; baseline -0.01 -15"><span class='ocrx_word' id='word_1_647' title='bbox 2245 4415 2431 4471; x_wconf 86' lang='lat' dir='ltr'><strong>Clades</strong></span> <span class='ocrx_word' id='word_1_648' title='bbox 2463 4413 2797 4486; x_wconf 85' lang='lat' dir='ltr'><strong>glandularia</strong></span> <span class='ocrx_word' id='word_1_649' title='bbox 2821 4410 3011 4464; x_wconf 87' lang='lat' dir='ltr'><strong>multas</strong></span> <span class='ocrx_word' id='word_1_650' title='bbox 3034 4409 3265 4462; x_wconf 85' lang='lat' dir='ltr'><strong>civitates</strong></span> <span class='ocrx_word' id='word_1_651' title='bbox 3289 4406 3494 4477; x_wconf 75' lang='lat' dir='ltr'><strong>afﬂixit.</strong></span> 
     </span>
    </p>
   </div>
   <div class='ocr_carea' id='block_1_91' title="bbox 2316 4494 3816 4572">
    <p class='ocr_par' dir='ltr' id='par_1_91' title="bbox 2316 4494 3816 4572">
     <span class='ocr_line' id='line_1_91' title="bbox 2316 4494 3816 4572; baseline -0.008 -10"><span class='ocrx_word' id='word_1_652' title='bbox 2316 4508 2420 4562; x_wconf 72' lang='lat'><strong>609.</strong></span> <span class='ocrx_word' id='word_1_653' title='bbox 2459 4504 2752 4561; x_wconf 77' lang='lat' dir='ltr'><strong>Mauricius</strong></span> <span class='ocrx_word' id='word_1_654' title='bbox 2792 4502 2918 4572; x_wconf 88' lang='lat' dir='ltr'><strong>imp.</strong></span> <span class='ocrx_word' id='word_1_655' title='bbox 2956 4498 3209 4563; x_wconf 87' lang='lat' dir='ltr'><strong>Pltocam,</strong></span> <span class='ocrx_word' id='word_1_656' title='bbox 3259 4497 3559 4566; x_wconf 81' lang='lat' dir='ltr'><strong>reipublicce</strong></span> <span class='ocrx_word' id='word_1_657' title='bbox 3612 4494 3816 4563; x_wconf 85' lang='lat' dir='ltr'><strong>utilem,</strong></span> 
     </span>
    </p>
   </div>
   <div class='ocr_carea' id='block_1_92' title="bbox 2243 4586 3648 4671">
    <p class='ocr_par' dir='ltr' id='par_1_92' title="bbox 2243 4586 3648 4671">
     <span class='ocr_line' id='line_1_92' title="bbox 2243 4586 3648 4671; baseline -0.006 -21"><span class='ocrx_word' id='word_1_658' title='bbox 2243 4597 2528 4671; x_wconf 74' lang='lat' dir='ltr'><strong>principem</strong></span> <span class='ocrx_word' id='word_1_659' title='bbox 2550 4594 2752 4648; x_wconf 80' lang='lat' dir='ltr'><strong>mililite</strong></span> <span class='ocrx_word' id='word_1_660' title='bbox 2776 4591 2916 4661; x_wconf 73' lang='lat' dir='ltr'><strong>fecit.</strong></span> <span class='ocrx_word' id='word_1_661' title='bbox 2947 4588 3099 4644; x_wconf 84' lang='lat' dir='ltr'><strong>Globi</strong></span> <span class='ocrx_word' id='word_1_662' title='bbox 3130 4589 3265 4660; x_wconf 82' lang='lat' dir='ltr'><strong>ignei</strong></span> <span class='ocrx_word' id='word_1_663' title='bbox 3297 4590 3351 4642; x_wconf 89' lang='lat' dir='ltr'><strong>in</strong></span> <span class='ocrx_word' id='word_1_664' title='bbox 3374 4586 3500 4642; x_wconf 63' lang='lat' dir='ltr'><strong>caelo</strong></span> <span class='ocrx_word' id='word_1_665' title='bbox 3530 4588 3648 4641; x_wconf 86' lang='lat' dir='ltr'><strong>visi.</strong></span> 
     </span>
    </p>
   </div>
   <div class='ocr_carea' id='block_1_93' title="bbox 2315 4676 3821 4748">
    <p class='ocr_par' dir='ltr' id='par_1_93' title="bbox 2315 4676 3821 4748">
     <span class='ocr_line' id='line_1_93' title="bbox 2315 4676 3821 4748; baseline -0.01 -6"><span class='ocrx_word' id='word_1_666' title='bbox 2315 4686 2419 4741; x_wconf 78' lang='lat'><strong>603</strong></span> <span class='ocrx_word' id='word_1_667' title='bbox 2455 4679 2906 4748; x_wconf 78' lang='lat' dir='ltr'><strong>Constantinopoli</strong></span> <span class='ocrx_word' id='word_1_668' title='bbox 2946 4677 3152 4731; x_wconf 81' lang='lat' dir='ltr'><strong>Pltoeas</strong></span> <span class='ocrx_word' id='word_1_669' title='bbox 3180 4677 3495 4731; x_wconf 77' lang='lat' dir='ltr'><strong>.lfauricium</strong></span> <span class='ocrx_word' id='word_1_670' title='bbox 3532 4676 3664 4746; x_wconf 89' lang='lat' dir='ltr'><strong>imp.</strong></span> <span class='ocrx_word' id='word_1_671' title='bbox 3707 4686 3821 4730; x_wconf 86' lang='lat' dir='ltr'><strong>tur-</strong></span> 
     </span>
    </p>
   </div>
   <div class='ocr_carea' id='block_1_94' title="bbox 2245 4767 3817 4846">
    <p class='ocr_par' dir='ltr' id='par_1_94' title="bbox 2245 4767 3817 4846">
     <span class='ocr_line' id='line_1_94' title="bbox 2245 4767 3817 4846; baseline -0.006 -17"><span class='ocrx_word' id='word_1_672' title='bbox 2245 4777 2378 4846; x_wconf 86' lang='lat' dir='ltr'><strong>piter</strong></span> <span class='ocrx_word' id='word_1_673' title='bbox 2410 4773 2691 4843; x_wconf 79' lang='lat' dir='ltr'><strong>interfecit,</strong></span> <span class='ocrx_word' id='word_1_674' title='bbox 2728 4780 2774 4830; x_wconf 80' lang='lat' dir='ltr'><strong>et</strong></span> <span class='ocrx_word' id='word_1_675' title='bbox 2828 4771 2935 4835; x_wconf 80' lang='lat' dir='ltr'><strong>ipse</strong></span> <span class='ocrx_word' id='word_1_676' title='bbox 2979 4784 3072 4838; x_wconf 87' lang='lat' dir='ltr'><strong>pro</strong></span> <span class='ocrx_word' id='word_1_677' title='bbox 3117 4784 3175 4820; x_wconf 88' lang='lat' dir='ltr'><strong>eo</strong></span> <span class='ocrx_word' id='word_1_678' title='bbox 3218 4767 3371 4821; x_wconf 84' lang='lat' dir='ltr'><strong>annis</strong></span> <span class='ocrx_word' id='word_1_679' title='bbox 3424 4781 3519 4820; x_wconf 87' lang='lat' dir='ltr'><strong>vm</strong></span> <span class='ocrx_word' id='word_1_680' title='bbox 3564 4768 3817 4837; x_wconf 75' lang='lat' dir='ltr'><strong>regnarit.</strong></span> 
     </span>
    </p>
   </div>
   <div class='ocr_carea' id='block_1_95' title="bbox 2248 4856 3644 4936">
    <p class='ocr_par' dir='ltr' id='par_1_95' title="bbox 2248 4856 3644 4936">
     <span class='ocr_line' id='line_1_95' title="bbox 2248 4856 3644 4936; baseline -0.006 -16"><span class='ocrx_word' id='word_1_681' title='bbox 2248 4865 2449 4936; x_wconf 86' lang='lat' dir='ltr'><strong>Corpus</strong></span> <span class='ocrx_word' id='word_1_682' title='bbox 2481 4862 2539 4919; x_wconf 90' lang='lat' dir='ltr'><strong>S.</strong></span> <span class='ocrx_word' id='word_1_683' title='bbox 2583 4858 2823 4914; x_wconf 67' lang='lat' dir='ltr'><strong>Victoris.</strong></span> <span class='ocrx_word' id='word_1_684' title='bbox 2846 4897 2891 4912; x_wconf 95' lang='lat'><strong>..</strong></span> <span class='ocrx_word' id='word_1_685' title='bbox 2930 4867 2977 4912; x_wconf 91' lang='lat' dir='ltr'><strong>et</strong></span> <span class='ocrx_word' id='word_1_686' title='bbox 3018 4859 3288 4933; x_wconf 78' lang='lat' dir='ltr'><strong>miraculis</strong></span> <span class='ocrx_word' id='word_1_687' title='bbox 3321 4856 3644 4911; x_wconf 86' lang='lat' dir='ltr'><strong>declaratur.</strong></span> 
     </span>
    </p>
   </div>
   <div class='ocr_carea' id='block_1_96' title="bbox 2049 5002 2282 5063">
    <p class='ocr_par' dir='ltr' id='par_1_96' title="bbox 2049 5002 2282 5063">
     <span class='ocr_line' id='line_1_96' title="bbox 2049 5002 2282 5063; baseline -0.013 0"><span class='ocrx_word' id='word_1_688' title='bbox 2049 5002 2282 5063; x_wconf 62' lang='lat' dir='ltr'><strong>NOTAE.</strong></span> 
     </span>
    </p>
   </div>
   <div class='ocr_carea' id='block_1_97' title="bbox 637 5119 2138 5202">
    <p class='ocr_par' dir='ltr' id='par_1_97' title="bbox 637 5119 2138 5202">
     <span class='ocr_line' id='line_1_97' title="bbox 637 5119 2138 5202; baseline -0.001 -26"><span class='ocrx_word' id='word_1_689' title='bbox 637 5121 786 5194; x_wconf 88' lang='grc'>(177)</span> <span class='ocrx_word' id='word_1_690' title='bbox 820 5123 963 5177; x_wconf 88' lang='lat' dir='ltr'><strong>Beda</strong></span> <span class='ocrx_word' id='word_1_691' title='bbox 1000 5123 1056 5202; x_wconf 76' lang='lat' dir='ltr'><strong>in</strong></span> <span class='ocrx_word' id='word_1_692' title='bbox 1072 5121 1361 5202; x_wconf 79' lang='lat' dir='ltr'><strong>_Ch_ro_nico</strong></span> <span class='ocrx_word' id='word_1_693' title='bbox 1398 5120 1590 5202; x_wconf 81' lang='lat' dir='ltr'><strong>melius</strong></span> <span class='ocrx_word' id='word_1_694' title='bbox 1633 5121 1818 5202; x_wconf 71' lang='lat' dir='ltr'><strong>lr:bet_</strong></span> <span class='ocrx_word' id='word_1_695' title='bbox 1842 5119 2138 5202; x_wconf 83' lang='lat' dir='ltr'><strong>indictione</strong></span> 
     </span>
    </p>
   </div>
   <div class='ocr_carea' id='block_1_98' title="bbox 570 5190 1899 5276">
    <p class='ocr_par' dir='ltr' id='par_1_98' title="bbox 570 5190 1899 5276">
     <span class='ocr_line' id='line_1_98' title="bbox 570 5190 1899 5276; baseline -0.007 -26"><span class='ocrx_word' id='word_1_696' title='bbox 570 5190 1208 5276; x_wconf 38' lang='lat' dir='ltr'><strong>xu;l_,_qi_t:er_n.ensi1ulio</strong></span> <span class='ocrx_word' id='word_1_697' title='bbox 1236 5191 1393 5274; x_wconf 69' lang='lat' dir='ltr'><strong>hujus</strong></span> <span class='ocrx_word' id='word_1_698' title='bbox 1424 5193 1550 5247; x_wconf 89' lang='lat' dir='ltr'><strong>anni</strong></span> <span class='ocrx_word' id='word_1_699' title='bbox 1582 5190 1899 5276; x_wconf 41' lang='lat' dir='ltr'><strong>.concordat‘.</strong></span> 
     </span>
    </p>
   </div>
   <div class='ocr_carea' id='block_1_99' title="bbox 645 5258 2137 5322">
    <p class='ocr_par' dir='ltr' id='par_1_99' title="bbox 645 5258 2137 5322">
     <span class='ocr_line' id='line_1_99' title="bbox 645 5258 2137 5322; baseline -0.005 -5"><span class='ocrx_word' id='word_1_700' title='bbox 645 5258 797 5322; x_wconf 75' lang='lat' dir='ltr'><strong>(l78l‘</strong></span> <span class='ocrx_word' id='word_1_701' title='bbox 829 5262 931 5316; x_wconf 86' lang='lat' dir='ltr'><strong>Alii</strong></span> <span class='ocrx_word' id='word_1_702' title='bbox 964 5278 1104 5318; x_wconf 87' lang='lat' dir='ltr'><strong>anno</strong></span> <span class='ocrx_word' id='word_1_703' title='bbox 1136 5263 1283 5322; x_wconf 74' lang='lat' dir='ltr'><strong>regni</strong></span> <span class='ocrx_word' id='word_1_704' title='bbox 1306 5258 1410 5322; x_wconf 40' lang='lat' dir='ltr'><strong>_xx.</strong></span> <span class='ocrx_word' id='word_1_705' title='bbox 1454 5263 1627 5319; x_wconf 80' lang='lat' dir='ltr'><strong>aetatis</strong></span> <span class='ocrx_word' id='word_1_706' title='bbox 1654 5277 1808 5322; x_wconf 74' lang='lat' dir='ltr'><strong>xxvr,</strong></span> <span class='ocrx_word' id='word_1_707' title='bbox 1840 5260 1892 5314; x_wconf 90' lang='lat' dir='ltr'><strong>id</strong></span> <span class='ocrx_word' id='word_1_708' title='bbox 1936 5258 2137 5313; x_wconf 90' lang='lat' dir='ltr'><strong>factum</strong></span> 
     </span>
    </p>
   </div>
   <div class='ocr_carea' id='block_1_100' title="bbox 2242 5105 3816 5177">
    <p class='ocr_par' dir='ltr' id='par_1_100' title="bbox 2242 5105 3816 5177">
     <span class='ocr_line' id='line_1_100' title="bbox 2242 5105 3816 5177; baseline -0.008 -6"><span class='ocrx_word' id='word_1_709' title='bbox 2242 5113 2497 5171; x_wconf 86' lang='lat' dir='ltr'><strong>billonius</strong></span> <span class='ocrx_word' id='word_1_710' title='bbox 2522 5107 2719 5166; x_wconf 83' lang='lat' dir='ltr'><strong>Annal.</strong></span> <span class='ocrx_word' id='word_1_711' title='bbox 2761 5108 2894 5163; x_wconf 86' lang='lat' dir='ltr'><strong>Ben.</strong></span> <span class='ocrx_word' id='word_1_712' title='bbox 2936 5115 2977 5161; x_wconf 90' lang='lat' dir='ltr'><strong>t.</strong></span> <span class='ocrx_word' id='word_1_713' title='bbox 3028 5114 3068 5173; x_wconf 94' lang='lat' dir='ltr'><strong>I,</strong></span> <span class='ocrx_word' id='word_1_714' title='bbox 3116 5123 3169 5177; x_wconf 93' lang='lat' dir='ltr'><strong>p.</strong></span> <span class='ocrx_word' id='word_1_715' title='bbox 3217 5106 3339 5172; x_wconf 87' lang='grc'>176,</span> <span class='ocrx_word' id='word_1_716' title='bbox 3365 5105 3685 5177; x_wconf 86' lang='lat' dir='ltr'><strong>illamcirca</strong></span> <span class='ocrx_word' id='word_1_717' title='bbox 3724 5119 3816 5159; x_wconf 89' lang='lat' dir='ltr'><strong>an.</strong></span> 
     </span>
    </p>
   </div>
   <div class='ocr_carea' id='block_1_101' title="bbox 2244 5176 3819 5249">
    <p class='ocr_par' dir='ltr' id='par_1_101' title="bbox 2244 5176 3819 5249">
     <span class='ocr_line' id='line_1_101' title="bbox 2244 5176 3819 5249; baseline -0.008 -7"><span class='ocrx_word' id='word_1_718' title='bbox 2244 5186 2347 5242; x_wconf 86' lang='grc'><strong>580</strong></span> <span class='ocrx_word' id='word_1_719' title='bbox 2383 5181 2724 5238; x_wconf 88' lang='lat' dir='ltr'><strong>statuendam</strong></span> <span class='ocrx_word' id='word_1_720' title='bbox 2751 5177 2964 5249; x_wconf 84' lang='lat' dir='ltr'><strong>probat,</strong></span> <span class='ocrx_word' id='word_1_721' title='bbox 2988 5176 3237 5248; x_wconf 88' lang='lat' dir='ltr'><strong>quamvis</strong></span> <span class='ocrx_word' id='word_1_722' title='bbox 3257 5176 3597 5232; x_wconf 89' lang='lat' dir='ltr'><strong>communior</strong></span> <span class='ocrx_word' id='word_1_723' title='bbox 3620 5176 3819 5230; x_wconf 65' lang='lat' dir='ltr'><strong>hucuso</strong></span> 
     </span>
    </p>
   </div>
   <div class='ocr_carea' id='block_1_102' title="bbox 2246 5248 3483 5322">
    <p class='ocr_par' dir='ltr' id='par_1_102' title="bbox 2246 5248 3483 5322">
     <span class='ocr_line' id='line_1_102' title="bbox 2246 5248 3483 5322; baseline -0.01 -11"><span class='ocrx_word' id='word_1_724' title='bbox 2246 5268 2351 5322; x_wconf 83' lang='lat' dir='ltr'><strong>que</strong></span> <span class='ocrx_word' id='word_1_725' title='bbox 2378 5251 2560 5322; x_wconf 86' lang='lat' dir='ltr'><strong>opinio</strong></span> <span class='ocrx_word' id='word_1_726' title='bbox 2593 5248 2793 5322; x_wconf 65' lang='lat' dir='ltr'><strong>annum</strong></span> <span class='ocrx_word' id='word_1_727' title='bbox 2816 5248 2921 5322; x_wconf 82' lang='grc'><strong>589</strong></span> <span class='ocrx_word' id='word_1_728' title='bbox 2950 5249 3241 5322; x_wconf 74' lang='lat' dir='ltr'><strong>adoptarit.</strong></span> <span class='ocrx_word' id='word_1_729' title='bbox 3315 5313 3411 5322; x_wconf 40' lang='grc' dir='ltr'><strong>ΜΔ</strong></span> <span class='ocrx_word' id='word_1_730' title='bbox 3471 5312 3483 5322; x_wconf 86' lang='lat'>_</span> 
     </span>
    </p>
   </div>
  </div>
