4062 5508
332 265 356 318 i
367 267 432 323 29
1524 268 1933 326 CIIRONICON.

1973 299 2044 312 -—
2075 270 2249 327 SAEC.
2293 271 2403 328 VII.
3471 271 3572 328 130

1634 385 1861 443 CODEX
1899 385 2287 442 AUGIENSIS.

330 490 557 568 turpiter
602 495 893 561 interfecit,
927 505 982 553 et
1019 498 1133 569 ipse
1173 497 1458 568 imperium
1504 500 1773 569 arripiens
1800 514 1894 554 \‘lll
1925 505 1970 559 Α
1999 506 2102 550 est.
2146 495 2305 553 Paul.
2345 497 2495 551 Diac.
2529 527 2597 538 -—
2636 497 2941 564 Protadius,
2981 499 3072 570 qui
3108 516 3230 555 cum
3265 500 3578 558 Brunihille

326 603 479 643 anms
510 589 700 642 tenuit.
729 586 952 658 Fredeg.
979 607 1031 642 a.
1064 590 1186 644 602.
1221 620 1290 631 —
1326 588 1513 660 Egilan
1554 589 1650 661 [ιιι.
1691 587 1895 660 λεείιει]
2003 587 2145 641 inter
2196 588 2332 642 alios
2373 588 2554 656 plures
2603 591 2988 656 concubuerat,
3038 591 3145 646 dux
3193 591 3419 647 effectus
3465 603 3573 648 est.

324 678 448 742 dux,
479 676 792 733 Brunihilde
822 678 1133 748 instigante,
1159 680 1277 735 sine
1309 695 1472 753 causa
1509 689 1728 750 propter
1757 679 1897 734 divi-
2000 677 2258 732 Clotharii
2282 680 2576 742 exercitus.
2602 690 2787 734 contra
2813 691 3050 752 pactum,
3077 699 3303 754 regnum
3324 683 3576 741 Theodoo

326 770 425 825 tias
449 777 660 824 tantum
689 786 816 824 suas
839 772 1050 827 occisus
1070 781 1172 826 est.
1205 771 1366 827 Fred.
1394 790 1446 826 a.
1471 772 1595 827 602.
1618 801 1690 812 ——
1714 770 1895 827 Theo-
2000 767 2096 822 rici
2125 767 2342 834 invasit,
2366 779 2413 823 ct
2442 769 2846 836 Berthoaldum,
2873 770 3128 839 majorem
3159 774 3370 840 donius,
3397 776 3576 831 virum

322 858 576 913 debertus
605 867 661 914 et
699 858 1066 918 Theodoricus
1109 863 1274 917 misso
1314 863 1556 918 exercitu
1599 864 1898 918 Wascones
1999 866 2278 912 strenuum
2306 867 2361 912 et
2389 859 3382 930 pium,fugatumAurelianisobsedit.
3408 865 3572 922 Frrd.

321 953 491 1007 victos
537 952 854 1023 subjiciunt.
901 953 1041 1007 Ibid.
1081 985 1151 994 —
1185 955 1393 1025 Corpus
1439 955 1614 1010 sancti
1665 954 1898 1010 Victoris
1998 965 2050 1002 a.
2077 947 2202 1002 60L
2224 979 2292 988 —
2318 949 2482 1004 Filius
2505 951 2716 1021 Agilolli
2742 952 3071 1009 Adaloaldus
3094 969 3274 1010 coram
3303 967 3455 1026 patre
3478 974 3576 1015 rex

321 1042 464 1113 (I82)
495 1043 775 1112 martyris,
806 1044 896 1112 qui
931 1060 1053 1099 cum
1083 1046 1240 1100 beato
1263 1044 1403 1100 Urso
1423 1045 1671 1100 Solodori
1704 1061 1896 1114 passus
1999 1058 2030 1096 a
2066 1042 2434 1114 Longobardis
2459 1045 2682 1110 electus,
2713 1055 2786 1109 et,
2819 1048 3138 1117 desponsata
3172 1051 3219 1102 ci
3246 1049 3351 1104 filia
3396 1050 3573 1106 Theo-

319 1141 418 1199 est,
449 1134 592 1202 apud
625 1133 964 1189 Genuensem
1007 1133 1119 1206 [seu
1165 1134 1560 1207 Genavenscm]
1595 1134 1781 1189 urbem
1818 1135 1898 1190 di-
1999 1133 2229 1200 deberti,
2264 1150 2366 1201 pax
2402 1147 2660 1206 perpetua
2689 1152 2810 1192 cum
2847 1137 3070 1194 Francis
3103 1139 3243 1195 facta
3276 1149 3379 1196 est.
3413 1142 3574 1200 Paul.

318 1226 437 1279 vina
482 1226 820 1281 revelatione
870 1227 921 1280 in
967 1226 1142 1282 loculo
1191 1239 1450 1298 argenteo
1501 1228 1793 1291 invenitur,
1842 1237 1898 1282 et
1998 1223 2222 1281 Diac.a.
2257 1226 2381 1281 604.
2414 1227 2685 1284 —Mcnse
2714 1229 2884 1300 Aprili
2915 1241 2971 1284 et
2994 1229 3152 1298 Maio,
3179 1241 3390 1288 cometa
3420 1235 3572 1290 visus

319 1315 498 1370 multis
524 1316 805 1371 miraculis
826 1317 1146 1372 tleclaratur.
1171 1317 1395 1388 Fredeg.
1425 1335 1476 1372 a.
1503 1317 1624 1372 602.
1644 1346 1709 1356 -
1730 1318 1897 1373 Filius
1997 1328 2099 1372 est.

316 1405 526 1476 Agilolli
560 1407 705 1476 regis
735 1407 1060 1463 Adaloaldus
1087 1408 1413 1477 baptizatur,
1452 1416 1507 1462 et
1535 1423 1564 1461 a
1603 1423 1759 1462 servo
1800 1408 1896 1462 Dei
2065 1410 2174 1480 37
2205 1410 2306 1464 607
2337 1411 2702 1467 Theodericus
2745 1411 3044 1466 exercitum
3094 1413 3355 1468 Clotharii
3397 1431 3578 1488 pugna

319 1495 566 1552 Secundo
595 1499 743 1569 (185)
773 1497 1091 1556 Tridentino
1120 1502 1375 1572 episcopo
1398 1501 1464 1557 de
1491 1501 1639 1556 fonte
1667 1500 1897 1572 suscipi-
1997 1501 2129 1556 inita
2161 1504 2354 1557 victum
2384 1501 2622 1572 fugavit;
2653 1503 2705 1556 in
2729 1518 2832 1572 qua
2861 1515 3034 1559 tamen
3062 1505 3440 1572 Berthoaldus,
3464 1525 3577 1562 ma-

318 1595 418 1642 tur.
444 1587 607 1643 Paul.
640 1589 793 1644 Diac.
837 1590 874 1644 ι.
907 1589 962 1656 4,
990 1609 1036 1645 c.
1067 1590 1156 1645 28.
1989 1591 2576 1661 jurdomus,audacius
2601 1593 2742 1647 inter
2763 1594 2944 1648 hostes
2967 1610 3282 1664 progressus
3302 1598 3574 1665 occubuit,

377 1682 490 1753 86
527 1681 652 1736 604.
693 1682 748 1736 In
782 1682 1057 1738 Britannia
1100 1682 1416 1748 Edilfridus,
1444 1699 1539 1739 rex
1575 1683 1892 1754 Anglorum,
1997 1699 2093 1752 pro
2114 1699 2218 1751 quo
2242 1681 2530 1736 Protadius
2556 1681 2831 1736 molimine
2860 1682 3186 1736 Brunihildis
3207 1695 3573 1753 promovetur.

315 1775 554 1830 Edanum
598 1788 784 1842 regem
825 1774 1133 1838 Scotorum,
1167 1775 1398 1829 insulam
1441 1784 1733 1844 petentem,
1770 1775 1890 1829 forti
1997 1774 2398 1829 Theodebcitus
2427 1782 2479 1827 et
2498 1773 2803 1828 Clotharius
2826 1789 2945 1827 cum
2981 1774 3311 1831 exercitibus
3330 1775 3574 1832 collectis

315 1863 598 1936 proﬂigato
625 1867 871 1920 exercitu
908 1883 1084 1937 pugna
1130 1866 1278 1920 vicit.
1312 1866 1443 1920 Bed.
1483 1868 1606 1920 hist.
1637 1866 1793 1937 Angl.
1824 1897 1896 1906 -—
1926 1863 1968 1921 Β
1999 1864 2266 1918 ὴυδτ.1ἱῑυι·
2306 1862 2679 1927 convenirent,
2721 1861 2859 1916 facta
2900 1863 3129 1917 invicem
3177 1878 3308 1934 pace
3346 1863 3576 1935 digressi

316 1956 563 2012 Etherius
603 1956 982 2026 Lugdunensis
1009 1957 1294 2026 episcopus
1320 1956 1454 2010 obiit
1482 1957 1641 2025 eique
1683 1956 1893 2011 Secun-
1996 1963 2138 2008 sunt.
2165 1952 2327 2006 Iv°re.l.
2352 1970 2405 2005 a.
2430 1951 3038 2020 605.——Theodoricus,
3068 1955 3358 2026 instigante
3375 1956 3574 2013 Bruni-

313 2049 466 2105 dinus
499 2048 1027 2118 successit,ipsique
1050 2048 1270 2103 Aridius
1297 2047 1467 2119 (l8i).
1501 2045 1549 2100 F
1554 2048 1665 2102 red.
1691 2066 1742 2101 a.
1767 2047 1892 2102 602.
1996 2045 2138 2100 bilde
2186 2053 2241 2098 et
2281 2043 2566 2110 Protadio,
2610 2054 2796 2098 contra
2866 2042 3090 2100 fratrem
3142 2047 3576 2107 Theodebertum

311 2171 374 2182 —
413 2142 738 2214 Agilolphus
789 2157 878 2196 rex
929 2140 1249 2196 Cremonam
1289 2148 1345 2193 et
1387 2139 1660 2193 Mantuam
1707 2148 1896 2210 captas
1994 2149 2143 2190 arma
2171 2136 2366 2201 movit;
2404 2150 2634 2206 cumque
2662 2134 2875 2191 infestis
2894 2137 3220 2194 exercitibus
3250 2155 3577 2199 concurrere

313 2233 495 2300 diruit,
547 2235 800 2304 aliasque
842 2233 1003 2288 urbes
1052 2241 1109 2287 ct
1163 2232 1469 2301 provincias
1512 2233 1784 2297 vastavit;
1841 2240 1894 2287 ct
1994 2237 2272 2298 pararent,
2295 2228 2612 2298 ceterisque
2653 2243 2842 2298 pacem
2867 2230 3390 2288 suadentibussolus
3428 2234 3578 2289 obsi-

313 2322 563 2387 Romani,
596 2325 806 2379 reddita
838 2323 932 2388 illi,
964 2323 1256 2392 quae-prius
1277 2331 1432 2392 capta
1455 2331 1590 2386 erat,
1622 2321 1728 2376 lilia
1755 2322 1892 2394 ejus,
1993 2325 2159 2374 ster’et
2187 2318 2488 2384 Protadius,
2513 2333 2577 2374 eo
2601 2319 2804 2389 impetu
2835 2321 3062 2374 militum
3088 2322 3138 2376 in
3172 2323 3405 2379 tentorio
3435 2327 3577 2396 regis

312 2429 494 2484 pacem
516 2415 589 2469 ab
617 2429 683 2468 eo
713 2415 782 2468 ad
816 2424 1024 2483 tempus
1051 2422 1396 2482 acceperunt.
1432 2411 1588 2467 Paul.
1616 2413 1768 2467 Diae.
1994 2411 2280 2475 trucidato,
2313 2409 2512 2465 fratres
2565 2410 2633 2465 ab
2665 2410 2894 2467 invicem
2922 2410 3062 2467 facta
3092 2428 3226 2484 pace
3274 2415 3576 2473 discedunt.

379 2503 483 2559 605
519 2503 729 2558 Beatus
757 2519 890 2574 papa
917 2501 1212 2572 Gregorius
1235 2501 1498 2558 etdoctor
1518 2503 1894 2558 sanctissimus
1994 2499 2042 2553 F
2049 2501 2158 2556 red.
2187 2519 2239 2554 a.
2278 2501 2403 2555 605.

315 2596 567 2665 migravit
618 2597 686 2650 ad
739 2596 1021 2650 Dominum
1075 2595 1366 2649 indictione
1419 2609 1515 2648 vitt
1571 2593 1720 2665 (185)
1773 2602 1894 2663 post
2063 2591 2166 2647 608
2205 2591 2390 2646 Roma:
2433 2589 2740 2647 Bonifacius
2772 2593 2968 2648 tertius
3007 2610 3147 2666 papa
3192 2595 3399 2653 LXVIII
3443 2599 3582 2654 sedit

313 2695 764 2756 quen:,cessante
784 2686 1095 2756 episcopatu
1119 2685 1390 2740 mensibus
1413 2684 1532 2755 plus
1551 2700 1604 2750 v,
1624 2685 1894 2739 Fabianus
1993 2686 2270 2739 mensibus
2299 2685 2411 2739 fere
2437 2699 2510 2738 Ix.
2545 2684 2672 2740 Post
2698 2700 2856 2754 quem
2888 2685 3014 2741 item
3043 2690 3271 2744 cessavit
3300 2692 3582 2760 episcopa-

315 2779 431 2851 (leg.
462 2778 822 2851 Sabinianus]
851 2795 982 2848 papa
1012 2778 1196 2834 LXVII
1223 2778 1530 2842 ordinatus,
1575 2778 1714 2832 sedit
1752 2791 1893 2831 anno
1995 2783 2080 2829 tus
2127 2775 2402 2829 mensibus
2429 2791 2483 2828 x.
2519 2774 2638 2839 Hic,
2675 2776 2800 2844 quia
2830 2775 3426 2850 Constantiimpolitana
3472 2782 3579 2838 Ec-

315 2888 349 2933 l,
380 2872 664 2926 niensihus
688 2887 738 2924 ν.
771 2870 836 2924 Ει
865 2879 984 2939 post
1024 2869 1167 2924 hunc
1196 2869 1322 2923 item
1351 2869 1584 2923 cessavit
1609 2869 1893 2940 episcopa-
1993 2867 2152 2920 Clesia
2183 2867 2408 2935 primam
2443 2881 2502 2920 se
2531 2866 2824 2932 scribebat,
2846 2869 2986 2938 apud
3017 2869 3250 2926 Phocam
3277 2873 3580 2944 Augustum

315 2971 397 3018 tus
423 2978 570 3016 auito
607 2961 782 3017 ferme
807 2975 932 3024 uno,
961 2959 1086 3030 quia
1111 2959 1177 3012 de
1203 2957 1669 3028 Constantinopoli
1698 2959 1893 3029 lcga.io
1991 2955 2228 3011 obtinuit
2259 2965 2317 3009 ut
2344 2955 2588 3010 Romana
2627 2956 2863 3012 Ecclesia
2903 2959 3143 3013 oumium
3195 2971 3355 3031 caput
3394 2963 3582 3020 Eccle-

314 3054 611 3123 imperialis
661 3051 1098 3122 exspectabatur.
1141 3051 1327 3103 Anast.
1379 3079 1450 3088 —
1488 3049 1556 3103 Et
1603 3049 1706 3104 hoc
1752 3065 1893 3104 anno
1991 3051 2192 3104 siarmn
2247 3046 2651 3102 decerneretur.
2705 3048 2804 3105 llic
2857 3065 3070 3120 quoque
3128 3055 3391 3124 synodum
3432 3072 3580 3114 Lxm

314 3147 550 3217 synodus
581 3142 788 3200 nefaria
816 3143 1108 3198 Cavillonis
1138 3141 1284 3212 (186)
1310 3148 1656 3212 Congrcgata,
1685 3149 1738 3194 et
1765 3140 1894 3195 bea-
1993 3141 2368 3210 episcoporum
2400 3139 2583 3195 Romae
2606 3140 2839 3212 Collegit.
2868 3143 2995 3197 Bed.
3020 3145 3128 3199 chr.
3156 3144 3316 3201 Paul.
3343 3147 3485 3204 diac.
3519 3166 3584 3208 α.

317 3247 397 3293 tus
447 3237 765 3292 Desiderius
811 3233 1132 3290 Viennensis
1181 3231 1640 3301 archiepiscopus,
1688 3226 1964 3288 machi-C
1996 3227 2119 3282 607.
2157 3228 2212 3282 In
2267 3244 2433 3298 regno
2456 3228 2773 3286 Theoderici
2824 3231 3094 3298 Claudius,
3125 3236 3210 3289 vir
3237 3237 3474 3306 prudens
3529 3248 3586 3296 et

317 3341 478 3384 nante
503 3327 846 3391 Bruttihilde,
873 3326 996 3397 quia
1021 3324 1228 3380 scelera
1259 3323 1374 3392 ejus
1411 3323 1694 3392 arguebat,
1727 3319 1892 3392 depo-
2003 3321 2148 3389 pius,
2179 3335 2276 3388 pro
2325 3319 2580 3376 Protadio
2609 3320 2839 3377 cllicitur
2864 3323 3037 3393 major
3066 3328 3278 3384 domus.
3321 3329 3485 3385 Fred.
3529 3348 3584 3386 a.

317 3425 447 3478 situs
486 3431 546 3478 et
570 3420 767 3476 exsilio
791 3419 1098 3489 deputatus,
1126 3425 1182 3470 et
1213 3417 1264 3470 in
1301 3415 1479 3471 locum
1514 3415 1631 3484 ejus
1659 3415 1896 3469 Dunmu-
2000 3411 2125 3466 606.
3203 3411 3207 3414 ’

317 3511 396 3567 lus
423 3515 758 3583 subrogatus
789 3520 893 3566 est.
927 3509 1017 3566 Sol
1039 3510 1359 3564 obscuratus
1392 3516 1498 3562 est.
1531 3505 1716 3561 Hiems
1752 3521 1894 3560 saeva
2071 3503 2173 3558 609
2203 3504 2388 3559 Romae
2435 3504 2744 3560 Bonifacius
2798 3518 3021 3576 quartus
3072 3523 3209 3580 papa
3253 3507 3421 3564 LXIX
3446 3511 3589 3567 sedit

319 3621 571 3675 magnam
607 3605 888 3658 vinearum
918 3609 1124 3671 partem
1156 3599 1412 3669 perdidit.
1442 3595 1609 3651 Fred.
1638 3613 1689 3650 a.
1715 3595 1840 3651 605.
2003 3596 2161 3651 annis
2191 3612 2266 3662 γι,
2305 3596 2583 3652 mensibus
2624 3613 2754 3661 vui;
2800 3609 2854 3654 et
2894 3608 3017 3669 post
3057 3600 3201 3657 hunc
3246 3605 3587 3673 episcopatus

383 3696 488 3751 606
526 3696 725 3752 Fames
749 3693 936 3749 Roma:
963 3691 1125 3758 facta,
1160 3702 1218 3746 et
1248 3706 1349 3760 pax
1378 3706 1499 3745 cum
1532 3687 1902 3760 Longobardis
2003 3687 2534 3743 cessavitmensibus
2556 3702 2652 3742 vit.
2691 3687 2788 3745 Hic
2836 3690 2975 3758 apud
3022 3689 3255 3746 Phocam
3288 3693 3588 3766 Augustum
3642 3750 3646 3754 ,

321 3786 372 3840 in
399 3802 604 3842 annum
635 3800 799 3840 unum
827 3798 926 3854 pro
960 3799 1036 3838 xu
1068 3782 1304 3838 millibus
1345 3780 1639 3837 solidorum
1672 3779 1892 3834 condita
2002 3779 2257 3849 templum
2272 3777 2966 3850 omniumidolorum,quod
2981 3781 3586 3853 Pantheonvocabaur,

1267 3910 1271 3914 ’
1335 3909 1786 3996 COMPENDIUM
1815 3910 1907 3965 EX
1946 3908 2193 3967 CODICE
2221 3909 2587 3966 BERNOLDI.

389 4033 493 4088 6οι
537 4033 784 4088 Etherius
840 4029 1204 4102 Lug.'unensis
1262 4028 1684 4098 archiepiscopus
1746 4025 1899 4093 obiit,
2004 4043 2203 4080 menses
2241 4026 2401 4095 ferme
2424 4043 2624 4080 novem.
2654 4026 2778 4081 Post
2812 4043 2964 4098 quem
2995 4027 3118 4082 item
3143 4028 3360 4083 cessavit
3391 4030 3590 4100 episco-

325 4126 465 4196 cique
491 4123 821 4180 Secundinus
851 4122 1116 4176 successit.
2007 4129 2160 4188 palus
2189 4119 2448 4173 mensibus
2472 4119 2666 4174 decem.
2701 4120 2786 4173 Al.
2812 4138 2862 4174 a.
2889 4119 3013 4174 606.

393 4218 496 4273 605
534 4217 731 4272 Beatus
778 4233 1008 4286 papa...
1058 4211 1339 4268 mensibus.
1387 4208 1710 4266 Sabinianus
1763 4224 1901 4278 papa
2079 4207 2180 4262 608
2207 4207 2515 4278 Bonifacius
2561 4226 2721 4279 papa,
2759 4209 2883 4280 quia
2916 4207 3586 4281 ConstantinOpolitana....

326 4307 416 4362 LX
434 4308 539 4362 γη
565 4309 698 4362 sedit
727 4323 884 4361 anno.
905 4346 914 4358 .
936 4346 950 4359 .
982 4305 1399 4375 exspectabatur.
1436 4301 1549 4356 Hoc
1583 4317 1721 4355 anno
1746 4313 1902 4369 syno-
2007 4300 2184 4355 Roma:
2205 4301 2430 4374 collegit.

329 4402 422 4454 dus
462 4401 672 4470 nefaria
713 4397 1001 4454 Cabillonis
1041 4406 1375 4468 congregata,
1410 4405 1457 4449 et
1490 4393 1556 4448 Β.
1596 4392 1900 4447 Desiderius
2079 4395 2183 4451 609
2214 4395 2392 4451 Romae
2424 4394 2798 4465 Bonifacius...
2832 4407 2947 4467 post
2970 4397 3109 4452 hunc
3149 4392 3362 4450 cessatit
3393 4397 3592 4466 episco-

339 4487 640 4543 Viennensis
669 4487 1086 4557 archiepiscopus
1109 4485 1303 4555 injuste
1326 4482 1623 4554 deponitur,
1647 4489 1693 4536 et
1717 4478 1900 4534 exsilio
1932 4505 1977 4564 υ
2002 4497 2154 4557 ρςιιιιδ
2187 4489 2446 4541 mensibus
2469 4487 2630 4557 ferme
2651 4499 2862 4559 septem.
2889 4487 2992 4544 llic
3014 4490 3216 4559 apud...
3249 4504 3296 4545 et
3318 4491 3372 4544 in
3395 4490 3593 4544 honore

331 4581 630 4635 damnatur.
2006 4578 2068 4632 S.
2126 4576 2380 4632 Maritc...
2414 4579 2701 4631 constituit.
2730 4609 2789 4617 —
2825 4577 2893 4632 B.
2950 4579 3252 4634 Desiderius
3292 4576 3590 4633 Viennensis

399 4672 502 4726 606
547 4671 736 4726 Fames
777 4671 956 4726 Romre
999 4671 1161 4737 facta,
1192 4678 1239 4722 et
1287 4666 1513 4721 inducite
1549 4681 1668 4718 cum
1697 4661 1904 4733 Longo-
2006 4667 2446 4736 archiepiscopus,
2477 4666 2541 4720 de
2588 4666 2770 4720 exsilio
2817 4679 3110 4732 revocatus,
3135 4667 3360 4735 factione
3397 4664 3593 4718 Bruni-

337 4762 507 4817 bardis
538 4764 605 4817 ad
627 4779 825 4818 annum
857 4779 1049 4826 unum;
1087 4776 1257 4815 mense
1278 4757 1446 4829 Aprili
1467 4766 1514 4810 et
1543 4754 1687 4810 Maio
1707 4763 1904 4809 cometa
2005 4755 2166 4810 hildis
2195 4766 2243 4811 et
2287 4755 2593 4811 Theodorici
2643 4755 2930 4828 lapidatus,
2960 4768 3072 4828 post
3103 4757 3298 4810 obitum
3325 4755 3594 4810 miraculis

337 4854 554 4908 videtur.
2006 4848 2221 4904 claruit.

403 4947 503 5001 607
531 4946 714 5002 Romae
759 4944 1056 5017 Bonifacius
1104 4944 1287 4999 tertius
1315 4960 1452 5014 papa
1483 4938 1578 4994 LX
1591 4937 1733 4994 VII!
1772 4937 2052 5084 δειξὸτῶ

408 5132 554 5204 (182)
591 5133 669 5186 De
694 5130 814 5204 hac
855 5130 1156 5188 inventione
1187 5129 1308 5185 fuse
1347 5127 1652 5204 disquirunt
1691 5123 1904 5180 Bollan-
2012 5119 2173 5175 diuus
2208 5133 2272 5204 ει..Δ
2298 5116 2422 5204 6οξ,
2465 5114 2550 5204 cui
2589 5109 2777 5167 eodem
2811 5129 2955 5170 anno
2986 5108 3207 5168 Avidius
3243 5113 3327 5168 vel
3366 5115 3605 5173 Aredius

346 5187 506 5262 eam.
531 5187 568 5257 i.
596 5202 710 5258 vm
739 5201 910 5262 SepL,
939 5205 1023 5258 die
1051 5187 1179 5259 sua
1209 5187 1477 5262 pagani
2013 5189 2315 5262 successit;
2341 5187 2566 5262 Fredeg.
2622 5251 2635 5262 .
2744 5249 2782 5262 κ
2860 5255 2871 5262 _
