4062 5508
542 266 648 330 15$

1377 260 1746 326 usitatum
1783 266 2175 327 CONTBACTI
2220 247 2586 328 Aucmssns
2624 271 2929 330 nomen.

3677 270 3784 332 iss

1831 378 2063 436 CODEX
2097 378 2485 437 AUGIENSIS.
2542 378 2550 389 ’

603 494 707 552 624
743 493 801 550 In
848 492 1126 548 Britannia
1164 490 1416 549 defuncto
1451 492 1654 550 Mellito
1689 494 2101 564 archiepiscopo
2130 501 2183 561 Α
2207 508 2333 550 cum
2364 495 2577 551 inﬁnita
2606 496 2788 567 praeda
2824 511 3042 554 crucem
3082 498 3415 556 Dominicam
3443 502 3788 575 triumphans

532 584 717 641 Justus
745 584 1067 640 substitutus
1109 594 1225 651 est;
1270 584 1362 654 qui
1402 585 1650 655 sequenti
1700 600 1843 640 anno
1888 587 2106 640 beatum

532 676 815 732 Paulinum
862 676 1149 745 [ordinans
1200 676 1547 747 episcopum,
1617 676 1806 747 Anglis
1852 675 1958 732 illis
2014 676 2107 747 qui

532 769 710 824 adhuc
738 767 931 839 pagani
985 776 1140 823 erant
1170 768 1583 839 praedicatorem
1611 776 1667 824 et
1695 769 1969 823 doctorem
2000 768 2108 823 mi-

531 859 622 915 sit.
669 858 837 914 Beda.
889 859 1013 914 ltist.
1069 858 1227 929 Angl.
1272 858 1578 913 Clotharius
1622 873 1718 912 rex
1769 857 2108 913 Francorum

532 965 674 1005 anno
703 949 852 1021 regni
889 950 970 1005 sui
1003 963 1172 1004 xxxix
1206 949 1569 1020 Dagobertum
1602 948 1770 1002 lilium
1798 957 2108 1004 consortem

533 1041 730 1112 (regni)
755 1040 905 1103 l’ecit,
936 1049 1009 1106 et,
1041 1039 1199 1094 beato
1226 1037 1585 1094 viroArnoll‘o
1607 1039 1754 1109 (202)
1777 1038 2109 1108 Pippinoque

533 1131 654 1186 duci
704 1131 1181 1194 commendatum,
1237 1130 1305 1185 atl
1357 1129 1651 1200 regendum
1698 1128 2109 1184 Austril‘rancia‘.

530 1221 714 1291 dirigit
750 1235 993 1291 regnum.
1022 1218 1189 1274 Fred.
1216 1221 1326 1274 chr.
1364 1236 1417 1274 a.
1449 1219 1599 1275 622.

602 1312 708 1366 625
745 1311 931 1366 Roma:
970 1308 1241 1366 Honorius
1270 1325 1403 1381 papa
1429 1309 1617 1365 LXXII
1639 1309 1780 1365 sedit
1804 1308 1963 1364 annis
1985 1324 2105 1375 xui,

530 1404 620 1472 qui
654 1402 836 1459 multis
860 1402 1016 1457 bonis
1045 1401 1269 1457 studens
1289 1400 1549 1457 ecclesias
1577 1399 1758 1469 plures
1786 1399 2103 1464 adornavit,

531 1491 834 1555 renovavit,
868 1491 1161 1546 exstruxit.
1192 1490 1344 1545 Fecit
1374 1490 1652 1543 basilicam
1684 1490 1742 1542 8.
1770 1486 1993 1558 Agnetis
2022 1489 2107 1541 via

2214 583 2647 658 Hierosolymam
2701 588 2931 643 revexit.
2987 587 3288 660 Theopltan.
3341 592 3396 644 It.
3437 607 3492 644 a.
3532 622 3605 633 —
3632 593 3790 663 Apud

2209 677 2451 735 Francos
2482 678 2845 736 Warnliarius
2864 679 2977 754 [seu
3012 680 3459 755 Warnacbarius]
3488 685 3661 754 major
3685 685 3787 740 do.

2209 783 2333 824 mus
2362 769 2615 835 moritur,
2640 779 2697 825 et
2721 769 2964 826 Godinus
2997 770 3145 825 ﬁlius
3165 769 3283 840 ejus
3315 786 3599 828 novercam
3634 787 3787 828 suam

2209 873 2434 914 uxorem
2459 859 2752 929 accipiens,
2774 858 3049 915 Clothario
3073 871 3432 930 persequente
3459 878 3556 932 per
3575 864 3788 918 diversa

2208 945 2467 1019 fugitans,
2494 958 2767 1019 postremo
2793 959 3102 1020 peremptus
3132 958 3237 1006 est.
3271 949 3433 1006 Fred.
3465 971 3519 1005 n.
3547 952 3657 1007 626

2223 1068 2231 1073 -
2280 1037 2384 1095 629
2420 1038 2730 1096 Clotbarius
2775 1055 2870 1097 rex
2919 1056 3174 1113 magnum
3218 1043 3285 1097 de
3331 1050 3445 1098 toto
3487 1057 3655 1114 regno
3692 1060 3790 1100 suo

2209 1125 2472 1197 Clippiaci
2503 1128 2690 1184 habuit
2715 1138 3070 1196 conventum;
3103 1130 3191 1186 ubi
3232 1145 3423 1201 magna
3451 1132 3717 1187 dissensio
3735 1142 3791 1189 et

2106 1246 2113 1255 ι
2209 1219 2472 1274 tumultus
2513 1228 2735 1275 exortus
2763 1221 2855 1274 vix
2907 1219 3120 1275 tandem
3162 1221 3341 1277 studio
3368 1224 3511 1293 regis
3539 1224 3785 1278 sedatur.

2209 1306 2260 1361 F
2263 1309 2375 1363 red.
2413 1310 2524 1364 chr.
2563 1328 2616 1364 a.
2644 1310 2769 1366 627.

2283 1396 2389 1452 650
2425 1398 2736 1456 Clotliarius
2764 1417 2857 1457 rex
2889 1403 3219 1460 Francorum
3251 1404 3429 1470 fortis,
3457 1406 3581 1475 pius
3607 1415 3665 1462 et
3704 1423 3791 1463 re-

2208 1488 2432 1560 ligiosus
2457 1506 2599 1547 anno
2620 1494 2769 1562 regni
2786 1493 2897 1566 94
2921 1511 3021 1551 xcv
3047 1495 3354 1563 defunctus,
3385 1505 3439 1553 et
3462 1497 3715 1555 Parisius
3733 1500 3789 1555 in

530 1581 889 1638 Numentana.
924 1582 1053 1637 Item
1078 1582 1137 1637 8.
1168 1581 1496 1652 Apollinaris
1526 1581 1576 1635 in
1612 1580 1824 1650 porticu
1855 1578 1914 1633 S.
1939 1578 2106 1634 Petri.
2209 1580 2434 1638 basilica
2482 1581 2543 1639 S.
2598 1582 2867 1641 Vincentii
2917 1587 3160 1657 sepultus
3195 1596 3310 1655 est;
3359 1590 3514 1660 cujus
3559 1606 3789 1662 regnum
3868 1655 3875 1661 ε

526 1675 656 1731 Item
682 1676 739 1731 S.
765 1675 873 1747 93
912 1675 1149 1743 Quiriaci
1194 1674 1275 1728 via
1307 1673 1564 1731 Ostiensi.
1594 1672 1727 1728 ltem
1755 1680 1986 1742 quatuor
2009 1670 2109 1726 Co-
2211 1670 2544 1741 Dagobertus
2595 1672 2736 1729 [ilius
2767 1676 3055 1745 accipiens,
3100 1690 3225 1733 eum
3260 1675 3376 1745 jam
3408 1694 3461 1732 vi
3512 1680 3673 1733 annis
3707 1694 3793 1733 re-

527 1778 862 1824 ronatoruui.
907 1767 1037 1822 ltem
1070 1766 1128 1821 S.
1171 1765 1415 1822 Severini
1446 1765 1743 1837 Tyburtiua
1772 1764 1924 1818 urbe.
1971 1762 2104 1816 ltem
2211 1772 2424 1832 gnaret,
2458 1780 2492 1819 x
2531 1766 2688 1821 annis
2717 1776 2902 1836 postea
2947 1768 3104 1831 rexit,
3140 1769 3352 1824 modica
3396 1779 3602 1824 tantum
3632 1780 3793 1841 parte

526 1859 588 1915 S.
628 1859 901 1915 Pancratii
946 1859 1030 1913 via
1066 1858 1307 1912 Aurelia.
1351 1856 1482 1911 Item
1532 1854 1592 1910 S.
1629 1854 1830 1909 Lucite.
1878 1852 2013 1907 item
2042 1852 2101 1908 S.
2136 1874 2180 1935 Β
2208 1849 2357 1920 juxta
2389 1852 2684 1935 \Xaseones
2710 1865 2766 1911 et
2788 1856 3088 1935 Pireuaeum
3113 1856 3269 1913 fratri
3311 1858 3495 1914 Cltaril
3513 1874 3562 1915 ο.
3579 1868 3636 1915 ιο
3663 1875 3793 1916 con-

526 1951 751 2007 Adriani
779 1959 835 2006 et
865 1950 967 2005 alia
996 1950 1166 2004 multa
1197 1947 1488 2004 laudabilia
1520 1947 1772 2017 patravit.
1802 1946 1990 1999 Anast.
2100 1988 2103 1991 ,
2138 1921 2180 1935 “’
2208 1936 2381 2017 οεξξεις
2411 1921 2580 2017 ἔνθα(
2604 1926 2719 1993 chr.
2747 1944 2799 1981 a.
2828 1926 2952 1982 628.
3182 2016 3185 2017 ί
3450 2010 3455 2015 .

598 2043 702 2098 626
740 2034 906 2098 Samo
943 2042 1183 2111 quidam,
1206 2026 1448 2095 Francus
1473 2009 1799 2108 negotiator,
1826 2035 1954 2090 dum
1977 2050 2101 2091 cum

2274 2009 2373 2067 651
2415 2012 2755 2111 Das-obortus
2797 2032 2892 2072 rex
2936 2025 3126 2075 sancto
3162 2016 3387 2075 Δι’ηοίΓο
3412 2010 3652 2076 llletense
3676 2020 3791 2092 epi-

526 2134 648 2190 aliis
674 2134 740 2188 ad
770 2132 993 2189 Sclavos
1019 2131 1281 2197 venisset,
1314 2130 1501 2200 eisque
1525 2127 1983 2191 contraJIunnos,
2008 2125 2103 2195 qui

2210 2116 2405 2174 scopo,
2434 2114 2489 2158 et
2514 2104 2740 2177 Pippino
2767 2106 2925 2174 duce,
2955 2107 3159 2177 majore
3196 2110 3406 2178 domus,
3430 2111 3795 2167 Cliuuibero'

526 2231 583 2279 et
611 2216 832 2290 Avares,
858 2222 1054 2278 bellum
1083 2229 1359 2276 moventes
1385 2219 1675 2274 fortissime
1691 2232 1933 2288 pugnans
1952 2214 2103 2284 adju-

2210 2209 2309 2266 que
2360 2194 2683 2253 Colonieuse
2739 2200 3148 2272 archiepiscopo
3205 2209 3367 2259 utens
3426 2204 3792 2271 consiliariis,

526 2323 742 2382 vasset,
774 2315 876 2386 ipsi
903 2314 1185 2370 victoriam
1229 2313 1376 2368 nacti
1420 2326 1584 2382 super
1629 2324 1688 2365 se
1721 2324 1902 2380 regem
1950 2307 2101 2362 illum

2210 2287 2370 2342 nimio
2411 2302 2600 2345 amore
2642 2289 2871 2359 justitite
2921 2291 3202 2364 ﬂagravit,
3232 2302 3290 2349 et
3336 2309 3431 2350 rex
3473 2310 3572 2366 per
3604 2296 3796 2351 omnia
3873 2292 3886 2305 '

527 2407 763 2476 eligunt;
791 2377 884 2462 ubi
930 2405 1112 2460 multis
1154 2403 1335 2459 clarus
1359 2401 1605 2457 victoriis
1631 2416 1772 2454 xxxv
1803 2399 1959 2454 annis
1984 2398 2103 2453 feli-

2210 2377 2488 2434 laudabilis
2508 2382 2736 2436 exstitit.
2761 2381 2956 2439 Postea
2984 2399 3133 2449 vero,
3160 2387 3374 2457 propria
3404 2396 3628 2443 Secutus
3651 2402 3793 2445 con~

515 2500 664 2554 iciter
692 2511 919 2567 regnum
954 2496 1148 2551 tenuit.
1186 2492 1285 2549 Hic
1317 2492 1391 2548 ibi
1434 2508 1511 2547 xu
1550 2505 1769 2556 uxores,
1817 2500 1872 2545 et
1914 2503 1980 2544 ex
2022 2488 2103 2543 eis

2210 2470 2346 2537 silia,
2376 2471 2606 2550 multum
2640 2473 2707 2528 ad
2733 2474 3001 2531 deteriora
3026 2475 3264 2534 deﬂuere
3292 2478 3480 2549 cmpit,
3512 2494 3795 2551 uxoreque

527 2590 669 2643 ﬁlios
698 2562 811 2643 xx'u
840 2578 1086 2655 ﬁliasque
1108 2598 1178 2638 xv
1206 2581 1436 2653 accepit.
1470 2579 1635 2635 Fred.
1665 2580 1777 2633 chr.
1807 2596 1860 2632 a.
1887 2576 2010 2632 625.
2031 2604 2107 2618 -
2200 2562 2533 2620 ῧοῐικδινιιάθ
2564 2567 2868 2638 τορυάίειιειο
2893 2568 3233 2651 Νειυυιίιάβηι
3260 2573 3550 2643 quamdam
3582 2572 3652 2631 de
3671 2588 3794 2631 πῖθ’

527 2677 585 2733 In
631 2676 782 2732 italia
819 2674 1171 2741 Adaloaldus,
1215 2687 1310 2728 rex
1349 2669 1853 2742 Langobardorum,
1883 2682 2005 2724 cum
2047 2665 2103 2721 in
2200 2656 2443 2713 υθδιθτίο
2471 2656 2619 2731 (205)
2648 2660 2880 2730 puellam
2910 2664 3118 2734 accepit
3140 2679 3385 2721 uxorem.
3420 2664 3650 2738 Fredeg.
3673 2668 3791 2723 cm,

524 2764 1025 2833 amentiam,Grzeci
1052 2761 1333 2834 cujusdam
1357 2760 1517 2832 legati
1540 2758 1785 2814 maleﬁco
1809 2762 2118 2826 unguento,
2202 2762 2235 2805 a
2270 2747 2395 2805 629.

524 2874 717 2916 versus
766 2856 1050 2913 nonnullos
1094 2854 1398 2926 principum
1432 2851 1784 2923 peremisset,
1829 2847 2104 2916 depositus
2276 2835 2381 2892 652
2420 2837 2774 2896 Cbariberlus
2795 2842 3793 2916 regulus,fraterDagoberti,wasco-

524 2951 594 3007 de
621 2965 784 3022 regno
807 2964 906 3004 nec
934 2946 1102 3001 multo
1130 2953 1252 3016 post
1278 2957 1487 2999 veneno
1515 2941 1821 2996 exstinctus
1841 2947 1954 3005 est;
1983 2944 2105 3008 post
2204 2931 2351 2987 uiam
2377 2931 2640 2988 invadens
2669 2945 2767 2989 suo
2788 2948 2907 2990 eam
2930 2951 3099 3008 regno
3119 2938 3341 3009 adjecit.
3362 2938 3703 3010 Dagobertus
3724 2955 3796 2997 ex

526 3057 686 3111 quem
719 3039 1006 3094 llarialJus
1034 3032 1492 3111 [al.,Arioal‘dus]
1521 3049 1615 3088 rex
1644 3032 1818 3087 factus
1848 3031 2006 3084 annis
2026 3044 2102 3085 vit
2206 3022 2438 3111 quadam
2470 3024 2769 3079 concubina
2809 3024 2957 3098 (205)
2994 3026 3337 3096 Sigebertum
3372 3027 3539 3102 lilium
3575 3031 3783 3097 genuit.

528 3110 792 3204 regnavit.
830 3130 930 3184 Hic
973 3110 1389 3199 Gundabergam
1435 3126 1599 3180 tiliam
1653 3123 1863 3195 Agilolli
1916 3121 2101 3178 habuit
2208 3110 2378 3204 _Fred.
2404 3113 2517 3167 chr.
2546 3130 2600 3169 a.
2632 3113 2758 3169 630.
2781 3145 2849 3155 —
2878 3115 2990 3204 Pax
3021 3125 3281 3187 perpetua
3312 3118 3453 3173 inter
3478 3117 3791 3175 lleracliutn

526 3201 772 3278 uxorem.
808 3219 967 3275 Paul.
999 3219 1149 3273 Diae.
1181 3237 1233 3272 a.
1269 3218 1375 3272 διεδ
1403 3217 1477 3272 al.
1508 3235 1559 3270 a.
1585 3216 1708 3271 623.
2130 3228 2166 3292 ε

2210 3201 2586 3272 imperatorem
2636 3212 2694 3259 et
2740 3203 3130 3275 Dagobertum,
3164 3204 3360 3276 legatis
3406 3205 3794 3275 mediantibus,

603 3312 708 3367 627
749 3313 813 3365 In
856 3310 1130 3380 Britannia
1164 3308 1417 3363 Edwinus
1451 3323 1553 3383 rex.
1573 3305 1867 3377 Anglorum
1910 3318 1939 3357 a
1964 3302 2104 3358 Pau-

2210 3301 2366 3363 pacta
2392 3301 2516 3360 est;
2544 3301 2621 3360 et,
2669 3295 2932 3365 petitione
2985 3294 3351 3364 imperatoris,
3375 3296 3467 3366 qui
3503 3296 3795 3367 imperium

532 3404 645 3459 ηηο
670 3402 923 3473 episcopo
949 3408 1246 3456 conversus
1263 3439 1279 3467 ν
1305 3414 1426 3455 cum
1458 3410 1619 3469 ερηιε
1655 3413 1751 3452 sua
1795 3396 2106 3467 ωριίιειιυιι
2209 3396 2417 3473 suumn
2445 3390 2604 3473 gente
2631 3383 2949 3440 circumcisa
2975 3385 3300 3439 vastandum
3329 3395 3796 3456 praecognoverat,

529 3508 675 3550 anno
704 3469 985 3547 adventus
1026 3489 1343 3560 Anglorum.
1380 3489 1459 3548 in
1487 3488 1825 3542 Britanniam
1883 3486 2104 3541 circiter
2208 3469 2378 3527 λιιάίεί
2418 3472 2573 3528 mum
2622 3474 2675 3528 in
2727 3489 2895 3545 τθεηο
2922 3475 3281 3545 Francorum.
3312 3480 3456 3533 Sicut
3482 3487 3537 3534 el
3565 3479 3696 3537 alibi
3740 3481 3795 3536 in

525 3601 725 3642 ccxxx.
751 3583 884 3640 Bed.
917 3583 1042 3639 hist.
1079 3580 1236 3652 Angl.
1276 3611 1348 3622 —
1381 3579 1658 3635 Discordia
1700 3579 1846 3633 inter
1889 3576 2107 3631 Clotba-

531 3678 672 3732 rium
726 3690 908 3746 regem
959 3682 1014 3728 et
1065 3671 1236 3729 lilium
1276 3671 1393 3742 ejus
1438 3670 1798 3741 Dagobertum
1846 3668 2102 3736 incoepta,
2209 3660 2335 3723 Ροει
2379 3652 2581 3746 seculis
2609 3654 2945 3746 ιεηιροτίδιιξ
2965 3657 3341 3713 ειύάθηδδῖηιθ
3362 3675 3497 3731 gens
3523 3658 3803 3717 δπτλοθσ

529 3769 690 3824 beato
715 3741 940 3821 Arnoll'o
960 3762 1188 3835 aliisque
1215 3741 1547 3833 principibus
1575 3759 1935 3815 mediautibus
1957 3757 2107 3814 seda-

2210 3755 2423 3806 norum,
2455 3750 2510 3796 et
2539 3741 2653 3811 ipsa
2681 3742 3027 3809 circumcisa,
3057 3745 3254 3801 multas
3280 3748 3594 3816 provincias
3625 3747 3796 3803 inun-

529 3869 641 3916 tur.
681 3856 730 3912 Ρ
734 3860 844 3913 red.
877 3857 989 3912 chr.
1018 3873 1071 3910 a.
1373 3830 1408 3891 ο-
2116 3884 2127 3890 -
2204 3830 2341 3885 dans
2359 3831 2613 3897 vastat/il,
2637 3840 2692 3886 et
2717 3831 3018 3888 Romanum
3044 3837 3340 3892 exercitum
3361 3837 3569 3894 crebris
3588 3837 3797 3911 puellis

604 3950 712 4006 623
769 3950 966 4004 Beatus
1043 3944 1366 4001 Anastasius
1420 3942 1742 4007 monachus,
1782 3938 1948 3994 mum.
2001 3952 2104 4008 pro
2203 3922 2528 3977 trucidatum
2551 3921 2897 3978 vehementer
2922 3925 3149 3981 attrivit.
3171 3925 3221 3979 F
3224 3928 3334 3981 red.
3354 3929 3467 3983 chr.
3500 3946 3557 3985 α.
3593 3929 3725 3985 630.

527 4041 748 4098 Christo
778 4047 1044 4095 tormenta
1073 4052 1284 4108 passus,
1313 4035 1528 4091 tandem
1562 4034 1614 4089 in
1647 4031 1891 4095 Perside,
1921 4044 1952 4083 a
1975 4042 2103 4099 rege

2283 4012 2388 4068 653
2423 4012 2481 4067 In
2510 4012 2788 4069 Britannia
2826 4015 3119 4086 Edwinus,
3152 4034 3248 4075 rex
3278 4020 3574 4091 Anglorum
3604 4023 3797 4094 paciﬁ-

530 4131 808 4188 Cbosdroe
860 4144 985 4184 cum
1031 4104 1152 4183 aliis
1205 4143 1308 4183 Lxx
1358 4124 1743 4196 strangulatus,
1777 4121 2104 4194 martyrium

2211 4120 2309 4162 cus
2347 4114 2400 4161 et
2426 4104 2565 4177 pius,
2601 4122 2628 4160 a
2657 4106 2999 4175 Ceadwalda,
3027 4108 3143 4182 [ul.,
3170 4110 3496 4186 Cedowalla]
3532 4126 3587 4170 et
3608 4114 3795 4171 Penda

2203 3561 2455 3630 Romano
2483 3562 2727 3634 imperio,
2771 3563 3037 3636 proﬂigati
3077 3575 3205 3623 sunt
3245 3569 3434 3640 (205).
3479 3569 3591 3626 Nec
3623 3569 3797 3627 multo
3884 3586 3887 3587 '

532 4220 840 4291 complevit.
868 4217 1001 4272 Bed.
1023 4218 1137 4272 chr.
1162 4244 1235 4257 -—
1254 4216 1374 4287 Ipso
1401 4232 1542 4272 anno
1568 4214 1846 4270 Heraclius
1871 4211 2110 4282 impera-

534 4321 621 4369 tor
662 4311 939 4367 Persidem
966 4309 1140 4381 petiit,
1178 4309 1432 4378 victoque
1474 4316 1532 4362 et
1578 4306 1758 4361 occiso
1808 4303 2110 4364 Cltosdroe,

2212 4198 2439 4270 paganis
2465 4198 2680 4271 regibus
2711 4202 2885 4256 victus
2911 4210 2967 4256 et
3005 4213 3313 4276 peremptus
3342 4216 3445 4261 est.
3478 4206 3611 4262 Post
3641 4209 3796 4276 cujus

2218 4303 2446 4349 mortem
2498 4293 2593 4348 lilii
2649 4294 2896 4350 Edill’ridi
2938 4296 3005 4351 de
3046 4295 3228 4355 Sectis
3278 4299 3512 4367 reversi,
3566 4316 3797 4373 regnum

1524 4414 1974 4473 COMPENDIUM
2018 4407 2109 4465 EX
2144 4404 2391 4462 CODICE
2433 4402 2794 4461 BEBNOLDI.

603 4513 708 4572 624
746 4513 812 4569 In
860 4510 1137 4567 Britannia
1184 4510 1429 4581 defuncto
1470 4506 1672 4563 Mellito
1719 4504 2166 4573 archiepiswpol

2284 4515 2389 4570 630
2425 4514 2708 4571 Lotharius
2747 4534 2837 4571 rea:
2866 4516 3199 4574 Francorum
3226 4519 3403 4588 fortis,
3441 4522 3562 4592 pius
3589 4532 3638 4577 et
3677 4530 3797 4579 reti-

531 4607 779 4664 successit
805 4604 1014 4666 Justus,
1049 4609 1177 4664 etc.,
1204 4610 1263 4654 ut
1291 4600 1429 4669 Aug.

603 4697 709 4753 625
748 4695 925 4749 lienus
950 4690 1221 4746 Honorius
1241 4705 1377 4759 papa
1398 4684 1616 4741 LXXII
1648 4685 1778 4740 sedit
1803 4684 1956 4738 annis
1988 4697 2108 4747 xm,

532 4789 624 4860 qui
649 4784 827 4840 multis
861 4782 1009 4837 bonis
1029 4779 1270 4851 operibus
1303 4778 1611 4833 abundavit.
1856 4848 1859 4851 _

606 4877 708 4931 627
748 4875 815 4929 In
846 4870 1196 4928 Britannia...
1223 4868 1643 4941 inﬂritanniam
1675 4884 1803 4938 pene
1834 4868 2111 4922 centesimo

536 4969 867 5039 octogesimo.

610 5059 714 5117 628
751 5058 820 5113 B.
864 5057 1177 5112 Anastasius
1216 5056 1446 5111 multa...
1476 5065 1677 5125 martyr
1712 5054 1948 5125 eﬂicitur.
1988 5052 2113 5123 Ipso

537 5168 678 5208 anno
721 5147 1072 5203 Heraclius...
1110 5148 1241 5201 victo
1267 5157 1312 5201 et
1350 5146 1521 5200 occiso
1554 5145 1840 5211 Chosdroe,
1885 5144 2116 5199 Domini-

538 5255 655 5296 cam
692 5252 897 5293 crucem
934 5234 1351 5305 Hierosolymam
1372 5236 1582 5289 revexit.

2208 4606 2386 4675 giosus
2409 4605 2535 4659 obiit
2568 4622 2660 4659 an.
2697 4608 2841 4676 regni
2869 4624 2994 4663 va.
3034 4654 3041 4657 ,

2286 4695 2385 4749 651
2441 4694 2766 4765 Dngobertus
2807 4714 2899 4751 rea:
2936 4696 3269 4755 Francorum
3310 4700 3369 4756 S.
3423 4680 3646 4771 Arnolfo
3685 4700 3797 4758 He-

2226 4795 2366 4841 tense
2395 4788 2655 4857 episcopo,
2695 4799 2743 4842 et
2778 4787 3004 4859 Pippino
3033 4791 3234 4861 majore
3270 4791 3457 4847 domus
3485 4802 3636 4849 utens
3665 4810 3794 4849 con-

2212 4880 2454 4945 siliariis,
2478 4882 2639 4934 nimio
2662 4898 2842 4936 amore
2860 4883 3088 4952 justitiw
3116 4885 3384 4954 ﬂagravit.

2294 4969 2398 5023 632
2437 4967 2556 5023 Pax
2583 4982 2831 5042 perpetua
2855 4973 2992 5028 inter
3013 4952 3323 5031 Heracliam
3357 4952 3798 5046 imperatoremet
3903 4974 3914 4991 '

2219 5061 2592 5130 Dagobertnm,
2617 5062 2800 5134 legatis
2832 5066 3203 5134 mediantibns,
3232 5079 3385 5139 pacta
3411 5083 3507 5124 est.

2284 5152 2389 5206 655
2430 5152 2492 5206 In
2515 5151 2793 5209 Britannia
2816 5155 3074 5223 Eduinus,
3099 5174 3192 5212 rea:
3220 5159 3507 5230 Anglorum
3540 5162 3797 5231 paci/iet“

2216 5257 2266 5301 et
2290 5248 2427 5318 pius,
2462 5265 2490 5300 a
2519 5249 2737 5318 paganis
2768 5250 2971 5319 regibus
2990 5250 3328 5307 interimitur.

2024 5350 2280 5423 ζΝΟΤὶΕ.

614 5440 763 5490 (202l
810 5440 870 5490 S.
919 5437 1126 5490 Arnum
1164 5439 1417 5490 Metensis
1460 5442 1698 5490 eniscnni
1743 5443 2109 5490 genealogiam

2216 5449 2376 5490 habent
2396 5449 2475 5490 Δρ
2502 5449 2792 5490 ηιὸηὸιηφὸη
2842 5451 2975 5490 malm
3000 5452 3207 5490 enilinas
3259 5471 3352 5490 eo"
3375 5455 3582 5490 noni-un
