4062 5508
280 354 382 410 157

1469 347 1891 405 CHRONICON.
1934 375 2003 389 ..-
2028 346 2217 423 sec.
2260 348 2372 402 vn.

3452 346 3552 409 ιπ

1612 458 1847 517 (ὊΒΕΧ
1884 457 2253 512 AUGIENSIS

276 591 557 648 quannam
604 576 779 649 patris
806 576 890 631 sui
922 574 1220 646 arripiunt;
1255 589 1285 629 e
1316 573 1513 645 quibus
1538 572 1649 627 duo
1689 588 1722 626 a
1767 570 1872 627 fide
1902 576 1947 633 Λ
1981 569 2124 623 ﬁlius
2149 585 2212 623 ex
2246 569 2536 626 Nanthilde
2565 573 2750 642 regina
2782 575 3057 642 nascitur;
3105 576 3194 631 cul
3231 592 3340 634 non
3386 578 3556 634 multo

166 746 171 749 ‘
277 670 506 735 Christi,
541 684 707 738 quam
737 669 878 739 apud
903 668 1093 723 Seotos
1118 668 1444 727 didicerant,
1475 672 1868 731 apostatantcs,

278 763 421 815 intra
445 776 617 814 unum
652 775 859 813 annum
886 770 1132 829 pereunt.
1184 756 1350 817 Beda,
1418 756 1541 810 hist.
1596 753 1757 824 Angl.
1797 782 1868 793 --

271 850 385 922 95
413 851 572 920 Apud
602 849 845 905 Francos
886 849 1243 904 Charibertus
1279 847 1522 918 regulus,
1576 846 1745 900 frater
1771 844 1873 899 Da-

276 943 511 1009 gabcrti,
541 943 798 1004 moritur,
831 951 887 995 et
928 954 1153 1011 regnum
1183 938 1300 1007 ejus
1340 954 1405 993 ac
1451 940 1735 993 thesauros
1761 936 1870 991 Da-

274 1032 530 1102 gobertus
555 1033 726 1087 frater
754 1032 981 1102 accepit.
1031 1029 1257 1101 Fredeg.
1315 1031 1427 1084 chr.
1464 1048 1518 1085 α.
1570 1030 1693 1085 651.
1737 1029 1873 1084 Tres

275 1123 599 1178 exercitusa
633 1122 941 1195 Dagoberto
969 1130 1157 1176 contra
1199 1121 1497 1176 Samoncm
1549 1130 1605 1175 et
1646 1119 1870 1175 Sclavos

272 1214 510 1269 diversis
532 1200 785 1284 partibus
805 1214 980 1280 missi,
1005 1228 1147 1269 unus
1169 1212 1503 1268 Francorum
1533 1213 1731 1275 victus,
1762 1213 1870 1266 duo

270 1303 585 1360 Sacrorum
635 1304 699 1359 et'
738 1304 1221 1377 Langobardorum
1269 1304 1504 1360 victores
1564 1303 1865 1358 redierunt.

273 1395 439 1450 Frcd.
464 1398 580 1450 chr.
610 1414 667 1452 α.
690 1397 816 1453 651.

310 1486 448 1541 ,654
486 1487 998 1544 Calamitosustste
1034 1504 1213 1545 annus
1252 1489 1355 1545 fuit
1402 1489 1591 1559 Anglis
1628 1498 1742 1544 tam
1781 1505 1870 1545 rc-

266 1591 396 1646 gom
427 1578 709 1646 apostasia
737 1587 795 1633 ct
823 1580 1129 1649 perditione
1159 1595 1319 1649 quam
1344 1580 1631 1635 barbarica
1662 1589 1719 1635 et
1743 1596 1869 1635 cru-

273 1670 413 1735 deli,
466 1685 635 1739 quam
686 1686 717 1725 a
764 1671 1089 1726 Ceadwalda
1138 1672 1496 1741 pertulerant,
1542 1673 1866 1727 vastatione.

269 1761 379 1818 Sed
422 1764 614 1818 statim
641 1763 858 1819 Oswald
892 1752 1085 1820 tertius
1126 1766 1267 1819 tilius
1314 1764 1558 1820 Edilfridi
1602 1766 1862 1821 christia-

268 1856 573 1921 nissimus,
593 1857 781 1926 paucis
829 1857 1079 1912 collectis
1132 1859 1183 1912 in
1240 1858 1471 1913 Domino
1518 1857 1782 1923 confisus,
1813 1866 1869 1911 et

1975 674 2099 735 post
2132 679 2354 734 regnum
2388 683 2541 720 suum
2571 668 2907 724 occidentale
2932 670 3229 725 destinavit
3270 680 3329 727 et
3353 671 3558 727 contir-

1976 757 2163 811 mavit.
2216 755 2383 811 Frcrl.
2441 760 2553 812 chr.
2603 776 2658 814 α.
2707 761 2833 815 655.
2880 790 2950 801 -
2980 760 3226 815 liatoll'us
3279 758 3417 835 [al.,
3450 762 3560 817 Ba-

1973 848 2185 921 dttllus]
2226 848 2334 904 dux
2376 848 2688 920 Thuringize
2727 851 2868 922 96,
2894 849 3104 905 Sclavis
3143 866 3285 920 προ
3330 867 3560 922 congre—

1972 939 2149 1003 d;ens,
2184 938 2357 993 victor
2384 955 2481 994 eos
2515 938 2754 1010 fugabat.
2793 939 2946 995 Unde
2974 940 3172 1005 elatus,
3207 950 3269 995 ut
3304 949 3415 1012 regi
3458 957 3565 997 sua

1973 1027 2235 1083 rebellare
2271 1037 2534 1096 tentaret,
2566 1030 2770 1084 sensim
2799 1030 3014 1086 animas
3043 1030 3345 1086 attollebat.
3387 1029 3556 1085 Frcd.

1972 1119 2085 1172 chr.
2124 1137 2177 1173 a.
2211 1119 2336 1175 655.
3096 1148 3101 1155 ι
3182 1154 3185 1159 -
3262 1170 3269 1180 ,
3301 1140 3305 1144 ’

2004 1264 2013 1273 ,
2042 1212 2147 1266 657
2186 1212 2655 1283 Constantinopoli
2685 1212 2968 1269 Heraclitus
3012 1212 3335 1282 imperator,
3373 1229 3403 1268 a
3431 1212 3563 1269 Ser-

1971 1303 2058 1374 gio
2102 1304 2704 1375 Constantinopolitano
2752 1307 3007 1375 episcopo
3063 1307 3117 1360 in
3170 1307 3445 1372 haeresim,
3498 1316 3565 1361 ut

1972 1394 2145 1455 aiunt,
2176 1394 2326 1463 prius
2357 1394 2640 1460 inductus,
2674 1396 2925 1451 moritur.
2961 1396 3223 1467 Pro.quo
3273 1396 3413 1451 [ilius
3441 1396 3563 1467 ejus

1971 1484 2303 1540 lleraclonas
2336 1484 2486 1559 [ιιι.⁹
2530 1485 2930 1560 lleracleonas]
2962 1503 3086 1543 cum
3119 1501 3301 1544 matre
3326 1489 3557 1544 Martina

1969 1577 2125 1631 annis
2154 1593 2194 1631 tt
2238 1577 2488 1646 imperat.
2527 1577 2757 1648 Tlreoplt.
2778 1590 2798 1641 :
2823 1580 2897 1632 al.
2927 1596 2983 1633 αι
3016 1580 3151 1647 6H;
3183 1582 3287 1636 uid:
3335 1598 3390 1637 α.
3429 1581 3558 1637 659.

1968 1695 2034 1725 -τ-
2060 1665 2164 1718 Per
2190 1666 2302 1722 haec
2335 1675 2576 1735 tempora
2598 1665 2894 1722 Rotharius
2922 1682 3018 1724 rex
3044 1669 3529 1742 Langobardorum

1969 1756 2222 1824 quamvis
2256 1755 2759 1823 Arianus,justiti:e
2787 1769 2966 1814 tamen
2995 1768 3205 1815 amator
3236 1770 3382 1831 teges
3412 1759 3558 1817 Lon-

1967 1851 2328 1919 gobardorum
2353 1854 2592 1922 scripsit.
2620 1853 2742 1924 Ipse
2764 1855 2926 1909 etiam
2960 1856 3250 1913 nonnullas
3277 1856 3558 1913 Romano-

270 1948 703 2018 adorata,quam
731 1958 1008 2029 erexerat,
1038 1950 1213 2020 lignea
1237 1965 1421 2016 cruce,
1452 1952 1713 2005 audacter
1737 1966 1861 2005 cum
1896 1957 1941 2015 lt
1967 1958 2090 1999 tum
2140 1944 2304 2000 urbes
2351 1946 2522 2016 cepit.
2578 1954 2636 1999 et
2680 1946 3090 2005 Ravennatibus
3139 1964 3315 2019 pugna
3373 1947 3561 2003 conﬂi-

268 2037 599 2093 (πωπω.
636 2054 874 2110 pugnam
908 2041 1062 2105 iniit;
1096 2055 1270 2110 coque
1300 2043 1467 2105 victo,
1497 2042 1777 2112 provincia
1811 2051 1867 2096 et

271 2130 555 2185 fratribus
591 2132 911 2196 vindicatis,
958 2142 1246 2202 paternum
1293 2149 1519 2205 regnum
1564 2149 1663 2189 vm
1710 2135 1868 2190 annis

265 2223 462 2292 plenus
490 2225 695 2293 pietate
726 2225 978 2279 nobiliter
1007 2227 1169 2281 rexit.
1224 2226 1393 2291 Beda,
1437 2226 1564 2281 hist.
1612 2227 1768 2296 Angl.
1794 2254 1866 2269 -—

270 2312 437 2369 Samo
487 2330 614 2368 cum
672 2315 884 2370 Sclavis
937 2315 1292 2386 Thuringiam
1344 2324 1541 2371 vastat.
1595 2314 1863 2379 Saxones,

270 2402 489 2459 Sclavis
513 2420 571 2460 se
604 2407 866 2462 resistere
894 2406 1237 2477 pollicentes,
1268 2408 1469 2463 tributo
1497 2422 1528 2462 υ
1550 2423 1863 2473 vaccarum,

273 2512 413 2565 quas
469 2496 700 2554 Francis
756 2499 1037 2554 annuatim
1090 2500 1404 2564 solvebant,
1459 2516 1489 2555 a
1536 2501 1866 2573 Dagoherto,

266 2589 651 2646 absolvuntur.
685 2590 736 2644 F
740 2593 852 2648 red.
884 2594 998 2645 chr.
1046 2610 1099 2646 α.
1133 2594 1259 2649 651.
1282 2592 1424 2647 -Ιη
1459 2593 1614 2648 Italia
1652 2605 1868 2649 mortuo

270 2680 558 2744 Harialdo.
590 2699 715 2753 rege
743 2683 1244 2755 Longobardornm,
1269 2685 1569 2742 Rotharius
1600 2686 1724 2759 μὴ,
1754 2689 1864 2741 Ro-

271 2772 452 2827 tharis
476 2772 523 2844 1,
569 2789 601 2827 a
648 2773 1008 2847 Gundeberga
1057 2778 1287 2833 maritus
1318 2790 1625 2851 assumptus
1673 2793 1729 2836 et
1771 2798 1903 2849 rex.

260 2864 512 2928 electura,
542 2867 788 2935 regnavit
815 2869 975 2923 annis
1002 2884 1123 2923 xm.
1156 2867 1317 2924 Paul.
1348 2871 1501 2927 Diae.
1532 2890 1583 2927 a.
1610 2872 1739 2929 656.

342 2954 451 3010 655
492 2955 599 3010 Per
651 2957 769 3012 haec
802 2966 1067 3029 tempora,
1107 2975 1229 3014 cum
1277 2961 1500 3033 Sergius
1552 2962 1868 3019 Constanti-

266 3047 653 3115 rmpolitanns,
686 3041 985 3104 adnittente
1029 3050 1172 3122 Cyro
1202 3050 1569 3108 Alexandrino
1608 3057 1864 3110 lmresim

266 3135 676 3205 Acephalorum
710 3138 1049 3205 instaurans,
1105 3156 1268 3195 unam
1319 3142 1372 3196 in
1414 3143 1633 3199 Christo
1671 3146 1867 3200 divini-

263 3226 398 3279 tatis
426 3235 486 3279 et
518 3226 874 3284 humanitatis
892 3230 1223 3286 voluntatem
1247 3239 1303 3287 et
1333 3234 1707 3302 operationem
1730 3235 1866 3307 dog-

1970 2053 2126 2108 gens,
2157 2054 2255 2094 vm
2286 2056 2351 2094 ex
2380 2041 2460 2095 eis
2490 2039 2657 2094 millia
2687 2040 2909 2107 occidit,
2938 2041 3287 2112 reliquosque
3314 2039 3558 2103 iugavit.

1969 2127 2132 2184 Paul.
2164 2131 2315 2185 Diae.
2343 2148 2400 2185 a.
2434 2130 2562 2187 645.
2684 2191 2691 2199 ,
2830 2192 2831 2195 η
2970 2172 2975 2179 .
3021 2175 3025 2179 .
3218 2172 3222 2179 .

1999 2270 2005 2275 .
2038 2221 2144 2276 658
2183 2221 2367 2276 Romae
2395 2222 2649 2297 defuncto
2674 2238 2813 2294 papa
2844 2223 3100 2291 Honorio,
3127 2225 3367 2281 cessavit
3397 2224 3559 2281 sedes

1970 2315 2263 2386 apostolica
2289 2332 2488 2371 annum
2519 2332 2559 2381 ι,
2591 2331 2807 2373 menses
2830 2332 2933 2387 vn,
2962 2319 3077 2374 dies
3102 2333 3213 2381 xiv,
3243 2318 3374 2389 quia
3408 2318 3555 2373 Can-

1968 2407 2652 2476 stantinopoli.aut-toritas
2697 2409 2997 2479 imperialis
3027 2417 3203 2465 morte
3244 2409 3557 2481 principmn

1971 2500 2196 2551 nutabat
2221 2498 2392 2569 (236).
2434 2500 2616 2554 Anast.
2646 2529 2720 2541 —
2745 2498 2864 2567 Quo
2902 2509 3146 2576 tempore
3175 2500 3563 2555 Lateranens's

1970 2591 2261 2645 thesaurus
2307 2604 2339 2643 a
2385 2588 2646 2644 Mauricio
2676 2588 3045 2655 cltartulario,
3080 2597 3135 2646 et
3168 2589 3387 2645 Hisacio
3429 2586 3557 2661 [at.,

1968 2679 2174 2735 lsaacio
2204 2678 2222 2750 ]
2245 2680 2485 2749 patricio
2515 2682 2754 2737 exarcho
2782 2680 2945 2737 Italia:
2976 2680 3222 2751 direptus
3249 2690 3305 2735 et
3328 2681 3560 2735 distrac-

1970 2782 2057 2825 tus
2100 2779 2205 2826 est.
2238 2801 2303 2812 -—-
2333 2771 2640 2828 Wascones
2670 2772 2938 2827 rebellare
2989 2781 3296 2836 tentantes,
3330 2772 3498 2827 milsso
3527 2791 3556 2824 a

1968 2864 2274 2936 Dagobcrto
2311 2866 2580 2929 exercitu,
2627 2864 2918 2933 perdomiti
2967 2872 3115 2918 sunt.
3148 2864 3431 2918 Britonum
3459 2878 3557 2918 rex

1967 2958 2035 3011 ad
2083 2957 2449 3026 D'agolrertum
2494 2956 2720 3010 veniens
2762 2955 3041 3010 humiliter
3070 2956 3118 3010 ei
3167 2956 3467 3019 satisfecit,
3496 2964 3561 3009 et

1967 3060 2103 3119 pace
2132 3049 2419 3117 impetrata
2456 3047 2635 3101 rediit.
2662 3045 2712 3099 F
2716 3048 2830 3101 red.
2859 3048 2970 3100 chr.
3005 3065 3059 3100 a.
3086 3046 3214 3102 655.

2036 3137 2140 3192 659
2161 3136 2629 3207 Constantinopoli
2652 3147 2871 3191 mortuo
2883 3136 3184 3192 Heraclona
3204 3137 3560 3206 imperatore,

1966 3227 2134 3282 frater
2173 3230 2291 3298 ejus
2329 3226 2719 3283 Constantinus
2766 3226 3016 3299 regnavit
3046 3242 3262 3283 menses
3285 3243 3338 3282 vt
3371 3225 3550 3298 (207).

269 3320 614 3387 tuatizasset,
660 3321 949 3393 ipsumque
986 3324 1368 3402 imperaram"
1404 3327 1740 3393 seduxisset,
1797 3331 1866 3384 ab
1894 3325 1936 3384 C
1972 3317 2129 3372 Paul.
2160 3317 2399 3374 Diac.ln
2426 3317 2707 3372 Britannia
2737 3316 2979 3371 Eadbald
3015 3333 3110 3371 rex
3139 3316 3559 3372 Cantuarion

264 3410 569 3480 apostolica
601 3412 731 3466 sede
757 3415 1048 3470 damnatus
1068 3425 1174 3470 est.
1206 3416 1339 3471 Bed.
1368 3426 1508 3483 ειη,
1536 3417 1608 3472 al.
1639 3436 1693 3473 a.
1726 3419 1858 3475 654.

268 3500 585 3555 -—Sclavis
636 3517 762 3557 cum
826 3503 1062 3560 Samone
1110 3504 1565 3576 Thuringiam-et
1617 3508 1861 3566 conﬁnes

267 3607 437 3664 mos
472 3592 903 3658 incursantibus,
951 3595 1290 3667 Dagohcrtus
1341 3597 1508 3653 filium
1547 3614 1864 3671 suurn-par—

267 3684 451 3738 vulum
496 3682 866 3754 Sigebertnm,
896 3686 1125 3758 Pippino
1157 3697 1213 3742 et
1242 3686 1493 3758 Adalgiso
1528 3689 1776 3755 ducibus,
1807 3699 1862 3746 et

267 3776 611 3830 Cbuniberto
630 3777 1042 3846 archiepiscopo
1066 3778 1374 3833 Coloniensi
1396 3780 1857 3844 commendatum,

274 3864 694 3921 Austrit‘rancize
722 3882 903 3938 regem
926 3868 1074 3931 fecit,
1105 3867 1265 3937 eique
1293 3868 1475 3923 sedem
1506 3867 1664 3922 Metis
1689 3869 1857 3933 dedit,

274 3956 725 4029 principibusque
772 3966 831 4013 ut
868 3961 1134 4014 terminos
1187 3975 1337 4031 regni
1383 3960 1678 4016 Orientalis
1706 3962 1863 4017 dein-

273 4065 398 4119 ccps
420 4060 712 4107 tuerentur
752 4054 1046 4121 persuasit.
1081 4051 1129 4105 F
1133 4059 1241 4106 red.
1277 4053 1390 4106 chr.
1423 4070 1475 4107 α.
1501 4054 1626 4109 655.

340 4143 464 4199 656.
506 4144 821 4215 Dagoberto
863 4146 976 4217 regi
1010 4144 1362 4212 'Clodoveus,
1413 4160 1509 4201 seu
1558 4146 1867 4204 Ludovicus

1966 3409 2262 3479 Anglorum
2291 3410 2545 3475 decessit,
2574 3409 2735 3479 eique
2756 3401 2899 3463 tilias
2916 3407 3324 3465 Erchanbcrtus
3345 3425 3560 3466 succes-

1966 3499 2043 3552 sit
2068 3498 2228 3552 annis
2245 3514 2371 3553 xxv.
2400 3497 2565 3561 Beda,
2589 3499 2714 3554 hist.
2744 3499 2880 3569 Aug.
2907 3528 2978 3538 —
2998 3497 3298 3555 Wascones
3317 3515 3348 3554 a
3370 3499 3555 3571 Daga-

1967 3592 2122 3645 berto
2151 3606 2251 3661 pro
2284 3591 2576 3648 rebellione
2610 3607 2706 3648 sua
2760 3592 2993 3648 veniam.
3019 3603 3317 3664 precantur
3352 3605 3414 3651 et
3456 3597 3558 3651 im-

1966 3697 2204 3759 pett-ant.
2221 3683 2403 3743 Ἔνιοι.
2430 3707 2483 3744 a.
2512 3686 2638 3746 6'56.
2950 3696 2963 3707 ’

2033 3790 2144 3861 97
2165 3789 2272 3844 640
2304 3790 2768 3862 Constantinopoli
2800 3801 2923 3863 post
2954 3799 3184 3848 mortem
3210 3790 3556 3847 Constantini

1965 3879 2314 3949 imperatoris
2347 3880 2489 3935 ﬁlius
2517 3881 2688 3951 ipsius
2724 3881 3150 3944 Constantinus,
3181 3882 3272 3951 qui
3318 3889 3377 3935 et—
3409 3882 3555 3936 Con-

1966 3978 2142 4032 stans,
2177 3970 2423 4040 regnavit
2464 3985 2554 4023 an.
2600 3985 2768 4024 xxvi"
2807 3988 2860 4025 η.
2892 3987 3000 4042 seq.
3026 3969 3303 4026 ——Roma3
3345 3970 3562 4026 Severi-

1967 4073 2073 4112 nus
2116 4072 2248 4127 papa
2276 4058 2488 4113 LXXIII
2518 4059 2659 4114 sedit
2704 4060 2985 4116 mensibus
3024 4076 3087 4126 tt,
3138 4062 3329 4116 diebus
3356 4078 3429 4126 tv,
3472 4063 3560 4116 vir

1968 4159 2213 4213 Sanctus,
2245 4151 2393 4206 mitis
2437 4159 2494 4207 ct
2523 4150 2675 4223 pius;
2704 4160 2830 4220 post
2864 4166 3029 4221 quem
3072 4154 3309 4208 cessavit
3350 4153 3559 4225 episcoc
3634 4154 3641 4158 ’

1269 4256 1720 4315 COMPENDIUM
1756 4260 1851 4316 EX
1878 4260 2129 4318 CODICE
2169 4261 2533 4320 BERNOLDI.

343 4349 447 4406 654
504 4350 785 4409 Oswalds:
826 4355 969 4423 ﬁlius
1031 4354 1290 4426 Edilfridi
1345 4355 1860 4423 Christianissimus,

281 4445 457 4509 paucis
487 4443 748 4509 collectis,
780 4456 830 4499 et
858 4446 1082 4501 adorata
1118 4463 1273 4501 cruce
1310 4463 1470 4517 quam
1502 4459 1759 4513 erexerat,
1789 4452 1864 4503 in-

280 4534 574 4603 terfectores
598 4537 799 4591 Eduini
829 4540 961 4608 regis
986 4542 1247 4609 superavit
1310 4540 1521 4593 iuseaue
1555 4551 1671 4594 octo
1697 4556 1864 4595 annos

286 4625 533 4693 regnarit.

348 4716 451 4771 655
510 4717 606 4772 llis
654 4722 976 4790 temporibus
1024 4740 1145 4777 cum
1198 4721 1522 4794 Sergius...

284 4817 377 4860 at.

355 4897 453 4951 657
524 4897 981 4973 Constantinopoli
1044 4906 1352 4962 Heraclius.
1382 4947 1396 4961 .
1426 4946 1441 4961 .
1507 4909 1748 4978 episcopo
1807 4908 1864 4962 in

286 4986 501 5045 heresin
535 4992 923 5062 Acephalorum
958 4998 1206 5054 inductus
1234 5000 1382 5065 obiit,
1430 5016 1526 5068 pro
1551 5017 1655 5072 quo
1686 4999 1864 5053 Hera-

1579 4724 1864 4779 damnatus

1967 4359 2149 4414 clonus
2175 4376 2293 4413 cum
2321 4370 2489 4415 matre
2531 4359 2770 4416 Martina
2799 4362 2953 4416 annis
2983 4363 3219 4432 regnavit
3249 4363 3476 4418 duobus.

2039 4449 2144 4505 658
2206 4448 2385 4504 Rome
2432 4450 2683 4517 defuncto
2734 4448 2995 4506 Honorio.
3028 4491 3044 4505 .
3075 4492 3089 4505 .
3142 4454 3391 4509 nutabat.
3438 4454 3558 4522 Quo

1969 4548 2197 4607 tempore
2228 4539 2597 4596 Lateranensis
2626 4542 2904 4597 thesaurus
2935 4543 3220 4598 distractus
3249 4555 3346 4601 est.

2040 4629 2144 4684 659
2183 4628 2661 4700 Constantinopoli.
2695 4670 2709 4684 .
2739 4669 2755 4686 .
2796 4647 3000 4687 menses
3030 4649 3141 4687 sex.

1988 4754 1991 4761 ›
2040 4720 2147 4777 640
2192 4718 2648 4791 Constantinopoli
2678 4761 2695 4775 .
2719 4760 2735 4776 .
2762 4759 2778 4776 .
2819 4724 2975 4778 annis
3004 4739 3200 4778 xxvm.
3243 4723 3426 4778 Roma'
3453 4722 3554 4778 Se-

1968 4813 2177 4866 verinus
2217 4829 2375 4883 papa.
2408 4852 2421 4865 .
2450 4852 2464 4866 .
2493 4813 2676 4867 diebus
2713 4824 2963 4881 quatuor.
3006 4824 3120 4886 post
3149 4830 3302 4883 quem
3337 4817 3558 4869 cessarit

1969 4901 2298 4971 episcopatus
2329 4901 2595 4956 mensibus
2624 4902 2873 4973 quinque.

1813 5111 2044 5175 ΝΟΤᾹΞ.

364 5187 501 5254 (206)
532 5194 671 5250 Cum
697 5196 965 5254 Honorius
987 5204 1222 5254 triennio
1253 5202 1378 5254 fere
1391 5212 1519 5254 ante
1550 5200 1863 5254 Heracliam

1976 5206 2244 5254 “prsidia-
2270 5207 2685 5254 Constantinum
2710 5207 2879 5254 ﬁlium
2900 5211 3021 5254 nisi:
3048 5196 3312 5254 mninrnv;
3337 5206 3569 5254 θηρήια..
