  <div class='ocr_page' id='page_1' title='image "/cluster/home/n/w/nwhite01/storage/ocr_20150623/143/hvd.32044015471816/075.png"; bbox 0 0 4062 5508; ppageno 0'>
   <div class='ocr_carea' id='block_1_1' title="bbox 526 426 632 482">
    <p class='ocr_par' dir='ltr' id='par_1_1' title="bbox 526 426 632 482">
     <span class='ocr_line' id='line_1_1' title="bbox 526 426 632 482; baseline -0.009 0"><span class='ocrx_word' id='word_1_1' title='bbox 526 426 632 482; x_wconf 72' lang='grc'><strong>150</strong></span> 
     </span>
    </p>
   </div>
   <div class='ocr_carea' id='block_1_2' title="bbox 1375 409 2904 499">
    <p class='ocr_par' dir='ltr' id='par_1_2' title="bbox 1375 409 2904 499">
     <span class='ocr_line' id='line_1_2' title="bbox 1375 409 2904 499; baseline -0.006 -23"><span class='ocrx_word' id='word_1_2' title='bbox 1375 420 1731 476; x_wconf 73' lang='lat' dir='ltr'><strong>HERMANNI</strong></span> <span class='ocrx_word' id='word_1_3' title='bbox 1754 416 2161 499; x_wconf 65' lang='lat' dir='ltr'><strong>&#39;CONTBACTI</strong></span> <span class='ocrx_word' id='word_1_4' title='bbox 2198 413 2561 475; x_wconf 73' lang='lat' dir='ltr'><strong>AL‘GlENSlS</strong></span> <span class='ocrx_word' id='word_1_5' title='bbox 2596 409 2904 470; x_wconf 68' lang='lat' dir='ltr'><strong>MONACHI</strong></span> 
     </span>
    </p>
   </div>
   <div class='ocr_carea' id='block_1_3' title="bbox 3669 406 3770 463">
    <p class='ocr_par' dir='ltr' id='par_1_3' title="bbox 3669 406 3770 463">
     <span class='ocr_line' id='line_1_3' title="bbox 3669 406 3770 463; baseline 0.02 -3"><span class='ocrx_word' id='word_1_6' title='bbox 3669 406 3770 463; x_wconf 76' lang='grc'><strong>140</strong></span> 
     </span>
    </p>
   </div>
   <div class='ocr_carea' id='block_1_4' title="bbox 897 520 2490 600">
    <p class='ocr_par' dir='ltr' id='par_1_4' title="bbox 897 520 2490 600">
     <span class='ocr_line' id='line_1_4' title="bbox 897 520 2490 600; baseline -0.009 0"><span class='ocrx_word' id='word_1_7' title='bbox 897 596 901 600; x_wconf 84' lang='lat'><strong>.</strong></span> <span class='ocrx_word' id='word_1_8' title='bbox 1835 531 2067 589; x_wconf 76' lang='lat' dir='ltr'><strong>CODEX</strong></span> <span class='ocrx_word' id='word_1_9' title='bbox 2105 520 2490 587; x_wconf 77' lang='lat' dir='ltr'><strong>AUGIENSIS.</strong></span> 
     </span>
    </p>
   </div>
   <div class='ocr_carea' id='block_1_5' title="bbox 524 616 3805 700">
    <p class='ocr_par' dir='ltr' id='par_1_5' title="bbox 524 616 3805 700">
     <span class='ocr_line' id='line_1_5' title="bbox 524 616 3805 700; baseline -0.003 -20"><span class='ocrx_word' id='word_1_10' title='bbox 524 640 680 700; x_wconf 74' lang='lat' dir='ltr'><strong>putus</strong></span> <span class='ocrx_word' id='word_1_11' title='bbox 720 624 997 681; x_wconf 77' lang='lat' dir='ltr'><strong>mensibus</strong></span> <span class='ocrx_word' id='word_1_12' title='bbox 1039 640 1092 679; x_wconf 70' lang='grc' dir='ltr'><strong>ν.</strong></span> <span class='ocrx_word' id='word_1_13' title='bbox 1122 624 1314 679; x_wconf 77' lang='lat' dir='ltr'><strong>‘Anust.</strong></span> <span class='ocrx_word' id='word_1_14' title='bbox 1342 623 1773 695; x_wconf 70' lang='lat' dir='ltr'><strong>-—‘Dagobertus</strong></span> <span class='ocrx_word' id='word_1_15' title='bbox 1816 639 1909 678; x_wconf 78' lang='lat' dir='ltr'><strong>rex</strong></span> <span class='ocrx_word' id='word_1_16' title='bbox 1956 637 2097 676; x_wconf 90' lang='lat' dir='ltr'><strong>anno</strong></span> <span class='ocrx_word' id='word_1_17' title='bbox 2125 637 2172 687; x_wconf 64' lang='grc' dir='ltr'>Α</span> <span class='ocrx_word' id='word_1_18' title='bbox 2201 621 2453 677; x_wconf 86' lang='lat' dir='ltr'><strong>Hisacius</strong></span> <span class='ocrx_word' id='word_1_19' title='bbox 2494 630 2669 676; x_wconf 89' lang='lat' dir='ltr'><strong>morte</strong></span> <span class='ocrx_word' id='word_1_20' title='bbox 2706 619 2847 690; x_wconf 86' lang='lat' dir='ltr'><strong>apud</strong></span> <span class='ocrx_word' id='word_1_21' title='bbox 2894 619 3207 674; x_wconf 80' lang='lat' dir='ltr'><strong>Ravennam</strong></span> <span class='ocrx_word' id='word_1_22' title='bbox 3236 616 3431 688; x_wconf 78' lang='lat' dir='ltr'><strong>periit,</strong></span> <span class='ocrx_word' id='word_1_23' title='bbox 3467 623 3523 671; x_wconf 90' lang='lat' dir='ltr'><strong>et</strong></span> <span class='ocrx_word' id='word_1_24' title='bbox 3567 629 3666 686; x_wconf 87' lang='lat' dir='ltr'><strong>pro</strong></span> <span class='ocrx_word' id='word_1_25' title='bbox 3706 629 3805 671; x_wconf 78' lang='lat' dir='ltr'><strong>eo~</strong></span> 
     </span>
    </p>
   </div>
   <div class='ocr_carea' id='block_1_6' title="bbox 527 714 2093 788">
    <p class='ocr_par' dir='ltr' id='par_1_6' title="bbox 527 714 2093 788">
     <span class='ocr_line' id='line_1_6' title="bbox 527 714 2093 788; baseline -0.003 -15"><span class='ocrx_word' id='word_1_26' title='bbox 527 718 676 788; x_wconf 92' lang='lat' dir='ltr'><strong>regni</strong></span> <span class='ocrx_word' id='word_1_27' title='bbox 722 732 815 772; x_wconf 77' lang='lat' dir='ltr'><strong>xu</strong></span> <span class='ocrx_word' id='word_1_28' title='bbox 858 716 1109 781; x_wconf 81' lang='lat' dir='ltr'><strong>moritur,</strong></span> <span class='ocrx_word' id='word_1_29' title='bbox 1155 723 1211 770; x_wconf 90' lang='lat' dir='ltr'><strong>et</strong></span> <span class='ocrx_word' id='word_1_30' title='bbox 1258 715 1311 770; x_wconf 89' lang='lat' dir='ltr'><strong>in</strong></span> <span class='ocrx_word' id='word_1_31' title='bbox 1361 714 1674 770; x_wconf 88' lang='lat' dir='ltr'><strong>suburbano</strong></span> <span class='ocrx_word' id='word_1_32' title='bbox 1717 714 1992 769; x_wconf 85' lang='lat' dir='ltr'><strong>Parisiaco</strong></span> <span class='ocrx_word' id='word_1_33' title='bbox 2039 715 2093 769; x_wconf 88' lang='lat' dir='ltr'><strong>in</strong></span> 
     </span>
    </p>
   </div>
   <div class='ocr_carea' id='block_1_7' title="bbox 526 804 2096 876">
    <p class='ocr_par' dir='ltr' id='par_1_7' title="bbox 526 804 2096 876">
     <span class='ocr_line' id='line_1_7' title="bbox 526 804 2096 876; baseline -0.002 -14"><span class='ocrx_word' id='word_1_34' title='bbox 526 805 856 861; x_wconf 87' lang='lat' dir='ltr'><strong>monasterio</strong></span> <span class='ocrx_word' id='word_1_35' title='bbox 905 805 965 860; x_wconf 90' lang='lat' dir='ltr'><strong>S.</strong></span> <span class='ocrx_word' id='word_1_36' title='bbox 1016 804 1257 876; x_wconf 81' lang='lat' dir='ltr'><strong>Dionysii</strong></span> <span class='ocrx_word' id='word_1_37' title='bbox 1307 820 1518 860; x_wconf 89' lang='lat' dir='ltr'><strong>summo</strong></span> <span class='ocrx_word' id='word_1_38' title='bbox 1565 804 1746 860; x_wconf 90' lang='lat' dir='ltr'><strong>studio</strong></span> <span class='ocrx_word' id='word_1_39' title='bbox 1791 820 1822 859; x_wconf 89' lang='lat' dir='ltr'><strong>a</strong></span> <span class='ocrx_word' id='word_1_40' title='bbox 1870 820 1928 860; x_wconf 89' lang='lat' dir='ltr'><strong>se</strong></span> <span class='ocrx_word' id='word_1_41' title='bbox 1968 819 2096 859; x_wconf 85' lang='lat' dir='ltr'><strong>con-</strong></span> 
     </span>
    </p>
   </div>
   <div class='ocr_carea' id='block_1_8' title="bbox 524 896 2095 968">
    <p class='ocr_par' dir='ltr' id='par_1_8' title="bbox 524 896 2095 968">
     <span class='ocr_line' id='line_1_8' title="bbox 524 896 2095 968; baseline 0 -17"><span class='ocrx_word' id='word_1_42' title='bbox 524 906 755 963; x_wconf 89' lang='lat' dir='ltr'><strong>structo,</strong></span> <span class='ocrx_word' id='word_1_43' title='bbox 784 906 978 950; x_wconf 87' lang='lat' dir='ltr'><strong>ornato</strong></span> <span class='ocrx_word' id='word_1_44' title='bbox 1005 904 1060 950; x_wconf 82' lang='lat' dir='ltr'><strong>et</strong></span> <span class='ocrx_word' id='word_1_45' title='bbox 1089 896 1281 961; x_wconf 77' lang='lat' dir='ltr'><strong>dilato,</strong></span> <span class='ocrx_word' id='word_1_46' title='bbox 1309 902 1365 951; x_wconf 92' lang='lat' dir='ltr'><strong>et</strong></span> <span class='ocrx_word' id='word_1_47' title='bbox 1393 896 1460 950; x_wconf 88' lang='lat' dir='ltr'><strong>ad</strong></span> <span class='ocrx_word' id='word_1_48' title='bbox 1496 896 1888 952; x_wconf 85' lang='lat' dir='ltr'><strong>institutionem</strong></span> <span class='ocrx_word' id='word_1_49' title='bbox 1912 897 2095 968; x_wconf 82' lang='lat' dir='ltr'><strong>Agau-</strong></span> 
     </span>
    </p>
   </div>
   <div class='ocr_carea' id='block_1_9' title="bbox 527 986 2098 1058">
    <p class='ocr_par' dir='ltr' id='par_1_9' title="bbox 527 986 2098 1058">
     <span class='ocr_line' id='line_1_9' title="bbox 527 986 2098 1058; baseline 0.001 -16"><span class='ocrx_word' id='word_1_50' title='bbox 527 989 710 1043; x_wconf 87' lang='lat' dir='ltr'><strong>nensis</strong></span> <span class='ocrx_word' id='word_1_51' title='bbox 725 987 1041 1042; x_wconf 81' lang='lat' dir='ltr'><strong>monasterii</strong></span> <span class='ocrx_word' id='word_1_52' title='bbox 1059 986 1312 1043; x_wconf 85' lang='lat' dir='ltr'><strong>ordinato</strong></span> <span class='ocrx_word' id='word_1_53' title='bbox 1332 987 1608 1058; x_wconf 85' lang='lat' dir='ltr'><strong>sepelitur;</strong></span> <span class='ocrx_word' id='word_1_54' title='bbox 1632 1003 1753 1043; x_wconf 83' lang='lat' dir='ltr'><strong>eum</strong></span> <span class='ocrx_word' id='word_1_55' title='bbox 1776 1003 1883 1058; x_wconf 84' lang='lat' dir='ltr'><strong>quo</strong></span> <span class='ocrx_word' id='word_1_56' title='bbox 1896 990 2098 1058; x_wconf 86' lang='lat' dir='ltr'><strong>pariter</strong></span> 
     </span>
    </p>
   </div>
   <div class='ocr_carea' id='block_1_10' title="bbox 526 1078 2095 1154">
    <p class='ocr_par' dir='ltr' id='par_1_10' title="bbox 526 1078 2095 1154">
     <span class='ocr_line' id='line_1_10' title="bbox 526 1078 2095 1154; baseline 0.001 -18"><span class='ocrx_word' id='word_1_57' title='bbox 526 1083 676 1154; x_wconf 91' lang='lat' dir='ltr'><strong>regni</strong></span> <span class='ocrx_word' id='word_1_58' title='bbox 699 1083 1035 1137; x_wconf 83' lang='lat' dir='ltr'><strong>Francorum</strong></span> <span class='ocrx_word' id='word_1_59' title='bbox 1057 1078 1230 1137; x_wconf 78' lang='lat' dir='ltr'><strong>virtus</strong></span> <span class='ocrx_word' id='word_1_60' title='bbox 1249 1089 1305 1137; x_wconf 90' lang='lat' dir='ltr'><strong>et</strong></span> <span class='ocrx_word' id='word_1_61' title='bbox 1327 1081 1572 1152; x_wconf 76' lang='lat' dir='ltr'><strong>dignitas.</strong></span> <span class='ocrx_word' id='word_1_62' title='bbox 1584 1081 1822 1153; x_wconf 84' lang='lat' dir='ltr'><strong>collapsa</strong></span> <span class='ocrx_word' id='word_1_63' title='bbox 1841 1082 2095 1152; x_wconf 80' lang='lat' dir='ltr'><strong>paulatim</strong></span> 
     </span>
    </p>
   </div>
   <div class='ocr_carea' id='block_1_11' title="bbox 525 1171 2100 1244">
    <p class='ocr_par' dir='ltr' id='par_1_11' title="bbox 525 1171 2100 1244">
     <span class='ocr_line' id='line_1_11' title="bbox 525 1171 2100 1244; baseline 0.001 -18"><span class='ocrx_word' id='word_1_64' title='bbox 525 1171 841 1239; x_wconf 79' lang='lat' dir='ltr'><strong>deficiebat,</strong></span> <span class='ocrx_word' id='word_1_65' title='bbox 889 1181 945 1228; x_wconf 92' lang='lat' dir='ltr'><strong>et</strong></span> <span class='ocrx_word' id='word_1_66' title='bbox 993 1187 1091 1243; x_wconf 92' lang='lat' dir='ltr'><strong>pro</strong></span> <span class='ocrx_word' id='word_1_67' title='bbox 1137 1188 1202 1228; x_wconf 88' lang='lat' dir='ltr'><strong>eo</strong></span> <span class='ocrx_word' id='word_1_68' title='bbox 1244 1172 1351 1228; x_wconf 93' lang='lat' dir='ltr'><strong>duo</strong></span> <span class='ocrx_word' id='word_1_69' title='bbox 1392 1171 1491 1228; x_wconf 85' lang='lat' dir='ltr'><strong>ﬁlii</strong></span> <span class='ocrx_word' id='word_1_70' title='bbox 1538 1171 1653 1242; x_wconf 89' lang='lat' dir='ltr'><strong>ejus</strong></span> <span class='ocrx_word' id='word_1_71' title='bbox 1690 1172 2003 1244; x_wconf 87' lang='lat' dir='ltr'><strong>Sigebertus</strong></span> <span class='ocrx_word' id='word_1_72' title='bbox 2044 1185 2100 1228; x_wconf 83' lang='lat' dir='ltr'><strong>et</strong></span> 
     </span>
    </p>
   </div>
   <div class='ocr_carea' id='block_1_12' title="bbox 526 1263 2096 1334">
    <p class='ocr_par' dir='ltr' id='par_1_12' title="bbox 526 1263 2096 1334">
     <span class='ocr_line' id='line_1_12' title="bbox 526 1263 2096 1334; baseline 0.002 -16"><span class='ocrx_word' id='word_1_73' title='bbox 526 1264 834 1320; x_wconf 78' lang='lat' dir='ltr'><strong>Ludovicus</strong></span> <span class='ocrx_word' id='word_1_74' title='bbox 868 1278 1092 1334; x_wconf 90' lang='lat' dir='ltr'><strong>regnum</strong></span> <span class='ocrx_word' id='word_1_75' title='bbox 1141 1264 1317 1334; x_wconf 83' lang='lat' dir='ltr'><strong>patris</strong></span> <span class='ocrx_word' id='word_1_76' title='bbox 1353 1263 1722 1320; x_wconf 85' lang='lat' dir='ltr'><strong>obtinuerunt.</strong></span> <span class='ocrx_word' id='word_1_77' title='bbox 1775 1263 1939 1319; x_wconf 85' lang='lat' dir='ltr'><strong>Fred.</strong></span> <span class='ocrx_word' id='word_1_78' title='bbox 1985 1265 2096 1321; x_wconf 84' lang='lat' dir='ltr'><strong>chr.</strong></span> 
     </span>
    </p>
   </div>
   <div class='ocr_carea' id='block_1_13' title="bbox 525 1354 738 1412">
    <p class='ocr_par' dir='ltr' id='par_1_13' title="bbox 525 1354 738 1412">
     <span class='ocr_line' id='line_1_13' title="bbox 525 1354 738 1412; baseline -0.009 -3"><span class='ocrx_word' id='word_1_79' title='bbox 525 1372 579 1409; x_wconf 90' lang='lat' dir='ltr'><strong>a.</strong></span> <span class='ocrx_word' id='word_1_80' title='bbox 612 1354 738 1412; x_wconf 77' lang='lat'><strong>638.</strong></span> 
     </span>
    </p>
   </div>
   <div class='ocr_carea' id='block_1_14' title="bbox 595 1442 2101 1519">
    <p class='ocr_par' dir='ltr' id='par_1_14' title="bbox 595 1442 2101 1519">
     <span class='ocr_line' id='line_1_14' title="bbox 595 1442 2101 1519; baseline 0.001 -19"><span class='ocrx_word' id='word_1_81' title='bbox 595 1445 692 1501; x_wconf 78' lang='grc'>641</span> <span class='ocrx_word' id='word_1_82' title='bbox 735 1445 923 1501; x_wconf 60' lang='lat' dir='ltr'><strong>Romae</strong></span> <span class='ocrx_word' id='word_1_83' title='bbox 956 1442 1194 1502; x_wconf 84' lang='lat' dir='ltr'><strong>Joannes</strong></span> <span class='ocrx_word' id='word_1_84' title='bbox 1218 1455 1446 1516; x_wconf 90' lang='lat' dir='ltr'><strong>quartus</strong></span> <span class='ocrx_word' id='word_1_85' title='bbox 1488 1446 1656 1519; x_wconf 83' lang='grc'><strong>(208),</strong></span> <span class='ocrx_word' id='word_1_86' title='bbox 1688 1461 1825 1519; x_wconf 86' lang='lat' dir='ltr'><strong>papa</strong></span> <span class='ocrx_word' id='word_1_87' title='bbox 1865 1446 2101 1514; x_wconf 77' lang='lat' dir='ltr'><strong>LXXIV,</strong></span> 
     </span>
    </p>
   </div>
   <div class='ocr_carea' id='block_1_15' title="bbox 528 1536 2101 1609">
    <p class='ocr_par' dir='ltr' id='par_1_15' title="bbox 528 1536 2101 1609">
     <span class='ocr_line' id='line_1_15' title="bbox 528 1536 2101 1609; baseline 0 -18"><span class='ocrx_word' id='word_1_88' title='bbox 528 1536 671 1591; x_wconf 84' lang='lat' dir='ltr'><strong>sedit</strong></span> <span class='ocrx_word' id='word_1_89' title='bbox 704 1551 846 1591; x_wconf 90' lang='lat' dir='ltr'><strong>anno</strong></span> <span class='ocrx_word' id='word_1_90' title='bbox 874 1549 915 1601; x_wconf 82' lang='grc' dir='ltr'><strong>ι,</strong></span> <span class='ocrx_word' id='word_1_91' title='bbox 943 1536 1220 1592; x_wconf 84' lang='lat' dir='ltr'><strong>mensibus</strong></span> <span class='ocrx_word' id='word_1_92' title='bbox 1251 1536 1363 1593; x_wconf 85' lang='lat' dir='ltr'><strong>fere</strong></span> <span class='ocrx_word' id='word_1_93' title='bbox 1389 1554 1443 1605; x_wconf 72' lang='grc' dir='ltr'><strong>ι,</strong></span> <span class='ocrx_word' id='word_1_94' title='bbox 1468 1538 1561 1607; x_wconf 88' lang='lat' dir='ltr'><strong>qui</strong></span> <span class='ocrx_word' id='word_1_95' title='bbox 1607 1540 1771 1594; x_wconf 88' lang='lat' dir='ltr'><strong>missa</strong></span> <span class='ocrx_word' id='word_1_96' title='bbox 1812 1539 1977 1593; x_wconf 87' lang='lat' dir='ltr'><strong>multa</strong></span> <span class='ocrx_word' id='word_1_97' title='bbox 2008 1554 2101 1609; x_wconf 87' lang='lat' dir='ltr'><strong>pe-</strong></span> 
     </span>
    </p>
   </div>
   <div class='ocr_carea' id='block_1_16' title="bbox 528 1626 2105 1700">
    <p class='ocr_par' dir='ltr' id='par_1_16' title="bbox 528 1626 2105 1700">
     <span class='ocr_line' id='line_1_16' title="bbox 528 1626 2105 1700; baseline 0.002 -18"><span class='ocrx_word' id='word_1_98' title='bbox 528 1628 686 1683; x_wconf 89' lang='lat' dir='ltr'><strong>cunia</strong></span> <span class='ocrx_word' id='word_1_99' title='bbox 713 1626 913 1683; x_wconf 89' lang='lat' dir='ltr'><strong>multos</strong></span> <span class='ocrx_word' id='word_1_100' title='bbox 938 1627 1184 1700; x_wconf 89' lang='lat' dir='ltr'><strong>captivos</strong></span> <span class='ocrx_word' id='word_1_101' title='bbox 1212 1628 1266 1682; x_wconf 91' lang='lat' dir='ltr'><strong>in</strong></span> <span class='ocrx_word' id='word_1_102' title='bbox 1296 1626 1493 1683; x_wconf 81' lang='lat' dir='ltr'><strong>Histria</strong></span> <span class='ocrx_word' id='word_1_103' title='bbox 1530 1639 1586 1684; x_wconf 92' lang='lat' dir='ltr'><strong>et</strong></span> <span class='ocrx_word' id='word_1_104' title='bbox 1615 1628 1878 1684; x_wconf 86' lang='lat' dir='ltr'><strong>Dalmatia</strong></span> <span class='ocrx_word' id='word_1_105' title='bbox 1908 1646 1938 1683; x_wconf 90' lang='lat' dir='ltr'><strong>a</strong></span> <span class='ocrx_word' id='word_1_106' title='bbox 1978 1632 2105 1685; x_wconf 81' lang='lat' dir='ltr'><strong>har—</strong></span> 
     </span>
    </p>
   </div>
   <div class='ocr_carea' id='block_1_17' title="bbox 527 1717 2099 1791">
    <p class='ocr_par' dir='ltr' id='par_1_17' title="bbox 527 1717 2099 1791">
     <span class='ocr_line' id='line_1_17' title="bbox 527 1717 2099 1791; baseline 0.001 -19"><span class='ocrx_word' id='word_1_107' title='bbox 527 1718 673 1774; x_wconf 85' lang='lat' dir='ltr'><strong>baris</strong></span> <span class='ocrx_word' id='word_1_108' title='bbox 718 1718 967 1783; x_wconf 85' lang='lat' dir='ltr'><strong>redemit,</strong></span> <span class='ocrx_word' id='word_1_109' title='bbox 1016 1726 1073 1773; x_wconf 86' lang='lat' dir='ltr'><strong>et</strong></span> <span class='ocrx_word' id='word_1_110' title='bbox 1122 1717 1401 1773; x_wconf 85' lang='lat' dir='ltr'><strong>basilicam</strong></span> <span class='ocrx_word' id='word_1_111' title='bbox 1450 1728 1760 1773; x_wconf 87' lang='lat' dir='ltr'><strong>sanctorum</strong></span> <span class='ocrx_word' id='word_1_112' title='bbox 1801 1729 2099 1791; x_wconf 83' lang='lat' dir='ltr'><strong>martyrum</strong></span> 
     </span>
    </p>
   </div>
   <div class='ocr_carea' id='block_1_18' title="bbox 528 1810 2099 1875">
    <p class='ocr_par' dir='ltr' id='par_1_18' title="bbox 528 1810 2099 1875">
     <span class='ocr_line' id='line_1_18' title="bbox 528 1810 2099 1875; baseline 0 -9"><span class='ocrx_word' id='word_1_113' title='bbox 528 1812 797 1875; x_wconf 84' lang='lat' dir='ltr'><strong>Venantii,</strong></span> <span class='ocrx_word' id='word_1_114' title='bbox 827 1810 1101 1866; x_wconf 80' lang='lat' dir='ltr'><strong>Anastasii</strong></span> <span class='ocrx_word' id='word_1_115' title='bbox 1129 1820 1184 1866; x_wconf 91' lang='lat' dir='ltr'><strong>et</strong></span> <span class='ocrx_word' id='word_1_116' title='bbox 1213 1810 1384 1865; x_wconf 80' lang='lat' dir='ltr'><strong>Mauri</strong></span> <span class='ocrx_word' id='word_1_117' title='bbox 1428 1811 1733 1866; x_wconf 80' lang='lat' dir='ltr'><strong>construxit</strong></span> <span class='ocrx_word' id='word_1_118' title='bbox 1774 1819 1830 1865; x_wconf 81' lang='lat' dir='ltr'><strong>et</strong></span> <span class='ocrx_word' id='word_1_119' title='bbox 1865 1811 2099 1866; x_wconf 84' lang='lat' dir='ltr'><strong>ornavit.</strong></span> 
     </span>
    </p>
   </div>
   <div class='ocr_carea' id='block_1_19' title="bbox 526 1902 2104 1975">
    <p class='ocr_par' dir='ltr' id='par_1_19' title="bbox 526 1902 2104 1975">
     <span class='ocr_line' id='line_1_19' title="bbox 526 1902 2104 1975; baseline -0.001 -16"><span class='ocrx_word' id='word_1_120' title='bbox 526 1908 712 1960; x_wconf 76' lang='lat' dir='ltr'><strong>Anast.</strong></span> <span class='ocrx_word' id='word_1_121' title='bbox 729 1935 801 1946; x_wconf 97' lang='lat'><strong>—</strong></span> <span class='ocrx_word' id='word_1_122' title='bbox 822 1903 1147 1971; x_wconf 72' lang='lat' dir='ltr'><strong>Ludovicus,</strong></span> <span class='ocrx_word' id='word_1_123' title='bbox 1170 1919 1263 1958; x_wconf 79' lang='lat' dir='ltr'><strong>seu</strong></span> <span class='ocrx_word' id='word_1_124' title='bbox 1289 1903 1593 1959; x_wconf 74' lang='lat' dir='ltr'><strong>Clodtweus</strong></span> <span class='ocrx_word' id='word_1_125' title='bbox 1614 1902 1813 1967; x_wconf 86' lang='lat' dir='ltr'><strong>infans,</strong></span> <span class='ocrx_word' id='word_1_126' title='bbox 1843 1911 2104 1975; x_wconf 74' lang='lat' dir='ltr'><strong>regnante</strong></span> 
     </span>
    </p>
   </div>
   <div class='ocr_carea' id='block_1_20' title="bbox 2200 706 3775 779">
    <p class='ocr_par' dir='ltr' id='par_1_20' title="bbox 2200 706 3775 779">
     <span class='ocr_line' id='line_1_20' title="bbox 2200 706 3775 779; baseline -0.002 -14"><span class='ocrx_word' id='word_1_127' title='bbox 2200 711 2514 766; x_wconf 85' lang='lat' dir='ltr'><strong>Theodorus</strong></span> <span class='ocrx_word' id='word_1_128' title='bbox 2559 711 2725 765; x_wconf 70' lang='lat' dir='ltr'><strong>Italiae</strong></span> <span class='ocrx_word' id='word_1_129' title='bbox 2774 711 3044 765; x_wconf 76' lang='lat' dir='ltr'><strong>esarchus</strong></span> <span class='ocrx_word' id='word_1_130' title='bbox 3093 710 3164 766; x_wconf 90' lang='lat' dir='ltr'><strong>ab</strong></span> <span class='ocrx_word' id='word_1_131' title='bbox 3209 711 3535 779; x_wconf 85' lang='lat' dir='ltr'><strong>imperatore</strong></span> <span class='ocrx_word' id='word_1_132' title='bbox 3577 706 3775 763; x_wconf 86' lang='lat' dir='ltr'><strong>missus</strong></span> 
     </span>
    </p>
   </div>
   <div class='ocr_carea' id='block_1_21' title="bbox 2200 788 3777 873">
    <p class='ocr_par' dir='ltr' id='par_1_21' title="bbox 2200 788 3777 873">
     <span class='ocr_line' id='line_1_21' title="bbox 2200 788 3777 873; baseline -0.001 -15"><span class='ocrx_word' id='word_1_133' title='bbox 2200 812 2284 858; x_wconf 90' lang='lat' dir='ltr'><strong>est</strong></span> <span class='ocrx_word' id='word_1_134' title='bbox 2309 801 2478 873; x_wconf 84' lang='grc'><strong>(209).</strong></span> <span class='ocrx_word' id='word_1_135' title='bbox 2496 788 2660 867; x_wconf 63' lang='grc' dir='ltr'><strong>Επει.</strong></span> <span class='ocrx_word' id='word_1_136' title='bbox 2692 802 2864 872; x_wconf 86' lang='lat' dir='ltr'><strong>major</strong></span> <span class='ocrx_word' id='word_1_137' title='bbox 2899 803 3091 858; x_wconf 89' lang='lat' dir='ltr'><strong>domus</strong></span> <span class='ocrx_word' id='word_1_138' title='bbox 3112 802 3391 866; x_wconf 86' lang='lat' dir='ltr'><strong>Ludovici,</strong></span> <span class='ocrx_word' id='word_1_139' title='bbox 3414 802 3498 856; x_wconf 88' lang='lat' dir='ltr'><strong>vir</strong></span> <span class='ocrx_word' id='word_1_140' title='bbox 3519 809 3777 857; x_wconf 77' lang='lat' dir='ltr'><strong>strenuus</strong></span> 
     </span>
    </p>
   </div>
   <div class='ocr_carea' id='block_1_22' title="bbox 2200 891 3773 965">
    <p class='ocr_par' dir='ltr' id='par_1_22' title="bbox 2200 891 3773 965">
     <span class='ocr_line' id='line_1_22' title="bbox 2200 891 3773 965; baseline 0 -18"><span class='ocrx_word' id='word_1_141' title='bbox 2200 904 2257 949; x_wconf 90' lang='lat' dir='ltr'><strong>et</strong></span> <span class='ocrx_word' id='word_1_142' title='bbox 2300 894 2604 965; x_wconf 89' lang='lat' dir='ltr'><strong>religiosus,</strong></span> <span class='ocrx_word' id='word_1_143' title='bbox 2634 893 2800 960; x_wconf 84' lang='lat' dir='ltr'><strong>obiit,</strong></span> <span class='ocrx_word' id='word_1_144' title='bbox 2848 904 2969 963; x_wconf 90' lang='lat' dir='ltr'><strong>post</strong></span> <span class='ocrx_word' id='word_1_145' title='bbox 3016 908 3175 964; x_wconf 88' lang='lat' dir='ltr'><strong>quem</strong></span> <span class='ocrx_word' id='word_1_146' title='bbox 3226 892 3602 949; x_wconf 89' lang='lat' dir='ltr'><strong>Ercbonaldus</strong></span> <span class='ocrx_word' id='word_1_147' title='bbox 3647 891 3773 964; x_wconf 81' lang='lat' dir='ltr'><strong>[a!.,</strong></span> 
     </span>
    </p>
   </div>
   <div class='ocr_carea' id='block_1_23' title="bbox 2201 982 3779 1056">
    <p class='ocr_par' dir='ltr' id='par_1_23' title="bbox 2201 982 3779 1056">
     <span class='ocr_line' id='line_1_23' title="bbox 2201 982 3779 1056; baseline 0.001 -17"><span class='ocrx_word' id='word_1_148' title='bbox 2201 982 2609 1048; x_wconf 82' lang='lat' dir='ltr'><strong>Erchinoaldus,</strong></span> <span class='ocrx_word' id='word_1_149' title='bbox 2626 984 2757 1039; x_wconf 90' lang='lat' dir='ltr'><strong>item</strong></span> <span class='ocrx_word' id='word_1_150' title='bbox 2771 985 2851 1039; x_wconf 87' lang='lat' dir='ltr'><strong>vir</strong></span> <span class='ocrx_word' id='word_1_151' title='bbox 2866 984 3159 1041; x_wconf 87' lang='lat' dir='ltr'><strong>laudabilis</strong></span> <span class='ocrx_word' id='word_1_152' title='bbox 3174 984 3348 1055; x_wconf 80' lang='lat' dir='ltr'><strong>major</strong></span> <span class='ocrx_word' id='word_1_153' title='bbox 3350 983 3603 1056; x_wconf 55' lang='lat' dir='ltr'><strong>Ldomus</strong></span> <span class='ocrx_word' id='word_1_154' title='bbox 3617 983 3779 1041; x_wconf 80' lang='lat' dir='ltr'><strong>efﬁci-</strong></span> 
     </span>
    </p>
   </div>
   <div class='ocr_carea' id='block_1_24' title="bbox 2204 1073 2887 1130">
    <p class='ocr_par' dir='ltr' id='par_1_24' title="bbox 2204 1073 2887 1130">
     <span class='ocr_line' id='line_1_24' title="bbox 2204 1073 2887 1130; baseline 0.001 -1"><span class='ocrx_word' id='word_1_155' title='bbox 2204 1083 2310 1129; x_wconf 87' lang='lat' dir='ltr'><strong>tur.</strong></span> <span class='ocrx_word' id='word_1_156' title='bbox 2330 1073 2508 1129; x_wconf 78' lang='lat' dir='ltr'><strong>-Fmi.</strong></span> <span class='ocrx_word' id='word_1_157' title='bbox 2539 1074 2649 1130; x_wconf 91' lang='lat' dir='ltr'><strong>chr.</strong></span> <span class='ocrx_word' id='word_1_158' title='bbox 2678 1092 2731 1130; x_wconf 90' lang='lat' dir='ltr'><strong>a.</strong></span> <span class='ocrx_word' id='word_1_159' title='bbox 2762 1076 2887 1130; x_wconf 86' lang='grc'>640.</span> 
     </span>
    </p>
   </div>
   <div class='ocr_carea' id='block_1_25' title="bbox 2273 1166 3787 1239">
    <p class='ocr_par' dir='ltr' id='par_1_25' title="bbox 2273 1166 3787 1239">
     <span class='ocr_line' id='line_1_25' title="bbox 2273 1166 3787 1239; baseline -0.001 -18"><span class='ocrx_word' id='word_1_160' title='bbox 2273 1167 2376 1221; x_wconf 74' lang='grc'><strong>644</strong></span> <span class='ocrx_word' id='word_1_161' title='bbox 2416 1166 2650 1223; x_wconf 86' lang='lat' dir='ltr'><strong>Sanctus</strong></span> <span class='ocrx_word' id='word_1_162' title='bbox 2685 1166 2948 1223; x_wconf 84' lang='lat' dir='ltr'><strong>Paulinus</strong></span> <span class='ocrx_word' id='word_1_163' title='bbox 2990 1167 3345 1225; x_wconf 82' lang='lat' dir='ltr'><strong>Eboracensis</strong></span> <span class='ocrx_word' id='word_1_164' title='bbox 3366 1169 3684 1239; x_wconf 70' lang='lat' dir='ltr'><strong>episcopus,</strong></span> <span class='ocrx_word' id='word_1_165' title='bbox 3724 1177 3787 1221; x_wconf 72' lang='lat' dir='ltr'><strong>tu</strong></span> 
     </span>
    </p>
   </div>
   <div class='ocr_carea' id='block_1_26' title="bbox 2205 1257 3787 1330">
    <p class='ocr_par' dir='ltr' id='par_1_26' title="bbox 2205 1257 3787 1330">
     <span class='ocr_line' id='line_1_26' title="bbox 2205 1257 3787 1330; baseline -0.003 -16"><span class='ocrx_word' id='word_1_166' title='bbox 2205 1258 2397 1314; x_wconf 87' lang='lat' dir='ltr'><strong>doctor</strong></span> <span class='ocrx_word' id='word_1_167' title='bbox 2453 1257 2773 1328; x_wconf 74' lang='lat' dir='ltr'><strong>Anglorum,</strong></span> <span class='ocrx_word' id='word_1_168' title='bbox 2826 1272 2969 1313; x_wconf 85' lang='lat' dir='ltr'><strong>anno</strong></span> <span class='ocrx_word' id='word_1_169' title='bbox 3012 1260 3355 1330; x_wconf 86' lang='lat' dir='ltr'><strong>episcopatus</strong></span> <span class='ocrx_word' id='word_1_170' title='bbox 3401 1275 3474 1314; x_wconf 75' lang='lat' dir='ltr'><strong>xx</strong></span> <span class='ocrx_word' id='word_1_171' title='bbox 3526 1258 3787 1326; x_wconf 73' lang='lat' dir='ltr'><strong>migravit</strong></span> 
     </span>
    </p>
   </div>
   <div class='ocr_carea' id='block_1_27' title="bbox 2206 1346 3789 1422">
    <p class='ocr_par' dir='ltr' id='par_1_27' title="bbox 2206 1346 3789 1422">
     <span class='ocr_line' id='line_1_27' title="bbox 2206 1346 3789 1422; baseline 0.001 -18"><span class='ocrx_word' id='word_1_172' title='bbox 2206 1350 2598 1404; x_wconf 88' lang='lat' dir='ltr'><strong>ad&#39;Dominum</strong></span> <span class='ocrx_word' id='word_1_173' title='bbox 2642 1366 2697 1405; x_wconf 75' lang='lat' dir='ltr'><strong>rt</strong></span> <span class='ocrx_word' id='word_1_174' title='bbox 2738 1350 2795 1405; x_wconf 89' lang='lat' dir='ltr'><strong>ld</strong></span> <span class='ocrx_word' id='word_1_175' title='bbox 2831 1352 3014 1407; x_wconf 86' lang='lat' dir='ltr'><strong>octob.</strong></span> <span class='ocrx_word' id='word_1_176' title='bbox 3044 1351 3215 1419; x_wconf 86' lang='lat' dir='ltr'><strong>Beda,</strong></span> <span class='ocrx_word' id='word_1_177' title='bbox 3237 1353 3361 1406; x_wconf 85' lang='lat' dir='ltr'><strong>hist.</strong></span> <span class='ocrx_word' id='word_1_178' title='bbox 3387 1346 3542 1422; x_wconf 63' lang='lat' dir='ltr'><strong>Angl.</strong></span> <span class='ocrx_word' id='word_1_179' title='bbox 3564 1381 3635 1392; x_wconf 95' lang='lat'>—</span> <span class='ocrx_word' id='word_1_180' title='bbox 3660 1351 3789 1421; x_wconf 79' lang='lat' dir='ltr'><strong>Pip-</strong></span> 
     </span>
    </p>
   </div>
   <div class='ocr_carea' id='block_1_28' title="bbox 2205 1437 3791 1512">
    <p class='ocr_par' dir='ltr' id='par_1_28' title="bbox 2205 1437 3791 1512">
     <span class='ocr_line' id='line_1_28' title="bbox 2205 1437 3791 1512; baseline 0.002 -21"><span class='ocrx_word' id='word_1_181' title='bbox 2205 1437 2366 1508; x_wconf 86' lang='lat' dir='ltr'><strong>pinus</strong></span> <span class='ocrx_word' id='word_1_182' title='bbox 2392 1438 2567 1510; x_wconf 80' lang='grc'><strong>(210).</strong></span> <span class='ocrx_word' id='word_1_183' title='bbox 2592 1437 2767 1506; x_wconf 84' lang='lat' dir='ltr'><strong>major</strong></span> <span class='ocrx_word' id='word_1_184' title='bbox 2790 1439 3003 1507; x_wconf 92' lang='lat' dir='ltr'><strong>domus,</strong></span> <span class='ocrx_word' id='word_1_185' title='bbox 3029 1448 3086 1495; x_wconf 89' lang='lat' dir='ltr'><strong>et</strong></span> <span class='ocrx_word' id='word_1_186' title='bbox 3107 1442 3213 1496; x_wconf 80' lang='lat' dir='ltr'><strong>dux</strong></span> <span class='ocrx_word' id='word_1_187' title='bbox 3243 1441 3534 1512; x_wconf 75' lang='lat' dir='ltr'><strong>Sigeberti,</strong></span> <span class='ocrx_word' id='word_1_188' title='bbox 3557 1440 3791 1511; x_wconf 72' lang='lat' dir='ltr'><strong>justitize</strong></span> 
     </span>
    </p>
   </div>
   <div class='ocr_carea' id='block_1_29' title="bbox 2205 1530 3790 1603">
    <p class='ocr_par' dir='ltr' id='par_1_29' title="bbox 2205 1530 3790 1603">
     <span class='ocr_line' id='line_1_29' title="bbox 2205 1530 3790 1603; baseline 0.003 -19"><span class='ocrx_word' id='word_1_189' title='bbox 2205 1539 2259 1584; x_wconf 93' lang='lat' dir='ltr'><strong>et</strong></span> <span class='ocrx_word' id='word_1_190' title='bbox 2286 1530 2506 1600; x_wconf 91' lang='lat' dir='ltr'><strong>pietatis</strong></span> <span class='ocrx_word' id='word_1_191' title='bbox 2548 1539 2762 1586; x_wconf 86' lang='lat' dir='ltr'><strong>amator</strong></span> <span class='ocrx_word' id='word_1_192' title='bbox 2797 1531 3033 1587; x_wconf 74' lang='lat' dir='ltr'><strong>eximius</strong></span> <span class='ocrx_word' id='word_1_193' title='bbox 3074 1532 3239 1596; x_wconf 88' lang='lat' dir='ltr'><strong>obiit,</strong></span> <span class='ocrx_word' id='word_1_194' title='bbox 3286 1540 3407 1601; x_wconf 90' lang='lat' dir='ltr'><strong>post</strong></span> <span class='ocrx_word' id='word_1_195' title='bbox 3448 1548 3608 1603; x_wconf 89' lang='lat' dir='ltr'><strong>quem</strong></span> <span class='ocrx_word' id='word_1_196' title='bbox 3642 1532 3790 1588; x_wconf 81' lang='lat' dir='ltr'><strong>lilitts</strong></span> 
     </span>
    </p>
   </div>
   <div class='ocr_carea' id='block_1_30' title="bbox 2205 1618 3783 1692">
    <p class='ocr_par' dir='ltr' id='par_1_30' title="bbox 2205 1618 3783 1692">
     <span class='ocr_line' id='line_1_30' title="bbox 2205 1618 3783 1692; baseline 0.003 -17"><span class='ocrx_word' id='word_1_197' title='bbox 2205 1618 2321 1689; x_wconf 87' lang='lat' dir='ltr'><strong>ejus</strong></span> <span class='ocrx_word' id='word_1_198' title='bbox 2355 1621 2698 1678; x_wconf 86' lang='lat' dir='ltr'><strong>Grimoaldus</strong></span> <span class='ocrx_word' id='word_1_199' title='bbox 2743 1622 2918 1692; x_wconf 86' lang='lat' dir='ltr'><strong>major</strong></span> <span class='ocrx_word' id='word_1_200' title='bbox 2956 1624 3149 1679; x_wconf 85' lang='lat' dir='ltr'><strong>domus</strong></span> <span class='ocrx_word' id='word_1_201' title='bbox 3191 1624 3419 1680; x_wconf 73' lang='lat' dir='ltr'><strong>eﬂ&#39;ectus</strong></span> <span class='ocrx_word' id='word_1_202' title='bbox 3459 1633 3561 1680; x_wconf 89' lang='lat' dir='ltr'><strong>est.</strong></span> <span class='ocrx_word' id='word_1_203' title='bbox 3610 1622 3783 1679; x_wconf 50' lang='lat' dir='ltr'><strong>hired.</strong></span> 
     </span>
    </p>
   </div>
   <div class='ocr_carea' id='block_1_31' title="bbox 2207 1710 2549 1767">
    <p class='ocr_par' dir='ltr' id='par_1_31' title="bbox 2207 1710 2549 1767">
     <span class='ocr_line' id='line_1_31' title="bbox 2207 1710 2549 1767; baseline 0.003 -3"><span class='ocrx_word' id='word_1_204' title='bbox 2207 1711 2320 1765; x_wconf 90' lang='lat' dir='ltr'><strong>chr.</strong></span> <span class='ocrx_word' id='word_1_205' title='bbox 2341 1728 2394 1765; x_wconf 90' lang='lat' dir='ltr'><strong>a.</strong></span> <span class='ocrx_word' id='word_1_206' title='bbox 2423 1710 2549 1767; x_wconf 78' lang='lat'><strong>659.</strong></span> 
     </span>
    </p>
   </div>
   <div class='ocr_carea' id='block_1_32' title="bbox 2276 1802 3790 1877">
    <p class='ocr_par' dir='ltr' id='par_1_32' title="bbox 2276 1802 3790 1877">
     <span class='ocr_line' id='line_1_32' title="bbox 2276 1802 3790 1877; baseline 0.003 -19"><span class='ocrx_word' id='word_1_207' title='bbox 2276 1802 2533 1861; x_wconf 68' lang='grc'><strong>6451100</strong></span> <span class='ocrx_word' id='word_1_208' title='bbox 2579 1812 2820 1875; x_wconf 87' lang='lat' dir='ltr'><strong>tempore</strong></span> <span class='ocrx_word' id='word_1_209' title='bbox 2847 1804 3790 1877; x_wconf 66' lang='lat' dir='ltr'><strong>.Pyrrhus-Otnstantinopobtanus,</strong></span> 
     </span>
    </p>
   </div>
   <div class='ocr_carea' id='block_1_33' title="bbox 2211 1893 3790 1965">
    <p class='ocr_par' dir='ltr' id='par_1_33' title="bbox 2211 1893 3790 1965">
     <span class='ocr_line' id='line_1_33' title="bbox 2211 1893 3790 1965; baseline 0.001 -16"><span class='ocrx_word' id='word_1_210' title='bbox 2211 1893 2384 1965; x_wconf 89' lang='lat' dir='ltr'><strong>Sergii</strong></span> <span class='ocrx_word' id='word_1_211' title='bbox 2428 1904 2484 1952; x_wconf 84' lang='lat' dir='ltr'><strong>et</strong></span> <span class='ocrx_word' id='word_1_212' title='bbox 2516 1896 2583 1949; x_wconf 82' lang='lat' dir='ltr'><strong>.iu</strong></span> <span class='ocrx_word' id='word_1_213' title='bbox 2629 1896 2756 1952; x_wconf 86' lang='lat' dir='ltr'><strong>sede</strong></span> <span class='ocrx_word' id='word_1_214' title='bbox 2797 1905 2854 1951; x_wconf 88' lang='lat' dir='ltr'><strong>et</strong></span> <span class='ocrx_word' id='word_1_215' title='bbox 2896 1897 2949 1952; x_wconf 92' lang='lat' dir='ltr'><strong>in</strong></span> <span class='ocrx_word' id='word_1_216' title='bbox 2991 1897 3181 1954; x_wconf 68' lang='lat' dir='ltr'><strong>haeresi</strong></span> <span class='ocrx_word' id='word_1_217' title='bbox 3229 1912 3535 1963; x_wconf 78' lang='lat' dir='ltr'><strong>succeasor,</strong></span> <span class='ocrx_word' id='word_1_218' title='bbox 3581 1913 3710 1951; x_wconf 77' lang='lat' dir='ltr'><strong>eum</strong></span> <span class='ocrx_word' id='word_1_219' title='bbox 3753 1912 3790 1951; x_wconf 86' lang='lat' dir='ltr'><strong>a</strong></span> 
     </span>
    </p>
   </div>
   <div class='ocr_carea' id='block_1_34' title="bbox 533 1978 2139 2067">
    <p class='ocr_par' dir='ltr' id='par_1_34' title="bbox 533 1979 2139 2067">
     <span class='ocr_line' id='line_1_34' title="bbox 533 1979 2139 2067; baseline -0.003 -15"><span class='ocrx_word' id='word_1_220' title='bbox 533 2006 710 2053; x_wconf 82' lang='lat' dir='ltr'><strong>matre</strong></span> <span class='ocrx_word' id='word_1_221' title='bbox 758 1995 1098 2060; x_wconf 82' lang='lat' dir='ltr'><strong>Nantbilde,</strong></span> <span class='ocrx_word' id='word_1_222' title='bbox 1150 2011 1320 2067; x_wconf 83' lang='lat' dir='ltr'><strong>regno</strong></span> <span class='ocrx_word' id='word_1_223' title='bbox 1373 1994 1692 2051; x_wconf 83' lang='lat' dir='ltr'><strong>occidentali</strong></span> <span class='ocrx_word' id='word_1_224' title='bbox 1735 1979 2139 2064; x_wconf 25' lang='lat' dir='ltr'><strong>praeponitur.“</strong></span> 
     </span>
    </p>
   </div>
   <div class='ocr_carea' id='block_1_35' title="bbox 2207 1978 3791 2067">
    <p class='ocr_par' dir='ltr' id='par_1_35' title="bbox 2208 1983 3791 2056">
     <span class='ocr_line' id='line_1_35' title="bbox 2208 1983 3791 2056; baseline 0.002 -17"><span class='ocrx_word' id='word_1_225' title='bbox 2208 1983 2494 2042; x_wconf 86' lang='lat' dir='ltr'><strong>Theodoro</strong></span> <span class='ocrx_word' id='word_1_226' title='bbox 2510 2001 2656 2056; x_wconf 80' lang='lat' dir='ltr'><strong>papa</strong></span> <span class='ocrx_word' id='word_1_227' title='bbox 2691 1986 2893 2043; x_wconf 77' lang='lat' dir='ltr'><strong>dudum</strong></span> <span class='ocrx_word' id='word_1_228' title='bbox 2920 1988 3211 2047; x_wconf 82' lang='lat' dir='ltr'><strong>damnatus</strong></span> <span class='ocrx_word' id='word_1_229' title='bbox 3243 1987 3525 2044; x_wconf 53' lang='lat' dir='ltr'><strong>ex&#39;Airica</strong></span> <span class='ocrx_word' id='word_1_230' title='bbox 3558 1988 3791 2042; x_wconf 70' lang='lat' dir='ltr'><strong>Bonitas»</strong></span> 
     </span>
    </p>
   </div>
   <div class='ocr_carea' id='block_1_36' title="bbox 530 2084 2107 2159">
    <p class='ocr_par' dir='ltr' id='par_1_36' title="bbox 530 2084 2107 2159">
     <span class='ocr_line' id='line_1_36' title="bbox 530 2084 2107 2159; baseline -0.001 -18"><span class='ocrx_word' id='word_1_231' title='bbox 530 2086 694 2143; x_wconf 78' lang='lat' dir='ltr'><strong>Fred.</strong></span> <span class='ocrx_word' id='word_1_232' title='bbox 740 2106 794 2144; x_wconf 88' lang='lat' dir='ltr'><strong>a.</strong></span> <span class='ocrx_word' id='word_1_233' title='bbox 822 2088 947 2145; x_wconf 72' lang='lat'><strong>638.</strong></span> <span class='ocrx_word' id='word_1_234' title='bbox 969 2086 1115 2142; x_wconf 75' lang='grc' dir='ltr'><strong>...ιη</strong></span> <span class='ocrx_word' id='word_1_235' title='bbox 1153 2086 1411 2158; x_wconf 84' lang='lat' dir='ltr'><strong>Hispania</strong></span> <span class='ocrx_word' id='word_1_236' title='bbox 1454 2086 1659 2143; x_wconf 88' lang='lat' dir='ltr'><strong>Sentila</strong></span> <span class='ocrx_word' id='word_1_237' title='bbox 1695 2084 1819 2159; x_wconf 81' lang='lat' dir='ltr'><strong>[al.,</strong></span> <span class='ocrx_word' id='word_1_238' title='bbox 1845 2084 2107 2158; x_wconf 74' lang='lat' dir='ltr'><strong>Chintilaj</strong></span> 
     </span>
    </p>
   </div>
   <div class='ocr_carea' id='block_1_37' title="bbox 530 2177 2107 2249">
    <p class='ocr_par' dir='ltr' id='par_1_37' title="bbox 530 2177 2107 2249">
     <span class='ocr_line' id='line_1_37' title="bbox 530 2177 2107 2249; baseline -0.001 -17"><span class='ocrx_word' id='word_1_239' title='bbox 530 2195 623 2235; x_wconf 76' lang='lat' dir='ltr'><strong>rex</strong></span> <span class='ocrx_word' id='word_1_240' title='bbox 646 2178 946 2235; x_wconf 83' lang='lat' dir='ltr'><strong>Gothorum</strong></span> <span class='ocrx_word' id='word_1_241' title='bbox 977 2179 1226 2244; x_wconf 88' lang='lat' dir='ltr'><strong>moritur,</strong></span> <span class='ocrx_word' id='word_1_242' title='bbox 1259 2193 1357 2248; x_wconf 81' lang='lat' dir='ltr'><strong>pro</strong></span> <span class='ocrx_word' id='word_1_243' title='bbox 1386 2193 1494 2248; x_wconf 89' lang='lat' dir='ltr'><strong>quo</strong></span> <span class='ocrx_word' id='word_1_244' title='bbox 1528 2177 1693 2247; x_wconf 85' lang='lat' dir='ltr'><strong>Tolga</strong></span> <span class='ocrx_word' id='word_1_245' title='bbox 1718 2192 1854 2246; x_wconf 88' lang='lat' dir='ltr'><strong>puer</strong></span> <span class='ocrx_word' id='word_1_246' title='bbox 1883 2191 2107 2249; x_wconf 86' lang='lat' dir='ltr'><strong>regnum</strong></span> 
     </span>
    </p>
   </div>
   <div class='ocr_carea' id='block_1_38' title="bbox 529 2268 2104 2341">
    <p class='ocr_par' dir='ltr' id='par_1_38' title="bbox 529 2268 2104 2341">
     <span class='ocr_line' id='line_1_38' title="bbox 529 2268 2104 2341; baseline -0.003 -15"><span class='ocrx_word' id='word_1_247' title='bbox 529 2271 760 2341; x_wconf 73' lang='lat' dir='ltr'><strong>accepit.</strong></span> <span class='ocrx_word' id='word_1_248' title='bbox 789 2270 908 2339; x_wconf 81' lang='lat' dir='ltr'><strong>Quo</strong></span> <span class='ocrx_word' id='word_1_249' title='bbox 947 2285 1053 2325; x_wconf 93' lang='lat' dir='ltr'><strong>non</strong></span> <span class='ocrx_word' id='word_1_250' title='bbox 1082 2277 1205 2339; x_wconf 90' lang='lat' dir='ltr'><strong>post</strong></span> <span class='ocrx_word' id='word_1_251' title='bbox 1246 2268 1473 2323; x_wconf 90' lang='lat' dir='ltr'><strong>multum</strong></span> <span class='ocrx_word' id='word_1_252' title='bbox 1497 2268 1742 2338; x_wconf 85' lang='lat' dir='ltr'><strong>deposito</strong></span> <span class='ocrx_word' id='word_1_253' title='bbox 1770 2275 1825 2322; x_wconf 88' lang='lat' dir='ltr'><strong>et</strong></span> <span class='ocrx_word' id='word_1_254' title='bbox 1858 2268 2104 2334; x_wconf 87' lang='lat' dir='ltr'><strong>detonso,</strong></span> 
     </span>
    </p>
   </div>
   <div class='ocr_carea' id='block_1_39' title="bbox 527 2357 2109 2435">
    <p class='ocr_par' dir='ltr' id='par_1_39' title="bbox 527 2357 2109 2435">
     <span class='ocr_line' id='line_1_39' title="bbox 527 2357 2109 2435; baseline -0.003 -17"><span class='ocrx_word' id='word_1_255' title='bbox 527 2362 929 2418; x_wconf 88' lang='lat' dir='ltr'><strong>Chindasindus</strong></span> <span class='ocrx_word' id='word_1_256' title='bbox 975 2358 1119 2435; x_wconf 80' lang='lat' dir='ltr'><strong>{al.,</strong></span> <span class='ocrx_word' id='word_1_257' title='bbox 1165 2357 1638 2432; x_wconf 80' lang='lat' dir='ltr'><strong>Cbindasuindus]</strong></span> <span class='ocrx_word' id='word_1_258' title='bbox 1688 2374 1911 2431; x_wconf 85' lang='lat' dir='ltr'><strong>regnum</strong></span> <span class='ocrx_word' id='word_1_259' title='bbox 1957 2374 2109 2414; x_wconf 63' lang='lat' dir='ltr'><strong>assuo</strong></span> 
     </span>
    </p>
   </div>
   <div class='ocr_carea' id='block_1_40' title="bbox 529 2453 2107 2528">
    <p class='ocr_par' dir='ltr' id='par_1_40' title="bbox 529 2453 2107 2528">
     <span class='ocr_line' id='line_1_40' title="bbox 529 2453 2107 2528; baseline -0.004 -14"><span class='ocrx_word' id='word_1_260' title='bbox 529 2474 703 2523; x_wconf 89' lang='lat' dir='ltr'><strong>mcns,</strong></span> <span class='ocrx_word' id='word_1_261' title='bbox 734 2457 1044 2528; x_wconf 87' lang='lat' dir='ltr'><strong>superbiam</strong></span> <span class='ocrx_word' id='word_1_262' title='bbox 1077 2454 1376 2511; x_wconf 86' lang='lat' dir='ltr'><strong>Gothorum</strong></span> <span class='ocrx_word' id='word_1_263' title='bbox 1397 2495 1411 2519; x_wconf 95' lang='lat'><strong>,</strong></span> <span class='ocrx_word' id='word_1_264' title='bbox 1442 2453 1731 2509; x_wconf 84' lang='lat' dir='ltr'><strong>trucidatis</strong></span> <span class='ocrx_word' id='word_1_265' title='bbox 1757 2453 2107 2524; x_wconf 88' lang='lat' dir='ltr'><strong>primoribus,</strong></span> 
     </span>
    </p>
   </div>
   <div class='ocr_carea' id='block_1_41' title="bbox 532 2543 1670 2616">
    <p class='ocr_par' dir='ltr' id='par_1_41' title="bbox 532 2543 1670 2616">
     <span class='ocr_line' id='line_1_41' title="bbox 532 2543 1670 2616; baseline -0.005 -12"><span class='ocrx_word' id='word_1_266' title='bbox 532 2549 698 2604; x_wconf 89' lang='lat' dir='ltr'><strong>nimis</strong></span> <span class='ocrx_word' id='word_1_267' title='bbox 722 2548 1045 2604; x_wconf 83' lang='lat' dir='ltr'><strong>humiliavit.</strong></span> <span class='ocrx_word' id='word_1_268' title='bbox 1074 2543 1238 2602; x_wconf 79' lang='lat' dir='ltr'><strong>Fred.</strong></span> <span class='ocrx_word' id='word_1_269' title='bbox 1271 2562 1324 2600; x_wconf 90' lang='lat' dir='ltr'><strong>a.</strong></span> <span class='ocrx_word' id='word_1_270' title='bbox 1356 2544 1461 2600; x_wconf 79' lang='grc'>640</span> <span class='ocrx_word' id='word_1_271' title='bbox 1489 2555 1537 2599; x_wconf 86' lang='lat' dir='ltr'><strong>et</strong></span> <span class='ocrx_word' id='word_1_272' title='bbox 1563 2561 1670 2616; x_wconf 88' lang='lat' dir='ltr'><strong>seq.</strong></span> 
     </span>
    </p>
   </div>
   <div class='ocr_carea' id='block_1_42' title="bbox 598 2632 2109 2705">
    <p class='ocr_par' dir='ltr' id='par_1_42' title="bbox 598 2632 2109 2705">
     <span class='ocr_line' id='line_1_42' title="bbox 598 2632 2109 2705; baseline -0.005 -10"><span class='ocrx_word' id='word_1_273' title='bbox 598 2639 706 2695; x_wconf 86' lang='grc'>642</span> <span class='ocrx_word' id='word_1_274' title='bbox 742 2638 931 2695; x_wconf 68' lang='lat' dir='ltr'><strong>Roma:</strong></span> <span class='ocrx_word' id='word_1_275' title='bbox 959 2636 1278 2693; x_wconf 81' lang='lat' dir='ltr'><strong>Theodorus</strong></span> <span class='ocrx_word' id='word_1_276' title='bbox 1306 2633 1653 2705; x_wconf 75' lang='lat' dir='ltr'><strong>papaLXXV</strong></span> <span class='ocrx_word' id='word_1_277' title='bbox 1680 2633 1819 2689; x_wconf 89' lang='lat' dir='ltr'><strong>sedit</strong></span> <span class='ocrx_word' id='word_1_278' title='bbox 1847 2632 2002 2688; x_wconf 89' lang='lat' dir='ltr'><strong>annis</strong></span> <span class='ocrx_word' id='word_1_279' title='bbox 2029 2649 2109 2700; x_wconf 80' lang='lat' dir='ltr'><strong>vr,</strong></span> 
     </span>
    </p>
   </div>
   <div class='ocr_carea' id='block_1_43' title="bbox 531 2721 2111 2796">
    <p class='ocr_par' dir='ltr' id='par_1_43' title="bbox 531 2721 2111 2796">
     <span class='ocr_line' id='line_1_43' title="bbox 531 2721 2111 2796; baseline -0.005 -11"><span class='ocrx_word' id='word_1_280' title='bbox 531 2729 813 2785; x_wconf 89' lang='lat' dir='ltr'><strong>mensibus</strong></span> <span class='ocrx_word' id='word_1_281' title='bbox 837 2727 954 2783; x_wconf 86' lang='lat' dir='ltr'><strong>fere</strong></span> <span class='ocrx_word' id='word_1_282' title='bbox 982 2742 1058 2782; x_wconf 81' lang='lat' dir='ltr'><strong>vt.</strong></span> <span class='ocrx_word' id='word_1_283' title='bbox 1090 2725 1189 2781; x_wconf 85' lang='lat' dir='ltr'><strong>Hic</strong></span> <span class='ocrx_word' id='word_1_284' title='bbox 1222 2739 1454 2796; x_wconf 82' lang='lat' dir='ltr'><strong>corpora</strong></span> <span class='ocrx_word' id='word_1_285' title='bbox 1489 2732 1806 2779; x_wconf 77' lang='lat' dir='ltr'><strong>satietorum</strong></span> <span class='ocrx_word' id='word_1_286' title='bbox 1842 2721 2016 2777; x_wconf 83' lang='lat' dir='ltr'><strong>Primi</strong></span> <span class='ocrx_word' id='word_1_287' title='bbox 2056 2730 2111 2777; x_wconf 89' lang='lat' dir='ltr'><strong>et</strong></span> 
     </span>
    </p>
   </div>
   <div class='ocr_carea' id='block_1_44' title="bbox 531 2813 2109 2883">
    <p class='ocr_par' dir='ltr' id='par_1_44' title="bbox 531 2813 2109 2883">
     <span class='ocr_line' id='line_1_44' title="bbox 531 2813 2109 2883; baseline -0.004 -9"><span class='ocrx_word' id='word_1_288' title='bbox 531 2817 794 2874; x_wconf 81' lang='lat' dir='ltr'><strong>Feliciani</strong></span> <span class='ocrx_word' id='word_1_289' title='bbox 819 2817 1018 2872; x_wconf 85' lang='lat' dir='ltr'><strong>levavit</strong></span> <span class='ocrx_word' id='word_1_290' title='bbox 1044 2825 1105 2871; x_wconf 88' lang='lat' dir='ltr'><strong>et</strong></span> <span class='ocrx_word' id='word_1_291' title='bbox 1144 2816 1196 2870; x_wconf 92' lang='lat' dir='ltr'><strong>in</strong></span> <span class='ocrx_word' id='word_1_292' title='bbox 1241 2814 1468 2870; x_wconf 86' lang='lat' dir='ltr'><strong>basilica</strong></span> <span class='ocrx_word' id='word_1_293' title='bbox 1519 2813 1579 2868; x_wconf 90' lang='lat' dir='ltr'><strong>S.</strong></span> <span class='ocrx_word' id='word_1_294' title='bbox 1625 2813 1889 2883; x_wconf 86' lang='lat' dir='ltr'><strong>Stephani</strong></span> <span class='ocrx_word' id='word_1_295' title='bbox 1923 2820 2109 2883; x_wconf 90' lang='lat' dir='ltr'><strong>proto-</strong></span> 
     </span>
    </p>
   </div>
   <div class='ocr_carea' id='block_1_45' title="bbox 532 2903 2109 2982">
    <p class='ocr_par' dir='ltr' id='par_1_45' title="bbox 532 2903 2109 2982">
     <span class='ocr_line' id='line_1_45' title="bbox 532 2903 2109 2982; baseline -0.004 -18"><span class='ocrx_word' id='word_1_296' title='bbox 532 2909 792 2982; x_wconf 84' lang='lat' dir='ltr'><strong>martyris</strong></span> <span class='ocrx_word' id='word_1_297' title='bbox 827 2908 1107 2981; x_wconf 81' lang='lat' dir='ltr'><strong>sepclivit;</strong></span> <span class='ocrx_word' id='word_1_298' title='bbox 1155 2907 1441 2963; x_wconf 85' lang='lat' dir='ltr'><strong>ecclesiam</strong></span> <span class='ocrx_word' id='word_1_299' title='bbox 1488 2904 1662 2961; x_wconf 87' lang='lat' dir='ltr'><strong>sancti</strong></span> <span class='ocrx_word' id='word_1_300' title='bbox 1709 2904 1979 2960; x_wconf 74' lang='lat' dir='ltr'><strong>Valentini</strong></span> <span class='ocrx_word' id='word_1_301' title='bbox 2022 2903 2109 2959; x_wconf 85' lang='lat' dir='ltr'><strong>via</strong></span> 
     </span>
    </p>
   </div>
   <div class='ocr_carea' id='block_1_46' title="bbox 529 2996 2109 3067">
    <p class='ocr_par' dir='ltr' id='par_1_46' title="bbox 529 2996 2109 3067">
     <span class='ocr_line' id='line_1_46' title="bbox 529 2996 2109 3067; baseline -0.004 -10"><span class='ocrx_word' id='word_1_302' title='bbox 529 3002 836 3067; x_wconf 83' lang='lat' dir='ltr'><strong>Flaminia,</strong></span> <span class='ocrx_word' id='word_1_303' title='bbox 891 3001 1189 3057; x_wconf 85' lang='lat' dir='ltr'><strong>oratorium</strong></span> <span class='ocrx_word' id='word_1_304' title='bbox 1240 2999 1414 3055; x_wconf 85' lang='lat' dir='ltr'><strong>sancti</strong></span> <span class='ocrx_word' id='word_1_305' title='bbox 1451 2997 1760 3054; x_wconf 76' lang='lat' dir='ltr'><strong>Sebastiani</strong></span> <span class='ocrx_word' id='word_1_306' title='bbox 1791 2996 2109 3062; x_wconf 87' lang='lat' dir='ltr'><strong>Lateranis,</strong></span> 
     </span>
    </p>
   </div>
   <div class='ocr_carea' id='block_1_47' title="bbox 529 3087 2114 3160">
    <p class='ocr_par' dir='ltr' id='par_1_47' title="bbox 529 3087 2114 3160">
     <span class='ocr_line' id='line_1_47' title="bbox 529 3087 2114 3160; baseline -0.004 -12"><span class='ocrx_word' id='word_1_307' title='bbox 529 3092 827 3148; x_wconf 89' lang='lat' dir='ltr'><strong>oratorium</strong></span> <span class='ocrx_word' id='word_1_308' title='bbox 875 3091 936 3146; x_wconf 89' lang='lat' dir='ltr'><strong>S.</strong></span> <span class='ocrx_word' id='word_1_309' title='bbox 977 3089 1130 3160; x_wconf 78' lang='grc' dir='ltr'><strong>Ευριί</strong></span> <span class='ocrx_word' id='word_1_310' title='bbox 1169 3099 1296 3145; x_wconf 85' lang='lat' dir='ltr'><strong>ante</strong></span> <span class='ocrx_word' id='word_1_311' title='bbox 1324 3099 1539 3159; x_wconf 88' lang='lat' dir='ltr'><strong>portam</strong></span> <span class='ocrx_word' id='word_1_312' title='bbox 1588 3088 1646 3144; x_wconf 89' lang='lat' dir='ltr'><strong>S.</strong></span> <span class='ocrx_word' id='word_1_313' title='bbox 1683 3088 1841 3143; x_wconf 81' lang='lat' dir='ltr'><strong>Pauli</strong></span> <span class='ocrx_word' id='word_1_314' title='bbox 1883 3087 2012 3144; x_wconf 87' lang='lat' dir='ltr'><strong>fecit</strong></span> <span class='ocrx_word' id='word_1_315' title='bbox 2057 3095 2114 3143; x_wconf 86' lang='lat' dir='ltr'><strong>et</strong></span> 
     </span>
    </p>
   </div>
   <div class='ocr_carea' id='block_1_48' title="bbox 529 3181 2109 3260">
    <p class='ocr_par' dir='ltr' id='par_1_48' title="bbox 529 3181 2109 3260">
     <span class='ocr_line' id='line_1_48' title="bbox 529 3181 2109 3260; baseline -0.003 -21"><span class='ocrx_word' id='word_1_316' title='bbox 529 3184 676 3239; x_wconf 89' lang='lat' dir='ltr'><strong>inter</strong></span> <span class='ocrx_word' id='word_1_317' title='bbox 695 3185 799 3260; x_wconf 73' lang='lat' dir='ltr'><strong>alia</strong></span> <span class='ocrx_word' id='word_1_318' title='bbox 830 3184 969 3238; x_wconf 88' lang='lat' dir='ltr'><strong>bona</strong></span> <span class='ocrx_word' id='word_1_319' title='bbox 995 3191 1253 3238; x_wconf 88' lang='lat' dir='ltr'><strong>constans</strong></span> <span class='ocrx_word' id='word_1_320' title='bbox 1283 3182 1339 3237; x_wconf 91' lang='lat' dir='ltr'><strong>in</strong></span> <span class='ocrx_word' id='word_1_321' title='bbox 1370 3181 1474 3237; x_wconf 77' lang='lat' dir='ltr'><strong>ﬁde</strong></span> <span class='ocrx_word' id='word_1_322' title='bbox 1499 3182 1787 3237; x_wconf 65' lang='lat' dir='ltr'><strong>haereticos</strong></span> <span class='ocrx_word' id='word_1_323' title='bbox 1814 3181 2109 3236; x_wconf 82' lang='lat' dir='ltr'><strong>damnavit.</strong></span> 
     </span>
    </p>
   </div>
   <div class='ocr_carea' id='block_1_49' title="bbox 530 3271 2110 3346">
    <p class='ocr_par' dir='ltr' id='par_1_49' title="bbox 530 3271 2110 3346">
     <span class='ocr_line' id='line_1_49' title="bbox 530 3271 2110 3346; baseline -0.003 -15"><span class='ocrx_word' id='word_1_324' title='bbox 530 3277 719 3332; x_wconf 70' lang='lat' dir='ltr'><strong>Annal.</strong></span> <span class='ocrx_word' id='word_1_325' title='bbox 758 3306 823 3318; x_wconf 90' lang='lat'><strong>-—</strong></span> <span class='ocrx_word' id='word_1_326' title='bbox 852 3274 966 3346; x_wconf 73' lang='lat'><strong>98</strong></span> <span class='ocrx_word' id='word_1_327' title='bbox 1004 3273 1063 3329; x_wconf 87' lang='lat' dir='ltr'><strong>In</strong></span> <span class='ocrx_word' id='word_1_328' title='bbox 1099 3272 1381 3329; x_wconf 87' lang='lat' dir='ltr'><strong>Britannia</strong></span> <span class='ocrx_word' id='word_1_329' title='bbox 1425 3272 1643 3329; x_wconf 84' lang='lat' dir='ltr'><strong>Oswald</strong></span> <span class='ocrx_word' id='word_1_330' title='bbox 1683 3287 1779 3327; x_wconf 78' lang='lat' dir='ltr'><strong>rex</strong></span> <span class='ocrx_word' id='word_1_331' title='bbox 1815 3271 2110 3343; x_wconf 81' lang='lat' dir='ltr'><strong>Anglorum</strong></span> 
     </span>
    </p>
   </div>
   <div class='ocr_carea' id='block_1_50' title="bbox 531 3362 2115 3438">
    <p class='ocr_par' dir='ltr' id='par_1_50' title="bbox 531 3362 2115 3438">
     <span class='ocr_line' id='line_1_50' title="bbox 531 3362 2115 3438; baseline -0.004 -16"><span class='ocrx_word' id='word_1_332' title='bbox 531 3367 816 3438; x_wconf 86' lang='lat' dir='ltr'><strong>piissimus</strong></span> <span class='ocrx_word' id='word_1_333' title='bbox 844 3381 944 3437; x_wconf 91' lang='lat' dir='ltr'><strong>pro</strong></span> <span class='ocrx_word' id='word_1_334' title='bbox 973 3364 1146 3435; x_wconf 86' lang='lat' dir='ltr'><strong>patria</strong></span> <span class='ocrx_word' id='word_1_335' title='bbox 1172 3372 1364 3419; x_wconf 88' lang='lat' dir='ltr'><strong>contra</strong></span> <span class='ocrx_word' id='word_1_336' title='bbox 1396 3363 1709 3418; x_wconf 84' lang='lat' dir='ltr'><strong>Pendauum</strong></span> <span class='ocrx_word' id='word_1_337' title='bbox 1751 3376 1931 3431; x_wconf 82' lang='lat' dir='ltr'><strong>regem</strong></span> <span class='ocrx_word' id='word_1_338' title='bbox 1974 3362 2115 3416; x_wconf 85' lang='lat' dir='ltr'><strong>Mer-</strong></span> 
     </span>
    </p>
   </div>
   <div class='ocr_carea' id='block_1_51' title="bbox 535 3451 2114 3528">
    <p class='ocr_par' dir='ltr' id='par_1_51' title="bbox 535 3451 2114 3528">
     <span class='ocr_line' id='line_1_51' title="bbox 535 3451 2114 3528; baseline -0.004 -16"><span class='ocrx_word' id='word_1_339' title='bbox 535 3458 748 3513; x_wconf 86' lang='lat' dir='ltr'><strong>ciorum</strong></span> <span class='ocrx_word' id='word_1_340' title='bbox 779 3470 1050 3528; x_wconf 89' lang='lat' dir='ltr'><strong>paganum</strong></span> <span class='ocrx_word' id='word_1_341' title='bbox 1072 3469 1321 3526; x_wconf 84' lang='lat' dir='ltr'><strong>pugnans</strong></span> <span class='ocrx_word' id='word_1_342' title='bbox 1341 3454 1612 3518; x_wconf 86' lang='lat' dir='ltr'><strong>occubuit,</strong></span> <span class='ocrx_word' id='word_1_343' title='bbox 1641 3462 1696 3508; x_wconf 91' lang='lat' dir='ltr'><strong>et</strong></span> <span class='ocrx_word' id='word_1_344' title='bbox 1722 3451 1969 3524; x_wconf 88' lang='lat' dir='ltr'><strong>plurimis</strong></span> <span class='ocrx_word' id='word_1_345' title='bbox 1992 3460 2114 3523; x_wconf 89' lang='lat' dir='ltr'><strong>post</strong></span> 
     </span>
    </p>
   </div>
   <div class='ocr_carea' id='block_1_52' title="bbox 535 3540 2111 3614">
    <p class='ocr_par' dir='ltr' id='par_1_52' title="bbox 535 3540 2111 3614">
     <span class='ocr_line' id='line_1_52' title="bbox 535 3540 2111 3614; baseline -0.003 -13"><span class='ocrx_word' id='word_1_346' title='bbox 535 3556 769 3601; x_wconf 89' lang='lat' dir='ltr'><strong>mortem</strong></span> <span class='ocrx_word' id='word_1_347' title='bbox 798 3544 1080 3600; x_wconf 89' lang='lat' dir='ltr'><strong>miraculis</strong></span> <span class='ocrx_word' id='word_1_348' title='bbox 1101 3543 1329 3610; x_wconf 85' lang='lat' dir='ltr'><strong>claruit;</strong></span> <span class='ocrx_word' id='word_1_349' title='bbox 1359 3558 1457 3614; x_wconf 90' lang='lat' dir='ltr'><strong>pro</strong></span> <span class='ocrx_word' id='word_1_350' title='bbox 1480 3558 1587 3613; x_wconf 86' lang='lat' dir='ltr'><strong>quo</strong></span> <span class='ocrx_word' id='word_1_351' title='bbox 1617 3542 1789 3599; x_wconf 82' lang='lat' dir='ltr'><strong>frater</strong></span> <span class='ocrx_word' id='word_1_352' title='bbox 1811 3542 1929 3614; x_wconf 80' lang='lat' dir='ltr'><strong>ejus</strong></span> <span class='ocrx_word' id='word_1_353' title='bbox 1965 3540 2111 3597; x_wconf 73' lang='grc' dir='ltr'><strong>Οενί</strong></span> 
     </span>
    </p>
   </div>
   <div class='ocr_carea' id='block_1_53' title="bbox 535 3632 1727 3706">
    <p class='ocr_par' dir='ltr' id='par_1_53' title="bbox 535 3632 1727 3706">
     <span class='ocr_line' id='line_1_53' title="bbox 535 3632 1727 3706; baseline -0.003 -15"><span class='ocrx_word' id='word_1_354' title='bbox 535 3635 782 3706; x_wconf 83' lang='lat' dir='ltr'><strong>regnavit</strong></span> <span class='ocrx_word' id='word_1_355' title='bbox 805 3635 968 3690; x_wconf 88' lang='lat' dir='ltr'><strong>annis</strong></span> <span class='ocrx_word' id='word_1_356' title='bbox 992 3649 1186 3688; x_wconf 77' lang='lat' dir='ltr'><strong>xxvnt.</strong></span> <span class='ocrx_word' id='word_1_357' title='bbox 1213 3632 1381 3698; x_wconf 86' lang='lat' dir='ltr'><strong>Beda,</strong></span> <span class='ocrx_word' id='word_1_358' title='bbox 1418 3634 1545 3688; x_wconf 81' lang='lat' dir='ltr'><strong>hist.</strong></span> <span class='ocrx_word' id='word_1_359' title='bbox 1570 3633 1727 3705; x_wconf 78' lang='lat' dir='ltr'><strong>Angl.</strong></span> 
     </span>
    </p>
   </div>
   <div class='ocr_carea' id='block_1_54' title="bbox 605 3723 2113 3796">
    <p class='ocr_par' dir='ltr' id='par_1_54' title="bbox 605 3723 2113 3796">
     <span class='ocr_line' id='line_1_54' title="bbox 605 3723 2113 3796; baseline 0 -16"><span class='ocrx_word' id='word_1_360' title='bbox 605 3725 710 3781; x_wconf 77' lang='grc'>643</span> <span class='ocrx_word' id='word_1_361' title='bbox 748 3724 864 3780; x_wconf 80' lang='lat' dir='ltr'><strong>Hoc</strong></span> <span class='ocrx_word' id='word_1_362' title='bbox 913 3733 1157 3796; x_wconf 89' lang='lat' dir='ltr'><strong>tempore</strong></span> <span class='ocrx_word' id='word_1_363' title='bbox 1192 3723 1487 3782; x_wconf 80' lang='lat' dir='ltr'><strong>Mauricius</strong></span> <span class='ocrx_word' id='word_1_364' title='bbox 1529 3723 1894 3780; x_wconf 88' lang='lat' dir='ltr'><strong>cbartularius</strong></span> <span class='ocrx_word' id='word_1_365' title='bbox 1930 3732 2113 3796; x_wconf 80' lang='lat' dir='ltr'><strong>tyran-</strong></span> 
     </span>
    </p>
   </div>
   <div class='ocr_carea' id='block_1_55' title="bbox 535 3812 2112 3887">
    <p class='ocr_par' dir='ltr' id='par_1_55' title="bbox 535 3812 2112 3887">
     <span class='ocr_line' id='line_1_55' title="bbox 535 3812 2112 3887; baseline -0.001 -17"><span class='ocrx_word' id='word_1_366' title='bbox 535 3815 715 3871; x_wconf 86' lang='lat' dir='ltr'><strong>nidem</strong></span> <span class='ocrx_word' id='word_1_367' title='bbox 747 3814 1032 3882; x_wconf 84' lang='lat' dir='ltr'><strong>affectans,</strong></span> <span class='ocrx_word' id='word_1_368' title='bbox 1062 3813 1245 3869; x_wconf 91' lang='lat' dir='ltr'><strong>missis</strong></span> <span class='ocrx_word' id='word_1_369' title='bbox 1269 3814 1339 3870; x_wconf 90' lang='lat' dir='ltr'><strong>ab</strong></span> <span class='ocrx_word' id='word_1_370' title='bbox 1363 3812 1580 3870; x_wconf 83' lang='lat' dir='ltr'><strong>liisacio</strong></span> <span class='ocrx_word' id='word_1_371' title='bbox 1607 3813 1728 3887; x_wconf 82' lang='lat' dir='ltr'><strong>[al.,</strong></span> <span class='ocrx_word' id='word_1_372' title='bbox 1756 3813 1985 3887; x_wconf 86' lang='lat' dir='ltr'><strong>lsaacio]</strong></span> <span class='ocrx_word' id='word_1_373' title='bbox 2015 3829 2112 3885; x_wconf 86' lang='lat' dir='ltr'><strong>pa-</strong></span> 
     </span>
    </p>
   </div>
   <div class='ocr_carea' id='block_1_56' title="bbox 535 3907 2116 3980">
    <p class='ocr_par' dir='ltr' id='par_1_56' title="bbox 535 3907 2116 3980">
     <span class='ocr_line' id='line_1_56' title="bbox 535 3907 2116 3980; baseline 0 -15"><span class='ocrx_word' id='word_1_374' title='bbox 535 3911 694 3967; x_wconf 89' lang='lat' dir='ltr'><strong>tricio</strong></span> <span class='ocrx_word' id='word_1_375' title='bbox 727 3909 1009 3977; x_wconf 90' lang='lat' dir='ltr'><strong>militibus,</strong></span> <span class='ocrx_word' id='word_1_376' title='bbox 1052 3907 1241 3964; x_wconf 69' lang='lat' dir='ltr'><strong>Roma:</strong></span> <span class='ocrx_word' id='word_1_377' title='bbox 1287 3910 1713 3980; x_wconf 88' lang='lat' dir='ltr'><strong>comprehensus</strong></span> <span class='ocrx_word' id='word_1_378' title='bbox 1754 3919 1811 3965; x_wconf 92' lang='lat' dir='ltr'><strong>et</strong></span> <span class='ocrx_word' id='word_1_379' title='bbox 1850 3909 2116 3965; x_wconf 89' lang='lat' dir='ltr'><strong>abductus</strong></span> 
     </span>
    </p>
   </div>
   <div class='ocr_carea' id='block_1_57' title="bbox 529 3998 2115 4070">
    <p class='ocr_par' dir='ltr' id='par_1_57' title="bbox 529 3998 2115 4070">
     <span class='ocr_line' id='line_1_57' title="bbox 529 3998 2115 4070; baseline 0 -16"><span class='ocrx_word' id='word_1_380' title='bbox 529 3998 686 4070; x_wconf 77' lang='lat' dir='ltr'><strong>juxta</strong></span> <span class='ocrx_word' id='word_1_381' title='bbox 716 3999 1029 4056; x_wconf 81' lang='lat' dir='ltr'><strong>Ravennam</strong></span> <span class='ocrx_word' id='word_1_382' title='bbox 1053 3998 1351 4056; x_wconf 89' lang='lat' dir='ltr'><strong>decollatus</strong></span> <span class='ocrx_word' id='word_1_383' title='bbox 1379 4010 1486 4056; x_wconf 91' lang='lat' dir='ltr'><strong>est.</strong></span> <span class='ocrx_word' id='word_1_384' title='bbox 1512 3998 1623 4056; x_wconf 87' lang='lat' dir='ltr'><strong>Nec</strong></span> <span class='ocrx_word' id='word_1_385' title='bbox 1651 3999 1821 4055; x_wconf 91' lang='lat' dir='ltr'><strong>multo</strong></span> <span class='ocrx_word' id='word_1_386' title='bbox 1849 4007 1972 4070; x_wconf 86' lang='lat' dir='ltr'><strong>post</strong></span> <span class='ocrx_word' id='word_1_387' title='bbox 1998 3999 2115 4069; x_wconf 87' lang='lat' dir='ltr'><strong>ipse</strong></span> 
     </span>
    </p>
   </div>
   <div class='ocr_carea' id='block_1_58' title="bbox 2206 2078 3795 2152">
    <p class='ocr_par' dir='ltr' id='par_1_58' title="bbox 2206 2078 3795 2152">
     <span class='ocr_line' id='line_1_58' title="bbox 2206 2078 3795 2152; baseline 0.003 -20"><span class='ocrx_word' id='word_1_388' title='bbox 2206 2078 2477 2143; x_wconf 88' lang='lat' dir='ltr'><strong>venisset,</strong></span> <span class='ocrx_word' id='word_1_389' title='bbox 2505 2087 2561 2134; x_wconf 91' lang='lat' dir='ltr'><strong>et</strong></span> <span class='ocrx_word' id='word_1_390' title='bbox 2588 2078 2771 2134; x_wconf 76' lang='lat' dir='ltr'><strong>ﬁctam</strong></span> <span class='ocrx_word' id='word_1_391' title='bbox 2816 2080 3193 2150; x_wconf 68' lang='lat' dir='ltr'><strong>penitentiam</strong></span> <span class='ocrx_word' id='word_1_392' title='bbox 3243 2080 3795 2152; x_wconf 76' lang='lat' dir='ltr'><strong>satisfactionemque</strong></span> 
     </span>
    </p>
   </div>
   <div class='ocr_carea' id='block_1_59' title="bbox 2205 2169 3793 2242">
    <p class='ocr_par' dir='ltr' id='par_1_59' title="bbox 2205 2169 3793 2242">
     <span class='ocr_line' id='line_1_59' title="bbox 2205 2169 3793 2242; baseline 0 -16"><span class='ocrx_word' id='word_1_393' title='bbox 2205 2169 2533 2236; x_wconf 67' lang='lat' dir='ltr'><strong>sitnulasset,</strong></span> <span class='ocrx_word' id='word_1_394' title='bbox 2567 2171 2797 2242; x_wconf 87' lang='lat' dir='ltr'><strong>benigne</strong></span> <span class='ocrx_word' id='word_1_395' title='bbox 2839 2180 3122 2242; x_wconf 85' lang='lat' dir='ltr'><strong>susceptus</strong></span> <span class='ocrx_word' id='word_1_396' title='bbox 3162 2183 3218 2227; x_wconf 89' lang='lat' dir='ltr'><strong>et</strong></span> <span class='ocrx_word' id='word_1_397' title='bbox 3259 2173 3641 2227; x_wconf 79' lang='lat' dir='ltr'><strong>reconciliatus</strong></span> <span class='ocrx_word' id='word_1_398' title='bbox 3678 2181 3793 2229; x_wconf 84' lang='lat' dir='ltr'><strong>est.</strong></span> 
     </span>
    </p>
   </div>
   <div class='ocr_carea' id='block_1_60' title="bbox 2205 2259 3794 2334">
    <p class='ocr_par' dir='ltr' id='par_1_60' title="bbox 2205 2259 3794 2334">
     <span class='ocr_line' id='line_1_60' title="bbox 2205 2259 3794 2334; baseline 0.003 -18"><span class='ocrx_word' id='word_1_399' title='bbox 2205 2259 2399 2317; x_wconf 86' lang='lat' dir='ltr'><strong>Postea</strong></span> <span class='ocrx_word' id='word_1_400' title='bbox 2434 2275 2566 2317; x_wconf 89' lang='lat' dir='ltr'><strong>vero</strong></span> <span class='ocrx_word' id='word_1_401' title='bbox 2605 2261 2825 2317; x_wconf 90' lang='lat' dir='ltr'><strong>domum</strong></span> <span class='ocrx_word' id='word_1_402' title='bbox 2869 2276 3121 2318; x_wconf 85' lang='lat' dir='ltr'><strong>reversus</strong></span> <span class='ocrx_word' id='word_1_403' title='bbox 3154 2272 3212 2320; x_wconf 89' lang='lat' dir='ltr'><strong>et</strong></span> <span class='ocrx_word' id='word_1_404' title='bbox 3235 2278 3478 2319; x_wconf 67' lang='lat' dir='ltr'><strong>ert-mem</strong></span> <span class='ocrx_word' id='word_1_405' title='bbox 3507 2273 3794 2334; x_wconf 77' lang='lat' dir='ltr'><strong>repetens,</strong></span> 
     </span>
    </p>
   </div>
   <div class='ocr_carea' id='block_1_61' title="bbox 2206 2354 3797 2427">
    <p class='ocr_par' dir='ltr' id='par_1_61' title="bbox 2206 2354 3797 2427">
     <span class='ocr_line' id='line_1_61' title="bbox 2206 2354 3797 2427; baseline 0.002 -18"><span class='ocrx_word' id='word_1_406' title='bbox 2206 2354 2385 2410; x_wconf 92' lang='lat' dir='ltr'><strong>denuo</strong></span> <span class='ocrx_word' id='word_1_407' title='bbox 2411 2356 2480 2410; x_wconf 88' lang='lat' dir='ltr'><strong>ab</strong></span> <span class='ocrx_word' id='word_1_408' title='bbox 2506 2356 2624 2426; x_wconf 83' lang='lat' dir='ltr'><strong>ipso</strong></span> <span class='ocrx_word' id='word_1_409' title='bbox 2646 2370 2791 2426; x_wconf 86' lang='lat' dir='ltr'><strong>.papa</strong></span> <span class='ocrx_word' id='word_1_410' title='bbox 2838 2355 3137 2427; x_wconf 87' lang='lat' dir='ltr'><strong>depositus,</strong></span> <span class='ocrx_word' id='word_1_411' title='bbox 3162 2357 3454 2412; x_wconf 85' lang='lat' dir='ltr'><strong>damnatus</strong></span> <span class='ocrx_word' id='word_1_412' title='bbox 3480 2366 3534 2412; x_wconf 93' lang='lat' dir='ltr'><strong>et</strong></span> <span class='ocrx_word' id='word_1_413' title='bbox 3560 2358 3797 2412; x_wconf 86' lang='lat' dir='ltr'><strong>anathe-</strong></span> 
     </span>
    </p>
   </div>
   <div class='ocr_carea' id='block_1_62' title="bbox 2206 2445 3525 2519">
    <p class='ocr_par' dir='ltr' id='par_1_62' title="bbox 2206 2445 3525 2519">
     <span class='ocr_line' id='line_1_62' title="bbox 2206 2445 3525 2519; baseline 0.002 -18"><span class='ocrx_word' id='word_1_414' title='bbox 2206 2448 2497 2504; x_wconf 76' lang='lat' dir='ltr'><strong>ntatisatus</strong></span> <span class='ocrx_word' id='word_1_415' title='bbox 2521 2456 2605 2503; x_wconf 86' lang='lat' dir='ltr'><strong>est</strong></span> <span class='ocrx_word' id='word_1_416' title='bbox 2631 2446 2998 2519; x_wconf 73' lang='lat' dir='ltr'><strong>(2H).Beda,</strong></span> <span class='ocrx_word' id='word_1_417' title='bbox 3031 2450 3144 2502; x_wconf 87' lang='lat' dir='ltr'><strong>chr.</strong></span> <span class='ocrx_word' id='word_1_418' title='bbox 3181 2445 3342 2502; x_wconf 82' lang='lat' dir='ltr'><strong>Paul.</strong></span> <span class='ocrx_word' id='word_1_419' title='bbox 3371 2448 3525 2504; x_wconf 79' lang='lat' dir='ltr'><strong>Diae.</strong></span> 
     </span>
    </p>
   </div>
   <div class='ocr_carea' id='block_1_63' title="bbox 2279 2536 3800 2609">
    <p class='ocr_par' dir='ltr' id='par_1_63' title="bbox 2279 2536 3800 2609">
     <span class='ocr_line' id='line_1_63' title="bbox 2279 2536 3800 2609; baseline 0.001 -17"><span class='ocrx_word' id='word_1_420' title='bbox 2279 2536 2384 2593; x_wconf 80' lang='grc'><strong>646</strong></span> <span class='ocrx_word' id='word_1_421' title='bbox 2422 2538 2519 2593; x_wconf 82' lang='lat' dir='ltr'><strong>His</strong></span> <span class='ocrx_word' id='word_1_422' title='bbox 2566 2538 2900 2609; x_wconf 83' lang='lat' dir='ltr'><strong>temporibus</strong></span> <span class='ocrx_word' id='word_1_423' title='bbox 2944 2539 3103 2594; x_wconf 86' lang='lat' dir='ltr'><strong>beata</strong></span> <span class='ocrx_word' id='word_1_424' title='bbox 3147 2539 3302 2609; x_wconf 81' lang='lat' dir='ltr'><strong>virgo</strong></span> <span class='ocrx_word' id='word_1_425' title='bbox 3334 2538 3650 2605; x_wconf 77' lang='lat' dir='ltr'><strong>Certrudis,</strong></span> <span class='ocrx_word' id='word_1_426' title='bbox 3682 2538 3800 2594; x_wconf 75' lang='lat' dir='ltr'><strong>lilia</strong></span> 
     </span>
    </p>
   </div>
   <div class='ocr_carea' id='block_1_64' title="bbox 2207 2624 3803 2697">
    <p class='ocr_par' dir='ltr' id='par_1_64' title="bbox 2207 2624 3803 2697">
     <span class='ocr_line' id='line_1_64' title="bbox 2207 2624 3803 2697; baseline 0.001 -15"><span class='ocrx_word' id='word_1_427' title='bbox 2207 2626 2442 2697; x_wconf 81' lang='lat' dir='ltr'><strong>Pippini,</strong></span> <span class='ocrx_word' id='word_1_428' title='bbox 2480 2641 2637 2682; x_wconf 89' lang='lat' dir='ltr'><strong>soror</strong></span> <span class='ocrx_word' id='word_1_429' title='bbox 2660 2627 2958 2684; x_wconf 86' lang='lat' dir='ltr'><strong>Grimoaldi</strong></span> <span class='ocrx_word' id='word_1_430' title='bbox 2992 2628 3214 2697; x_wconf 85' lang='lat' dir='ltr'><strong>majoris</strong></span> <span class='ocrx_word' id='word_1_431' title='bbox 3240 2624 3457 2696; x_wconf 80' lang='lat' dir='ltr'><strong>domus,</strong></span> <span class='ocrx_word' id='word_1_432' title='bbox 3487 2629 3803 2685; x_wconf 74' lang='lat' dir='ltr'><strong>Nivalens.s</strong></span> 
     </span>
    </p>
   </div>
   <div class='ocr_carea' id='block_1_65' title="bbox 2209 2715 3804 2793">
    <p class='ocr_par' dir='ltr' id='par_1_65' title="bbox 2209 2715 3804 2793">
     <span class='ocr_line' id='line_1_65' title="bbox 2209 2715 3804 2793; baseline 0.006 -23"><span class='ocrx_word' id='word_1_433' title='bbox 2209 2715 2356 2789; x_wconf 85' lang='lat' dir='ltr'><strong>[al.,</strong></span> <span class='ocrx_word' id='word_1_434' title='bbox 2404 2716 2767 2789; x_wconf 80' lang='lat' dir='ltr'><strong>Nivialensis]</strong></span> <span class='ocrx_word' id='word_1_435' title='bbox 2813 2720 3061 2775; x_wconf 68' lang='lat' dir='ltr'><strong>~ccenobii</strong></span> <span class='ocrx_word' id='word_1_436' title='bbox 3110 2731 3305 2786; x_wconf 86' lang='lat' dir='ltr'><strong>mater,</strong></span> <span class='ocrx_word' id='word_1_437' title='bbox 3340 2723 3637 2778; x_wconf 68' lang='lat' dir='ltr'><strong>virtutibus</strong></span> <span class='ocrx_word' id='word_1_438' title='bbox 3679 2722 3804 2793; x_wconf 73' lang='lat'><strong>99</strong></span> 
     </span>
    </p>
   </div>
   <div class='ocr_carea' id='block_1_66' title="bbox 2210 2809 3798 2886">
    <p class='ocr_par' dir='ltr' id='par_1_66' title="bbox 2210 2809 3798 2886">
     <span class='ocr_line' id='line_1_66' title="bbox 2210 2809 3798 2886; baseline 0.004 -22"><span class='ocrx_word' id='word_1_439' title='bbox 2210 2810 2425 2865; x_wconf 87' lang='lat' dir='ltr'><strong>claruit.</strong></span> <span class='ocrx_word' id='word_1_440' title='bbox 2457 2809 2630 2879; x_wconf 83' lang='lat' dir='ltr'><strong>Hujus</strong></span> <span class='ocrx_word' id='word_1_441' title='bbox 2654 2826 2809 2866; x_wconf 85' lang='lat' dir='ltr'><strong>soror</strong></span> <span class='ocrx_word' id='word_1_442' title='bbox 2836 2811 3036 2883; x_wconf 77' lang='lat' dir='ltr'><strong>Begga,</strong></span> <span class='ocrx_word' id='word_1_443' title='bbox 3068 2822 3122 2868; x_wconf 90' lang='lat' dir='ltr'><strong>ct</strong></span> <span class='ocrx_word' id='word_1_444' title='bbox 3146 2814 3261 2885; x_wconf 89' lang='lat' dir='ltr'><strong>ipsa</strong></span> <span class='ocrx_word' id='word_1_445' title='bbox 3293 2814 3490 2869; x_wconf 77' lang='lat' dir='ltr'><strong>femina</strong></span> <span class='ocrx_word' id='word_1_446' title='bbox 3516 2815 3798 2886; x_wconf 73' lang='lat' dir='ltr'><strong>religiosa,</strong></span> 
     </span>
    </p>
   </div>
   <div class='ocr_carea' id='block_1_67' title="bbox 2208 2899 3799 2976">
    <p class='ocr_par' dir='ltr' id='par_1_67' title="bbox 2208 2899 3799 2976">
     <span class='ocr_line' id='line_1_67' title="bbox 2208 2899 3799 2976; baseline 0.004 -23"><span class='ocrx_word' id='word_1_447' title='bbox 2208 2899 2440 2972; x_wconf 84' lang='lat' dir='ltr'><strong>Ansgiso</strong></span> <span class='ocrx_word' id='word_1_448' title='bbox 2467 2902 2643 2956; x_wconf 85' lang='lat' dir='ltr'><strong>sancti</strong></span> <span class='ocrx_word' id='word_1_449' title='bbox 2677 2901 2884 2956; x_wconf 80' lang='lat' dir='ltr'><strong>Amulli</strong></span> <span class='ocrx_word' id='word_1_450' title='bbox 2927 2903 3038 2958; x_wconf 87' lang='lat' dir='ltr'><strong>lilio</strong></span> <span class='ocrx_word' id='word_1_451' title='bbox 3067 2906 3271 2976; x_wconf 87' lang='lat' dir='ltr'><strong>nupsit.</strong></span> <span class='ocrx_word' id='word_1_452' title='bbox 3306 2907 3392 2961; x_wconf 89' lang='lat' dir='ltr'><strong>cui</strong></span> <span class='ocrx_word' id='word_1_453' title='bbox 3420 2906 3586 2959; x_wconf 87' lang='lat' dir='ltr'><strong>etiam</strong></span> <span class='ocrx_word' id='word_1_454' title='bbox 3615 2904 3799 2974; x_wconf 83' lang='lat' dir='ltr'><strong>Pippi-</strong></span> 
     </span>
    </p>
   </div>
   <div class='ocr_carea' id='block_1_68' title="bbox 2210 2990 3771 3066">
    <p class='ocr_par' dir='ltr' id='par_1_68' title="bbox 2210 2990 3771 3066">
     <span class='ocr_line' id='line_1_68' title="bbox 2210 2990 3771 3066; baseline 0.002 -18"><span class='ocrx_word' id='word_1_455' title='bbox 2210 3007 2339 3048; x_wconf 89' lang='lat' dir='ltr'><strong>num</strong></span> <span class='ocrx_word' id='word_1_456' title='bbox 2382 2990 2655 3060; x_wconf 87' lang='lat' dir='ltr'><strong>juniorem</strong></span> <span class='ocrx_word' id='word_1_457' title='bbox 2706 2992 2853 3064; x_wconf 75' lang='grc'><strong>(212)</strong></span> <span class='ocrx_word' id='word_1_458' title='bbox 2912 2995 3146 3065; x_wconf 81' lang='lat' dir='ltr'><strong>peperit.</strong></span> <span class='ocrx_word' id='word_1_459' title='bbox 3210 2994 3332 3050; x_wconf 82' lang='lat' dir='ltr'><strong>Yita</strong></span> <span class='ocrx_word' id='word_1_460' title='bbox 3387 2995 3454 3052; x_wconf 87' lang='lat' dir='ltr'><strong>S.</strong></span> <span class='ocrx_word' id='word_1_461' title='bbox 3508 2996 3771 3066; x_wconf 80' lang='lat' dir='ltr'><strong>Sigeberti</strong></span> 
     </span>
    </p>
   </div>
   <div class='ocr_carea' id='block_1_69' title="bbox 2211 3083 3273 3159">
    <p class='ocr_par' dir='ltr' id='par_1_69' title="bbox 2211 3083 3273 3159">
     <span class='ocr_line' id='line_1_69' title="bbox 2211 3083 3273 3159; baseline 0.004 -21"><span class='ocrx_word' id='word_1_462' title='bbox 2211 3092 2339 3139; x_wconf 87' lang='lat' dir='ltr'><strong>tom.</strong></span> <span class='ocrx_word' id='word_1_463' title='bbox 2366 3083 2430 3138; x_wconf 85' lang='grc'><strong>11</strong></span> <span class='ocrx_word' id='word_1_464' title='bbox 2464 3085 2662 3155; x_wconf 78' lang='lat' dir='ltr'><strong>Script,</strong></span> <span class='ocrx_word' id='word_1_465' title='bbox 2689 3083 2919 3150; x_wconf 55' lang='lat' dir='ltr'><strong>Frena;</strong></span> <span class='ocrx_word' id='word_1_466' title='bbox 2945 3089 3018 3140; x_wconf 87' lang='lat' dir='ltr'><strong>al.</strong></span> <span class='ocrx_word' id='word_1_467' title='bbox 3048 3104 3141 3142; x_wconf 83' lang='lat' dir='ltr'><strong>an.</strong></span> <span class='ocrx_word' id='word_1_468' title='bbox 3167 3104 3273 3159; x_wconf 68' lang='lat' dir='ltr'><strong>seu.</strong></span> 
     </span>
    </p>
   </div>
   <div class='ocr_carea' id='block_1_70' title="bbox 2284 3178 3802 3253">
    <p class='ocr_par' dir='ltr' id='par_1_70' title="bbox 2284 3178 3802 3253">
     <span class='ocr_line' id='line_1_70' title="bbox 2284 3178 3802 3253; baseline 0.002 -20"><span class='ocrx_word' id='word_1_469' title='bbox 2284 3178 2389 3233; x_wconf 83' lang='grc'><strong>647</strong></span> <span class='ocrx_word' id='word_1_470' title='bbox 2431 3178 2526 3234; x_wconf 78' lang='lat' dir='ltr'><strong>His</strong></span> <span class='ocrx_word' id='word_1_471' title='bbox 2559 3179 2892 3249; x_wconf 85' lang='lat' dir='ltr'><strong>temporibus</strong></span> <span class='ocrx_word' id='word_1_472' title='bbox 2921 3194 3044 3235; x_wconf 89' lang='lat' dir='ltr'><strong>cum</strong></span> <span class='ocrx_word' id='word_1_473' title='bbox 3073 3179 3275 3236; x_wconf 82' lang='lat' dir='ltr'><strong>Paulus</strong></span> <span class='ocrx_word' id='word_1_474' title='bbox 3304 3181 3802 3253; x_wconf 63' lang='lat' dir='ltr'><strong>Cottstautinopnlio</strong></span> 
     </span>
    </p>
   </div>
   <div class='ocr_carea' id='block_1_71' title="bbox 2217 3268 3800 3342">
    <p class='ocr_par' dir='ltr' id='par_1_71' title="bbox 2217 3268 3800 3342">
     <span class='ocr_line' id='line_1_71' title="bbox 2217 3268 3800 3342; baseline 0.002 -18"><span class='ocrx_word' id='word_1_475' title='bbox 2217 3279 2375 3325; x_wconf 86' lang='lat' dir='ltr'><strong>tanus</strong></span> <span class='ocrx_word' id='word_1_476' title='bbox 2398 3268 2599 3342; x_wconf 87' lang='lat' dir='ltr'><strong>Pyrrhi</strong></span> <span class='ocrx_word' id='word_1_477' title='bbox 2629 3286 2913 3326; x_wconf 88' lang='lat' dir='ltr'><strong>successor</strong></span> <span class='ocrx_word' id='word_1_478' title='bbox 2937 3272 3188 3328; x_wconf 67' lang='lat' dir='ltr'><strong>haeresim</strong></span> <span class='ocrx_word' id='word_1_479' title='bbox 3222 3287 3327 3328; x_wconf 88' lang='lat' dir='ltr'><strong>non</strong></span> <span class='ocrx_word' id='word_1_480' title='bbox 3356 3273 3532 3327; x_wconf 86' lang='lat' dir='ltr'><strong>solum</strong></span> <span class='ocrx_word' id='word_1_481' title='bbox 3563 3288 3671 3327; x_wconf 88' lang='lat' dir='ltr'><strong>non</strong></span> <span class='ocrx_word' id='word_1_482' title='bbox 3713 3273 3800 3327; x_wconf 85' lang='lat' dir='ltr'><strong>di-</strong></span> 
     </span>
    </p>
   </div>
   <div class='ocr_carea' id='block_1_72' title="bbox 2218 3360 3801 3435">
    <p class='ocr_par' dir='ltr' id='par_1_72' title="bbox 2218 3360 3801 3435">
     <span class='ocr_line' id='line_1_72' title="bbox 2218 3360 3801 3435; baseline 0.001 -20"><span class='ocrx_word' id='word_1_483' title='bbox 2218 3360 2481 3425; x_wconf 88' lang='lat' dir='ltr'><strong>tnitteret,</strong></span> <span class='ocrx_word' id='word_1_484' title='bbox 2509 3360 2603 3416; x_wconf 88' lang='lat' dir='ltr'><strong>sed</strong></span> <span class='ocrx_word' id='word_1_485' title='bbox 2651 3371 3051 3431; x_wconf 82' lang='lat' dir='ltr'><strong>auginentaret,</strong></span> <span class='ocrx_word' id='word_1_486' title='bbox 3091 3364 3373 3433; x_wconf 81' lang='lat' dir='ltr'><strong>ipsumque</strong></span> <span class='ocrx_word' id='word_1_487' title='bbox 3414 3364 3801 3435; x_wconf 85' lang='lat' dir='ltr'><strong>imperatorem</strong></span> 
     </span>
    </p>
   </div>
   <div class='ocr_carea' id='block_1_73' title="bbox 2217 3449 3805 3524">
    <p class='ocr_par' dir='ltr' id='par_1_73' title="bbox 2217 3449 3805 3524">
     <span class='ocr_line' id='line_1_73' title="bbox 2217 3449 3805 3524; baseline 0.003 -20"><span class='ocrx_word' id='word_1_488' title='bbox 2217 3464 2341 3504; x_wconf 92' lang='lat' dir='ltr'><strong>cum</strong></span> <span class='ocrx_word' id='word_1_489' title='bbox 2366 3450 2489 3504; x_wconf 91' lang='lat' dir='ltr'><strong>aliis</strong></span> <span class='ocrx_word' id='word_1_490' title='bbox 2520 3449 2827 3516; x_wconf 85' lang='lat' dir='ltr'><strong>seduceret,</strong></span> <span class='ocrx_word' id='word_1_491' title='bbox 2858 3466 2979 3518; x_wconf 87' lang='lat' dir='ltr'><strong>nec,</strong></span> <span class='ocrx_word' id='word_1_492' title='bbox 3008 3467 3039 3506; x_wconf 89' lang='lat' dir='ltr'><strong>a</strong></span> <span class='ocrx_word' id='word_1_493' title='bbox 3070 3453 3267 3507; x_wconf 90' lang='lat' dir='ltr'><strong>donmo</strong></span> <span class='ocrx_word' id='word_1_494' title='bbox 3313 3467 3451 3524; x_wconf 81' lang='lat' dir='ltr'><strong>papa</strong></span> <span class='ocrx_word' id='word_1_495' title='bbox 3488 3452 3805 3508; x_wconf 85' lang='lat' dir='ltr'><strong>admonitus</strong></span> 
     </span>
    </p>
   </div>
   <div class='ocr_carea' id='block_1_74' title="bbox 2218 3541 3806 3613">
    <p class='ocr_par' dir='ltr' id='par_1_74' title="bbox 2218 3541 3806 3613">
     <span class='ocr_line' id='line_1_74' title="bbox 2218 3541 3806 3613; baseline 0.001 -17"><span class='ocrx_word' id='word_1_496' title='bbox 2218 3550 2275 3596; x_wconf 88' lang='lat' dir='ltr'><strong>et</strong></span> <span class='ocrx_word' id='word_1_497' title='bbox 2292 3541 2628 3611; x_wconf 80' lang='lat' dir='ltr'><strong>increpatus,</strong></span> <span class='ocrx_word' id='word_1_498' title='bbox 2648 3541 3014 3611; x_wconf 88' lang='lat' dir='ltr'><strong>resipisceret,</strong></span> <span class='ocrx_word' id='word_1_499' title='bbox 3029 3551 3085 3597; x_wconf 90' lang='lat' dir='ltr'><strong>et</strong></span> <span class='ocrx_word' id='word_1_500' title='bbox 3110 3542 3225 3613; x_wconf 89' lang='lat' dir='ltr'><strong>ipse</strong></span> <span class='ocrx_word' id='word_1_501' title='bbox 3246 3543 3541 3597; x_wconf 87' lang='lat' dir='ltr'><strong>identidem</strong></span> <span class='ocrx_word' id='word_1_502' title='bbox 3570 3543 3806 3597; x_wconf 84' lang='lat' dir='ltr'><strong>damna-</strong></span> 
     </span>
    </p>
   </div>
   <div class='ocr_carea' id='block_1_75' title="bbox 2219 3630 3804 3701">
    <p class='ocr_par' dir='ltr' id='par_1_75' title="bbox 2219 3630 3804 3701">
     <span class='ocr_line' id='line_1_75' title="bbox 2219 3630 3804 3701; baseline 0.002 -15"><span class='ocrx_word' id='word_1_503' title='bbox 2219 3639 2307 3686; x_wconf 86' lang='lat' dir='ltr'><strong>tus</strong></span> <span class='ocrx_word' id='word_1_504' title='bbox 2332 3640 2434 3686; x_wconf 88' lang='lat' dir='ltr'><strong>est.</strong></span> <span class='ocrx_word' id='word_1_505' title='bbox 2486 3631 2621 3686; x_wconf 84' lang='lat' dir='ltr'><strong>Bed.</strong></span> <span class='ocrx_word' id='word_1_506' title='bbox 2679 3633 2791 3686; x_wconf 86' lang='lat' dir='ltr'><strong>chr.</strong></span> <span class='ocrx_word' id='word_1_507' title='bbox 2824 3632 3012 3687; x_wconf 81' lang='lat' dir='ltr'><strong>Anast.</strong></span> <span class='ocrx_word' id='word_1_508' title='bbox 3042 3650 3095 3688; x_wconf 90' lang='lat' dir='ltr'><strong>a.</strong></span> <span class='ocrx_word' id='word_1_509' title='bbox 3120 3633 3329 3689; x_wconf 82' lang='grc'>648.--</span> <span class='ocrx_word' id='word_1_510' title='bbox 3353 3630 3411 3688; x_wconf 81' lang='lat' dir='ltr'><strong>lii</strong></span> <span class='ocrx_word' id='word_1_511' title='bbox 3441 3633 3616 3701; x_wconf 82' lang='lat' dir='ltr'><strong>Italia,</strong></span> <span class='ocrx_word' id='word_1_512' title='bbox 3650 3650 3804 3689; x_wconf 85' lang='lat' dir='ltr'><strong>mor-</strong></span> 
     </span>
    </p>
   </div>
   <div class='ocr_carea' id='block_1_76' title="bbox 2222 3721 3807 3795">
    <p class='ocr_par' dir='ltr' id='par_1_76' title="bbox 2222 3721 3807 3795">
     <span class='ocr_line' id='line_1_76' title="bbox 2222 3721 3807 3795; baseline 0.003 -19"><span class='ocrx_word' id='word_1_513' title='bbox 2222 3729 2315 3776; x_wconf 92' lang='lat' dir='ltr'><strong>tuo</strong></span> <span class='ocrx_word' id='word_1_514' title='bbox 2343 3721 2607 3778; x_wconf 79' lang='lat' dir='ltr'><strong>Rothario</strong></span> <span class='ocrx_word' id='word_1_515' title='bbox 2634 3738 2758 3795; x_wconf 87' lang='lat' dir='ltr'><strong>rege</strong></span> <span class='ocrx_word' id='word_1_516' title='bbox 2787 3723 3289 3795; x_wconf 80' lang='lat' dir='ltr'><strong>Longobardorum,</strong></span> <span class='ocrx_word' id='word_1_517' title='bbox 3321 3725 3629 3780; x_wconf 76' lang='lat' dir='ltr'><strong>RodoalJus</strong></span> <span class='ocrx_word' id='word_1_518' title='bbox 3658 3727 3807 3781; x_wconf 81' lang='lat' dir='ltr'><strong>ﬁlius</strong></span> 
     </span>
    </p>
   </div>
   <div class='ocr_carea' id='block_1_77' title="bbox 2217 3811 3407 3889">
    <p class='ocr_par' dir='ltr' id='par_1_77' title="bbox 2217 3811 3407 3889">
     <span class='ocr_line' id='line_1_77' title="bbox 2217 3811 3407 3889; baseline 0.003 -22"><span class='ocrx_word' id='word_1_519' title='bbox 2217 3811 2333 3882; x_wconf 89' lang='lat' dir='ltr'><strong>ejus</strong></span> <span class='ocrx_word' id='word_1_520' title='bbox 2367 3814 2612 3884; x_wconf 55' lang='lat' dir='ltr'><strong>regnavit</strong></span> <span class='ocrx_word' id='word_1_521' title='bbox 2643 3814 2804 3870; x_wconf 89' lang='lat' dir='ltr'><strong>annis</strong></span> <span class='ocrx_word' id='word_1_522' title='bbox 2830 3831 2863 3870; x_wconf 82' lang='lat' dir='ltr'><strong>v</strong></span> <span class='ocrx_word' id='word_1_523' title='bbox 2891 3814 3040 3889; x_wconf 72' lang='lat'><strong>(9.15)</strong></span> <span class='ocrx_word' id='word_1_524' title='bbox 3067 3816 3224 3870; x_wconf 86' lang='lat' dir='ltr'><strong>Paul.</strong></span> <span class='ocrx_word' id='word_1_525' title='bbox 3257 3816 3407 3870; x_wconf 85' lang='lat' dir='ltr'><strong>Diac.</strong></span> 
     </span>
    </p>
   </div>
   <div class='ocr_carea' id='block_1_78' title="bbox 2292 3905 3805 3981">
    <p class='ocr_par' dir='ltr' id='par_1_78' title="bbox 2292 3905 3805 3981">
     <span class='ocr_line' id='line_1_78' title="bbox 2292 3905 3805 3981; baseline 0.001 -18"><span class='ocrx_word' id='word_1_526' title='bbox 2292 3905 2397 3963; x_wconf 75' lang='grc'>648</span> <span class='ocrx_word' id='word_1_527' title='bbox 2434 3906 2530 3962; x_wconf 80' lang='lat' dir='ltr'><strong>His</strong></span> <span class='ocrx_word' id='word_1_528' title='bbox 2557 3905 2871 3963; x_wconf 89' lang='lat' dir='ltr'><strong>Constantis</strong></span> <span class='ocrx_word' id='word_1_529' title='bbox 2898 3909 3246 3979; x_wconf 85' lang='lat' dir='ltr'><strong>imperatoris</strong></span> <span class='ocrx_word' id='word_1_530' title='bbox 3277 3908 3616 3978; x_wconf 88' lang='lat' dir='ltr'><strong>temporibus</strong></span> <span class='ocrx_word' id='word_1_531' title='bbox 3645 3909 3805 3981; x_wconf 74' lang='grc'><strong>(214)</strong></span> 
     </span>
    </p>
   </div>
   <div class='ocr_carea' id='block_1_79' title="bbox 2220 3999 3806 4071">
    <p class='ocr_par' dir='ltr' id='par_1_79' title="bbox 2220 3999 3806 4071">
     <span class='ocr_line' id='line_1_79' title="bbox 2220 3999 3806 4071; baseline 0.001 -18"><span class='ocrx_word' id='word_1_532' title='bbox 2220 4013 2355 4071; x_wconf 81' lang='lat' dir='ltr'><strong>gens</strong></span> <span class='ocrx_word' id='word_1_533' title='bbox 2370 3999 2803 4055; x_wconf 70' lang='lat' dir='ltr'><strong>Sarracenorum</strong></span> <span class='ocrx_word' id='word_1_534' title='bbox 2833 4000 3210 4056; x_wconf 85' lang='lat' dir='ltr'><strong>crudelissima</strong></span> <span class='ocrx_word' id='word_1_535' title='bbox 3239 4000 3578 4055; x_wconf 75' lang='lat' dir='ltr'><strong>Palaestinam</strong></span> <span class='ocrx_word' id='word_1_536' title='bbox 3604 4002 3806 4071; x_wconf 77' lang='lat' dir='ltr'><strong>ipsam-</strong></span> 
     </span>
    </p>
   </div>
   <div class='ocr_carea' id='block_1_80' title="bbox 1525 4107 2796 4171">
    <p class='ocr_par' dir='ltr' id='par_1_80' title="bbox 1525 4107 2796 4171">
     <span class='ocr_line' id='line_1_80' title="bbox 1525 4107 2796 4171; baseline -0.006 -1"><span class='ocrx_word' id='word_1_537' title='bbox 1525 4111 1977 4171; x_wconf 78' lang='lat' dir='ltr'><strong>COMPENDIUM</strong></span> <span class='ocrx_word' id='word_1_538' title='bbox 2015 4111 2108 4168; x_wconf 83' lang='lat' dir='ltr'><strong>EX</strong></span> <span class='ocrx_word' id='word_1_539' title='bbox 2144 4109 2391 4169; x_wconf 84' lang='lat' dir='ltr'><strong>CODlCE</strong></span> <span class='ocrx_word' id='word_1_540' title='bbox 2428 4107 2796 4165; x_wconf 79' lang='lat' dir='ltr'><strong>BERNOLDI.</strong></span> 
     </span>
    </p>
   </div>
   <div class='ocr_carea' id='block_1_81' title="bbox 610 4203 2118 4276">
    <p class='ocr_par' dir='ltr' id='par_1_81' title="bbox 610 4203 2118 4276">
     <span class='ocr_line' id='line_1_81' title="bbox 610 4203 2118 4276; baseline -0.002 -15"><span class='ocrx_word' id='word_1_541' title='bbox 610 4206 713 4261; x_wconf 78' lang='grc'>641</span> <span class='ocrx_word' id='word_1_542' title='bbox 762 4206 941 4261; x_wconf 76' lang='lat' dir='ltr'><strong>Roma:</strong></span> <span class='ocrx_word' id='word_1_543' title='bbox 979 4205 1210 4260; x_wconf 79' lang='lat' dir='ltr'><strong>Joannes</strong></span> <span class='ocrx_word' id='word_1_544' title='bbox 1248 4214 1469 4276; x_wconf 84' lang='lat' dir='ltr'><strong>quartus</strong></span> <span class='ocrx_word' id='word_1_545' title='bbox 1499 4223 1657 4276; x_wconf 83' lang='lat' dir='ltr'><strong>papa,</strong></span> <span class='ocrx_word' id='word_1_546' title='bbox 1699 4203 1959 4271; x_wconf 81' lang='lat' dir='ltr'><strong>LXXIV,</strong></span> <span class='ocrx_word' id='word_1_547' title='bbox 1985 4205 2118 4259; x_wconf 86' lang='lat' dir='ltr'><strong>sedit</strong></span> 
     </span>
    </p>
   </div>
   <div class='ocr_carea' id='block_1_82' title="bbox 540 4295 2117 4368">
    <p class='ocr_par' dir='ltr' id='par_1_82' title="bbox 540 4295 2117 4368">
     <span class='ocr_line' id='line_1_82' title="bbox 540 4295 2117 4368; baseline -0.001 -16"><span class='ocrx_word' id='word_1_548' title='bbox 540 4314 740 4353; x_wconf 86' lang='lat' dir='ltr'><strong>attttutn</strong></span> <span class='ocrx_word' id='word_1_549' title='bbox 775 4314 960 4363; x_wconf 87' lang='lat' dir='ltr'><strong>unum,</strong></span> <span class='ocrx_word' id='word_1_550' title='bbox 989 4313 1191 4351; x_wconf 87' lang='lat' dir='ltr'><strong>menses</strong></span> <span class='ocrx_word' id='word_1_551' title='bbox 1232 4295 1341 4366; x_wconf 79' lang='lat' dir='ltr'><strong>fere</strong></span> <span class='ocrx_word' id='word_1_552' title='bbox 1368 4296 1563 4360; x_wconf 77' lang='lat' dir='ltr'><strong>decem,</strong></span> <span class='ocrx_word' id='word_1_553' title='bbox 1590 4295 1680 4368; x_wconf 75' lang='lat' dir='ltr'><strong>qui</strong></span> <span class='ocrx_word' id='word_1_554' title='bbox 1705 4296 1866 4350; x_wconf 85' lang='lat' dir='ltr'><strong>missa</strong></span> <span class='ocrx_word' id='word_1_555' title='bbox 1897 4296 2117 4365; x_wconf 80' lang='lat' dir='ltr'><strong>pecunia</strong></span> 
     </span>
    </p>
   </div>
   <div class='ocr_carea' id='block_1_83' title="bbox 540 4385 2119 4462">
    <p class='ocr_par' dir='ltr' id='par_1_83' title="bbox 540 4385 2119 4462">
     <span class='ocr_line' id='line_1_83' title="bbox 540 4385 2119 4462; baseline -0.004 -15"><span class='ocrx_word' id='word_1_556' title='bbox 540 4392 736 4448; x_wconf 86' lang='lat' dir='ltr'><strong>multos</strong></span> <span class='ocrx_word' id='word_1_557' title='bbox 765 4391 994 4462; x_wconf 79' lang='lat' dir='ltr'><strong>captivos</strong></span> <span class='ocrx_word' id='word_1_558' title='bbox 1022 4389 1077 4444; x_wconf 89' lang='lat' dir='ltr'><strong>in</strong></span> <span class='ocrx_word' id='word_1_559' title='bbox 1104 4385 1309 4442; x_wconf 78' lang='lat' dir='ltr'><strong>Histria</strong></span> <span class='ocrx_word' id='word_1_560' title='bbox 1339 4397 1386 4443; x_wconf 91' lang='lat' dir='ltr'><strong>et</strong></span> <span class='ocrx_word' id='word_1_561' title='bbox 1414 4386 1687 4443; x_wconf 80' lang='lat' dir='ltr'><strong>Dalmatia</strong></span> <span class='ocrx_word' id='word_1_562' title='bbox 1718 4404 1751 4442; x_wconf 89' lang='lat' dir='ltr'><strong>a</strong></span> <span class='ocrx_word' id='word_1_563' title='bbox 1774 4387 2010 4442; x_wconf 84' lang='lat' dir='ltr'><strong>barbaris</strong></span> <span class='ocrx_word' id='word_1_564' title='bbox 2038 4402 2119 4442; x_wconf 87' lang='lat' dir='ltr'><strong>re-</strong></span> 
     </span>
    </p>
   </div>
   <div class='ocr_carea' id='block_1_84' title="bbox 542 4483 726 4539">
    <p class='ocr_par' dir='ltr' id='par_1_84' title="bbox 542 4483 726 4539">
     <span class='ocr_line' id='line_1_84' title="bbox 542 4483 726 4539; baseline 0.005 -1"><span class='ocrx_word' id='word_1_565' title='bbox 542 4483 726 4539; x_wconf 80' lang='lat' dir='ltr'><strong>demit.</strong></span> 
     </span>
    </p>
   </div>
   <div class='ocr_carea' id='block_1_85' title="bbox 2296 4197 3448 4257">
    <p class='ocr_par' dir='ltr' id='par_1_85' title="bbox 2296 4197 3448 4257">
     <span class='ocr_line' id='line_1_85' title="bbox 2296 4197 3448 4257; baseline -0.003 0"><span class='ocrx_word' id='word_1_566' title='bbox 2296 4200 2421 4257; x_wconf 76' lang='grc'>644.</span> <span class='ocrx_word' id='word_1_567' title='bbox 2463 4198 2519 4255; x_wconf 88' lang='lat' dir='ltr'><strong>S.</strong></span> <span class='ocrx_word' id='word_1_568' title='bbox 2553 4197 2829 4253; x_wconf 83' lang='lat' dir='ltr'><strong>Paulinus.</strong></span> <span class='ocrx_word' id='word_1_569' title='bbox 2858 4238 2872 4253; x_wconf 94' lang='lat'><strong>.</strong></span> <span class='ocrx_word' id='word_1_570' title='bbox 2899 4238 2913 4253; x_wconf 97' lang='lat'><strong>.</strong></span> <span class='ocrx_word' id='word_1_571' title='bbox 2944 4209 3004 4253; x_wconf 78' lang='lat' dir='ltr'><strong>vt</strong></span> <span class='ocrx_word' id='word_1_572' title='bbox 3026 4199 3158 4254; x_wconf 87' lang='lat' dir='ltr'><strong>Idus</strong></span> <span class='ocrx_word' id='word_1_573' title='bbox 3182 4199 3448 4255; x_wconf 78' lang='lat' dir='ltr'><strong>Octobris.</strong></span> 
     </span>
    </p>
   </div>
   <div class='ocr_carea' id='block_1_86' title="bbox 2297 4289 3809 4364">
    <p class='ocr_par' dir='ltr' id='par_1_86' title="bbox 2297 4289 3809 4364">
     <span class='ocr_line' id='line_1_86' title="bbox 2297 4289 3809 4364; baseline 0 -16"><span class='ocrx_word' id='word_1_574' title='bbox 2297 4293 2403 4348; x_wconf 87' lang='grc'>645</span> <span class='ocrx_word' id='word_1_575' title='bbox 2444 4291 2561 4347; x_wconf 84' lang='lat' dir='ltr'><strong>Hoc</strong></span> <span class='ocrx_word' id='word_1_576' title='bbox 2607 4303 2835 4363; x_wconf 83' lang='lat' dir='ltr'><strong>tempore</strong></span> <span class='ocrx_word' id='word_1_577' title='bbox 2884 4289 3148 4364; x_wconf 78' lang='lat' dir='ltr'><strong>Pyrrhus.</strong></span> <span class='ocrx_word' id='word_1_578' title='bbox 3175 4330 3190 4347; x_wconf 91' lang='lat'><strong>.</strong></span> <span class='ocrx_word' id='word_1_579' title='bbox 3219 4332 3233 4347; x_wconf 95' lang='lat'><strong>.</strong></span> <span class='ocrx_word' id='word_1_580' title='bbox 3273 4294 3540 4364; x_wconf 81' lang='lat' dir='ltr'><strong>depositus</strong></span> <span class='ocrx_word' id='word_1_581' title='bbox 3583 4304 3631 4349; x_wconf 89' lang='lat' dir='ltr'><strong>et</strong></span> <span class='ocrx_word' id='word_1_582' title='bbox 3678 4311 3809 4348; x_wconf 81' lang='lat' dir='ltr'><strong>atta-</strong></span> 
     </span>
    </p>
   </div>
   <div class='ocr_carea' id='block_1_87' title="bbox 2227 4384 2722 4440">
    <p class='ocr_par' dir='ltr' id='par_1_87' title="bbox 2227 4384 2722 4440">
     <span class='ocr_line' id='line_1_87' title="bbox 2227 4384 2722 4440; baseline -0.002 -1"><span class='ocrx_word' id='word_1_583' title='bbox 2227 4384 2597 4440; x_wconf 72' lang='lat' dir='ltr'><strong>tltematt&#39;zatns</strong></span> <span class='ocrx_word' id='word_1_584' title='bbox 2628 4394 2722 4438; x_wconf 87' lang='lat' dir='ltr'><strong>est.</strong></span> 
     </span>
    </p>
   </div>
   <div class='ocr_carea' id='block_1_88' title="bbox 2150 4447 3805 4549">
    <p class='ocr_par' dir='ltr' id='par_1_88' title="bbox 2150 4447 3805 4549">
     <span class='ocr_line' id='line_1_88' title="bbox 2150 4447 3805 4549; baseline 0.003 -20"><span class='ocrx_word' id='word_1_585' title='bbox 2150 4447 2203 4508; x_wconf 68' lang='grc' dir='ltr'><strong>Β</strong></span> <span class='ocrx_word' id='word_1_586' title='bbox 2299 4474 2402 4529; x_wconf 84' lang='grc'><strong>646</strong></span> <span class='ocrx_word' id='word_1_587' title='bbox 2444 4473 2544 4529; x_wconf 86' lang='lat' dir='ltr'><strong>llis</strong></span> <span class='ocrx_word' id='word_1_588' title='bbox 2567 4474 2907 4546; x_wconf 77' lang='lat' dir='ltr'><strong>temporibus.</strong></span> <span class='ocrx_word' id='word_1_589' title='bbox 2934 4515 2948 4529; x_wconf 94' lang='lat'><strong>.</strong></span> <span class='ocrx_word' id='word_1_590' title='bbox 2971 4512 2986 4533; x_wconf 89' lang='lat'><strong>.</strong></span> <span class='ocrx_word' id='word_1_591' title='bbox 3015 4487 3063 4531; x_wconf 87' lang='lat' dir='ltr'><strong>et</strong></span> <span class='ocrx_word' id='word_1_592' title='bbox 3091 4477 3206 4549; x_wconf 84' lang='lat' dir='ltr'><strong>ipsa</strong></span> <span class='ocrx_word' id='word_1_593' title='bbox 3231 4477 3477 4549; x_wconf 83' lang='lat' dir='ltr'><strong>religiosa</strong></span> <span class='ocrx_word' id='word_1_594' title='bbox 3498 4476 3721 4549; x_wconf 63' lang='grc' dir='ltr'><strong>Δωρίδα.</strong></span> <span class='ocrx_word' id='word_1_595' title='bbox 3747 4515 3766 4534; x_wconf 89' lang='grc'><strong>.</strong></span> <span class='ocrx_word' id='word_1_596' title='bbox 3789 4498 3805 4534; x_wconf 77' lang='lat'><strong>.&#39;</strong></span> 
     </span>
    </p>
   </div>
   <div class='ocr_carea' id='block_1_89' title="bbox 615 4540 2442 4640">
    <p class='ocr_par' dir='ltr' id='par_1_89' title="bbox 615 4540 2442 4640">
     <span class='ocr_line' id='line_1_89' title="bbox 615 4540 2442 4640; baseline -0.005 -12"><span class='ocrx_word' id='word_1_597' title='bbox 615 4573 722 4628; x_wconf 86' lang='grc'>642</span> <span class='ocrx_word' id='word_1_598' title='bbox 764 4571 946 4627; x_wconf 66' lang='lat' dir='ltr'><strong>Romae</strong></span> <span class='ocrx_word' id='word_1_599' title='bbox 994 4540 1299 4625; x_wconf 57' lang='lat' dir='ltr'><strong>Theodorus</strong></span> <span class='ocrx_word' id='word_1_600' title='bbox 1346 4584 1484 4640; x_wconf 83' lang='lat' dir='ltr'><strong>papa</strong></span> <span class='ocrx_word' id='word_1_601' title='bbox 1533 4566 1738 4623; x_wconf 79' lang='lat' dir='ltr'><strong>LXXV</strong></span> <span class='ocrx_word' id='word_1_602' title='bbox 1781 4567 1912 4622; x_wconf 76' lang='lat' dir='ltr'><strong>sedit</strong></span> <span class='ocrx_word' id='word_1_603' title='bbox 1958 4582 2125 4622; x_wconf 87' lang='lat' dir='ltr'><strong>annos</strong></span> <span class='ocrx_word' id='word_1_604' title='bbox 2227 4566 2442 4638; x_wconf 78' lang='lat' dir='ltr'><strong>peperit.</strong></span> 
     </span>
    </p>
   </div>
   <div class='ocr_carea' id='block_1_90' title="bbox 543 4655 2126 4734">
    <p class='ocr_par' dir='ltr' id='par_1_90' title="bbox 543 4655 2126 4734">
     <span class='ocr_line' id='line_1_90' title="bbox 543 4655 2126 4734; baseline -0.007 -12"><span class='ocrx_word' id='word_1_605' title='bbox 543 4682 655 4731; x_wconf 77' lang='lat' dir='ltr'><strong>sex,</strong></span> <span class='ocrx_word' id='word_1_606' title='bbox 687 4680 888 4719; x_wconf 82' lang='lat' dir='ltr'><strong>menses</strong></span> <span class='ocrx_word' id='word_1_607' title='bbox 913 4663 1022 4734; x_wconf 77' lang='lat' dir='ltr'><strong>fere</strong></span> <span class='ocrx_word' id='word_1_608' title='bbox 1050 4676 1161 4716; x_wconf 73' lang='lat' dir='ltr'><strong>seat.</strong></span> <span class='ocrx_word' id='word_1_609' title='bbox 1197 4659 1299 4715; x_wconf 81' lang='lat' dir='ltr'><strong>Hic</strong></span> <span class='ocrx_word' id='word_1_610' title='bbox 1344 4675 1564 4729; x_wconf 86' lang='lat' dir='ltr'><strong>corpora</strong></span> <span class='ocrx_word' id='word_1_611' title='bbox 1610 4657 1714 4714; x_wconf 89' lang='lat' dir='ltr'><strong>SS.</strong></span> <span class='ocrx_word' id='word_1_612' title='bbox 1743 4656 1913 4712; x_wconf 85' lang='lat' dir='ltr'><strong>Primi</strong></span> <span class='ocrx_word' id='word_1_613' title='bbox 1937 4668 1984 4712; x_wconf 87' lang='lat' dir='ltr'><strong>et</strong></span> <span class='ocrx_word' id='word_1_614' title='bbox 2015 4655 2126 4712; x_wconf 83' lang='lat' dir='ltr'><strong>Fe-</strong></span> 
     </span>
    </p>
   </div>
   <div class='ocr_carea' id='block_1_91' title="bbox 545 4750 2125 4820">
    <p class='ocr_par' dir='ltr' id='par_1_91' title="bbox 545 4750 2125 4820">
     <span class='ocr_line' id='line_1_91' title="bbox 545 4750 2125 4820; baseline -0.003 -9"><span class='ocrx_word' id='word_1_615' title='bbox 545 4756 728 4813; x_wconf 77' lang='lat' dir='ltr'><strong>Iiciani</strong></span> <span class='ocrx_word' id='word_1_616' title='bbox 758 4755 966 4820; x_wconf 83' lang='lat' dir='ltr'><strong>leravit,</strong></span> <span class='ocrx_word' id='word_1_617' title='bbox 995 4763 1042 4808; x_wconf 85' lang='lat' dir='ltr'><strong>et</strong></span> <span class='ocrx_word' id='word_1_618' title='bbox 1073 4753 1345 4807; x_wconf 78' lang='lat' dir='ltr'><strong>hwreticos</strong></span> <span class='ocrx_word' id='word_1_619' title='bbox 1371 4752 1663 4806; x_wconf 80' lang='lat' dir='ltr'><strong>damnavit.</strong></span> <span class='ocrx_word' id='word_1_620' title='bbox 1709 4750 1777 4805; x_wconf 83' lang='lat' dir='ltr'><strong>In</strong></span> <span class='ocrx_word' id='word_1_621' title='bbox 1818 4750 2125 4819; x_wconf 83' lang='lat' dir='ltr'><strong>Britannia,</strong></span> 
     </span>
    </p>
   </div>
   <div class='ocr_carea' id='block_1_92' title="bbox 548 4841 2127 4916">
    <p class='ocr_par' dir='ltr' id='par_1_92' title="bbox 548 4841 2127 4916">
     <span class='ocr_line' id='line_1_92' title="bbox 548 4841 2127 4916; baseline -0.004 -11"><span class='ocrx_word' id='word_1_622' title='bbox 548 4848 827 4905; x_wconf 85' lang='lat' dir='ltr'><strong>Oswaldus</strong></span> <span class='ocrx_word' id='word_1_623' title='bbox 854 4862 947 4902; x_wconf 78' lang='lat' dir='ltr'><strong>rex</strong></span> <span class='ocrx_word' id='word_1_624' title='bbox 972 4844 1261 4916; x_wconf 81' lang='lat' dir='ltr'><strong>Anglorum</strong></span> <span class='ocrx_word' id='word_1_625' title='bbox 1286 4845 1576 4913; x_wconf 82' lang='lat' dir='ltr'><strong>piissimus,</strong></span> <span class='ocrx_word' id='word_1_626' title='bbox 1600 4854 1782 4899; x_wconf 81' lang='lat' dir='ltr'><strong>contra</strong></span> <span class='ocrx_word' id='word_1_627' title='bbox 1813 4841 2127 4899; x_wconf 80' lang='lat' dir='ltr'><strong>I’endanum</strong></span> 
     </span>
    </p>
   </div>
   <div class='ocr_carea' id='block_1_93' title="bbox 551 4936 1447 5012">
    <p class='ocr_par' dir='ltr' id='par_1_93' title="bbox 551 4936 1447 5012">
     <span class='ocr_line' id='line_1_93' title="bbox 551 4936 1447 5012; baseline -0.009 -17"><span class='ocrx_word' id='word_1_628' title='bbox 551 4957 719 5012; x_wconf 83' lang='lat' dir='ltr'><strong>regem</strong></span> <span class='ocrx_word' id='word_1_629' title='bbox 748 4953 1037 5011; x_wconf 82' lang='lat' dir='ltr'><strong>paganum,</strong></span> <span class='ocrx_word' id='word_1_630' title='bbox 1064 4943 1198 5001; x_wconf 90' lang='lat' dir='ltr'><strong>etc.,</strong></span> <span class='ocrx_word' id='word_1_631' title='bbox 1225 4943 1285 4990; x_wconf 85' lang='lat' dir='ltr'><strong>ut</strong></span> <span class='ocrx_word' id='word_1_632' title='bbox 1306 4936 1447 5005; x_wconf 82' lang='lat' dir='ltr'><strong>Aug.</strong></span> 
     </span>
    </p>
   </div>
   <div class='ocr_carea' id='block_1_94' title="bbox 2305 4655 3812 4728">
    <p class='ocr_par' dir='ltr' id='par_1_94' title="bbox 2305 4655 3812 4728">
     <span class='ocr_line' id='line_1_94' title="bbox 2305 4655 3812 4728; baseline 0.002 -16"><span class='ocrx_word' id='word_1_633' title='bbox 2305 4657 2409 4712; x_wconf 84' lang='grc'>647</span> <span class='ocrx_word' id='word_1_634' title='bbox 2451 4655 2552 4712; x_wconf 81' lang='lat' dir='ltr'><strong>His</strong></span> <span class='ocrx_word' id='word_1_635' title='bbox 2609 4658 2931 4728; x_wconf 81' lang='lat' dir='ltr'><strong>temporibus</strong></span> <span class='ocrx_word' id='word_1_636' title='bbox 2981 4674 3101 4713; x_wconf 85' lang='lat' dir='ltr'><strong>cum</strong></span> <span class='ocrx_word' id='word_1_637' title='bbox 3165 4658 3371 4714; x_wconf 86' lang='lat' dir='ltr'><strong>Pautns</strong></span> <span class='ocrx_word' id='word_1_638' title='bbox 3407 4700 3421 4714; x_wconf 94' lang='lat'><strong>.</strong></span> <span class='ocrx_word' id='word_1_639' title='bbox 3454 4696 3471 4713; x_wconf 93' lang='lat'><strong>.</strong></span> <span class='ocrx_word' id='word_1_640' title='bbox 3503 4697 3518 4713; x_wconf 91' lang='lat'><strong>.</strong></span> <span class='ocrx_word' id='word_1_641' title='bbox 3581 4660 3812 4715; x_wconf 81' lang='lat' dir='ltr'><strong>damna-</strong></span> 
     </span>
    </p>
   </div>
   <div class='ocr_carea' id='block_1_95' title="bbox 2229 4757 2449 4803">
    <p class='ocr_par' dir='ltr' id='par_1_95' title="bbox 2229 4757 2449 4803">
     <span class='ocr_line' id='line_1_95' title="bbox 2229 4757 2449 4803; baseline 0 -1"><span class='ocrx_word' id='word_1_642' title='bbox 2229 4757 2314 4803; x_wconf 86' lang='lat' dir='ltr'><strong>tus</strong></span> <span class='ocrx_word' id='word_1_643' title='bbox 2354 4757 2449 4802; x_wconf 86' lang='lat' dir='ltr'><strong>est.</strong></span> 
     </span>
    </p>
   </div>
   <div class='ocr_carea' id='block_1_96' title="bbox 2302 4838 3812 4913">
    <p class='ocr_par' dir='ltr' id='par_1_96' title="bbox 2302 4838 3812 4913">
     <span class='ocr_line' id='line_1_96' title="bbox 2302 4838 3812 4913; baseline 0.002 -20"><span class='ocrx_word' id='word_1_644' title='bbox 2302 4838 2405 4894; x_wconf 80' lang='grc'>648</span> <span class='ocrx_word' id='word_1_645' title='bbox 2446 4838 2693 4909; x_wconf 79' lang='lat' dir='ltr'><strong>Tempore</strong></span> <span class='ocrx_word' id='word_1_646' title='bbox 2735 4838 3035 4895; x_wconf 79' lang='lat' dir='ltr'><strong>Constantis</strong></span> <span class='ocrx_word' id='word_1_647' title='bbox 3064 4841 3201 4910; x_wconf 45' lang='lat' dir='ltr'><strong>:imp.</strong></span> <span class='ocrx_word' id='word_1_648' title='bbox 3233 4859 3358 4913; x_wconf 84' lang='lat' dir='ltr'><strong>gens</strong></span> <span class='ocrx_word' id='word_1_649' title='bbox 3392 4840 3812 4897; x_wconf 73' lang='lat' dir='ltr'><strong>Sarracenorum</strong></span> 
     </span>
    </p>
   </div>
   <div class='ocr_carea' id='block_1_97' title="bbox 2235 4930 3414 5002">
    <p class='ocr_par' dir='ltr' id='par_1_97' title="bbox 2235 4930 3414 5002">
     <span class='ocr_line' id='line_1_97' title="bbox 2235 4930 3414 5002; baseline 0.003 -18"><span class='ocrx_word' id='word_1_650' title='bbox 2235 4930 2596 4984; x_wconf 84' lang='lat' dir='ltr'><strong>crudelissima</strong></span> <span class='ocrx_word' id='word_1_651' title='bbox 2625 4930 2818 4985; x_wconf 78' lang='lat' dir='ltr'><strong>utullus</strong></span> <span class='ocrx_word' id='word_1_652' title='bbox 2852 4933 3146 5002; x_wconf 84' lang='lat' dir='ltr'><strong>provincias</strong></span> <span class='ocrx_word' id='word_1_653' title='bbox 3178 4933 3414 4989; x_wconf 79' lang='lat' dir='ltr'><strong>vastavit.</strong></span> 
     </span>
    </p>
   </div>
   <div class='ocr_carea' id='block_1_98' title="bbox 2080 5039 2314 5097">
    <p class='ocr_par' dir='ltr' id='par_1_98' title="bbox 2080 5039 2314 5097">
     <span class='ocr_line' id='line_1_98' title="bbox 2080 5039 2314 5097; baseline -0.013 0"><span class='ocrx_word' id='word_1_654' title='bbox 2080 5039 2314 5097; x_wconf 64' lang='lat' dir='ltr'><strong>NOTAE.</strong></span> 
     </span>
    </p>
   </div>
   <div class='ocr_carea' id='block_1_99' title="bbox 623 5135 1947 5283">
    <p class='ocr_par' dir='ltr' id='par_1_99' title="bbox 623 5135 1947 5283">
     <span class='ocr_line' id='line_1_99' title="bbox 630 5135 1947 5208; baseline -0.003 -14"><span class='ocrx_word' id='word_1_655' title='bbox 630 5138 775 5208; x_wconf 81' lang='grc'><strong>⁸208)</strong></span> <span class='ocrx_word' id='word_1_656' title='bbox 813 5138 1108 5194; x_wconf 86' lang='lat' dir='ltr'><strong>Ordinatus</strong></span> <span class='ocrx_word' id='word_1_657' title='bbox 1126 5144 1214 5193; x_wconf 86' lang='lat' dir='ltr'><strong>est</strong></span> <span class='ocrx_word' id='word_1_658' title='bbox 1238 5135 1474 5192; x_wconf 76' lang='lat' dir='ltr'><strong>Joannes</strong></span> <span class='ocrx_word' id='word_1_659' title='bbox 1496 5135 1565 5190; x_wconf 85' lang='grc'>24</span> <span class='ocrx_word' id='word_1_660' title='bbox 1590 5135 1717 5192; x_wconf 90' lang='lat' dir='ltr'><strong>Dec.</strong></span> <span class='ocrx_word' id='word_1_661' title='bbox 1745 5151 1798 5191; x_wconf 90' lang='lat' dir='ltr'><strong>a.</strong></span> <span class='ocrx_word' id='word_1_662' title='bbox 1822 5135 1947 5191; x_wconf 86' lang='grc'>640.</span> 
     </span>
     <span class='ocr_line' id='line_1_100' title="bbox 623 5161 1947 5283; baseline -0.002 -18"><span class='ocrx_word' id='word_1_663' title='bbox 623 5161 775 5283; x_wconf 53' lang='grc' dir='ltr'><strong>ὶ209)</strong></span> <span class='ocrx_word' id='word_1_664' title='bbox 813 5207 971 5283; x_wconf 54' lang='lat' dir='ltr'><strong>{usta</strong></span> <span class='ocrx_word' id='word_1_665' title='bbox 994 5207 1597 5283; x_wconf 55' lang='lat' dir='ltr'><strong>_seriem_e§archorua_t</strong></span> <span class='ocrx_word' id='word_1_666' title='bbox 1631 5209 1947 5263; x_wconf 72' lang='lat' dir='ltr'><strong>Ravennate</strong></span> 
     </span>
    </p>
   </div>
   <div class='ocr_carea' id='block_1_100' title="bbox 2305 5132 3810 5206">
    <p class='ocr_par' dir='ltr' id='par_1_100' title="bbox 2305 5132 3810 5206">
     <span class='ocr_line' id='line_1_101' title="bbox 2305 5132 3810 5206; baseline 0.007 -20"><span class='ocrx_word' id='word_1_667' title='bbox 2305 5132 2452 5203; x_wconf 84' lang='grc'><strong>(212)</strong></span> <span class='ocrx_word' id='word_1_668' title='bbox 2486 5133 2879 5206; x_wconf 73' lang='lat' dir='ltr'><strong>_Cognomento</strong></span> <span class='ocrx_word' id='word_1_669' title='bbox 2919 5135 3289 5203; x_wconf 80' lang='lat' dir='ltr'><strong>Heristallum,</strong></span> <span class='ocrx_word' id='word_1_670' title='bbox 3344 5136 3522 5193; x_wconf 88' lang='lat' dir='ltr'><strong>Caroli</strong></span> <span class='ocrx_word' id='word_1_671' title='bbox 3583 5138 3810 5197; x_wconf 80' lang='lat' dir='ltr'><strong>Martelli</strong></span> 
     </span>
    </p>
   </div>
   <div class='ocr_carea' id='block_1_101' title="bbox 647 5204 3811 5281">
    <p class='ocr_par' dir='ltr' id='par_1_101' title="bbox 647 5204 3811 5281">
     <span class='ocr_line' id='line_1_102' title="bbox 647 5204 3811 5281; baseline 0 -16"><span class='ocrx_word' id='word_1_672' title='bbox 647 5204 775 5281; x_wconf 84' lang='grc'><strong>209)</strong></span> <span class='ocrx_word' id='word_1_673' title='bbox 813 5207 971 5281; x_wconf 54' lang='lat' dir='ltr'><strong>intuta</strong></span> <span class='ocrx_word' id='word_1_674' title='bbox 994 5207 1597 5281; x_wconf 52' lang='lat' dir='ltr'><strong>_seriemegarchorum</strong></span> <span class='ocrx_word' id='word_1_675' title='bbox 1631 5207 2130 5281; x_wconf 70' lang='lat' dir='ltr'><strong>liavennatensium</strong></span> <span class='ocrx_word' id='word_1_676' title='bbox 2233 5215 2463 5281; x_wconf 60' lang='lat' dir='ltr'><strong>patrem.</strong></span> <span class='ocrx_word' id='word_1_677' title='bbox 2484 5204 2600 5281; x_wconf 72' lang='lat' dir='ltr'><strong>vid.</strong></span> <span class='ocrx_word' id='word_1_678' title='bbox 2628 5206 2750 5281; x_wconf 73' lang='lat' dir='ltr'><strong>Vita</strong></span> <span class='ocrx_word' id='word_1_679' title='bbox 2776 5207 2832 5281; x_wconf 83' lang='lat' dir='ltr'><strong>_S_.</strong></span> <span class='ocrx_word' id='word_1_680' title='bbox 2853 5205 3158 5281; x_wconf 80' lang='lat' dir='ltr'><strong>Gertrudis,</strong></span> <span class='ocrx_word' id='word_1_681' title='bbox 3177 5224 3302 5281; x_wconf 59' lang='lat' dir='ltr'><strong>smc.</strong></span> <span class='ocrx_word' id='word_1_682' title='bbox 3323 5224 3362 5281; x_wconf 85' lang='lat' dir='ltr'><strong>_n</strong></span> <span class='ocrx_word' id='word_1_683' title='bbox 3379 5207 3579 5264; x_wconf 87' lang='lat' dir='ltr'><strong>Bened.</strong></span> <span class='ocrx_word' id='word_1_684' title='bbox 3606 5227 3661 5281; x_wconf 93' lang='lat' dir='ltr'><strong>p.</strong></span> <span class='ocrx_word' id='word_1_685' title='bbox 3687 5210 3811 5277; x_wconf 81' lang='grc'>462,</span> 
     </span>
    </p>
   </div>
   <div class='ocr_carea' id='block_1_102' title="bbox 555 5272 3811 5350">
    <p class='ocr_par' dir='ltr' id='par_1_102' title="bbox 555 5272 3811 5350">
     <span class='ocr_line' id='line_1_103' title="bbox 555 5272 3811 5350; baseline 0.001 -16"><span class='ocrx_word' id='word_1_686' title='bbox 555 5272 708 5337; x_wconf 69' lang='grc' dir='ltr'><strong>Ιδειάο</strong></span> <span class='ocrx_word' id='word_1_687' title='bbox 733 5272 784 5334; x_wconf 78' lang='lat' dir='ltr'><strong>a.</strong></span> <span class='ocrx_word' id='word_1_688' title='bbox 816 5278 920 5334; x_wconf 74' lang='grc'>658</span> <span class='ocrx_word' id='word_1_689' title='bbox 960 5278 1113 5350; x_wconf 69' lang='lat' dir='ltr'><strong>obiit,</strong></span> <span class='ocrx_word' id='word_1_690' title='bbox 1141 5278 1227 5350; x_wconf 78' lang='lat' dir='ltr'><strong>_cui</strong></span> <span class='ocrx_word' id='word_1_691' title='bbox 1274 5276 1731 5350; x_wconf 32' lang='lat' dir='ltr'><strong>Platousuﬁ&#39;ectus</strong></span> <span class='ocrx_word' id='word_1_692' title='bbox 1757 5287 1878 5350; x_wconf 90' lang='lat' dir='ltr'><strong>_est,</strong></span> <span class='ocrx_word' id='word_1_693' title='bbox 1917 5286 1974 5331; x_wconf 89' lang='lat' dir='ltr'><strong>et</strong></span> <span class='ocrx_word' id='word_1_694' title='bbox 1992 5277 2132 5350; x_wconf 75' lang='lat' dir='ltr'><strong>huic</strong></span> <span class='ocrx_word' id='word_1_695' title='bbox 2232 5272 2288 5350; x_wconf 63' lang='grc' dir='ltr'><strong>ξι</strong></span> <span class='ocrx_word' id='word_1_696' title='bbox 2325 5272 2593 5341; x_wconf 86' lang='lat' dir='ltr'><strong>Bolland.,</strong></span> <span class='ocrx_word' id='word_1_697' title='bbox 2621 5284 2659 5331; x_wconf 91' lang='lat' dir='ltr'><strong>t.</strong></span> <span class='ocrx_word' id='word_1_698' title='bbox 2682 5276 2748 5344; x_wconf 91' lang='lat' dir='ltr'><strong>ll,</strong></span> <span class='ocrx_word' id='word_1_699' title='bbox 2774 5276 2935 5332; x_wconf 83' lang='lat' dir='ltr'><strong>Mart.</strong></span> <span class='ocrx_word' id='word_1_700' title='bbox 2962 5278 3049 5333; x_wconf 90' lang='lat' dir='ltr'><strong>die</strong></span> <span class='ocrx_word' id='word_1_701' title='bbox 3077 5272 3183 5345; x_wconf 33' lang='lat'><strong>17&#39;;</strong></span> <span class='ocrx_word' id='word_1_702' title='bbox 3215 5279 3275 5334; x_wconf 87' lang='lat' dir='ltr'><strong>S.</strong></span> <span class='ocrx_word' id='word_1_703' title='bbox 3321 5278 3497 5350; x_wconf 84' lang='lat' dir='ltr'><strong>Bcgga</strong></span> <span class='ocrx_word' id='word_1_704' title='bbox 3525 5272 3725 5336; x_wconf 74' lang='lat' dir='ltr'><strong>colitur</strong></span> <span class='ocrx_word' id='word_1_705' title='bbox 3750 5272 3811 5337; x_wconf 69' lang='grc'><strong>17</strong></span> 
     </span>
    </p>
   </div>
   <div class='ocr_carea' id='block_1_103' title="bbox 557 5342 2308 5418">
    <p class='ocr_par' dir='ltr' id='par_1_103' title="bbox 557 5342 2308 5418">
     <span class='ocr_line' id='line_1_104' title="bbox 557 5342 2308 5418; baseline -0.005 -12"><span class='ocrx_word' id='word_1_706' title='bbox 557 5353 623 5406; x_wconf 88' lang='lat' dir='ltr'><strong>ad</strong></span> <span class='ocrx_word' id='word_1_707' title='bbox 668 5366 759 5405; x_wconf 88' lang='lat' dir='ltr'><strong>an.</strong></span> <span class='ocrx_word' id='word_1_708' title='bbox 811 5350 916 5405; x_wconf 72' lang='lat' dir='ltr'><strong>6i8</strong></span> <span class='ocrx_word' id='word_1_709' title='bbox 970 5347 1289 5405; x_wconf 81' lang='lat' dir='ltr'><strong>Theodorus</strong></span> <span class='ocrx_word' id='word_1_710' title='bbox 1341 5346 1624 5418; x_wconf 78' lang='lat' dir='ltr'><strong>Calliope,</strong></span> <span class='ocrx_word' id='word_1_711' title='bbox 1679 5348 1772 5418; x_wconf 91' lang='lat' dir='ltr'><strong>qui</strong></span> <span class='ocrx_word' id='word_1_712' title='bbox 1816 5342 1941 5401; x_wconf 79' lang='lat' dir='ltr'><strong>mox</strong></span> <span class='ocrx_word' id='word_1_713' title='bbox 1990 5344 2131 5400; x_wconf 88' lang='lat' dir='ltr'><strong>infra</strong></span> <span class='ocrx_word' id='word_1_714' title='bbox 2233 5342 2308 5415; x_wconf 65' lang='lat' dir='ltr'><strong>Dc</strong></span> 
     </span>
    </p>
   </div>
   <div class='ocr_carea' id='block_1_104' title="bbox 559 5422 772 5477">
    <p class='ocr_par' dir='ltr' id='par_1_104' title="bbox 559 5422 772 5477">
     <span class='ocr_line' id='line_1_105' title="bbox 559 5422 772 5477; baseline -0.014 0"><span class='ocrx_word' id='word_1_715' title='bbox 559 5422 772 5477; x_wconf 86' lang='lat' dir='ltr'><strong>redibit.</strong></span> 
     </span>
    </p>
   </div>
   <div class='ocr_carea' id='block_1_105' title="bbox 634 5483 2103 5508">
    <p class='ocr_par' dir='ltr' id='par_1_105' title="bbox 634 5483 2103 5508">
     <span class='ocr_line' id='line_1_106' title="bbox 634 5483 2103 5508; baseline 0 0"><span class='ocrx_word' id='word_1_716' title='bbox 634 5490 776 5508; x_wconf 63' lang='grc' dir='ltr'><strong>’.ειιηι</strong></span> <span class='ocrx_word' id='word_1_717' title='bbox 838 5486 1059 5508; x_wconf 60' lang='grc' dir='ltr'><strong>ιι-θ19--ι</strong></span> <span class='ocrx_word' id='word_1_718' title='bbox 1122 5483 1415 5508; x_wconf 62' lang='grc' dir='ltr'><strong>.--Λ-..-2-</strong></span> <span class='ocrx_word' id='word_1_719' title='bbox 1502 5497 1657 5508; x_wconf 74' lang='lat'><strong>_-.-_</strong></span> <span class='ocrx_word' id='word_1_720' title='bbox 1706 5484 1740 5508; x_wconf 69' lang='grc' dir='ltr'><strong>Ω</strong></span> <span class='ocrx_word' id='word_1_721' title='bbox 1816 5483 2103 5508; x_wconf 65' lang='grc' dir='ltr'><strong>Π-..ι....,ἓξ,.</strong></span> 
     </span>
    </p>
   </div>
   <div class='ocr_carea' id='block_1_106' title="bbox 2233 5359 3816 5508">
    <p class='ocr_par' dir='ltr' id='par_1_106' title="bbox 2233 5359 3816 5508">
     <span class='ocr_line' id='line_1_107' title="bbox 2233 5359 3816 5508; baseline 0.005 -42"><span class='ocrx_word' id='word_1_722' title='bbox 2233 5359 3006 5508; x_wconf 72' lang='lat' dir='ltr'><strong>nonnisi</strong></span> <span class='ocrx_word' id='word_1_723' title='bbox 3033 5433 3085 5472; x_wconf 90' lang='lat' dir='ltr'><strong>a.</strong></span> <span class='ocrx_word' id='word_1_724' title='bbox 3109 5417 3395 5508; x_wconf 41' lang='lat' dir='ltr'><strong>6521mm,</strong></span> <span class='ocrx_word' id='word_1_725' title='bbox 3424 5418 3679 5503; x_wconf 75' lang='lat' dir='ltr'><strong>ﬁliusque</strong></span> <span class='ocrx_word' id='word_1_726' title='bbox 3698 5420 3816 5490; x_wconf 84' lang='lat' dir='ltr'><strong>eius</strong></span> 
     </span>
    </p>
   </div>
  </div>
