4062 5508
275 418 363 475 ιιι
1458 414 1871 473 CIIBONCON.
1914 445 1984 458 —
2023 417 2195 474 85C.
2241 415 2350 470 \'|I.

3417 424 3522 482 tta
3563 400 3568 404 ’

1605 526 1847 583 .CODEX
1887 525 2277 583 AUGIENSIS.

265 641 373 698 que
429 623 865 697 Hierosolymam
884 664 898 688 ,

268 717 778 774 xandriam-urbem
807 724 865 770 et
891 729 1142 784 magnam
1198 712 1397 766 Africae
1443 719 1651 781 partem
1687 712 1852 767 alias-

247 792 368 878 'que
396 807 580 877 plures
611 806 920 875 provincias
975 804 1206 858 Romani
1241 802 1453 872 imperii
1483 803 1716 858 vastavit
1766 812 1852 857 at-

262 915 368 968 que
395 898 647 966 diripuit.
703 895 867 950 Frcd.
897 897 1010 951 chr.
1044 914 1097 949 a.
1141 895 1264 950 659.

329 991 440 1045 6-59
478 991 668 1046 Romae
707 989 975 1044 Martinus
1000 1005 1134 1059 papa
1165 987 1379 1044 LXXVI
1420 988 1560 1042 sedit
1587 990 1743 1042 annis
1776 1005 1848 1053 vi,

262 1083 546 1138 mensibus
571 1081 690 1137 fere
719 1097 778 1136 ll.
829 1081 946 1148 Quo
979 1091 1218 1150 tempore
1246 1079 1444 1133 Paulus
1475 1078 1856 1134 Constantino-

261 1177 560 1246 politanus,
609 1175 728 1244 ipso
778 1175 1105 1242 imperatore
1137 1173 1437 1227 Constante
1475 1172 1719 1235 seducto,
1771 1171 1852 1226 lc-

259 1277 415 1336 gratos
441 1267 757 1336 apostolica:
782 1265 926 1319 sedis
955 1279 1014 1318 se
1055 1279 1151 1332 pro
1192 1263 1380 1318 haeresi
1418 1274 1707 1333 arguentes
1729 1279 1852 1316 car-

259 1357 502 1420 ceribus,
527 1355 734 1410 exsiliis
763 1364 814 1409 et
849 1353 1080 1408 diversis
1109 1352 1285 1406 modis
1309 1350 1516 1414 alliixit,
1543 1351 1856 1406 catholicis-

259 1461 388 1516 q-ue,
419 1446 730 1514 ubicunth
757 1444 949 1514 potuit,
982 1459 1089 1498 non
1119 1441 1386 1497 modicam
1417 1442 1855 1513 persecutionem

260 1536 581 1590 concitavit.
609 1535 796 1588 Anast.

325 1628 441 1683 650
480 1627 750 1682 Martinus
787 1641 924 1697 papa
981 1624 1277 1680 indictione
1317 1641 1372 1679 Ix
1401 1624 1549 1695 (215)
1584 1623 1850 1695 synodum

261 1721 449 1776 Romae
477 1737 543 1776 cv
567 1721 947 1791 episcoporum
977 1719 1200 1790 colligit,
1240 1718 1292 1772 in
1334 1734 1438 1787 qua
1468 1717 1692 1788 Cyrum,
1720 1717 1854 1772 Ser-

263 1813 435 1878 gium,
497 1811 792 1883 Pyrrhum,
840 1810 1065 1864 Paulum
1108 1824 1232 1865 cum
1280 1809 1610 1879 sequacibus
1653 1810 1857 1866 erroris

263 1902 613 1956 condemnat.
651 1901 782 1956 Bcd.
809 1917 864 1954 a.
898 1901 1022 1955 649.

979 630 1265 692 utramque
1328 619 1622 692 Egyptum
1647 662 1662 687 ,
1721 620 1851 676 Ale-
1877 631 1926 689 Α
1958 622 2024 676 ad
2067 622 2169 678 ltoc
2204 622 2391 679 misso.
2453 621 2637 676 Bonae
2667 621 2721 678 in
2770 622 2994 678 basilica
3051 623 3368 691 Salvatoris,
3413 643 3535 697 quas

1953 711 2396 766 Constantiniana
2418 712 2634 773 dicitur,
2650 714 3074 782 comprehensus
3089 726 3142 770 et
3156 715 3538 772 Constantino.

1954 801 2115 871 polim
2141 801 2424 863 adductus,
2457 817 2576 854 cum
2603 801 2743 856 ﬂecti
2778 803 3085 859 nullatenus
3115 815 3318 875 posset,
3343 806 3535 862 exsilio

1954 894 2007 947 itt
2047 892 2378 948 Cbcrsonam
2431 894 2718 950 damnatus
2761 904 2864 950 est.
2908 895 3036 950 Bed.
3081 899 3192 951 chr.
3238 902 3424 954 Anast.
3458 902 3530 955 al.
3567 899 3576 908 '

1952 1003 2006 1038 a.
2047 984 2172 1039 653.

2024 1076 2129 1132 655
2168 1076 2428 1132 Martinus
2456 1093 2590 1148 papa
2626 1078 2677 1132 in
2720 1080 2911 1134 exsilio
2961 1080 3215 1152 migravit
3255 1082 3322 1137 ad
3357 1083 3540 1138 Domi-

1955 1184 2106 1233 num,
2138 1168 2316 1238 ibique
2341 1169 2580 1238 sepultus
2602 1170 2785 1224 multis
2806 1180 2989 1240 postea
3013 1171 3290 1228 miraculis
3312 1173 3536 1234 claruit:

1954 1277 2052 1332 pro
2073 1276 2181 1328 quo
2232 1262 2415 1316 Itonia:
2468 1261 2746 1332 Eugt‘nitts
2796 1279 2929 1333 papa
2984 1263 3218 1320 LXXVII
3258 1266 3542 1322 ordinatus

1956 1350 2103 1418 (2|?)
2135 1351 2274 1404 sedit
2303 1351 2461 1406 annis
2488 1368 2549 1416 tt,
2575 1354 2852 1407 meusilms
2879 1353 2989 1407 fere
3012 1371 3067 1418 ιι,
3090 1357 3175 1409 vir
3199 1356 3464 1427 benignus
3485 1367 3544 1412 et

1956 1439 2105 1492 mitis
2130 1448 2185 1492 ct
2221 1439 2364 1508 pius.
2415 1440 2600 1494 Anast.
2640 1470 2709 1480 -—-
2746 1441 2799 1493 lu
2838 1441 3114 1496 Britannia
3171 1443 3390 1497 Pendan
3442 1459 3542 1499 rex

1956 1527 2278 1582 Merciorum
2331 1545 2574 1598 paganus
2612 1529 2680 1583 ab
2729 1530 2872 1584 Οεψί
2913 1545 3038 1600 rege
3083 1533 3260 1586 sancti
3304 1530 3540 1586 Oswaldi

1955 1621 2124 1675 fratre
2187 1637 2361 1690 pugna
2421 1621 2596 1676 victus
2652 1622 2880 1686 interiit,
2929 1633 2983 1677 et
3021 1639 3153 1692 gens
3213 1623 3542 1679 Merciorum

1955 1710 2155 1764 Clit-isti
2188 1711 2344 1764 Iidem
2376 1713 2604 1780 accepit.
2641 1711 2810 1776 Beda.
2839 1713 2962 1768 hist.
2995 1714 3151 1784 Angl.

2030 1806 2181 1876 101
2213 1805 2317 1860 656
2356 1806 2550 1861 Petrus
2575 1806 3230 1877 Constantinopolitanus,
3265 1824 3420 1879 quasn
3449 1826 3541 1865 sa-
3611 1843 3616 1848 -

1956 1895 2235 1951 tisl'aciens
2279 1913 2377 1966 pro
2421 1897 2525 1951 ﬁde
2572 1914 2696 1961 sua,
2751 1898 2894 1953 misit
2941 1897 3165 1953 Romam
3221 1901 3540 1972 synodicatn

328 1992 433 2046 651
477 1991 535 2046 In
567 1991 845 2046 Britannia
873 1991 1017 2046 Oswi
1048 2006 1141 2045 rex
1177 1990 1297 2058 pius
1323 1990 1390 2044 ab
1421 1989 1567 2046 Oswi
1596 2005 1725 2058 rege
1753 2005 1850 2060 pu-
1882 1988 1927 2046 B
1957 1988 2238 2058 epistolam
2273 1987 2427 2043 valde
2464 1988 2749 2044 obscuram
2790 2001 2844 2043 et
2864 1990 3117 2054 dubiam,
3155 1994 3250 2046 sed
3279 2009 3308 2045 a
3339 1993 3541 2048 donum

261 2096 366 2150 gn:
393 2080 636 2148 fugatus,
681 2081 748 2134 atl
774 2081 1066 2151 quetndam
1103 2081 1261 2150 100
1293 2097 1534 2146 suorum,
1572 2082 1656 2135 cui
1689 2081 1850 2136 ﬁdem

264 2170 521 2236 habebat,
555 2171 725 2234 venit,
750 2185 784 2224 a
813 2186 920 2240 quo
937 2172 1129 2226 statim
1155 2173 1424 2240 proditus,
1452 2172 1520 2226 ab
1549 2170 1694 2228 Oswi
1729 2185 1852 2242 rege

262 2273 496 2334 cegnato
520 2262 756 2318 interﬁci
784 2263 967 2332 jussus
995 2273 1097 2320 cst.
1132 2264 1250 2334 Ipso
1281 2280 1426 2319 anno
1457 2265 1649 2321 beatus
1687 2265 1852 2318 Aida-

264 2369 365 2408 nns
389 2353 703 2425 Scotigcna,
733 2356 1017 2425 episcopus
1036 2364 1091 2410 et
1111 2356 1306 2411 doctor
1325 2356 1638 2426 Anglorum,
1665 2373 1702 2410 ιι
1729 2355 1849 2411 Kal.

265 2444 543 2513 Septemb.
561 2446 816 2500 decessit.
844 2445 1006 2508 Beda,
1032 2448 1156 2500 hist.
1183 2447 1488 2518 Angl.——ln
1509 2447 1682 2513 Italia,
1709 2463 1852 2502 mor-

267 2543 354 2587 tuo
383 2533 663 2590 Boloaldo
689 2552 814 2606 rege
839 2537 1320 2608 Lougobartlorum
1337 2579 1350 2604 ,
1387 2539 1702 2594 llaribcrtus
1727 2538 1850 2610 [al.,

265 2626 595 2698 Aripertusl,
633 2629 772 2684 [ilius
803 2628 1106 2684 Gundoaldi
1141 2630 1323 2684 fratris
1362 2630 1742 2686 Tbeodelindte
1771 2646 1854 2684 re-

265 2717 419 2788 gina},
451 2719 702 2790 regnarit
729 2721 886 2774 annis
914 2736 988 2774 ts.
1020 2719 1172 2775 Paul.
1203 2720 1380 2786 Diac.,
1406 2721 1480 2774 at.
1505 2739 1558 2776 a.
1583 2721 1706 2776 65.5.

331 2808 438 2862 652
463 2810 575 2864 lloc
607 2819 848 2879 tempore
874 2811 1153 2882 Olympius
1181 2813 1470 2877 esarcbus,
1501 2828 1532 2866 a
1559 2812 1854 2869 Constante

268 2899 597 2968 imperatore
628 2903 681 2955 itt
716 2901 922 2956 Ital-iatn
958 2902 1178 2968 missus,
1207 2918 1331 2956 cum
1368 2903 1624 2957 domuum
1659 2919 1851 2975 papam

264 3001 318 3046 et
349 3003 578 3048 caeteros
606 2993 657 3046 itt
688 2993 791 3048 title
819 2993 1082 3050 catholica
1108 2995 1391 3049 unanimes
1422 2995 1718 3064 depravare
1747 2996 1855 3051 cis-

263 3097 365 3152 que
395 3098 598 3139 nocere
627 3100 733 3138 non
767 3095 970 3154 posset,
1003 3084 1309 3156 frustraque
1344 3087 1442 3156 ipsi
1471 3103 1624 3158 papa:
1655 3090 1850 3143 divini-

265 3183 348 3229 tus
370 3185 616 3244 protecto
639 3176 866 3230 insidias
889 3178 1211 3246 paravisset,
1235 3194 1358 3232 cum
1380 3194 1444 3234 eo
1471 3180 1685 3233 tandem
1705 3181 1853 3251 paci-

265 3263 478 3326 ticatus,
518 3265 752 3322 collecto
780 3268 1022 3322 exercitu
1051 3267 1292 3324 Siciliam
1323 3277 1510 3322 contra
1550 3268 1852 3326 Saracenos

265 3357 596 3425 ingreditur;
625 3358 737 3423 ubi,
773 3359 917 3413 victo
947 3375 1194 3430 caesoque
1218 3361 1286 3416 ab
1311 3361 1442 3431 ipsis
1471 3362 1716 3416 exercitu
1740 3362 1852 3417 Ro-
1879 3343 1924 3406 Ο

265 3462 447 3512 ιιιειιω,
483 3450 642 3506 tatdio
687 3451 986 3522 morboque
1029 3451 1311 3508 confectus
1361 3453 1610 3507 moritur.
1661 3454 1849 3509 Auast.

264 3537 424 3595 Paul.
455 3540 608 3597 Diae.

330 3633 436 3688 655
476 3634 532 3687 In
562 3634 841 3691 Britannia
871 3617 1138 3692 Honorius
1167 3637 1458 3708 Anglorum
1481 3639 1850 3709 archiepisco-

263 3739 358 3793 pus
387 3727 546 3793 obiit,
576 3743 674 3797 pro
698 3744 808 3800 quo
839 3729 1126 3787 Deusdedit
1149 3731 1308 3786 annis
1333 3745 1368 3784 ι
1408 3730 1642 3801 prefuit.
1673 3729 1842 3786 Beda.

264 3818 381 3868 hist.
412 3816 570 3886 Angl.

327 3908 434 3962 654
467 3909 527 3963 Ιιι
551 3908 828 3966 Britannia
853 3913 1216 3970 mediterrone
1242 3913 1394 3987 (2l6)
1417 3914 1574 3986 Angli
1599 3915 1666 3969 ad
1691 3916 1848 3971 iidem

265 3997 462 4055 Christi
495 4005 746 4058 conversi
791 4015 938 4061 sunt.
977 4007 1175 4063 Beatus
1220 4024 1355 4079 papa
1405 4009 1668 4064 Martinus
1693 4009 1849 4078 jussu

265 4084 576 4146 Constantis
602 4091 842 4148 haeretici
876 4095 1220 4166 in'tperatoris
1246 4114 1276 4152 a
1300 4097 1586 4153 Theodoro
1614 4100 1852 4154 esarelto

1955 2098 2089 2154 papa
2112 2091 2169 2137 et
2192 2081 2434 2137 Ecclesia
2457 2081 2700 2136 Romana
2731 2097 2836 2136 non
2860 2091 2939 2136 est
2970 2091 3216 2152 accepta.
3244 2085 3432 2137 Anast.

2024 2174 2128 2230 657
2168 2175 2354 2230 Romae
2394 2174 2639 2244 Eugenio
2683 2189 2818 2244 papa
2860 2173 3114 2231 defuncto
3151 2176 3389 2232 cessavit
3430 2178 3546 2248 cpi-

1955 2276 2209 2336 scopatus
2231 2267 2509 2322 mensibus
2529 2283 2594 2321 ιι.
2620 2267 2804 2320 Anast.

2023 2358 2130 2414 658
2168 2357 2354 2412 Romae
2381 2357 2682 2412 Vitalianus
2725 2373 2858 2427 papa
2896 2356 3152 2412 LXXVIII
3199 2357 3341 2413 sedit
3387 2358 3562 2414 armis~

1955 2463 2068 2513 xiv,
2096 2448 2373 2503 mensibus
2400 2464 2483 2513 vi;
2513 2449 2628 2518 qui,
2661 2449 2859 2504 litteris
2891 2463 2958 2502 ex
2984 2464 3134 2503 more
3160 2447 3562 2504 Constantino;

1956 2541 2118 2611 poliat
2142 2541 2324 2596 missis
2364 2541 2416 2596 in
2453 2542 2579 2596 sede
2606 2540 2976 2602 confirmatus,
3009 2541 3308 2596 Ecclesiam
3338 2541 3542 2597 Roma-

1956 2647 2081 2685 nam
2114 2632 2402 2702 iusigniter
2425 2633 2587 2688 rexit.
2619 2634 2802 2687 Anust.
2837 2651 2890 2685 ιι.
2917 2631 3041 2687 657.

2025 2732 2130 2788 659
2167 2733 2224 2786 In
2257 2733 2534 2787 Britannia
2588 2733 2844 2789 Vulflterc
2891 2732 3012 2805 [al.,
3043 2732 3352 2807 Wolplter],
3402 2735 3545 2790 ﬁlius

1955 2825 2218 2890 Pendani,
2243 2842 2336 2880 rex
2363 2825 2685 2880 Merciorum
2715 2825 2937 2880 ell'ectus
2958 2829 3203 2897 regnavit
3229 2829 3387 2882 annis
3411 2843 3542 2884 svu.

1955 2917 2367 2982 Constantinus,
2420 2918 2511 2988 qui
2559 2928 2614 2972 et
2657 2917 2925 2972 Constans
2981 2919 3298 2988 imperator,
3350 2913 3561 2974 sancto

1954 3007 2116 3062 Petro
2139 3009 2356 3061 donaria
2385 3008 2620 3076 pretiosa
2646 3007 2871 3060 Romam
2908 3008 3073 3062 misit.
3104 3008 3287 3061 Anast.

2027 3098 2132 3152 660
2170 3098 2224 3151 In
2258 3097 2436 3164 Italia,
2464 3098 2718 3151 defuncto
2751 3097 3036 3153 Itoriberto
3076 3115 3200 3170 rege
3231 3100 3561 3168 Longobar-t

1955 3191 2170 3255 dorum,
2215 3190 2321 3244 duo
2357 3189 2450 3243 lilii
2481 3189 2600 3259 ejus
2623 3189 2966 3244 Godabertus
3006 3199 3060 3244 et
3104 3189 3418 3246 Pertltariclt
3460 3199 3561 3247 re-'

1956 3297 2120 3348 guunt
2171 3281 2312 3334 inter
2361 3294 2418 3334 se
2462 3279 2805 3345 dividebant;
2857 3277 3198 3335 Godabertus
3246 3280 3443 3345 Ticini,
3489 3292 3546 3336 et

1958 3369 2276 3424 Pertltariclt
2308 3367 2587 3423 Mediolani
2638 3384 2865 3440 regnum
2919 3377 3238 3426 statuentes.
3282 3369 3388 3425 Sed
3435 3387 3542 3426 non

1959 3461 2127 3516 multo
2164 3469 2306 3531 post,
2352 3460 2587 3515 factione
2632 3475 2922 3530 pravorum
2957 3461 3083 3515 odio
3127 3461 3345 3517 infando
3382 3462 3554 3516 alter»

1957 3562 2137 3605 utrum
2171 3567 2340 3624 regno
2367 3552 2568 3620 pellere
2605 3553 2912 3623 cupientes,
2953 3554 3311 3618 dissentiunt;
3352 3563 3406 3607 et
3437 3553 3544 3608 Gn-

1955 3644 2212 3698 dabertus
2254 3643 2417 3698 misso
2455 3641 2740 3697 Gunbaldo
2782 3642 2922 3697 duce
2959 3643 3106 3714 (2l8)
3155 3644 3539 3713 perlidissitno,

1955 3733 2325 3789 Grimoaldum
2377 3736 2551 3788 virum
2601 3743 2899 3795 strenuum,
2954 3735 3046 3805 qui
3088 3735 3200 3805 jam
3246 3752 3348 3789 xxv
3381 3736 3541 3789 antiis

1955 3825 2059 3878 dux
2087 3823 2381 3880 Beneventi
2413 3833 2548 3888 erat,
2577 3824 2780 3878 auxilio
2806 3824 2905 3879 sibi
2936 3835 3127 3878 contra
3157 3826 3376 3879 fratrem
3405 3828 3546 3879 asei.

1956 3915 2062 3980 vit;
2107 3915 2199 3984 qui
2247 3914 2315 3969 ab
2357 3916 2472 3984 ipso
2517 3914 2800 3970 Cunbaldo
2849 3917 3138 3987 instigatus
3175 3917 3558 3972 Codabertum'

1955 4008 2179 4071 occidit,
2213 4017 2269 4063 et
2297 4008 2617 4063 Pertbariclt
2656 4009 2772 4078 ipso
2817 4017 3022 4064 terrore
3060 4008 3273 4081 fugatus
3299 4013 3367 4065 ad
3395 4009 3552 4064 lIun-'

1956 4111 2055 4152 nos
2089 4097 2315 4152 secessit
2344 4105 2468 4168 post
2503 4112 2669 4151 unum
2711 4113 2911 4156 annum
2956 4109 3011 4154 et
3049 4115 3108 4158 tu
3140 4115 3354 4159 menses
3391 4104 3540 4172 regni

1255 4253 1704 4311 COMPENDIUM
1740 4254 1834 4309 EX
1865 4253 2115 4312 CODICE
2155 4253 2523 4311 BERNOLDI.

330 4359 436 4414 6I9
478 4358 662 4416 Roma:
696 4362 964 4420 Martinus
1017 4381 1153 4435 papa
1186 4403 1202 4420 .
1238 4405 1253 4420 .
1287 4405 1301 4420 .
1349 4385 1445 4435 pro
1493 4368 1681 4423 hwresi
1730 4385 1847 4421 eum

264 4460 533 4519 arguentes
571 4453 869 4507 carceribus
907 4465 952 4508 et
991 4456 1188 4510 exsiliis
1233 4456 1436 4527 afﬂixit,
1470 4468 1517 4511 et
1547 4457 1846 4522 catholicis,

265 4539 552 4605 ubicunque
577 4543 765 4610 potuit,
798 4546 1207 4612 persecutionem
1235 4546 1499 4600 excitavit.

329 4628 434 4682 650
474 4629 741 4686 Martinus
764 4674 778 4688 .
808 4673 825 4688 .
857 4673 872 4688 .
902 4635 1132 4707 collegit,
1183 4638 1237 4690 in
1277 4654 1383 4708 qua
1407 4675 1422 4691 .
1457 4675 1474 4691 .
1507 4678 1520 4693 .
1554 4639 1845 4694 damnavit.

332 4723 426 4776 651
474 4719 670 4780 Beatus
696 4728 939 4783 Aidanus
968 4768 984 4783 .
1019 4771 1035 4784 .
1073 4771 1086 4784 .
1115 4731 1356 4786 decessit.

1951 4379 1998 4422 et
2029 4370 2170 4437 pius.
2228 4368 2296 4424 In
2338 4367 2622 4424 Britannia
2652 4408 2665 4423 .
2699 4409 2713 4422 .
2742 4409 2756 4425 .
2792 4370 2958 4440 fratre
2989 4371 3152 4427 uictus
3186 4372 3403 4428 interiit.
3433 4413 3448 4428 .
3472 4415 3484 4430 .
3517 4417 3533 4431 .

1951 4462 2173 4531 accepit.

2022 4554 2127 4608 656
2171 4551 2378 4621 Petrus,
2402 4565 2538 4620 etc.,
2577 4557 2797 4628 utAug.

2022 4647 2126 4702 657
2166 4647 2378 4703 Itomw.
2405 4688 2420 4705 .
2447 4688 2460 4703 .
2487 4651 2750 4706 mensibus
2796 4667 2909 4716 sex,
2959 4665 3242 4722 perperam
3290 4666 3359 4706 ex
3395 4651 3541 4707 Ana-

1951 4740 2141 4794 stasio.

332 4815 432 4873 652
470 4815 595 4876 Hoc
635 4830 867 4888 tempore
908 4819 1182 4892 OlympFus
1211 4860 1227 4876 .
1264 4859 1282 4876 .
1311 4862 1325 4876 .
1363 4839 1550 4879 nocere
1577 4841 1681 4880 non
1723 4839 1846 4893 ρος·
1879 4791 1928 4851 D
1958 4791 1998 4794 Π
2163 4830 2364 4896 Romae,
2393 4841 2524 4899 etc.,
2566 4841 2625 4885 ut
2656 4832 2792 4901 Aug.

269 4920 355 4972 set,
395 4915 601 4968 tandem
640 4930 763 4967 cum
792 4930 928 4984 papa
957 4915 1289 4984 paciﬁcatur.

334 5003 434 5058 655
469 5002 536 5060 In
567 5005 852 5060 Britannia
881 5044 896 5058 .
924 5045 938 5059 .
975 5046 988 5060 .
1018 5011 1192 5062 decem
1218 5023 1384 5062 annos
1409 5009 1646 5079 prarfuit.

335 5094 432 5151 654
500 5097 700 5155 Beatus
729 5114 867 5166 papa
904 5097 1166 5156 Martinus
1191 5100 1347 5173 jussu
1404 5102 1712 5160 Constantis
1737 5104 1846 5156 lue-

275 5189 410 5243 retici
451 5193 793 5259 imperatoris
839 5192 892 5244 in
941 5192 1156 5249 basilica
1192 5235 1206 5248 .
1238 5233 1254 5248 .
1282 5232 1297 5248 .
1360 5199 1649 5265 perductus
1725 5211 1844 5249 cum

276 5278 394 5318 “PII;
562 5283 617 5318 δὴ
651 5278 888 5318 ρινκηηη
919 5282 1197 5318 Ann-uuln.
1226 5293 1301 5318 ac!

2022 4921 2124 4976 659
2163 4919 2558 4986 Constantinus,
2587 4931 2719 4984 etc.,
2753 4933 2810 4977 ut
2839 4928 2976 4993 Aug.

2023 5011 2126 5066 660
2166 5011 2231 5065 1η
2255 5011 2416 5066 Italia
2457 5015 2709 5084 defuncto
2749 5031 2865 5084 rege
2888 5015 3357 5083 Langobardorum
3386 5017 3555 5076 Hari-

1952 5105 2095 5158 berto
2135 5105 2241 5158 duo
2283 5105 2381 5172 ﬁlii
2419 5109 2535 5177 ejus
2569 5101 2902 5161 Godabertus
2937 5117 2983 5161 et
3022 5102 3293 5160 Pertarich
3335 5126 3555 5180 regnum

1952 5195 2087 5250 inter
2117 5209 2172 5246 se
2206 5193 2534 5260 dividebant,
2557 5208 2787 5263 quorum
2828 5213 2933 5252 uno
2961 5199 3154 5261 occiso,
3182 5197 3236 5250 id
3257 5208 3351 5261 est,
3378 5197 3559 5256 Gada-

1953 5287 2092 5318 Ιιανιιι
2162 5285 2429 5318 ηΙοθυΛΑν-ιέι
2460 5290 2640 5318 Inus-In
2682 5287 2752 5318 ηδ
2796 5288 3013 5318 ι’....ι.ιιο
3073 5287 3113 5318 1⁷

3125 5290 3414 5318 -;.......ΙΛ-.-
3454 5297 3558 5318 -1-.-
