4062 5508
447 251 553 313 H3

1318 250 1675 307 ΙΙΕΒΜΑΝΝΙ
1714 250 2105 312 CONTRACTI
2142 255 2505 314 AUGlENSlS
2542 251 2847 311 MONACHI

3619 252 3716 311 l“

1735 368 1965 425 CODEX
2015 371 2402 441 AUGIENSIS.

435 487 546 553 sui,
579 480 1288 552 Grimaaldusquearrepta
1335 478 1817 552 Langobardorum
1862 496 2029 552 regna
2058 488 2105 546 Α
2137 484 2375 539 tanniam
2431 492 2485 539 et
2528 460 2841 539 lliberniam
2896 481 3123 538 nimium
3176 489 3372 539 vastat.
3423 480 3722 541 Deusdedit
3818 464 3825 467 ⁷

2130 576 2569 645 archiepiscopus
2592 573 2886 645 Anglorum
2908 574 3064 628 obiit.
3092 573 3273 629 Cnidia
3309 573 3432 646 [al.,
3479 573 3722 649 Ceadda]
3833 603 3839 609 -

437 574 595 631 annis
622 589 676 629 ιχ
706 582 926 628 strenue
972 571 1239 640 regnavit.
1274 568 1435 625 Paul.
1461 569 1615 626 Diac.
1639 588 1693 625 a.
1724 569 1847 626 661.
1876 587 1985 642 seq.

487 663 611 719 .661
653 662 769 719 Hoc
804 670 1048 731 tempore
1077 659 1419 724 Pertharich,
1458 661 1657 717 dudum
1694 677 1787 716 res
1813 660 2025 733 Longo-

440 756 753 820 bardarum,
786 769 908 809 cum
952 753 1019 808 de
1046 752 1240 808 exsilio
1279 768 1531 808 reversus
1557 752 1852 808 Grimaaldi
1884 753 2025 824 regis

439 846 669 917 gratiam
718 844 988 914 petiisset,
1039 843 1378 913 benigneque
1423 851 1710 913 susceptus
1751 851 1912 906 esset,
1946 843 2026 897 fa-

442 940 623 995 ctione
648 952 938 1007 pravorum
966 936 1214 1007 proxima
1247 945 1404 995 nocte
1433 937 1501 991 ab
1531 937 1648 1006 ipsa
1681 952 1809 1005 rege
1839 936 2027 991 obser-

442 1031 557 1089 vari
608 1031 794 1101 jussus
839 1038 963 1091 est,
1021 1029 1267 1097 sequenti
1320 1029 1479 1098 102
1523 1028 1609 1083 die
1653 1027 2022 1097 perimendus.

445 1124 550 1179 Sed
583 1134 725 1187 astu,
775 1121 887 1176 ima
917 1118 1018 1173 lide
1057 1118 1287 1174 llunaldi
1330 1119 1491 1177 amici
1534 1120 1616 1173 sui
1655 1128 1711 1173 et
1746 1118 2027 1187 cujusdam

442 1214 617 1271 ﬁdelis
656 1212 898 1269 vestiarii
942 1211 1023 1266 sui
1061 1212 1289 1266 eductus
1329 1227 1395 1267 ex
1438 1212 1571 1266 urbe
1614 1210 1909 1275 Ticinensi,
1960 1211 2026 1266 ad

445 1309 687 1364 Francos
724 1305 1193 1376 confugit-ibique
1229 1303 1404 1358 latuit.
1441 1302 1603 1358 Paul.
1640 1304 1797 1358 Diae.
1826 1321 1878 1358 a.
1902 1303 2026 1359 664.

441 1396 638 1453 -t-llac
679 1397 844 1451 etiam
893 1404 1214 1463 tempestate
1240 1393 1577 1450 Francorum
1614 1396 1885 1450 exercitus
1920 1394 2030 1449 lta-

442 1489 573 1543 liam
621 1488 917 1558 ingressus,
959 1502 1082 1541 cum
1125 1486 1178 1540 in
1212 1486 1408 1540 castris
1437 1484 1732 1541 Grimoaldi
1763 1485 1927 1555 regis,
1957 1486 2032 1539 si-

444 1578 648 1635 mulata
688 1579 757 1633 ab
807 1578 922 1646 ipsa
967 1576 1091 1647 luga
1141 1576 1373 1641 relictis,
1415 1577 1749 1647 epularetur,
1796 1577 1914 1645 ipsa
1958 1577 2026 1631 ir-

452 1678 646 1726 ruente
706 1669 776 1724 ad
813 1668 1238 1724 internecionem
1286 1661 1493 1724 deletus
1521 1677 1625 1724 est.
1672 1667 1843 1723 Idem.
1869 1666 1943 1722 al.
1975 1686 2028 1722 a.

444 1760 569 1817 665.

2130 676 2186 721 et
2212 664 2498 721 Wilfridus
2524 664 3060 722 Nardanumbrorum
3092 665 3332 735 episcaui
3366 666 3717 722 ordinantur.

2130 757 2262 812 Bcd.
2302 759 2426 812 hist.
2458 756 2615 827 Angl.

2201 848 2307 904 665
2344 849 2402 904 In
2434 848 2738 910 Britannia,
2762 847 3141 904 Frcitanbcrta
3158 863 3279 919 rege
3299 845 3725 904 Cantuariorum

2130 951 2373 1006 mortuo,
2400 940 2668 1013 Egbertus
2694 940 2837 996 lilins
2858 938 2975 1007 ejus
3000 940 3247 1010 regnavit
3274 939 3434 995 annis
3458 955 3534 999 Ix.
3564 937 3727 1008 Angli

2130 1033 2196 1086 ad
2214 1032 2541 1087 Vitalianum
2571 1046 2763 1102 papam
2794 1046 2893 1102 pro
2923 1046 3179 1101 episcopo
3205 1039 3260 1086 et
3290 1031 3513 1085 doctore
3538 1041 3729 1101 postu-

2131 1121 2296 1175 latum
2316 1120 2543 1176 Romam
2576 1123 2817 1176 mittunt.
2849 1120 3008 1186 Beda,
3037 1121 3161 1175 hist.
3191 1119 3505 1190 Anq—Bis
3531 1121 3730 1177 diebus

2133 1211 2273 1281 apud
2304 1210 2544 1267 Francos
2582 1211 2915 1275 Clodaveus,
2956 1225 3051 1266 seu
3078 1210 3387 1267 Ludovicus
3426 1226 3546 1275 rex,
3578 1211 3732 1265 iners

2133 1310 2190 1355 et
2236 1292 2456 1357 infamis
2507 1302 2651 1358 illius
2679 1301 2992 1373 Dagaberti,
3047 1301 3215 1357 frater
3258 1301 3553 1373 Sigebcrti,
3600 1318 3730 1357 cum

2135 1389 2384 1446 Parisius
2434 1406 2663 1446 manens
2692 1392 2975 1447 brachium
3024 1394 3200 1448 sancti
3231 1392 3472 1463 Dionysii
3507 1392 3734 1448 auferre

2082 1528 2088 1539 .
2134 1498 2300 1539 ausus
2332 1491 2503 1549 esset,
2536 1483 2591 1538 in
2621 1484 2917 1538 amentiam
2958 1500 3150 1540 versus
3178 1493 3282 1540 est.
3326 1482 3493 1539 Fred.
3522 1488 3641 1543 chr.
3671 1501 3729 1537 a.

2135 1575 2260 1630 654.

2206 1664 2313 1721 666
2350 1665 2464 1723 lloc
2513 1673 2759 1739 tempore
2793 1682 2915 1723 cum
2944 1667 3147 1736 Lupus,
3178 1668 3286 1723 dux
3324 1667 3732 1738 Forojulianus.

2137 1754 2250 1826 regi
2281 1754 2598 1810 Grimaaldo
2647 1756 2956 1821 rebellaret,
3000 1757 3212 1823 llunui,
3260 1759 3353 1829 qui
3397 1768 3453 1815 et
3495 1759 3732 1825 Avares,

478 1882 487 1897 ο
516 1854 624 1912 662
669 1854 1059 1912 Constantinus
1083 1894 1101 1920 ,
1146 1854 1239 1924 qui
1295 1862 1351 1908 et
1397 1851 1669 1909 Constans
1713 1851 2030 1923 imperator,
2064 1842 2109 1903 Β
2137 1852 2205 1907 ab
2234 1853 2354 1923 ipso
2385 1860 2511 1937 rege
2550 1853 2763 1908 invitati
2795 1852 3077 1908 Venetiam
3103 1862 3319 1923 petunt,
3360 1862 3417 1908 et
3442 1862 3527 1910 ter
3548 1870 3733 1925 pugna

444 1944 656 2000 Italiam
700 1953 890 2000 contra
922 1942 1305 2013 Langobardos
1340 1943 1515 2013 petiit,
1540 1952 1614 2008 et,
1643 1942 1850 2013 aliquot
1875 1942 2032 2013 Oppi-

447 2037 533 2091 dis
572 2050 764 2090 eorum
813 2034 1020 2102 captis,
1051 2032 1409 2089 Rumoaldum
1463 2035 1660 2089 ducem
1712 2034 1880 2088 lilium
1912 2033 2035 2089 Gri-

444 2125 646 2183 tnaaldi
674 2126 817 2197 regis
845 2128 984 2195 apud
1014 2126 1376 2181 Beneventum
1409 2125 1641 2182 obsedit.
1672 2125 1800 2188 Sed.
1830 2127 2033 2181 adven-

448 2226 597 2273 tante
642 2232 767 2273 cmn
811 2216 1055 2273 ex’ercitu
1095 2215 1434 2282 Grimoalda,
1493 2219 1716 2273 territus
1755 2216 2035 2287 Neapolim

446 2311 669 2382 repetit,
692 2325 994 2382 magnaque
1017 2311 1289 2366 exercitus
1312 2310 1393 2365 sui
1422 2312 1748 2381 partc,duce
1770 2308 2037 2375 Saburra,

447 2420 573 2459 cum
600 2403 901 2459 Bumaalda
928 2419 1105 2474 pugna
1145 2401 1470 2473 caniligente
1519 2411 1576 2457 et
1602 2402 1745 2457 victa
1793 2401 2034 2456 trucida-

446 2505 648 2566 taque,
695 2495 830 2550 nihil
884 2503 1075 2550 contra
1120 2493 1505 2564 Langobardos
1553 2492 1805 2563 profecit.
1877 2490 2035 2545 Paul.

446 2587 600 2644 Diae.
631 2606 685 2642 a.
716 2586 842 2643 665.

522 2679 629 2736 665
667 2679 1060 2735 Constantinus
1094 2677 1391 2748 imperator
1431 2676 1659 2732 Romam
1692 2674 1859 2740 venit,
1890 2681 1966 2740 et,
2008 2688 2038 2729 a

446 2769 723 2827 Vitaliano
751 2785 888 2842 papa
930 2765 1231 2825 honorifice
1275 2776 1586 2837 susceptus,
1636 2774 1748 2821 tota
1792 2762 2037 2819 exercitu

448 2875 574 2916 cum
612 2859 787 2916 cereis
822 2858 1110 2915 ecclesiam
1139 2857 1408 2924 intrante,
1438 2856 1597 2912 beata
1624 2854 1787 2910 Petra
1818 2853 2038 2924 pallium

448 2966 584 3009 auro
615 2951 802 3007 textile
823 2950 1047 3016 obtulit;
1081 2960 1156 3015 et,
1190 2959 1327 3006 actts
1382 2948 1455 3005 ibi
1493 2965 1568 3005 xu
1602 2947 1817 3013 diebus,
1843 2954 2040 3001 cuncta

449 3058 589 3114 pene
635 3041 800 3099 Urbis
848 3048 1170 3096 ornamenta
1223 3040 1472 3095 abstulit.
1525 3039 1673 3094 Inter
1713 3054 1833 3109 qua:
1875 3038 2040 3092 etiam

454 3131 665 3203 tegulas
712 3145 883 3186 terens
941 3132 1139 3201 quibus
1185 3130 1409 3185 basilica
1478 3140 1679 3186 sanctae
1725 3129 1911 3186 Mariae
1973 3133 2039 3186 ad

2139 1943 2270 1999 victi
2303 1955 2610 2014 quartaque
2652 1945 2952 1999 certamine
2988 1946 3247 2009 victores,
3282 1946 3399 2015 ipsa
3426 1944 3574 2016 Lupa
3603 1962 3736 2002 eum

2137 2036 2253 2093 suis
2297 2036 2499 2100 accisa,
2547 2034 2889 2090 Provinciam
2938 2044 3172 2101 vastant,
3222 2037 3396 2092 donec
3442 2048 3561 2091 arte
3599 2037 3735 2095 Gri-

2139 2126 2334 2182 maaldi
2383 2126 2599 2194 territi,
2646 2128 2864 2183 tandem
2913 2126 3089 2182 redire
3135 2130 3309 2184 coacti
3356 2137 3504 2183 sunt.
3559 2127 3730 2184 Paul.

2138 2215 2291 2271 Diac.
2320 2234 2373 2271 α.
2400 2217 2506 2271 665

2169 2307 2312 2362 -667
2352 2307 2507 2363 Circa
2561 2310 2668 2364 hoc
2717 2319 2930 2380 tempus
2955 2308 3135 2366 Sclavi
3180 2311 3246 2365 de
3274 2309 3533 2371 Carunta.
3585 2314 3735 2381 quot

2139 2397 2500 2454 Carentanum
2529 2401 2680 2472 (221)
2710 2401 2965 2466 dicimus,
2997 2417 3120 2457 cum
3168 2401 3410 2456 exercitu
3444 2400 3738 2458 Venetiam

2142 2501 2444 2557 vastantes,
2472 2491 2606 2547 duce
2649 2491 2940 2548 Nucctaria
2987 2508 3111 2548 cum
3157 2509 3263 2547 xxv
3293 2507 3516 2547 suarum
3567 2509 3737 2563 super

2142 2570 2249 2635 eas
2274 2582 2539 2648 irruente,
2564 2583 2720 2653 pauci
2748 2598 2818 2638 ex
2845 2584 3085 2655 quinque
3117 2584 3352 2639 millibus
3377 2582 3616 2655 ell‘ugere
3638 2586 3736 2645 vix

2142 2684 2390 2742 patuere.
2427 2670 2585 2726 Paul.
2620 2673 2770 2727 Diae.

2213 2763 2318 2820 668
2375 2764 2432 2819 lu
2481 2764 2665 2820 Sicilia
2724 2764 3114 2822 Constantinus
3163 2768 3480 2838 imperator,
3539 2768 3631 2838 qui
3676 2779 3739 2823 ct

2140 2855 2431 2919 Constans,
2469 2866 2593 2925 post
2628 2856 2826 2912 multas
2861 2858 3179 2913 exactiones
3206 2872 3262 2914 et
3295 2860 3738 2928 deprtedationes

2141 2963 2240 3019 per
2276 2949 2586 3019 provincias
2623 2957 2807 3017 actas,
2849 2951 3063 3005 tandem
3096 2966 3125 3004 a
3158 2951 3277 3006 suis
3306 2950 3361 3005 in
3403 2950 3613 3006 balnea:
3640 2966 3738 3007 oc-

2142 3042 2288 3097 cisus
2311 3041 2519 3096 interiit
2552 3041 2843 3098 indictione
2872 3057 2951 3097 xu
2985 3041 3158 3114 (222).
3197 3042 3326 3096 Post
3353 3056 3517 3112 quem
3548 3042 3736 3098 Meze-

2146 3132 2263 3187 cius
2292 3130 2418 3204 [al.,
2443 3130 2735 3203 Miziziusl,
2769 3132 3057 3203 imperium
3106 3134 3183 3188 iui
3210 3134 3494 3204 arripiens,
3525 3135 3598 3189 ab
3628 3134 3738 3189 Ita-

450 3220 743 3293 Martyres,
771 3237 891 3291 qua:
910 3219 1189 3276 Pantheon
1223 3219 1521 3290 antiquitus
1549 3220 1870 3284 vocabatur,
1901 3229 2039 3275 tecta
2070 3205 2114 3267 C
2146 3220 2253 3276 lico
2294 3220 2536 3276 exercitu
2578 3237 2701 3277 cum
2746 3222 3104 3292 complicibus
3133 3224 3250 3279 suis
3278 3232 3598 3295 peremptus
3623 3235 3736 3285 εει.

452 3311 650 3377 fuerat,
674 3312 936 3382 diripiens
959 3311 1013 3366 in
1047 3310 1288 3366 Siciliam
1310 3311 1595 3380 praemisit,
1623 3311 1845 3381 ipseque
1870 3309 2039 3384 [cum]

455 3406 570 3462 suis
611 3405 664 3458 in
706 3403 858 3458 Italia
897 3404 1223 3475 depraedatis
1269 3404 1439 3473 ipsam
1489 3403 1720 3459 insulam
1771 3419 1845 3458 νυ
1900 3402 2041 3458 indi-

451 3498 629 3553 ctione
657 3496 805 3567 (219)
839 3497 1088 3561 intravit,
1129 3495 1311 3566 ibique
1337 3494 1711 3565 quinquennia
1740 3494 1910 3550 multa
1957 3493 2041 3549 in-

454 3588 619 3643 famis
650 3587 875 3641 avaritia
903 3596 957 3640 et
984 3585 1224 3656 nequitia
1257 3586 1478 3640 mansit.
1508 3584 1640 3639 Bed.
1670 3586 1783 3640 chr.
1804 3586 1965 3656 Angl.

524 3676 629 3731 664
668 3676 897 3746 Eclipsis
912 3675 1044 3732 solis
1066 3691 1097 3729 v
1120 3675 1260 3730 Nan.
1286 3675 1406 3730 Maii
1432 3674 1573 3730 facta
1604 3684 1688 3730 cst
1715 3676 1851 3731 hara
1880 3677 2039 3747 quasi

453 3769 686 3833 decima,
717 3786 791 3825 vlt
832 3769 1126 3825 indictione
1169 3767 1336 3838 (220).
1370 3765 1500 3822 Bed.
1530 3767 1641 3821 chr.
1674 3767 1731 3822 ln
1758 3767 2039 3824 Britannia

453 3871 724 3917 conventu
753 3862 822 3916 ab
848 3861 1039 3931 Anglis
1063 3869 1118 3915 et
1139 3858 1319 3915 Scotis
1347 3869 1469 3915 acto
1492 3859 1721 3929 qumstio
1743 3860 1809 3916 de
1830 3858 2041 3916 Pascha

456 3951 741 4016 ventilata,
786 3959 842 4005 et
874 3951 1021 4004 Scoti
1071 3966 1100 4004 a
1128 3948 1384 4005 Wilfrida
1429 3950 1751 4021 presbytero
1795 3950 2038 4006 rationa-

454 4040 640 4096 biliter
667 4041 794 4096 victi
823 4050 966 4096 sunt.
988 4041 1144 4111 103
1173 4041 1324 4096 Saeva
1355 4040 1473 4096 lues
1498 4052 1551 4095 et
1579 4039 1886 4112 pestilentia
1917 4040 2038 4095 Bri-

2142 3320 2197 3366 et
2220 3311 2611 3367 Constantinus
2636 3312 2783 3383 (225)
2807 3312 2951 3369 lilius
2969 3312 3315 3381 Constantis,
3343 3314 3735 3370 Constantino-

2141 3402 2249 3473 poli
2290 3403 2588 3473 imperatar
2610 3399 2811 3468 factus,
2843 3403 3090 3471 regnavit
3124 3403 3283 3459 annis
3308 3418 3455 3468 xvu;
3491 3402 3736 3473 impera-

2146 3505 2233 3550 tor
2258 3510 2389 3551 sane
2416 3494 2721 3550 catholicus
2740 3503 2793 3550 et
2821 3494 2963 3565 pius.
2992 3493 3154 3550 Paul.
3181 3495 3334 3550 Diae.
3356 3494 3562 3550 —Hoc
3588 3509 3741 3550 anno

2144 3586 2518 3643 Theodar'tcus
2551 3584 2673 3658 [leg.
2702 3584 3043 3659 Theodorus]
3075 3586 3519 3656 archiepiscopus
3557 3601 3590 3641 a
3641 3584 3735 3641 Vi-

2146 3679 2350 3734 taliana
2383 3693 2517 3748 papa
2550 3676 2709 3751 105
2735 3679 3039 3746 ordinatus,
3090 3691 3144 3736 et
3189 3696 3310 3735 cum
3357 3680 3597 3736 Adriano
3643 3679 3740 3734 ab«

2146 3768 2270 3823 bate
2303 3768 2371 3822 ad
2415 3768 2616 3838 Anglos
2655 3769 2875 3833 missus,
2922 3768 3108 3825 multis
3149 3780 3206 3825 et
3226 3770 3403 3824 verba
3435 3769 3642 3839 proluit
3679 3777 3736 3824 et

2147 3856 2418 3929 exemplo.
2445 3856 2611 3924 Beda,
2641 3858 2767 3912 hist.
2795 3857 2947 3929 Angl.
2970 3859 3211 3930 —-Apud
3232 3858 3493 3924 Francos,
3519 3870 3751 3916 mortua,

2147 3950 2415 4006 Clodaveo
2443 3949 2591 4021 (224)
2614 3965 2707 4007 seu
2736 3949 3034 4017 Ludovico,
3056 3966 3184 4023 rege
3206 3950 3420 4016 infami,
3449 3953 3589 4007 illius
3614 3952 3741 4023 ejus

2146 4041 2455 4098 Clatltarius
2482 4058 2616 4113 puer
2642 4041 2887 4113 regnavit
2912 4044 3071 4099 annis
3105 4059 3178 4098 tv.
3207 4041 3256 4095 F
3262 4044 3370 4097 red.
3398 4044 3602 4127 a.‘636.

1451 4153 1899 4209 COMPENDIUM
1939 4153 2033 4208 EX
2071 4152 2321 4211 C‘ODlCE
2360 4153 2724 4210 BERNOLDI.

492 4282 497 4287 -
532 4247 630 4305 661
676 4245 793 4301 Hoc
818 4255 1045 4316 tempore
1070 4240 1344 4300 I’ertarich
1365 4245 1429 4300 de
1457 4245 1644 4300 exsilio
1670 4262 1925 4311 reversus,
1948 4247 2045 4301 ite-
2075 4251 2124 4310 Ι)
2149 4256 2196 4299 et
2215 4245 2361 4300 Seoti
2384 4264 2415 4299 a
2434 4244 2683 4315 Wilfrido
2708 4245 3005 4316 presbytero
3030 4246 3419 4302 rationabiliter
3434 4249 3557 4303 ricti
3576 4260 3734 4311 sunt;

460 4355 577 4395 rum
600 4340 655 4392 in
676 4336 919 4392 exsilium
939 4335 1014 4389 ire
1039 4333 1336 4402 compulsus
1361 4344 1456 4389 est.

533 4428 639 4485 662
678 4427 1075 4489 Constantinus,
1105 4424 1195 4494 qui
1226 4434 1274 4477 et
1294 4422 1579 4490 Constans,
1604 4423 1821 4479 Italiam
1863 4433 2048 4480 contra

452 4518 834 4591 'Longoba'rdas
859 4517 1016 4582 venit,
1039 4516 1130 4570 sed
1164 4516 1295 4569 nihil
1316 4516 1554 4586 profecit.

534 4610 641 4665 665
690 4606 1061 4663 Constantinus
1107 4605 1392 4674 intperator
1431 4604 1654 4659 Romam
1695 4607 1859 4672 venit,
1899 4617 1971 4669 et,
2013 4624 2046 4661 a

472 4700 742 4756 Vitaliana
760 4716 895 4771 papa
916 4696 1202 4764 honoriﬁce
1230 4706 1517 4764 susceptus,
1558 4694 1617 4751 S.
1645 4693 1804 4751 Petra
1825 4697 2046 4766 pallium

466 4808 598 4845 auro
627 4789 804 4844 textile
824 4786 1054 4853 obtulit;
1084 4788 1173 4842 sed
1199 4797 1384 4840 cuncta
1410 4803 1539 4856 pene
1559 4797 1867 4841 ornamenta
1894 4785 2048 4842 Urbis

466 4878 683 4934 abstulit

480 4992 485 5003 ν
539 4970 644 5023 664
679 4967 905 5039 Eclipsis
929 4968 1054 5022 solis
1078 4968 1260 5038 quinto
1286 4965 1470 5023 Nonas
1493 4968 1619 5023 Maii
1649 4969 1812 5039 facta.
1843 4968 1907 5024 In
1931 4969 2050 5025 Bri-

471 5062 655 5116 tannia
682 5077 714 5116 a
731 5060 898 5116 Sectis
926 5070 974 5115 et
997 5060 1181 5132 Anglis
1202 5063 1421 5131 qua'stio
1442 5063 1504 5116 de
1522 5062 1726 5117 Pascha
1748 5063 2046 5130 ventilatur,

2150 4338 2239 4407 qui
2261 4347 2439 4405 postea
2461 4336 2732 4405 episcopus
2755 4337 3053 4391 ordinatur.

2222 4426 2325 4481 665
2362 4425 2518 4495 Angli
2558 4430 2626 4480 ad
2672 4424 2995 4481 Vitalianum
3042 4445 3230 4499 papam
3272 4448 3366 4501 pra
3407 4433 3648 4503 episcopo
3686 4443 3736 4489 et

2151 4517 2363 4571 doctore
2383 4516 2705 4585 postulatum
2732 4517 3247 4582 Iidmum‘misernnt.

2219 4608 2324 4666 668
2360 4610 2427 4665 In
2449 4608 2632 4665 Sicilia
2657 4609 3034 4668 Constantinus
3068 4614 3371 4685 imperator,
3402 4619 3492 4690 qui
3521 4630 3567 4673 et
3590 4617 3733 4675 Con-

2153 4709 2320 4765 stans,
2341 4710 2454 4768 post
2478 4700 2665 4754 multas
2684 4701 3097 4771 depra'dationes
3116 4721 3208 4772 per
3226 4708 3519 4774 provincias
3537 4710 3735 4778 factas,

2155 4795 2364 4847 tandem
2393 4811 2425 4846 a
2455 4794 2565 4846 suis
2596 4793 2649 4845 in
2671 4792 2854 4846 balneo
2885 4807 3178 4866 peremptus
3200 4808 3294 4852 est.
3340 4796 3448 4852 Pro
3468 4815 3571 4870 qua
3595 4799 3735 4855 Con-

2154 4885 2416 4938 stantinus
2455 4884 2571 4953 ejus
2612 4884 2755 4952 filius
2801 4888 3031 4955 regnavit
3073 4891 3226 4943 annis
3264 4905 3408 4953 xvtt,
3449 4893 3735 4961 imperator

2152 4991 2279 5029 sane
2318 4974 2606 5029 catholicus
2646 4984 2693 5029 et
2732 4975 2870 5046 pius.
2914 4974 3028 5030 Iloc
3063 4979 3651 5036 anno-Theodorus...
3684 4991 3733 5035 et

2154 5063 2410 5135 exemplo.

2004 5200 2237 5261 NOTAE.

548 5288 697 5363 (2i?)
738 5285 863 5363 litae
892 5288 1114 5363 intlictia
1145 5305 1344 5345 annum
1369 5292 1468 5346 66l
1502 5292 1718 5349 indicat.

545 5359 698 5431 (220)
739 5360 964 5431 Indictio
992 5376 1077 5431 vtt
1104 5362 1243 5415 hunc
1273 5365 1487 5431 quidem
1525 5378 1725 5418 annum
1774 5374 1948 5429 natat,
1993 5366 2045 5420 in

476 5447 598 5508 qua
633 5430 823 5508 tamen
859 5430 962 5484 ista
1004 5430 1220 5502 eclipsis
1251 5430 1356 5486 nan
1392 5433 1573 5500 tertia,
1618 5434 1713 5490 sed
1754 5434 1926 5504 prima
1962 5436 2049 5491 die

2149 5297 2260 5367 jam
2291 5298 2543 5353 currebat
2578 5298 2925 5367 indictiagm.

2226 5367 2375 5440 (2:25)
2411 5369 2787 5440 Cagnamento
2808 5364 3131 5440 Poganatus.

2226 5436 2372 5508 (224)
2410 5436 2711 5493 Clodaveus
2751 5438 2789 5492 ll
2823 5436 2936 5506 jam
2972 5455 3022 5493 a.
3054 5440 3158 5496 656
3193 5441 3358 5508 obiit,
3402 5443 3734 5500 succedente
