4062 5508
362 314 461 380 iis

1533 325 1946 383 cunumcon.
1990 359 2055 369 —
2097 329 2266 385 5.420.
2314 314 2429 385 ιιιέ

3521 333 3625 385 HG

1659 484 1883 541 CODEX
1927 486 2306 542 AUCIENSlS.

427 642 535 701 669
574 643 890 710 Sarraceni,
922 644 1012 715 qui
1060 644 1171 715 jam
1222 645 1406 700 multis
1434 644 1769 715 depopulatis
1812 658 1937 715 pro-
1969 652 2017 708 A
2045 646 2244 707 elatus,
2278 645 2537 697 adversus
2571 643 2888 699 Pertharich
2936 660 3116 714 regem
3165 658 3320 698 suum
3359 643 3612 706 rebellat;

356 738 554 795 vinciis
577 736 870 809 Egyptum
917 735 1213 801 tenebam,
1257 736 1498 791 Siciliam
1546 736 1647 791 hoc
1695 745 1941 805 tempore

356 828 708 889 invadentes.
763 842 994 897 magnas
1043 827 1323 881 hominum
1373 835 1581 898 strages
1611 825 1834 890 faciunt,
1861 834 1937 891 et,

354 917 667 988 deprtedata
701 917 912 983 insula,
959 917 1153 988 hisque
1192 932 1313 986 quae
1341 916 1608 972 Constans
1646 916 1940 987 imperator

355 1009 429 1063 ibi
466 1009 763 1080 cmkgerat
795 1007 1011 1074 ablatis,
1067 1007 1452 1064 Alexandriam
1495 1010 1744 1064 redeunt.
1772 1006 1935 1064 Paul.

353 1097 510 1155 Diae.
1832 1126 1837 1131 -

422 1188 531 1242 676
571 1188 627 1243 in
659 1187 961 1252 Britannia,
989 1188 1134 1263 Oswi
1158 1204 1251 1243 rex
1277 1188 1600 1260 Anglorum,
1623 1188 1790 1244 frater
1819 1207 1939 1246 san-

350 1278 427 1333 cti
468 1278 733 1344 Osvvabli,
772 1280 948 1335 obiit:
975 1296 1073 1351 pro
1115 1296 1224 1351 quo
1272 1279 1530 1349 Eglridus
1582 1282 1824 1352 regnavit
1867 1298 1936 1336 xv

351 1369 531 1423 annis.
576 1369 746 1435 Beda,
788 1371 911 1423 hist.
953 1370 1112 1441 Angl.
1147 1401 1220 1411 —
1254 1370 1309 1425 In
1359 1369 1533 1435 Italia,
1563 1378 1776 1424 mortuo
1813 1370 1929 1426 Gri‘

349 1458 568 1514 tuoaldo
597 1460 1074 1529 Langobardorum
1110 1478 1252 1533 rege.
1288 1460 1633 1527 Pertharicb,
1657 1461 1724 1516 de
1743 1461 1933 1516 exsilio

351 1565 635 1615 reversus,
658 1566 886 1619 regnum
915 1561 1197 1622 patcrnmn
1229 1566 1424 1621 magno
1454 1550 1931 1621 Langobardorum

349 1639 536 1697 favore
574 1643 796 1712 recepit,
826 1651 877 1697 et
914 1660 1011 1712 per
1037 1659 1209 1699 annos
1241 1659 1347 1697 xvn
1386 1659 1575 1714 magna
1608 1643 1808 1715 pietate
1848 1645 1933 1701 ln-

345 1732 516 1803 signis
545 1734 799 1788 obtinuit.
836 1733 993 1789 Paul.
1027 1734 1175 1789 Diae.
1214 1753 1267 1789 α.
1299 1735 1425 1790 671.

416 1822 514 1875 671
562 1819 669 1876 Per
719 1823 834 1877 lucc
883 1829 1126 1893 tempora
1159 1806 1226 1878 ἰιι
1257 1824 1408 1879 italia
1456 1839 1680 1895 regnum
1722 1824 1931 1895 Longo-

347 1911 645 1967 bardorum
681 1912 1000 1969 Pertharich
1032 1917 1257 1984 adeptus
1297 1930 1506 1971 smnma
1549 1932 1683 1985 pace
1719 1924 1773 1970 et
1804 1931 1930 1986 pro-

2042 734 2135 790 scd
2166 750 2262 805 per
2284 734 2674 790 Chunibertum
2708 734 2848 804 regis
2876 734 3041 788 tilium
3078 734 3273 803 saepius
3305 734 3618 789 reconcilia-

2043 837 2129 882 tus
2150 836 2204 880 et
2228 825 2525 881 honoribus
2552 833 2740 881 auctus
2760 834 2863 880 est.
2895 823 3054 878 Paul.
3085 823 3266 890 Diac.,
3296 824 3369 878 al.
3402 842 3451 878 α.
3488 824 3612 880 680.

2109 916 2214 972 675
2253 916 2307 971 ιιι
2342 915 2642 980 Britannia,
2678 915 2935 972 Vulfhere
2964 928 3057 970 rex
3092 914 3412 970 Merciorum
3444 915 3611 979 obiit;

2038 1024 2136 1079 pro
2166 1025 2276 1081 quo
2300 1008 2468 1065 frater
2487 1009 2604 1079 ejus
2633 1008 2851 1063 Edilrcd
2880 1022 3025 1062 xxxv
3045 1007 3204 1063 annis
3230 1008 3494 1079 regnavit,
3522 1008 3615 1077 qui

2036 1111 2296 1173 sequente
2343 1116 2486 1157 anno
2510 1100 2755 1156 Cantiam
2787 1100 3041 1155 vastavit.
3074 1098 3218 1155 Beda
3284 1100 3407 1153 hist.
3454 1098 3612 1170 Angl.

2035 1211 2088 1248 a.
2121 1195 2247 1249 677.

2103 1282 2207 1337 676
2246 1282 2451 1348 Romae,
2486 1282 2740 1337 defuncto
2776 1280 3085 1346 Adcodato,
3129 1288 3252 1351 post
3299 1294 3515 1335 menses
3557 1293 3614 1334 tv

2035 1373 2218 1430 Donus
2263 1390 2399 1446 papa
2445 1372 2645 1429 LXXX
2690 1374 2829 1429 sedit
2877 1389 3022 1428 anno
3056 1389 3201 1439 uno,
3233 1372 3506 1427 mensibus
3553 1386 3609 1425 γ.

2033 1463 2158 1532 Qui,
2198 1465 2341 1520 inter
2370 1465 2475 1519 alia
2505 1466 2646 1520 bona
2681 1464 2884 1530 studia,
2930 1464 3201 1534 porticum
3240 1462 3413 1519 sancti
3466 1461 3612 1517 Petri

2033 1570 2303 1610 marmore
2330 1555 2542 1611 stravit.
2574 1554 2690 1622 Qua
2723 1563 2910 1610 testate
2940 1555 3206 1609 immensa
3234 1553 3317 1608 vis
3348 1553 3613 1608 tonitrua—

2030 1663 2150 1704 rum
2172 1656 2227 1702 et
2254 1646 2557 1718 pluviarum
2582 1646 2832 1701 homines
2854 1643 3073 1709 aﬂlixit;
3098 1652 3155 1700 et
3181 1643 3469 1712 legumina,
3492 1658 3612 1712 qua:

2030 1748 2249 1807 propter
2272 1737 2507 1809 pluviam
2533 1735 2711 1807 colligi
2749 1749 2854 1789 non
2886 1741 3167 1805 poterant,
3198 1732 3522 1802 quibusdam
3555 1730 3611 1787 ιιι

2031 1829 2160 1885 locis
2193 1839 2380 1885 renata
2423 1838 2478 1885 et
2531 1829 2600 1885 ad
2631 1826 3005 1883 maturitatem
3052 1823 3272 1879 reducta
3317 1831 3463 1878 sunt.
3507 1822 3610 1878 Co—

2029 1929 2169 1977 meta
2197 1936 2293 1992 per
2321 1937 2381 1977 tu
2418 1935 2633 1976 menses
2659 1920 2793 1983 visa,
2820 1926 2876 1974 et
2920 1929 3115 1988 magna
3144 1915 3424 1971 hominum
3451 1915 3612 1985 pestis

292 1991 518 2060 V'bitate
559 2006 800 2077 regebat.
849 2005 945 2063 llis
1000 2009 1333 2078 temporibus
1376 2006 1736 2073 Childericus,
1762 2008 1930 2063 frater
1960 2001 2003 2059 Β
2031 1991 2206 2067 lentia,
2235 2014 2288 2067 in
2320 2011 2541 2067 Oriente
2585 2011 2874 2067 subsecuta
2904 2018 3009 2066 est.
3042 2006 3224 2061 Anast.
3279 2005 3446 2066 Beda.
3483 2006 3604 2059 hist.

3578 2106 3589 2129 υ

339 2097 605 2153 (ΠαΙιιιτίί
655 2099 817 2170 regis.
850 2099 990 2155 lilius
1020 2098 1298 2165 Ludovici,
1324 2116 1470 2165 cum,
1497 2100 1562 2154 ad
1589 2099 1929 2155 Austril'ran-

294 2191 303 2202 '
338 2189 438 2243 cite
473 2205 697 2259 regnum
732 2199 976 2256 vocatus,
1002 2190 1194 2247 leviter
1221 2192 1273 2246 in
1303 2207 1369 2248 eo
1395 2200 1448 2246 et
1476 2192 1770 2247 crudeliter
1802 2206 1927 2261 age-

341 2288 445 2344 ret,
477 2300 509 2335 a
541 2280 768 2335 Francis
814 2298 920 2337 uua
966 2298 1090 2337 cum
1126 2300 1296 2339 uxore
1339 2293 1395 2339 et
1432 2283 1556 2339 tilzis
1607 2282 1923 2339 trucidatur.

338 2368 505 2425 ἔθνεά.
541 2390 596 2425 a.
631 2371 761 2427 673.

406 2464 516 2519 672
557 2463 1043 2532 Romaaﬂitaliano
1071 2481 1210 2537 papa
1240 2465 1532 2521 indictione
1556 2481 1623 2520 xv
1644 2465 1923 2532 defuncto,

336 2564 455 2624 post
491 2571 528 2609 ιι
571 2571 785 2612 menses
811 2557 1124 2612 Adeodatus
1163 2574 1300 2627 papa
1334 2555 1547 2613 LXXIX
1593 2559 1731 2613 sedit
1766 2559 1923 2615 annis

337 2662 411 2710 tv,
444 2647 722 2702 mensibus
760 2663 820 2713 tt,
859 2648 943 2703 vir
972 2648 1128 2703 valde
1164 2648 1312 2703 mitis
1343 2657 1394 2704 et
1426 2649 1577 2718 pius;
1611 2649 1703 2720 qui
1749 2657 1804 2705 et
1833 2667 1922 2705 ec-

337 2739 531 2793 clesias
575 2741 855 2795 renovavit
895 2748 950 2797 et
985 2742 1222 2806 ornavit,
1263 2750 1322 2797 et
1354 2742 1580 2798 tedificia
1616 2759 1752 2798 nova
1792 2760 1921 2800 con-

335 2830 551 2883 struxit.
600 2830 787 2885 Anast.
829 2862 899 2871 —
927 2833 1080 2902 Apud
1108 2833 1370 2899 Francos,
1426 2844 1546 2904 post
1580 2835 1916 2891 Clotharium

336 2936 562 2990 puerum
593 2921 760 2977 frater
787 2922 904 2992 ejus
930 2924 1300 2982 Theodericus
1332 2928 1575 2999 regnavit
1609 2929 1765 2984 annis
1794 2945 1916 2996 six;

334 3013 434 3068 sub
476 3030 588 3082 quo
616 3015 904 3081 Ebroinus,
945 3017 1117 3087 major
1151 3018 1364 3081 domus,
1398 3021 1736 3092 tyrannidem
1763 3036 1917 3076 eser-

333 3104 461 3160 cuit.
490 3103 652 3161 Fred.
683 3107 884 3161 contin.
917 3125 1006 3162 an.
1038 3125 1149 3179 seq.

402 3196 509 3253 673
565 3195 622 3252 In
674 3197 976 3265 Britannia,
1029 3199 1264 3270 Egberto
1316 3200 1732 3265 Cantuariorum
1793 3218 1918 3274 rege

336 3301 572 3358 mortuo,
604 3292 771 3350 frater
805 3293 922 3365 ejus
948 3293 1183 3351 Luthere
1220 3293 1340 3367 [al.,
1365 3294 1677 3367 Lotharius]
1726 3312 1915 3367 regna-

226 3390 233 3393 ‘
335 3383 411 3437 vit
453 3384 613 3439 annis
666 3400 741 3447 ιι,
800 3384 1075 3441 mensibus
1123 3401 1198 3440 ιν.
1246 3384 1363 3452 Quo
1407 3401 1548 3440 anno
1603 3385 1918 3443 Theodorus

335 3477 778 3547 archiepiscopus
806 3478 1101 3551 Anglorum
1148 3481 1413 3550 synodum
1454 3479 1640 3535 utilem
1679 3481 1913 3553 collegit.

334 3568 496 3636 Beda,
523 3572 645 3626 hist.
678 3570 835 3640 Angl.

304 3654 307 3659 ’
405 3656 561 3730 105
601 3660 705 3715 674
744 3660 904 3715 Circa
949 3661 1063 3716 haec
1094 3669 1334 3731 tempora
1381 3660 1601 3717 Alacbis
1641 3660 1750 3717 dux
1793 3661 1911 3717 Tri-

332 3752 617 3820 dentinus,
655 3753 724 3810 de
749 3755 952 3811 comite
978 3754 1214 3825 quodam
1259 3754 1459 3812 Norico
1494 3756 1722 3812 victoria
1753 3765 1910 3813 nacta

2027 2105 2185 2176 Angl.
2217 2124 2270 2160 a.
2301 2105 2428 2161 678.
3248 2172 3251 2173 ν

2097 2201 2198 2255 677
2222 2200 2277 2255 In
2303 2200 2473 2266 Italia,
2497 2197 2815 2255 Pertharich
2851 2210 2944 2253 rex
2966 2195 3444 2266 Longobardorum
3465 2192 3608 2249 Chu-

2026 2291 2296 2347 nibcrlum
2346 2291 2513 2346 tilium
2562 2306 2718 2346 suum
2765 2288 2914 2359 regni
2948 2296 3260 2343 consortem
3293 2286 3450 2351 fecit;
3484 2286 3607 2341 cum

2024 2400 2132 2454 quo
2156 2401 2184 2438 Χ
2213 2393 2399 2455 postea
2429 2382 2587 2438 annis
2614 2381 2880 2451 regnavit.
2906 2377 3070 2435 Paul.
3096 2379 3251 2433 Diac.
3275 2409 3342 2419 —
3363 2377 3621 2433 Ecclesia

2023 2475 2316 2531 Ravennas
2338 2516 2353 2540 ,
2383 2491 2503 2545 qum
2533 2473 2978 2544 Autocepballam
3007 2471 3110 2528 sibi
3139 2486 3407 2541 usurpans
3433 2487 3462 2524 a
3494 2470 3606 2525 Ro-

2023 2585 2185 2624 mana
2236 2568 2572 2633 desciverat,
2618 2566 2785 2622 Dono
2816 2579 2971 2636 papa:
3023 2563 3203 2619 denuo
3247 2576 3308 2618 se
3353 2557 3602 2630 subjecit.

2021 2662 2213 2717 Anast.

2091 2753 2192 2807 678
2232 2751 2439 2816 Romre,
2470 2749 2723 2806 defuncto
2788 2750 2968 2817 Dono,
3018 2757 3142 2821 post
3204 2749 3340 2805 duos
3387 2763 3612 2804 menses

2019 2845 2232 2917 Agatho
2263 2860 2399 2914 papa
2422 2842 2636 2897 LXXXI
2670 2843 2829 2914 106
2856 2840 3158 2907 ordinatus,
3189 2841 3330 2897 sedit
3352 2842 3511 2897 annis
3535 2857 3596 2906 tt,

2020 2933 2296 2988 mensibus
2344 2949 2395 2986 vr
2416 2973 2433 2998 ,
2461 2933 2543 2986 vir
2586 2941 2897 2987 mansuetus
2925 2941 2980 2985 et
3007 2931 3292 3013 benignus.
3322 2929 3507 2983 Anast.
3533 2960 3602 2969 --

2019 3025 2302 3080 Wilfridus
2322 3024 2617 3093 Anglorum
2639 3022 2944 3093 episcopus,
2967 3021 3035 3076 ab
3059 3020 3297 3092 Egberto
3323 3034 3448 3091 rege
3472 3019 3600 3075 sede

2018 3133 2115 3176 sua
2143 3115 2356 3189 pulsus,
2386 3115 2583 3170 multos
2624 3115 2677 3170 in
2725 3113 3159 3184 peregrinatione
3185 3127 3282 3169 sua
3309 3113 3376 3167 ad
3413 3110 3599 3167 Domi-

2020 3226 2145 3264 num
2175 3207 2518 3279 praedicando
2547 3205 2840 3262 convertit.
2869 3203 3015 3259 Beda
3042 3204 3165 3259 hist.
3195 3199 3351 3275 Angl.

2091 3300 2195 3357 679
2234 3298 2623 3356 Constantinus
2675 3297 2953 3369 Augustus
2996 3295 3320 3365 legationem
3367 3294 3597 3348 Romam

2022 3391 2206 3458 misit,
2239 3398 2294 3446 et
2320 3398 2377 3444 ut
2399 3406 2496 3460 pro
2522 3387 2867 3445 confutandis
2892 3387 3164 3442 hmreticis
3191 3384 3427 3457 synodus
3459 3398 3596 3453 apo-

2020 3485 2212 3540 stolica
2249 3483 2574 3539 auctoritate
2599 3480 3065 3550 Constantinopoli
3100 3480 3256 3535 tieret
3282 3476 3594 3549 postulavit.

2020 3577 2231 3650 Agatho
2260 3592 2397 3648 papa
2427 3577 2691 3647 synodum
2735 3591 2838 3631 cxx
2866 3575 3241 3644 episcoporum
3273 3572 3457 3626 Ruina:
3485 3570 3599 3626 col-

2018 3666 2169 3738 legit,
2192 3675 2245 3721 et
2267 3666 2547 3722 haereticos
2574 3681 2733 3719 unam
2763 3666 2814 3719 in
2842 3664 3057 3720 Christo
3071 3670 3443 3734 operationem
3466 3659 3602 3733 dog-

2018 3758 2338 3814 matizantes
2381 3757 2675 3813 damnavit.
2705 3755 2837 3811 Bed.
2867 3756 3074 3823 chron.,
3101 3753 3174 3808 al.
3203 3772 3255 3806 a.
3286 3751 3413 3808 680.

1318 3929 1769 3990 COMPENDIUM
1809 3930 1917 3991 EX.
1940 3931 2184 3991 CODICE
2222 3930 2603 3988 BERNOLDL

396 4085 501 4143 669
540 4084 828 4142 Sarraceni
851 4085 1093 4143 Siciliam
1120 4094 1347 4140 vastant.

300 4178 303 4183 “
396 4177 498 4233 670
536 4178 604 4234 In
630 4177 813 4242 Italia,
849 4190 1056 4233 mortuo
1095 4175 1403 4233 Grimoaldo
1445 4174 1918 4246 Langobardorum

330 4284 460 4337 rege,
491 4265 761 4322 Pertariclt
788 4285 1002 4338 regnum
1028 4276 1307 4339 paternum
1336 4282 1445 4321 xvn
1476 4265 1631 4319 annis
1663 4265 1907 4320 obtinuit.

392 4354 509 4412 672‘
536 4356 719 4412 Rome
767 4355 1029 4412 Vitaliano
1053 4397 1067 4413 .
1096 4396 1111 4413 .
1135 4397 1151 4411 .
1187 4356 1330 4411 mitis
1368 4365 1415 4411 et
1454 4356 1598 4426 pius,
1629 4357 1718 4426 qui
1742 4355 1919 4410 multa,

326 4446 549 4512 a'di/icia
578 4445 756 4501 Romae
776 4447 1090 4502 construxit.

392 4536 496 4591 673
540 4535 652 4592 Hoc
673 4556 812 4592 anno
835 4538 1207 4595 Theodorus...
1229 4521 1456 4611 collegit.

394 4627 496 4682 674
538 4627 866 4698 Dagobertus
910 4645 1004 4685 rea:
1047 4627 1418 4695 Francorum,
1460 4629 1757 4699 praecipuus
1805 4627 1909 4683 Εεο

323 4716 599 4771 etesiarum
626 4718 727 4773 Dei
757 4730 1046 4786 venerator,
1075 4721 1222 4775 obiit.
1268 4719 1524 4791 Regnavit
1558 4735 1727 4775 annos
1761 4734 1907 4774 xuv.

327 4803 545 4862 Parisiis
572 4807 823 4878 sepelitur
850 4809 1023 4883 (225).

390 4898 492 4956 676
532 4898 737 4967 Roma',
768 4902 1013 4971 defuncto
1058 4902 1328 4957 Adeodato
1356 4918 1493 4973 papa
1537 4909 1655 4973 post
1702 4916 1902 4955 menses

325 4997 564 5057 quatuor,
614 4990 797 5045 Donus
835 5010 972 5065 papa
1013 4989 1219 5048 LXXX
1271 4994 1403 5049 sedit
1452 5006 1650 5048 annum
1704 5007 1901 5057 unum,

329 5092 517 5135 menses
537 5081 802 5148 quinque;
823 5086 908 5150 qui
931 5085 1190 5155 porticum
1219 5083 1278 5140 S.
1309 5084 1458 5141 Petri
1484 5099 1747 5139 marmore
1769 5091 1902 5143 stra:

2018 4083 2107 4138 ait.
2136 4082 2348 4137 Cometa
2373 4100 2466 4153 per
2491 4091 2594 4136 tres
2625 4097 2825 4136 menses
2854 4080 2984 4136 uisa.

2089 4172 2190 4228 677
2233 4172 2469 4227 Ecclesia
2508 4172 2847 4230 Ravennas...
2870 4188 2924 4226 se
2951 4172 3141 4226 iterum
3164 4171 3407 4241 subjecit.

2083 4265 2188 4323 678
2226 4265 2473 4321 Romw...
2532 4263 2763 4320 LXXXI
2786 4266 2920 4319 sedit
2942 4266 3097 4319 annis
3127 4279 3199 4329 ιι,
3226 4263 3489 4318 mensibus
3512 4280 3582 4319 vt.

2017 4357 2117 4412 Hic
2140 4375 2275 4428 papa
2307 4357 2447 4427 apud
2469 4358 2835 4427 imperatorem
2862 4356 3031 4425 effecit
3072 4365 3125 4408 ut
3165 4355 3435 4424 quantitas
3460 4354 3590 4408 rele-

2014 4459 2241 4513 varetur,
2285 4463 2403 4519 quia
2443 4463 2538 4517 pro
2586 4445 2917 4500 ordinatione
2960 4443 3223 4515 pontiﬁcis
3272 4442 3430 4497 solita
3475 4451 3589 4498 erat

2011 4540 2163 4605 dari,
2209 4541 2286 4593 ita
2333 4549 2506 4594 tamen
2552 4548 2608 4593 ut
2657 4538 2921 4591 decretum
2949 4534 3189 4606 generale
3233 4535 3299 4588 de
3343 4533 3609 4588 electione

2010 4633 2156 4705 prius
2192 4631 2260 4683 ad
2286 4633 2647 4698 imperatorem
2674 4629 2984 4693 mitteretur,
3012 4640 3169 4696 quam
3198 4624 3287 4678 ille
3310 4639 3586 4678 consecra-

2014 4733 2158 4778 retur
2183 4721 2353 4792 (226).
2383 4715 2942 4787 Anast.—Wilfridus
2972 4715 3261 4787 Anglorum
3290 4714 3583 4783 episcopus,

1931 4800 1980 4860 D
2006 4831 2037 4869 a
2064 4810 2312 4866 Guiberto
2339 4807 2459 4883 [al.,
2484 4807 2730 4880 Ecberto]
2760 4824 2875 4879 rege
2897 4807 3020 4862 sede
3043 4822 3143 4861 sua
3159 4806 3364 4875 pulsus,
3391 4802 3591 4863 multos

2004 4904 2059 4957 in
2086 4901 2273 4955 exsilio
2303 4898 2371 4952 ad
2398 4898 2681 4953 Dominum
2714 4899 2982 4957 convertit.

2076 4992 2177 5046 679
2217 4988 2626 5053 Constantinus,
2668 4995 2800 5054 ctc.,
2832 4997 2889 5044 ut
2917 4987 3054 5055 Aug.

1846 5307 2073 5365 ΝΟΤιΕ.

390 5461 532 5508 ,2231
574 5459 813 5508 Confusa
860 5463 972 5508 Imm
1003 5475 1160 5508 clunt-
1194 5478 1293 5508 nm!
1325 5463 1485 5508 lmine
1528 5458 1687 5508 anni:
1726 5460 1894 5508 Πειρη.

2003 5478 2121 5508 rmn
2162 5462 2247 5508 hic.
2279 5475 2436 5508 error
2474 5467 2590 5508 ρει.
2644 5455 2738 5508 (tui
2788 5460 2977 5508 ambos
3021 5454 3122 5508 hos
3165 5449 3505 5508 Daaobertos
3542 5451 3594 5508 itt
