4062 5508
456 299 581 369 ,147
1333 292 1689 350 IIEBMANNI
1728 294 2119 351 C(lNTBACTI
2160 293 2530 351 AUGIENSIS
2570 294 2868 352 MONACIII
3651 289 3756 349 “8

1801 409 2033 466 constt
2071 379 2460 466 AUGIENSIS.
3612 381 3617 388 ’

544 525 649 580 680
687 523 918 595 Eclipsis
965 521 1130 578 Luna:
1179 520 1330 595 (227)
1385 534 1442 579 et
1496 539 1693 594 magna
1759 523 2065 578 mortalitas
2098 531 2141 587 Α
2170 530 2226 578 et
2275 523 2410 576 bona
2453 521 2660 595 jugiter
2715 523 2891 579 studia
2945 533 3178 579 sectans.
3224 522 3760 578 Anast.—Contet:e

459 617 662 688 Roma:
691 633 791 688 per
837 617 1058 671 aestivos
1093 631 1311 670 menses
1341 617 1506 672 facta.
1557 616 1744 670 Anast.
1769 617 2068 687 —Agatho
2171 625 2454 684 apparent.
2497 625 2553 670 et
2588 631 2742 670 mons
2776 615 3085 684 Campanite
3109 614 3329 678 Bobius,
3365 615 3502 668 ultra
3540 615 3757 670 modum

470 725 612 781 papa
689 710 898 781 legatos
967 708 1492 778 Constantinopolim
1565 708 1713 762 misit
1776 708 2068 763 indictione
2169 704 3760 776 ﬂammaseructans,circmnpositaexttssit.Paul.Dtar.-—-

473 817 528 854 ικ
560 799 734 870 (2'28),
766 800 881 870 qui,
913 797 1214 871 ltoncriﬁce
1252 797 1320 851 ab
1349 797 1592 868 Augusto
1627 799 1861 867 suscepti
1906 807 2068 867 atque
2171 802 2224 855 In
2257 803 2561 865 Britannia,
2589 799 2840 871 ngridus
2868 818 2984 866 rex,
3018 817 3162 865 cum,
3192 798 3544 856 dissuadente
3571 810 3762 854 sant-to

475 890 718 955 tractati,
751 899 920 944 sextae
967 889 1174 960 synodo
1236 888 1530 942 universali
1578 903 1646 942 CL
1691 889 2065 958 episcoporum
2097 930 2104 936 .
2167 893 2464 956 Cudberto,
2496 886 2678 946 Pictos
2709 893 2923 946 incante
2946 888 3087 946 bello
3117 901 3358 961 peteret,
3390 889 3458 944 ab
3487 890 3620 959 ipsis
3651 890 3761 941 vic-

467 979 845 1052 prmfuerunt,
901 988 957 1034 et
1006 979 1288 1035 convictos
1339 980 1736 1034 rationabiliter
1783 980 2068 1035 haereticos
2171 991 2257 1037 tus
2301 991 2356 1036 et
2389 992 2698 1053 peremptus
2749 983 2987 1047 interiit;
3045 998 3141 1053 pro
3189 997 3296 1051 quo
3341 979 3623 1035 Aldfridus
3667 993 3759 1033 res

455 1089 638 1142 tinam
664 1073 720 1144 in
746 1071 966 1128 Christo
986 1072 1318 1126 voluntatem
1338 1083 1393 1126 et
1419 1073 1790 1142 operationem
1816 1087 2067 1127 asseren-
2167 1073 2288 1144 pius
2317 1084 2372 1127 et
2399 1075 2637 1143 prudens
2668 1073 2916 1144 regnavit
2935 1073 3094 1126 annis
3122 1089 3235 1126 xix.
3262 1071 3428 1135 Beda,
3446 1071 3570 1124 hist.
3601 1070 3759 1140 Angl.

467 1171 553 1216 tes
574 1161 989 1216 damnaverunt.
1016 1159 1599 1218 Anast.—-Theodorus
1629 1163 2065 1233 arclziepiscOpus
2238 1166 2341 1223 685
2405 1167 2612 1231 Bomm,
2660 1176 2781 1236 post
2834 1167 3044 1221 Pascha
3111 1167 3366 1220 defuncto
3420 1163 3758 1225 Benedicto,

466 1250 767 1322 Anglorum
816 1252 943 1306 item
993 1251 1258 1322 synodum
1287 1251 1504 1312 collegit
1529 1252 1700 1318 (229i.
1742 1253 1912 1319 Beda,
1937 1255 2060 1308 hist.
2167 1256 2378 1310 exactis
2409 1256 2527 1326 plus
2548 1257 3078 1320 duohusmensibus,
3108 1255 3269 1326 108
3294 1253 3532 1310 Joannes
3555 1252 3596 1306 V
3622 1268 3760 1322 papa

471 1343 633 1412 Angl.

2168 1345 2433 1402 LXXXIV
2457 1341 2597 1401 sedit
2619 1362 2764 1401 anno
2795 1363 2922 1410 uno,
2947 1347 3030 1400 vir
3055 1347 3183 1399 item
3207 1345 3452 1400 eruditus
3473 1354 3527 1398 ct
3552 1345 3757 1398 discrev

542 1434 640 1488 681
685 1433 1176 1504 Constantinopoli,
1211 1443 1361 1490 sexta
1396 1435 1637 1506 synodus
1683 1451 1747 1491 CI.
1785 1436 2065 1507 episcopo—
2168 1449 2296 1503 tus;
2334 1440 2425 1508 qui
2460 1435 2612 1508 prius
2652 1439 3069 1493 archidiaconus
3100 1437 3308 1507 legatus
3353 1439 3405 1491 in
3453 1453 3507 1490 vt
3554 1437 3762 1506 synodo

469 1541 627 1593 rum,
662 1526 958 1582 indictione
987 1543 1064 1592 tx,
1095 1543 1282 1584 mense
1321 1529 1508 1594 Febr.,
1537 1539 1680 1591 acta.
1713 1539 1768 1584 et
1802 1531 2065 1586 Macarius
2167 1527 2474 1599 apostolica:
2506 1529 2654 1584 sedis
2703 1528 2899 1583 fuerat.
2932 1530 3119 1583 Anast.
3152 1560 3222 1569 —
3263 1526 3760 1597 Constantinopoli,

463 1620 844 1676 Antiochenus
901 1635 1273 1691 sequacesque
1343 1623 1547 1677 erroris
1619 1623 1856 1678 damnati
1916 1634 2062 1680 sunt.
2165 1621 2528 1677 Constant-inn
2579 1623 2908 1692 imperatore
2954 1622 3213 1678 defuncto
3262 1622 3404 1677 illius
3435 1619 3552 1690 ejus
3594 1613 3763 1674 Justi-

466 1708 677 1777 Qnibus
697 1711 990 1775 damnatis,
1023 1712 1203 1767 subito
1230 1712 1478 1782 plurima:
1507 1728 1830 1770 aranearum
1861 1716 1982 1772 telae
2008 1717 2060 1770 in
2168 1717 2360 1770 nianus
2381 1716 2629 1787 regnavit
2659 1716 2815 1770 annis
2837 1733 2890 1780 x,
2920 1716 3036 1786 qui,
3063 1715 3254 1771 lueresi
3286 1716 3545 1786 pollutus,
3573 1716 3762 1768 ortho-

463 1799 687 1854 basilica
710 1815 894 1856 coram
924 1801 1080 1872 107
1105 1801 1361 1858 omnibus
1390 1804 1736 1872 ceciderant,
1775 1807 2060 1862 haereticas
2165 1807 2322 1863 doxis
2352 1805 2454 1861 fuit
2480 1805 2723 1862 infensus
2746 1815 2800 1861 et
2826 1795 3046 1876 pravus.
3083 1799 3179 1861 llic
3224 1807 3389 1860 etiam
3423 1821 3547 1860 cum
3595 1804 3763 1858 Sara-

460 1892 714 1948 videlicet
742 1909 917 1964 nugas
951 1893 1188 1962 deiectas
1224 1910 1347 1950 esse
1385 1897 1794 1966 portendentes.
1829 1901 2018 1954 Anast.
2093 1888 2134 1945 Β
2165 1897 2344 1961 cenis,
2392 1896 2700 1967 provincias
2757 1896 2944 1965 plures
2991 1890 3434 1959 devastantibus,
3493 1896 3620 1949 data
3681 1895 3762 1950 eis

453 2040 460 2046 ,
533 1984 642 2039 682
682 1984 890 2048 Romae,
921 1984 1180 2040 defuncto
1239 1987 1526 2055 Agathone
1591 2004 1754 2059 papa,
1827 1991 2062 2045 cessavit
2165 1988 2332 2040 multa
2361 1989 2617 2057 pecunia,
2642 2003 2829 2058 pacem
2863 1987 2914 2041 in
2942 1987 3266 2040 decennium
3294 1985 3557 2039 condixit.
3595 1978 3758 2037 Paul.

460 2077 813 2147 episcopatus
843 2089 986 2129 anno
1019 2089 1063 2140 t,
1099 2077 1376 2132 mensibus
1405 2094 1477 2133 vn
1506 2079 1676 2150 (230).
1710 2081 1899 2135 Anast.
2132 2140 2134 2142 ν
2164 2079 2318 2131 Diae.
2341 2077 2477 2132 -——ln
2503 2077 2806 2139 Britannia,
2832 2077 3067 2132 Luthcrc
3102 2092 3195 2130 res
3225 2075 3644 2130 Cantuariorum
3672 2075 3758 2128 iu-

537 2167 643 2222 683
683 2167 886 2230 Romae,
920 2165 1030 2222 Leo
1062 2169 1354 2232 secundus,
1410 2184 1550 2238 papa
1607 2169 1868 2235 LXXXII,
1923 2171 2062 2224 sedit
2162 2169 2326 2222 teriit.
2360 2167 2531 2233 Beda,
2569 2166 2696 2222 hist.
2727 2168 2883 2238 Angl.

463 2259 746 2314 mensibus
777 2257 891 2313 fere
917 2274 992 2322 χι,
1019 2259 1104 2312 vir
1137 2274 1234 2328 per
1261 2261 1443 2314 omnia
1481 2262 1918 2327 eruditissimus,
1950 2263 2058 2317 elo~
2232 2257 2335 2313 686
2375 2259 2578 2321 Romae,
2609 2256 2867 2312 defuncto
2892 2253 3131 2323 Joanne,
3162 2264 3286 2326 post
3324 2271 3385 2309 ιιι
3414 2271 3629 2308 menses
3657 2253 3759 2309 Co-

465 2350 862 2420 quentissimus
891 2360 1056 2419 atque
1086 2350 1394 2429 piissimus;
1426 2353 1516 2421 qui
1559 2352 1764 2422 aliquot
1799 2353 2060 2410 ecclesias
2163 2365 2269 2402 non
2300 2363 2434 2419 papa
2467 2347 2709 2402 LXXXV
2741 2348 3028 2402 ordinatus
3071 2347 3212 2402 sedit
3242 2347 3520 2400 mensibus
3553 2363 3605 2400 ιιι
3629 2387 3643 2408 ,
3676 2347 3758 2398 vir

450 2454 739 2501 _renovans
768 2439 1035 2495 dedicavit
1070 2449 1230 2508 atque
1259 2441 1501 2505 ornavit,
1530 2457 1624 2496 sua
1655 2441 1874 2498 decreta
1908 2443 2057 2508 fecit,
2160 2450 2428 2511 provecta
2448 2441 2647 2504 relatis,
2675 2455 2901 2494 summa:
2926 2440 3249 2494 innocentia:
3293 2450 3602 2506 sancteque
3631 2438 3760 2492 sim-

463 2539 520 2585 et
545 2529 776 2601 plurima
805 2531 1020 2601 egregie
1048 2531 1296 2598 scripsit,
1337 2531 1522 2584 docuit
1557 2526 1719 2600 atque
1749 2534 2055 2588 constituit.
2161 2534 2452 2604 p’icitatis;
2485 2534 2600 2604 qui,
2637 2533 2996 2588 dissentiente
3047 2533 3096 2586 in
3147 2532 3375 2586 duorum
3412 2531 3758 2602 presbytero-

463 2622 746 2675 Anast.—
775 2620 886 2676 Hoc
935 2637 1079 2674 anno
1127 2630 1214 2674 xvt
1268 2617 1437 2691 (231),
1492 2622 1582 2676 die
1608 2619 1809 2692 Aprilis
1858 2624 1908 2677 in
1959 2619 2060 2678 Pa-
2163 2641 2280 2680 rum
2312 2625 2578 2680 electione
2605 2623 2752 2679 clero
2794 2633 2848 2676 et
2894 2623 3128 2694 populo,
3163 2623 3355 2676 tertius
3380 2624 3756 2691 postremoab

465 2729 712 2780 rasceve,
744 2723 852 2768 tota
881 2727 1019 2782 pene
1050 2722 1208 2766 nocte
1234 2712 1383 2767 Luna
1416 2713 1640 2782 eclipsin
1672 2729 1851 2782 passa.
1878 2712 2058 2785 Egt'ri-
2159 2717 2403 2787 utrisque
2423 2717 2628 2772 electus
2669 2727 2772 2772 est.
2806 2716 2994 2769 Anast.
3015 2746 3086 2755 —
3108 2715 3163 2769 lu
3193 2715 3497 2780 Britannia,
3531 2721 3758 2768 sanctus

466 2805 572 2860 dus
611 2820 705 2859 rex
740 2805 1038 2874 Anglorum
1065 2845 1087 2870 ,.
1109 2806 1274 2859 misso
1300 2807 1581 2871 exercitu,
1629 2805 1941 2862 Hiberniam
1973 2809 2059 2861 iu-
2159 2808 2435 2863 Ioannnes
2463 2808 2907 2879 Hagustaldensis
2929 2806 3187 2861 Ecclesia:
3217 2805 3504 2876 episcopus
3530 2803 3756 2858 ordina~

465 2895 640 2972 sulam
687 2895 804 2950 sine
855 2910 1016 2950 causa
1055 2895 1354 2950 crudeliter
1401 2907 1601 2950 vastt.
1654 2899 1884 2952 Sancfus
1919 2898 2060 2954 Cnd-
2162 2909 2247 2954 tus
2274 2899 2456 2954 multis
2479 2899 2672 2953 claruit
2699 2899 3008 2952 virtutibus.
3045 2895 3208 2956 Beda.
3241 2897 3366 2949 hist.
3405 2895 3559 2965 Angl.

460 2987 689 3042 berthus
721 2985 841 3058 [al..
886 2986 1242 3058 Cuthbertus]
1293 2985 1745 3044 Liudut‘arncnsis
1774 2988 1897 3061 [al.,
1928 2991 2057 3046 Liu-
2232 2994 2334 3049 687
2360 2993 2565 3055 Romae,
2590 2990 2842 3046 defuncto
2869 2991 3107 3053 Conone,
3131 2988 3339 3044 exactis
3369 2989 3481 3042 l'cre
3501 3003 3560 3041 ιιι
3595 3003 3756 3041 men-

462 3076 1131 3150 disl‘arnensis1Ecclesim
1160 3080 1446 3147 ephcopus
1475 3081 1781 3142 ordinatur,
1817 3083 1906 3151 qui
1941 3082 2058 3152 plu-
2160 3080 2339 3148 sibus,
2371 3083 2593 3152 Sergius
2623 3099 2758 3153 papa
2793 3077 3057 3135 LXXXVI
3086 3081 3227 3134 sedit
3251 3080 3408 3134 annis
3442 3095 3570 3144 xm,
3604 3093 3754 3132 men-

461 3167 617 3222 rimis
661 3167 998 3222 Britanniam
1046 3168 1340 3222 virtutibus
1365 3169 1682 3224 decorabat.
1713 3170 1880 3236 Beda,
1929 3172 2052 3226 hist.

2162 3178 2312 3232 sibus
2341 3176 2452 3230 fere
2484 3192 2557 3228 ιιι.
2583 3175 2680 3228 llic
2703 3189 2936 3244 quoque,
2967 3174 3416 3228 dissentientibus
3447 3172 3497 3226 in
3521 3172 3754 3227 duorum

465 3260 625 3331 Αηθίο
2085 3249 2129 3307 (ἶ
2161 3267 2426 3321 electione
2456 3265 2734 3336 partibus,
2767 3266 2964 3319 tertius
2992 3259 3100 3320 Dec
3136 3265 3352 3318 volente
3387 3263 3702 3317 electusest
3733 3277 3748 3324 ;

536 3351 642 3407 684
682 3350 889 3418 Romae,
923 3347 1178 3407 defuncto
1205 3351 1410 3418 Leone,
1433 3351 1667 3407 cessavit
1712 3353 2056 3424 episc0patus
2162 3359 2251 3428 qui
2278 3359 2329 3412 iu
2360 3358 2462 3411 ﬁde
2485 3355 2750 3413 catholica
2777 3357 2932 3410 fortis
2957 3356 3392 3426 persecutionem
3420 3354 3488 3408 ab
3509 3355 3755 3424 Augusto

463 3456 610 3494 anno
637 3439 750 3496 fere
780 3457 818 3504 ι,
869 3451 993 3511 post
1037 3458 1198 3512 quem
1241 3441 1562 3498 Benedictus
1597 3443 1884 3508 secundus,
1916 3459 2054 3514 papa
2159 3445 2468 3502 Justiniano
2491 3463 2681 3520 passus
2705 3455 2809 3512 est.
2835 3455 2890 3502 et
2910 3447 3173 3503 ecclesias
3199 3445 3398 3501 multas
3422 3442 3753 3505 construxit,

448 3530 759 3601 LXXXIII,
784 3533 924 3588 sedit
959 3533 1235 3589 mensibus
1263 3550 1319 3599 κ,
1365 3534 1449 3588 vir
1477 3535 1693 3600 doetus,
1720 3549 1775 3590 et
1805 3536 2055 3591 omnibus
2161 3540 2443 3594 renovavit
2484 3548 2538 3592 et
2567 3538 2854 3594 exornavit
2902 3549 3068 3609 atque
3119 3539 3345 3604 ditavit;
3380 3538 3463 3592 vir
3504 3536 3758 3590 videlicet

449 3626 590 3695 ,pius
616 3635 672 3681 et
698 3625 1004 3692 beneﬁcus,
1035 3626 1296 3682 ecclesias
1332 3637 1646 3684 restaurans
1675 3639 1731 3684 et
1758 3644 2050 3694 exornans,
2160 3641 2382 3686 sanctus
2400 3640 2452 3685 et
2475 3631 2728 3686 omnibus
2748 3631 2905 3686 bonis
2928 3631 3187 3687 intentus.
3214 3629 3550 3685 Anam—In
3576 3627 3752 3691 Italia,

1466 3767 1916 3826 COMPENDIUM
1956 3767 2048 3823 EX
2084 3766 2331 3824 CODICE
2368 3766 2738 3823 BEBNOLDI.

528 3883 640 3942 680
674 3884 904 3957 Eelipsis
951 3887 1123 3952 lunaz,
1175 3891 1226 3942 et
1279 3903 1470 3956 magna
1520 3884 1817 3939 mortalitas
1869 3885 2053 3940 Roma:
2229 3883 2332 3940 684
2372 3884 2552 3941 Romae
2579 3886 2918 3956 defuncto...
2967 3902 3163 3940 annum
3200 3885 3310 3955 fere
3341 3901 3572 3938 unum...
3603 3901 3750 3939 men-

457 3979 624 4050 facta.
675 3981 879 4052 Agatho
923 3998 1129 4052 papa...
1178 3981 1400 4050 suscepti
1430 3990 1657 4035 sextm...
1689 3979 2013 4050 prmfuernnt
2034 4021 2048 4043 ,
2155 3978 2302 4031 sibus
2330 3977 2538 4045 decem,
2570 3979 2650 4032 vir
2680 3979 2810 4032 satis
2840 3977 3145 4032 laudabilis.
3179 3977 3409 4031 Cometa:
3441 3987 3714 4046 apparent.

455 4083 503 4128 et
524 4081 737 4126 cunctos
759 4073 1099 4127 htcreticos...
1124 4073 1530 4136 damnaverunt,
1551 4082 1598 4125 et
1621 4089 1796 4125 novem
1820 4071 2048 4141 capitula
2228 4069 2332 4124 685
2374 4068 2558 4123 Roma:
2581 4080 2696 4140 post
2730 4068 3008 4123 Pascha...
3034 4069 3167 4123 sedit
3195 4084 3396 4122 annum
3427 4083 3625 4132 unum,
3660 4069 3752 4136 qui

458 4166 902 4232 conscripserunt.
936 4164 1272 4229 Theodorus,
1303 4174 1435 4230 etc.,
1463 4172 1523 4218 ιιι
1553 4165 1693 4233 Aug.
2152 4160 2302 4230 prius
2332 4161 2771 4222 archidiaconus,
2819 4161 3022 4229 legatus
3072 4160 3125 4213 in
3169 4171 3317 4213 sexta
3365 4160 3564 4228 synodo
3613 4158 3752 4212 sedis

525 4255 623 4310 681
668 4254 1122 4327 Constantinopoli
1143 4266 1291 4311 sexta
1311 4255 1588 4326 synodus.
1621 4293 1636 4309 .
1657 4255 2046 4324 portendentes.
2154 4252 2454 4318 apostolica:
2489 4252 2682 4321 fuerat.
2713 4251 3194 4320 Constantinopoli,
3240 4249 3585 4304 Constantino
3622 4253 3750 4319 imp.

449 4345 663 4413 Agatho
686 4363 824 4415 papa
857 4346 1094 4402 decessit.
1125 4361 1213 4400 an.
1247 4361 1362 4415 req.
2155 4343 2425 4414 defuncto,
2451 4344 2595 4413 ﬁlius
2623 4345 2738 4415 ejus
2761 4344 3100 4398 Justinianus
3126 4343 3358 4414 regnavit
3383 4343 3535 4396 annis
3557 4358 3613 4405 ι,
3639 4342 3730 4400 aui

527 4433 634 4489 68%
673 4433 854 4488 Roma:
881 4435 1128 4504 defuncto
1157 4436 1430 4506 Agathone
1450 4473 1465 4501 ,
1503 4442 1636 4498 etc.,
1671 4441 1730 4486 ut
1760 4435 1900 4504 Aug.
2155 4435 2342 4490 hazresi
2368 4436 2620 4507 pollutus,
2649 4437 2956 4490 orthodoxis
2985 4445 3059 4489 est
3091 4435 3334 4503 infestus.

523 4526 630 4582 685
669 4525 848 4580 Romae
905 4525 1011 4580 Leo
1067 4527 1349 4591 secundus,
1387 4543 1524 4596 papa
1580 4523 1871 4590 LXXXII,
1915 4524 2048 4578 sedit
2083 4545 2128 4602 ι)
2226 4529 2330 4583 686
2371 4527 2548 4581 Roma:
2581 4527 2900 4596 defuncto...
2950 4543 3151 4580 menses
3202 4541 3286 4590 XI,
3339 4526 3418 4579 rir
3466 4526 3588 4579 item
3634 4524 3753 4578 lau-

455 4617 620 4685 [erme
661 4617 927 4670 mensibus
973 4632 1058 4682 st,
1105 4616 1185 4670 uir
1227 4633 1321 4686 per
1363 4617 1541 4670 omnia
1587 4617 1973 4671 eruditissimus
2001 4626 2050 4670 et
2156 4619 2455 4674 dabilis.ln
2478 4619 2756 4673 Britannia
2773 4618 3088 4674 SJoannes
3107 4619 3752 4690 Ilagustaldensiseuisco-

452 4711 754 4780 piissimus,
808 4711 900 4780 qui
947 4727 1045 4764 sua
1094 4711 1302 4764 decreta
1347 4711 1508 4780 fecit,
1565 4710 1794 4780 plurima
1851 4711 2050 4782 egregie
2153 4729 2250 4781 pus
2283 4711 2461 4764 clarus
2489 4710 2731 4762 habetur.

451 4769 695 4872 scripsit,
722 4769 898 4856 docuit
927 4811 974 4856 et
1004 4801 1294 4855 constituit.
1453 4769 1750 4856 Giudbertus
1773 4843 1786 4868 ,
1834 4769 2046 4859 Lindiu-
2153 4769 2164 4781 Ι
2226 4802 2330 4857 687
2371 4801 2548 4854 Roma:
2574 4798 2892 4869 defuncto...
2921 4800 3029 4870 fere
3051 4769 3102 4855 ιιι
3123 4841 3138 4865 ,
3165 4801 3254 4871 qui
3279 4801 3331 4854 in
3359 4801 3464 4870 ﬁde
3489 4799 3748 4854 catholica

455 4891 719 4958 farnensis
746 4890 999 4947 Ecclesia:
1030 4894 1302 4963 episcopus
1323 4933 1337 4959 ,
1370 4892 1705 4948 Britanniam
1738 4893 1916 4948 multis
1949 4897 2050 4950 vir—
2153 4896 2309 4964 fortis
2352 4893 2758 4962 persecutionem
2789 4892 2856 4946 ab
2896 4893 3032 4963 Aug.
3065 4893 3374 4948 Iustiniano
3421 4909 3608 4962 passus
3637 4903 3744 4955 est,

454 4981 654 5035 tatibus
681 4982 969 5036 decoravit.
2155 4990 2233 5042 vir
2256 4987 2442 5058 quippe
2462 4995 2678 5040 sanctus
2707 4993 2754 5038 et
2781 4986 3019 5040 omnibus
3051 4986 3198 5040 bonis
3226 4987 3476 5040 intentus.

1984 5099 2219 5157 ΝΟΤᾸΞ.

526 5207 667 5224 ,ΛΑ-ι
714 5206 746 5224 Π
789 5207 844 5224 ..θ
917 5217 928 5224 ο
969 5210 1029 5224 ⁸-
1066 5207 1088 5224 θ
1247 5221 1259 5226 -
1293 5211 1308 5226 Ι
1331 5213 1344 5226 Ι
1385 5211 1425 5226 η

969 5210 1029 5224 ⁸-
1066 5207 1088 5224 ο
1247 5221 1259 5226 -
1293 5211 1344 5226 ιι
1385 5211 1425 5226 η
2222 5213 2362 5230 οΑ-Λὶ
2409 5213 2468 5230 ντί
2522 5213 2533 5224 ³
