4062 5508
363 206 464 268 169

1531 215 1943 272 CIIRONICON.
1981 246 2052 256 ——
2091 216 2264 272 διες.
2307 217 2437 275 VIII.

3518 221 3634 286 ιεο

1659 311 1888 407 coner
1923 351 2308 408 suemusns.

360 461 624 520 deimicto
654 464 1008 521 Pertharicbo
1052 482 1178 538 rege
1227 467 1704 537 Langobardorum
1727 508 1741 530 .
1788 466 1951 521 Cuui-
1980 473 2023 528 Α
2058 471 2193 540 tyrio
2209 473 2544 539 coronati,et
2560 473 2756 527 divinis
2776 474 3049 529 miraculis
3064 473 3636 546 declarati,aPippiuo

359 554 555 610 lienus
586 558 729 612 lilius
759 559 876 626 eius
922 575 1012 613 rex
1046 570 1301 615 strenuus
1324 600 1339 623 ,
1387 560 1533 614 milis
1561 568 1615 613 et
1643 557 1835 624 bonus,
1868 573 1953 612 re-

359 651 554 719 gnavit
577 652 735 706 annis
773 667 872 705 xu.
906 650 1065 707 Paul.
1096 653 1247 706 Diac.
1271 671 1324 708 a.
1356 652 1480 710 686.

431 764 545 821 688
586 767 898 829 Ccadwald,
949 783 1044 823 rex
1091 769 1508 824 occidentalium
1565 768 1859 831 Saxonum,
1889 768 1956 822 ad

362 853 528 907 ﬁdem
553 854 756 912 Christi
783 873 1096 921 conversus,
1123 858 1348 912 Romam
1375 860 1543 923 venit,
1569 869 1622 914 et
1656 860 1707 914 in
1733 860 1957 914 sabbato

359 952 559 998 sancto
607 942 832 1001 Pascha:
875 962 903 1001 a
955 946 1146 1016 Sergio
1175 963 1309 1017 papa
1341 949 1647 1019 baptizatus
1681 958 1735 1003 et
1766 948 1958 1004 Petrus

358 1044 627 1098 vocatus,
684 1038 816 1092 inibi
865 1039 917 1093 in
965 1038 1106 1092 albis
1153 1039 1478 1104 defunctus,
1521 1040 1592 1094 ab
1657 1038 1775 1108 ipso
1820 1053 1954 1108 papa

359 1139 583 1178 summo
610 1127 814 1181 honore
843 1127 1138 1183 tumulatus
1158 1138 1214 1182 et
1233 1129 1510 1198 epitaphio
1537 1129 1827 1182 decoratus
1849 1136 1952 1181 est.

357 1211 494 1266 Bcd.
519 1216 651 1270 hist.
679 1216 836 1285 Angl.
862 1236 916 1271 a.
946 1219 1071 1274 689.
1094 1249 1162 1259 -—
1182 1219 1239 1273 In
1262 1235 1427 1290 regno
1448 1218 1955 1286 Francorum,Pip-

357 1305 548 1371 pinus,
576 1305 722 1361 ﬁlius
748 1309 961 1377 Ansgisi
986 1309 1084 1363 lilii
1106 1311 1278 1364 sancti
1310 1309 1535 1374 Arnolli,
1561 1307 1952 1364 Theodericum

360 1395 530 1466 109
557 1413 594 1450 r:
615 1413 735 1468 gem
762 1399 929 1454 lilium
954 1400 1209 1455 Ludovici
1235 1401 1288 1455 in
1317 1400 1572 1456 Testritio
1596 1415 1772 1470 pugna
1803 1399 1952 1462 vicit,

355 1497 796 1555 et...potestatem
846 1493 996 1562 regni
1050 1493 1381 1548 Francorum
1430 1495 1690 1564 adeptus,
1741 1493 1843 1548 dux
1899 1500 1956 1547 et

356 1578 541 1648 major
570 1580 764 1635 donius
798 1577 1043 1654 regnavit
1073 1585 1232 1640 annis
1273 1602 1420 1640 nvn
1443 1627 1458 1649 ,
1505 1585 1722 1640 interim
1772 1595 1951 1638 tamen

354 1667 670 1736 Ludovico,
703 1674 1050 1730 Childeherto
1104 1687 1159 1731 et
1188 1676 1488 1747 Dagobcrto
1521 1677 1704 1747 regale
1733 1691 1948 1738 nomen,

352 1774 462 1813 non
513 1762 857 1833 dignitatem,
892 1764 1236 1822 habentibus.
1286 1765 1450 1820 Fred.
1515 1776 1654 1820 cont.
1705 1784 1758 1820 a.
1826 1764 1947 1820 687.

351 1855 558 1911 Annal.
603 1858 734 1914 Met.

422 1978 531 2034 689
570 1978 726 2035 Circa
756 1982 857 2036 hoc
886 1990 1093 2053 tempus
1119 1984 1170 2038 in
1200 1983 1349 2040 Italia
1377 1984 1599 2041 Alachis
1625 1985 1732 2042 dux
1760 1994 1945 2056 tyran-

350 2069 540 2124 nidem
558 2071 778 2139 invasit,
800 2085 876 2138 et,
901 2075 1066 2146 Papia
1085 2088 1630 2150 occupata,regeque
1653 2077 1946 2135 Cuniberto

353 2160 407 2214 iu
433 2161 614 2216 insula
643 2163 956 2230 Comacina,
980 2169 1106 2236 quia
1135 2169 1289 2239 copia
1343 2170 1574 2224 militum
1602 2171 1779 2240 impar
1805 2180 1942 2239 erat,

350 2266 412 2305 se
435 2255 864 2320 communicato,
881 2268 1107 2312 crrnctos
1126 2271 1180 2313 et
1203 2259 1436 2315 maxime
1453 2259 1685 2316 clericos
1706 2260 1944 2316 crudelis

353 2343 683 2413 insequitur.
709 2345 869 2400 Paul.
905 2349 1056 2404 Diae.
1087 2367 1178 2406 an.
1211 2352 1339 2407 690.

423 2476 534 2531 690
557 2477 1239 2547 Theodorus,-venerabilis
1260 2488 1556 2559 Anglorum
1578 2490 1945 2562 archiepisco-

354 2582 474 2636 pus,
507 2586 652 2626 anno
682 2574 946 2630 adventus
978 2578 1059 2630 sui
1102 2578 1154 2632 in
1185 2578 1520 2636 Britanniam
1567 2599 1724 2649 χχιιι,
1772 2589 1946 2642 aetatis

355 2674 486 2713 vero
518 2678 761 2718 Lxxxvm
793 2666 1055 2734 decessit;
1089 2670 1202 2738 qui,
1236 2672 1378 2726 inter
1419 2673 1523 2727 alia
1561 2675 1717 2740 bona,
1748 2676 1942 2732 librum

355 2752 789 2894 prauitjntialem
820 2773 1014 2830 magna
1043 2760 1369 2818 discretione
1392 2768 1739 2836 conscripsit.
1771 2766 1937 2832 Beda,

355 2839 482 2891 hist.
570 2841 677 2894 nul.

355 2839 482 2891 hist.
521 2840 677 2910 Anyl.

427 2954 529 3008 691
556 2956 985 3026 ApudFrancos,
1005 2962 1374 3022 Theodoricus
1401 2983 1492 3022 rex
1518 2984 1660 3024 anno
1686 2971 1834 3042 regni
1855 2989 1945 3026 xu

357 3046 619 3111 moritur;
652 3065 748 3118 pro
778 3065 886 3120 quo
915 3051 1055 3109 ﬁlius
1083 3056 1201 3125 ejus
1228 3056 1538 3114 Ludovicus
1570 3074 1726 3128 puer,
1757 3077 1784 3114 a
1823 3063 1950 3133 Pip-

355 3138 487 3206 pino
509 3149 562 3193 et
588 3140 814 3199 Francis
844 3160 936 3198 rex
973 3147 1086 3201 solo
1110 3150 1326 3205 nomine
1353 3149 1550 3209 lactus:
1579 3154 1825 3224 regnavit
1851 3171 1948 3209 au-

360 3229 446 3284 nis
475 3246 511 3284 ιι
545 3233 714 3305 (252).
747 3234 909 3291 Fred.
941 3251 1080 3293 cont.
1111 3242 1306 3296 Annal.
1341 3242 1467 3298 Met.

427 3343 536 3399 692
571 3345 682 3402 Hoc
711 3358 952 3418 tempore
977 3352 1301 3410 Ciniibertus
1324 3372 1416 3412 rex
1437 3355 1941 3429 Langobardorum,

357 3443 577 3504 recepto
607 3435 698 3490 Dei
721 3440 896 3507 gratia
930 3456 1114 3512 regno,
1140 3446 1286 3499 votis
1328 3447 1570 3502 omnium
1595 3464 1773 3518 pugna
1801 3454 1942 3506 victo

359 3535 414 3578 et
439 3538 720 3598 perempto
755 3532 1005 3591 Alachiso
1037 3545 1495 3612 tyranno,,optata
1539 3544 1653 3597 suis
1689 3545 1942 3615 deinceps

358 3632 488 3687 pace
511 3621 777 3689 regnavit.
814 3621 973 3678 Paul.
1006 3627 1153 3682 Diae.
1175 3647 1228 3683 at
1259 3631 1386 3686 690.-

427 3732 532 3788 693
572 3734 725 3804 Apud
773 3736 1033 3805 Francos,
1082 3751 1200 3811 post
1240 3743 1570 3800 Ludovrcum
1624 3747 1795 3804 frater
1827 3713 1943 3820 ejus

359 3821 757 3890 Childebcrtus,
801 3829 943 3899 regis
989 3846 1184 3887 nomen
1215 3835 1461 3905 adeptus,
1493 3840 1738 3909 regnavit
1781 3842 1939 3897 annis

361 3928 487 3969 xm.
526 3914 753 3988 Fredeg.
778 3930 917 3975 cont.
945 3938 996 3976 a.
1027 3923 1151 3978 695.
1177 3926 1277 3979 An.
1306 3926 1432 3982 Met.

425 4029 530 4084 69i
574 4029 668 4086 llis
724 4033 928 4089 diebus
968 4035 1086 4091 duo
1121 4036 1296 4108 Angli.
1331 4039 1656 4111 presbyteri,
1698 4043 1851 4114 niger
1885 4052 1941 4099 et

360 4122 509 4178 albus
563 4123 825 4188 Hewaldi,
883 4126 1062 4181 studio
1113 4127 1288 4182 divini.
1325 4130 1470 4186 verbi
1522 4133 1760 4198 accensi,
1811 4133 1938 4187 dum

360 4213 664 4270 Saxonibus
690 4217 1069 4286 praedicarent,
1104 4234 1152 4271 a.
1175 4219 1496 4288 quibusdam
1540 4224 1757 4280 rusticis
1787 4239 1936 4280 mar-

2057 564 2294 620 Colonim
2323 566 2570 620 tumulati
2597 575 2740 621 sunt.
2773 565 2934 630 Beda,
2967 568 3090 622 hist.
3117 566 3282 637 Angl.

2129 657 2232 714 695
2262 657 2746 727 Constantinopoli,
2781 656 3119 712 .Iustiniauus
3143 659 3434 726 imperator
3460 673 3636 712 uterer-

2059 752 2220 811 ticus.
2257 767 2284 804 a
2329 751 2506 806 Leone
2552 758 2608 806 et
2655 749 2875 804 Tiberio
2919 750 3149 818 aliisque
3199 750 3636 820 conjuratoribus

2058 838 2271 908 injuriis
2318 837 2582 901 allectus,
2644 837 2900 892 absci'ssi's
2949 838 3170 893 naribus
3218 852 3383 907 regno
3427 838 3634 910 pulsus,

2063 930 2222 999 1‘10
2266 929 2419 984 exsul
2467 929 2520 983 in
2569 928 2798 984 Pontum
2846 928 3088 993 secessit,
3120 937 3173 982 et
3217 927 3324 982 Leo
3361 940 3635 1000 arreptum

2061 1020 2343 1090 imperium
2372 1020 2532 1074 annis
2579 1035 2640 1074 ιιι
2681 1019 2935 1074 obtinuit.
2969 1017 3126 1072 Paul.
3167 1017 3488 1074 Diam—Vir
3514 1036 3638 1075 san-

2058 1123 2178 1170 ctus
2201 1112 2564 1168 Wilibrordus
2587 1129 2616 1166 a
2645 1111 2837 1183 Sergio
2859 1126 2997 1182 papa
3022 1112 3459 1181 archiepiscopus
3485 1111 3633 1166 ordi-

2058 1213 2237 1270 natus,
2268 1215 2323 1259 et
2348 1203 2598 1259 Clemens
2620 1211 2864 1266 vocatus,
2898 1201 3040 1273 genti
3071 1200 3370 1255 Fresonum
3412 1201 3633 1256 verbum

2054 1297 2178 1351 vitae
2207 1297 2526 1367 prtedicans.
2554 1293 2801 1365 plurimis
2822 1292 2982 1349 saluti
3013 1289 3131 1346 fuit.
3158 1291 3289 1346 Bed.
3319 1292 3444 1345 hist.
3476 1291 3632 1362 Angl.

2056 1403 2145 1440 an.
2177 1386 2298 1447 690,
2329 1385 2606 1438 Alcuinus.

2126 1478 2230 1534 696
2295 1478 2349 1532 In
2414 1475 2691 1531 Britannia
2731 1475 3032 1546 provincia,
3095 1473 3634 1530 Nordamrmbrorum

2053 1571 2295 1640 quidam-
2323 1568 2673 1623 Truthelinus
2725 1582 2981 1636 corpore‘
3006 1575 3212 1634 raptus,
3264 1575 3318 1618 et
3348 1564 3634 1620 horrendis

2045 1661 2402 1732 jocundisque
2446 1659 2598 1722 visis,
2628 1659 2752 1713 vitze
2785 1658 3042 1721 redditus,
3088 1656 3550 1710 districtissimam
3578 1664 3634 1710 et

2053 1749 2581 1817 sanctamd'einceps
2611 1747 2763 1802 duxit
2812 1748 2999 1800 vitam.
3053 1745 3216 1811 Beda,
3246 1746 3371 1798 hist.
3405 1744 3634 1813 Angl.—

1976 1839 2022 1900 Β
2052 1841 2164 1896 Hoc
2183 1851 2422 1909 tempore
2439 1839 2660 1908 Sergius
2677 1853 2835 1907 papa,
2853 1837 3082 1892 Domino
3103 1836 3396 1901 revelanle,
3411 1852 3628 1906 capsum

2045 1947 2167 1986 cum
2231 1930 2480 1998 portione
2542 1929 2839 1984 Dominicre
2901 1928 3079 1983 crucis
3119 1926 3375 1982 invenit.
3441 1927 3628 1983 Anast.

2046 2025 2205 2079 Beda:
2248 2025 2360 2078 chr.

2117 2119 2220 2175 697
2246 2120 2298 2173 In
2311 2118 2611 2181 Britannia,
2637 2127 2856 2174 sanctus
2873 2118 3194 2184 Cudbertus,
3213 2135 3277 2174 ex
3300 2121 3628 2175 anachoreta

2044 2211 2348 2281 episcopus,
2393 2219 2514 2280 post
2566 2209 2762 2264 multas
2786 2211 3014 2265 virtutes
3061 2211 3315 2280 migravit
3357 2210 3423 2263 ad
3453 2205 3632 2264 Domi»

2046 2319 2207 2369 num;
2237 2302 2389 2372 cujus
2418 2303 2580 2356 vitam
2627 2303 2768 2357 Beda
2798 2303 3082 2372 presbyter
3111 2311 3166 2356 et
3195 2317 3353 2372 prosa
3381 2309 3431 2355 et
3464 2301 3630 2356 hexa-

2045 2395 2235 2450 metris
2273 2394 2517 2449 versibus
2545 2395 2731 2448 edidit.
2761 2393 2895 2447 Bert.
2923 2393 3232 2463 clm—Ipso
3269 2407 3412 2446 anno
3446 2391 3631 2448 Ostric

2048 2486 2169 2559 [al.,
2199 2486 2440 2560 Ostrida]
2462 2488 2646 2557 regina
2673 2503 2703 2540 a
2733 2487 2848 2540 suis
2878 2496 3152 2557 perempta
3173 2496 3275 2541 est.
3308 2485 3630 2551 Beda,.hist:.

2045 2575 2201 2646 Angl.
3274 2628 3278 2632 .

2119 2669 2222 2724 698
2242 2667 2730 2738 Constantinopoli,
2754 2665 3007 2721 Tiberius
3030 2666 3313 2736 imperium
3347 2664 3628 2730 invadens,

2049 2762 2282 2816 Leonem
2337 2762 2718 2830 imperatorem
2753 2773 2825 2810 vn
2866 2758 3045 2823 annis,
3099 2757 3298 2826 quibus
3341 2755 3457 2825 ipse
3508 2765 3631 2824 post

2051 2857 2196 2908 hunc
2219 2855 2506 2920 regnabat.
2529 2852 2582 2904 in
2611 2865 2834 2905 carcere
2865 2850 3056 2904 tenuit.
3085 2847 3240 2901 Paul.
3275 2847 3429 2901 Diac.

2119 2943 2224 2998 699
2260 2943 2371 2996 Hoc
2414 2950 2657 3008 tempore
2705 2940 2942 3012 synodus
2970 2937 3336 3010 Aquileiensis
3380 2937 3542 3000 facta,
3575 2947 3632 2994 et

2049 3035 2289 3103 quidam,
2340 3033 2431 3102 qui
2465 3031 2754 3087 concilium
2799 3025 3052 3100 quintum
3096 3028 3401 3084 universale
3440 3029 3628 3084 nolue-

2052 3137 2174 3182 rant
2195 3127 2460 3196 recipere,
2493 3141 2523 3179 a
2548 3125 2738 3194 Sergio
2763 3137 2900 3194 papa
2931 3121 3160 3178 correcti
3188 3129 3335 3177 sunt.
3362 3119 3494 3175 Bed.
3513 3121 3626 3176 clm

1974 3197 2019 3259 (ἶ
2051 3218 2203 3286 Angl.
2233 3233 2333 3269 an.
2359 3215 2484 3270 698.

2121 3309 2223 3362 700
2245 3303 2856 3372 Inltalia,.,Cunibcrtus
2883 3319 2974 3358 rex
3005 3303 3482 3370 mmgouardorum
3517 3301 3630 3357 lor-

2051 3398 2121 3452 tis
2148 3405 2203 3452 et
2231 3397 2373 3467 pius,
2405 3395 2643 3450 moriens
2679 3393 2789 3448 lilio
2818 3393 3039 3462 parvulo
3087 3391 3369 3463 Luitperto
3403 3407 3627 3462 regnum

2048 3489 2286 3559 reliquit,
2329 3487 2490 3556 eique
2523 3495 2757 3541 tutorem
2790 3485 3158 3554 Asprandum,
3187 3484 3364 3538 virum
3391 3482 3628 3554 pruden-

2047 3593 2154 3636 tem
2186 3589 2240 3634 et
2264 3590 2570 3643 strenuum,
2594 3579 2772 3643 dedit;
2797 3577 2891 3631 sed
2918 3582 3040 3647 post
3067 3591 3165 3629 vru
3188 3587 3403 3628 menses
3427 3572 3629 3643 llagin-

2045 3676 2234 3730 hertus
2261 3673 2392 3737 dux,
2426 3671 2703 3727 Gotaberti
2753 3669 2877 3742 [al.,
2908 3661 3226 3738 Godeberti]
3252 3667 3454 3720 dudum
3481 3665 3629 3734 regis

2047 3770 2207 3833 lilius,
2235 3767 2514 3838 Lnitperto
2543 3780 2666 3821 cum
2698 3763 2816 3819 suis
2844 3775 3020 3832 pugna
3056 3759 3221 3824 victo,
3267 3773 3492 3829 regnum
3510 3757 3625 3845 sibi

2047 3859 2347 3929 usurpavit,
2379 3857 2471 3913 sed
2504 3856 2692 3911 eodem
2726 3867 2869 3906 anno
2898 3859 3144 3904 mortuus
3163 3857 3264 3904 est.
3291 3847 3455 3914 Cujus
3487 3847 3628 3900 ﬁlius

2047 3951 2366 4006 Har-ibertas
2383 3949 2501 4022 [al.,
2525 3944 2834 4018 Aripertus]
2852 3950 3160 4012 susceptum
3180 3957 3208 3994 a
3227 3949 3382 4010 patre
3399 3953 3626 4008 regnum

2047 4059 2121 4096 xu
2184 4041 2295 4095 fere
2359 4041 2517 4093 annis
2576 4035 2828 4091 obtinuit.
2885 4033 2986 4100 Qui
3059 4035 3236 4088 denuo
3286 4030 3626 4101 Luilpertum

2045 4147 2165 4186 cum
2212 4132 2325 4185 suis
2345 4143 2526 4201 pugna
2576 4127 2726 4194 vicit,
2757 4126 2980 4197 fugavit,
3009 4125 3154 4196 cepit
3181 4133 3342 4194 atque
3373 4121 3625 4193 peremit.

2050 4220 2212 4276 Paul.
2242 4220 2408 4277 Diae-

1353 4415 1816 4472 COMPENDIUM‘
1842 4416 1936 4472 EX
1975 4416 2220 4474 CODICE
2258 4417 2622 4475 BERNOLDI».

424 4526 526 4582 688
564 4524 939 4581 Ceadwald....
972 4528 1248 4582 decoratus
1274 4537 1368 4581 est.

424 4621 526 4676 689
566 4619 635 4672 In
680 4619 843 4673 Italia
896 4620 1109 4674 Alachis
1153 4622 1262 4674 dux
1292 4621 1623 4691 tyrannidem
1647 4622 1857 4689 invasit,
1888 4631 1936 4677 et

360 4710 579 4761 maxime
601 4708 817 4761 clericos
843 4709 1155 4780 insequitur.

427 4799 528 4853 696
561 4799 932 4856 Theodorus...
954 4802 1194 4867 decessit,
1212 4803 1299 4873 qui
1325 4802 1514 4856 librant
1535 4803 1938 4872 pwnitentialem

366 4892 483 4944 sitis
520 4892 703 4944 utilem
738 4893 1062 4960 conscripsit.

430 4982 528 5038 695
567 4981 669 5035 His
689 4983 864 5037 diebus
889 4985 994 5037 duo
1027 4982 1179 5054 Angli
1212 4987 1515 5055 presbyteri,
1545 5001 1666 5036 nam
1701 4986 1932 5040 oaxonia

365 5074 838 5142 busprwdicarent,
869 5076 1122 5145 martyrio
1171 5078 1408 5130 coronati
1452 5087 1498 5129 et
1544 5076 1816 5128 miraculis
1847 5083 1935 5129 (le-

1968 4536 2018 4596 D
2045 4526 2217 4582 Leone
2237 4537 2283 4581 et
2311 4526 2515 4581 Tiberio
2538 4527 2779 4581 abscissis
2807 4525 3044 4590 naribus,
3071 4540 3226 4593 regno
3249 4519 3498 4592 expulsus
3525 4511 3624 4599 est,

2044 4631 2092 4676 et
2127 4623 2235 4691 ipse
2264 4619 2364 4675 Leo
2393 4637 2606 4690 regnum
2638 4630 2740 4674 tres
2768 4637 2936 4674 annos
2960 4617 3204 4673 obtinuit.
3243 4613 3334 4668 Vir
3355 4612 3414 4668 S.
3448 4612 3625 4668 Willi-

2045 4713 2340 4767 brordus...
2383 4709 2675 4766 Fresonum
2717 4713 3032 4782 pnedicans,
3079 4706 3356 4762 virtutibus
3412 4703 3627 4762 claruit.

2044 4803 2166 4858 Vita
2200 4803 2340 4872 apud
2369 4801 2569 4858 Mabill.
2603 4819 2729 4858 smc.
2753 4817 2813 4856 ιιι
2845 4801 3046 4856 Bened.
3072 4815 3124 4870 p.
3156 4813 3196 4864 ι,
3234 4813 3291 4867 p.
3322 4795 3464 4851 60l..

2116 4896 2220 4952 696
2264 4894 2481 4962 Scrgius
2510 4911 2718 4964 papa...
2749 4893 2964 4946 inuenit.

2119 4988 2220 5044 697
2268 4984 2334 5039 In
2357 4984 2704 5039 Britannia...
2738 4983 2806 5036 ad
2849 4981 3129 5036 Dominum
3160 4987 3274 5047 post
3303 4978 3498 5034 multas
3531 4982 3644 5036 vir-

2048 5089 2204 5144 tutes,
2229 5076 2569 5145 cujus-vitam
2594 5073 2738 5127 Beda
2766 5075 3030 5145 presbyter
3055 5071 3347 5140 descripsit.
