3970 5406
609 239 710 294 Ιϋῧ

1469 237 1829 295 IIER\IANNI
1866 236 2176 296 CONTRAC

2293 198 2664 296 AUGIENSIS
2701 234 3005 293 nomen:
3747 230 3834 287 tot

1923 377 2153 435 CODEX
2191 375 2583 434 AUCIENSIS.

600 520 833 590 quodam
867 523 1111 573 torrente
1141 513 1320 585 aquis,
1345 514 1569 570 reﬁcere
1594 512 1812 576 meruit,
1841 511 2186 582 acceptisque
2215 519 2261 576 Α
2293 511 2485 576 bactis,
2515 510 2732 565 obsides
2760 506 2988 578 accepit.
3036 503 3219 561 Fuldis
3250 503 3457 560 Sturnn
3500 503 3664 560 abbas
3706 504 3833 574 obiit,

601 622 701 682 pro
730 625 864 681 pace
893 624 970 663 xu
998 605 1297 671 obsidibus,
1327 606 1506 662 rediit.
1541 603 1679 675 Anu.
1714 601 1877 657 Fuld.
1901 633 1972 643 —
2003 603 2188 658 Romae

598 708 722 771 post
747 696 1083 768 Stephanum
1100 694 1380 749 Adrianus
1407 708 1542 764 papa
1570 692 1716 749 sedit
1743 693 1904 747 annis
1929 708 2074 747 xstv.

670 788 776 843 773
812 786 1059 851 Carolus,
1090 787 1160 839 ab
1180 783 1418 839 Adriano
1448 798 1582 854 papa
1610 797 1711 853 pro
1744 782 2061 837 defensione
2102 798 2187 839 re-

600 895 720 935 rum
748 878 922 935 sancti
961 877 1106 933 Petri
1135 886 1374 948 rogatus,
1404 874 1610 930 Italiam
1639 874 1794 945 petit.
1826 882 1900 941 et,
1933 874 2187 930 claustris

597 969 817 1039 Alpium
873 968 925 1022 vi
986 965 1215 1038 potitus,
1259 964 1597 1020 Desiderium
1651 963 1945 1035 fugientem
2005 964 2186 1034 Papia:

602 1059 760 1131 125
788 1059 1028 1123 obsedit,
1056 1067 1112 1114 et
1148 1058 1261 1129 ipse
1293 1056 1519 1111 Romam
1557 1056 1745 1111 orandi
1773 1057 1948 1128 gratia
1975 1056 2182 1123 adiens,

598 1152 804 1207 Pascha
833 1151 963 1207 inibi
994 1148 1291 1206 celebravit
1320 1148 1488 1219 (271).
1518 1146 1712 1203 Annal.
1746 1145 1911 1204 Fuld.

670 1242 771 1298 774
830 1240 1167 1314 Lougobardi
1208 1255 1334 1295 cum
1374 1238 1654 1294 Desiderio
1696 1252 1822 1311 rege
1866 1255 1966 1295 suo
1991 1238 2186 1296 Carolo

594 1350 657 1390 se
684 1334 926 1398 tradunt,
967 1347 1114 1388 anno
1144 1346 1213 1387 ex
1241 1345 1350 1402 quo
1386 1330 1593 1385 Italiam
1624 1345 1750 1386 cum
1787 1330 2019 1386 Alboiuo
2057 1347 2184 1404 rege

595 1425 936 1482 intraverant
962 1439 1083 1491 cev,
1115 1423 1340 1494 ipseque
1386 1437 1554 1495 regno
1595 1438 1784 1478 eorum
1829 1432 1884 1476 et
1911 1424 2184 1480 thesauris

594 1514 823 1592 potitus,
866 1519 1104 1576 abducto
1146 1533 1334 1573 secum
1382 1532 1510 1588 rege
1540 1533 1665 1574 cum
1716 1515 1967 1589 conjuge,
2012 1516 2184 1574 victor

593 1611 779 1667 rediit.
812 1609 1007 1666 Annal.
1043 1606 1212 1663 Fuld.
1244 1607 1389 1668 Met.

663 1704 910 1761 Saxones
940 1711 1161 1775 pactum
1210 1701 1529 1772 frangentes
1560 1700 1782 1757 Hessius
1813 1710 2037 1772 petunt;
2084 1700 2181 1758 sed

590 1795 881 1852 ecclesiam
906 1795 1048 1866 apud
1076 1792 1363 1860 Friteslar,
1392 1808 1422 1847 a
1443 1802 1634 1848 sancto
1660 1792 1938 1849 Bonifacio
1961 1793 2181 1849 dedica-

2292 613 2348 659 et
2383 603 2568 674 Bagoll
2600 601 2725 675 [αι.⁹
2756 597 3089 685 ‘Baugull‘us]
3128 597 3411 655 successit.
3459 597 3650 652 Annal.
3698 595 3834 657 Fuld.

2290 694 2539 750 Laurish.

2304 828 2317 839 .
2363 785 2465 841 780
2488 784 2736 851 Carolus,
2760 784 2948 839 habito
2993 783 3048 838 in
3081 781 3318 839 Saxonia
3353 790 3645 847 conventu,
3675 791 3724 835 et
3750 780 3836 835 dis-

2290 881 2483 951 positis
2517 891 2627 936 tam
2660 880 2937 934 Saxonum
2966 893 3130 948 quam
3176 876 3495 931 Sclavorum
3544 873 3718 940 rebus,
3745 874 3836 945 ipse

2290 972 2515 1028 Romam
2542 971 2731 1026 orandi
2761 972 2931 1041 gratia
2957 972 3106 1026 adiit.
3134 971 3327 1026 Annal.
3361 969 3523 1025 Fuld.

2360 1063 2454 1118 78I
2494 1062 2753 1134 Pippiuns
2781 1062 2925 1118 [ilius
2955 1062 3132 1118 Caroli
3163 1064 3346 1117 Romae
3376 1062 3444 1117 ab
3479 1059 3711 1115 Adriano
3728 1075 3833 1130 [ripa

2287 1144 2592 1226 baptizatus
2616 1165 2719 1219 est,
2764 1164 2821 1211 et
2851 1171 2973 1210 cum
3004 1154 3174 1211 fratre
3198 1154 3474 1211 Ludovico
3517 1168 3610 1208 rex
3654 1164 3833 1206 unctus.

2288 1248 2520 1313 Tassilo,
2539 1247 2656 1301 dux
2679 1246 2964 1317 Bajoarite,
2998 1246 3158 1301 Iidem
3185 1243 3541 1314 subjectionis
3561 1241 3741 1297 Carolo
3763 1255 3834 1296 sa-

2286 1349 2569 1396 cramento
2597 1328 2656 1394 et
2681 1337 2963 1393 obsidibus
2986 1336 3186 1393 firmat.
3211 1334 3388 1392 Annal
3417 1332 3585 1391 Fuld.
3633 1362 3701 1376 -
3722 1330 3835 1386 Con-

2285 1431 2499 1486 stantiaa
2538 1429 2825 1500 episcopus
2862 1435 2917 1483 et
2962 1428 3131 1482 abbas
3160 1425 3399 1481 Joannes
3430 1422 3598 1487 obiit;
3638 1436 3727 1492 pro
3750 1435 3835 1493 quo

2285 1523 2456 1594 Egiuo
2477 1523 2762 1593 cpiscopus
2786 1534 2960 1575 annos
2986 1534 3161 1580 xxxii,
3184 1526 3241 1573 et
3271 1516 3467 1572 Petrus
3492 1515 3676 1585 Augia:
3697 1512 3833 1568 abbas

2285 1630 2456 1671 aIIIIOS
2480 1631 2535 1677 v.
2564 1624 2620 1669 et
2645 1612 2785 1683 apud
2812 1621 3062 1667 sanctum
3084 1609 3302 1666 Gallum
3334 1607 3677 1677 Roudpertus
3697 1603 3833 1659 abbas

2283 1721 2489 1765 annuat
2519 1720 2534 1761 I
2563 1703 2916 1776 praefuerunt.
2953 1700 3148 1772 "eplll.
3180 1731 3245 1743 —-
3281 1700 3428 1755 Inter
3464 1699 3570 1753 alia
3604 1697 3832 1769 prodigia,

2284 1812 2478 1853 cruces
2506 1794 2692 1851 multis
2720 1795 2775 1850 in
2806 1794 3046 1849 vestibus
3082 1799 3367 1864 apparent.
3414 1788 3833 1862 Sanguiseterra
3918 1860 3919 1863 η

593 1896 732 1952 tan),
765 1887 874 1943 Deo
915 1884 1235 1957 prohibente
1263 1883 1552 1940 incendere
1574 1892 1869 1954 nequeunt.
1899 1884 1984 1940 Al.
2022 1902 2055 1939 a
2094 1902 2176 1955 pr.
2210 1895 2256 1957 Β
2283 1899 2340 1945 et
2360 1904 2485 1944 aere
2513 1886 2734 1942 ﬂuxisse
2771 1885 2991 1941 dicitur.
3016 1883 3213 1939 Annal.
3238 1881 3406 1937 Fuld.

588 2009 666 2025 -—
702 1980 948 2050 Corpora
997 1986 1311 2034 sanctorum
1359 1976 1619 2034 Gordiani
1670 1986 1727 2032 et
1775 1976 2057 2046 Epimacbi
2111 1977 2181 2034 do

593 2072 766 2130 Roma
802 2074 856 2126 in
884 2068 1268 2125 Alamanniam
1294 2067 1555 2124 translata
1587 2076 1715 2125 sunt
1752 2067 1925 2138 (272).
1960 2097 2033 2109 —-
2078 2067 2178 2122 Ec-

589 2163 756 2220 clesia
785 2161 960 2219 sancti
975 2158 1190 2217 Nazarii
1210 2158 1545 2217 Lauresbam
1575 2159 1821 2216 dedicata
1852 2168 1955 2216 est.
1978 2159 2170 2215 Annal.

590 2251 761 2310 Fuld.

661 2346 766 2403 775
795 2345 1028 2404 Carolus
1067 2346 1177 2403 late
1207 2345 1485 2402 Saxonum
1518 2355 1693 2402 terras
1726 2353 1923 2409 vastat,
1951 2353 2006 2400 et
2039 2344 2177 2405 duas

587 2438 692 2496 bus
738 2453 861 2495 eos
884 2439 1088 2508 prmliis
1130 2448 1282 2495 vasta
1314 2448 1498 2508 strage
1527 2446 1771 2507 superat.
1812 2436 2178 2509 Rondgandns

590 2531 740 2602 (273)
784 2530 1174 2603 Longobardus
1216 2530 1385 2588 Italia:
1427 2530 1665 2603 regnum"
1697 2528 1933 2586 allectat.
1979 2530 2175 2585 Annal.

588 2620 756 2678 Fuld.
786 2620 915 2693 Reg.

657 2713 766 2769 776
792 2712 1018 2769 Carolus
1047 2714 1176 2769 item
1224 2712 1432 2769 Italiam
1470 2713 1622 2785 petit,
1673 2722 1727 2769 et
1783 2712 2176 2782 Rondgaudum

586 2803 792 2859 victum
844 2805 1065 2860 occidit.
1127 2806 1373 2860 Saxones
1430 2805 1558 2861 item
1628 2805 1951 2861 rebellantes
1999 2804 2177 2863 Caroli

584 2884 837 2966 prtesitlia
873 2894 1010 2952 bello
1042 2906 1253 2967 petunt.
1285 2896 1480 2952 Annal.
1514 2894 1682 2951 Fultl.

657 2989 762 3045 777
810 2989 1057 3045 Saxones
1090 2990 1256 3045 umlta
1291 2993 1506 3048 tandem
1559 2993 1707 3047 caede
1749 2992 2036 3061 perdomiti
2067 2991 2175 3048 Ca-

586 3080 706 3138 rolo
735 3081 1061 3142 subdantur,
1090 3090 1146 3137 et
1182 3080 1479 3139 Christiani
1509 3082 1837 3149 eliiciuutur,
1880 3099 1942 3140 se
1969 3100 2176 3154 suaque

584 3173 769 3316 gluma
818 3173 1118 3239 tradentes,
1162 3175 1210 3230 si
1252 3174 1393 3231 ultra
1435 3174 1598 3231 ﬁdem
1644 3176 1929 3233 violarent.
1970 3177 2167 3234 Annal.

644 3262 758 3316 uld.

644 3262 758 3318 uid.

2351 1981 2457 2039 782
2492 1978 2719 2036 Carolus
2761 1980 2888 2033 item
2921 1978 2975 2032 in
3004 1975 3239 2033 Saxonia
3282 1984 3609 2030 conventum
3636 1970 3830 2033 habens,

2282 2072 2489 2144 legatos
2512 2071 2785 2127 Danorum
2808 2079 2862 2123 et
2884 2068 3200 2125 Iqunorum
3227 2064 3455 2123 audivit.
3484 2066 3602 2135 Quo
3626 2076 3830 2124 reverso,

2282 2162 2746 2235 Saxoneslegatos
2763 2159 2902 2230 ejus,
2926 2160 2978 2214 in
3003 2158 3224 2215 Sclavos
3237 2170 3358 2213 cum
3382 2155 3628 2213 exercitu
3650 2153 3830 2213 missos,

2282 2256 2640 2329 persuadente
2670 2252 3000 2317 Widikindo,
3045 2249 3335 2306 commisso
3359 2247 3579 2318 praelio,
3612 2261 3712 2300 non
3739 2241 3832 2297 sine
3918 2258 3919 2329 ξ

2281 2364 2478 2419 inagna
2504 2345 2658 2402 clade
2684 2358 2782 2400 sua
2810 2343 3158 2407 interinnmt;
3191 2341 3261 2396 ob
3309 2354 3543 2409 quorum
3573 2335 3830 2393 vindictam

2279 2441 2509 2496 Carolus
2538 2439 2817 2495 Saxonum
2847 2443 3080 2507 quatuor
3124 2434 3290 2489 millia
3315 2441 3373 2489 et
3414 2438 3731 2502 quingentos
3759 2427 3831 2479 de—
3918 2480 3919 2491 χ

2280 2532 2482 2588 collare
2509 2528 2695 2599 jussit.
2740 2526 2939 2581 Annal.
2969 2523 3138 2580 Fuld.
3183 2523 3314 2579 Met.
3341 2552 3411 2564 -—
3433 2522 3593 2592 Apud
3618 2526 3832 2575 sanctum

2278 2626 2491 2683 Gallum
2520 2622 2714 2679 Waldo
2744 2622 2913 2678 abbas
2940 2618 3155 2691 pnefuit
3186 2633 3389 2673 annum
3426 2631 3443 2670 ι
3475 2625 3535 2670 et
3563 2610 3829 2669 dimidium.

2281 2718 2748 2881 "(’lggdlihigard
2782 2821 2969 2878 regina
2991 2821 3126 2860 uxor
3147 2801 3326 2860 Caroli
3350 2817 3387 2857 ιι
3410 2799 3533 2855 Kal.
3558 2796 3676 2854 Maii
3692 2792 3828 2868 (274).
3918 2776 3919 2779 η

2278 2914 2332 2960 et
2360 2904 2556 2959 Bertha
2589 2911 2763 2959 mater
2791 2901 2911 2969 ejus
2945 2916 2997 2956 tv
3032 2899 3110 2955 Id.
3149 2897 3255 2954 Jul.
3288 2897 3441 2954 obiit.
3478 2892 3702 2951 Carolus
3727 2890 3830 2942 item

2280 2995 2525 3052 Saxones
2548 2995 2628 3051 bis
2649 2995 2767 3049 acie
2790 2992 3087 3064 conﬂigens
3110 3005 3303 3061 magna
3330 2987 3490 3062 127
3515 2996 3690 3055 strage
3707 2979 3829 3041 vicit.

2277 3092 2707 3159 Fastradamqne
2743 3102 2810 3143 eo
2840 3101 2984 3142 anno
3013 3085 3168 3142 duxit
3196 3096 3443 3139 uxorem.
3477 3071 3829 3140 Annalgiuld.

2277 3192 2325 3237 et
2359 3181 2489 3236 Met.

2199 3282 2244 3343 C
2347 3273 2450 3330 784
2475 3271 2666 3327 Jnuior
2689 3269 2917 3327 Carolus
2966 3285 2997 3324 a
3036 3278 3194 3339 patre
3241 3267 3294 3323 iu
3323 3264 3623 3321 Saxoniam
3662 3259 3832 3317 missus

657 3354 763 3411 778
804 3342 1034 3411 Carolus
1063 3356 1352 3426 Hispanias
1400 3358 1542 3415 bello
1570 3359 1730 3430 petit,
1762 3368 1841 3424 et,
1886 3361 2170 3418 obsidibus
2218 3342 2227 3343 ί
2277 3361 2611 3419 Westfaldos
2630 3360 2816 3432 praelio
2839 3361 2991 3426 vicit,
3023 3370 3079 3413 et
3111 3357 3338 3413 domuit.
3370 3354 3571 3411 Annal.
3610 3350 3833 3407 Fuit-

586 3449 852 3516 acceptis,
880 3446 1355 3520 Wasconilmsque
1385 3462 1441 3505 et
1467 3451 1730 3508 Narbaris
1757 3453 2059 3523 (Navarrisl
2082 3471 2173 3510 su-

584 3536 780 3603 bactis,
806 3538 985 3594 rediit.
1011 3540 1206 3595 Annal.
1225 3539 1556 3598 Laureslr.-
1577 3543 1795 3599 Interim
1819 3545 1980 3617 126
2002 3545 2173 3601 Saxo-

585 3643 683 3685 nes
706 3628 832 3683 item
865 3628 1097 3684 rebelles
1126 3630 1263 3686 duce
1285 3629 1598 3689 Widikindo
1618 3634 1951 3691 Francorum
1988 3637 2172 3692 termi-

583 3724 683 3776 nos
708 3736 878 3792 usque
900 3721 968 3777 ad
1000 3722 1255 3781 Rhenum
1282 3732 1533 3791 vastant;
1565 3726 1659 3780 sed
1682 3726 2004 3797 insequente
2032 3730 2173 3800 regis

580 3812 828 3868 exercitu
855 3829 1052 3884 magna
1078 3828 1148 3870 ex
1178 3824 1332 3886 parte
1364 3817 1488 3872 caesi
1519 3815 1751 3886 fugiunt.
1780 3818 1972 3872 Annal.
2006 3816 2168 3873 Fuld.

651 3904 760 3962 779
786 3906 1013 3965 Carolus
1040 3895 1171 3966 item
1216 3910 1528 3969 Saxonibus
1569 3928 1749 3985 pugna
1792 3912 1949 3968 victis
1986 3923 2042 3969 et
2082 3929 2174 3969 su~

2277 3456 2434 3526 Apud
2467 3460 2712 3510 sanctum
2740 3452 2954 3509 Gallum
2980 3450 3187 3508 Werdo
3232 3448 3404 3505 abbas
3432 3447 3651 3519 praefuit
3685 3452 3833 3499 annos

2280 3564 2405 3602 xxv.
2436 3546 2482 3600 ll
2496 3546 2634 3616 cpid.

2352 3637 2455 3693 785
2502 3636 2778 3693 Widikind
2829 3634 3007 3701 Saxo,
3052 3634 3117 3689 ad
3163 3622 3491 3689 deditionem
3529 3627 3715 3687 Carqu
3757 3638 3832 3678 ve-

2280 3733 2457 3795 niens,
2488 3729 2791 3799 baptizatus
2836 3737 2939 3791 εει,
2970 3735 3027 3781 et
3074 3735 3183 3780 tota
3218 3724 3452 3780 Saxonis
3504 3726 3719 3777 subacta
3746 3722 3828 3768 est.

2278 3820 2595 3892 Cunjuratio
2624 3818 2972 3875 orientalium
3017 3817 3352 3872 Francorum
3388 3823 3581 3869 contra
3608 3806 3830 3868 Carolutn

2278 3924 2396 3969 orta
2423 3922 2479 3969 et
2502 3925 2812 3981 compressa
2841 3919 2944 3965 est.
2978 3908 3177 3964 Annal.
3218 3904 3375 3962 It‘nltl.
3419 3904 3614 3976 Eginlt.

1577 4047 2029 4113 COMPENDIUM
2070 4048 2164 4106 EX
2199 4047 2447 4105 CODICE
2483 4044 2852 4102 BERNOLDI.

655 4179 759 4236 773
783 4179 1006 4236 Carolus
1037 4180 1170 4239 ab...
1196 4181 1363 4253 petiit,
1392 4191 1461 4247 et,
1502 4183 1772 4240 Desiderio
1804 4201 1922 4256 rege
1961 4184 2169 4239 obsesso

584 4265 794 4340 Papite,
821 4271 930 4342 ipse
965 4271 1255 4328 Romam...
1280 4274 1352 4328 ibi
1373 4274 1667 4328 celebravit.

662 4360 766 4415 774
802 4360 1134 4434 Longobardi
1163 4380 1282 4419 cum
1324 4364 1591 4420 Desiderio
1622 4383 1739 4436 rege
1773 4382 1951 4421 eorum
1979 4365 2169 4421 Carolo

2349 4183 2453 4240 780
2480 4181 2702 4238 Carolus
2736 4180 3002 4249 dispositis
3048 4178 3207 4236 rebus
3256 4175 3536 4233 Saxonum
3566 4182 3617 4230 et
3640 4169 3831 4228 Sclua-
3918 4172 3919 4181 ‘

2277 4292 2417 4339 rum,
2446 4276 2622 4345 ipse...
2653 4274 2809 4326 adiit.

2346 4366 2443 4422 781
2477 4363 2732 4436 Pippinus
2759 4362 2903 4433 ﬁlius
2933 4361 3113 4418 Caroli
3140 4360 3320 4416 Roma:
3349 4360 3414 4414 ab
3452 4359 3682 4414 Adriano
3710 4367 3827 4423 papa

583 4468 639 4556 sc
662 4450 895 4518 tradunt,
928 4448 1066 4508 anno
1093 4469 1192 4511 cev
1209 4471 1277 4510 ea:
1299 4472 1403 4522 quo
1425 4455 1640 4512 Italiam
1664 4474 1784 4512 cunt
1806 4474 1923 4530 rege
1946 4458 2170 4516 Alboino
2202 4497 2249 4556 ι)
2277 4463 2596 4529 baptizatur,
2621 4471 2669 4515 et
2692 4459 2756 4515 ab
2781 4459 2961 4514 eodem
2986 4476 3019 4512 a
3047 4458 3307 4529 baptismo
3340 4457 3645 4526 suscipitur,
3665 4461 3825 4507 rtem

585 4543 932 4598 intraverant.
966 4543 1199 4614 Corpora
1233 4544 1390 4602 SS...
1416 4548 1676 4602 translata
1706 4558 1847 4603 sunt.

654 4631 760 4688 775
791 4632 1015 4689 Carolus
1045 4632 1332 4691 Saxoniam
1363 4637 1551 4693 iserum
1600 4639 1931 4695 rebellantem
1977 4626 2168 4696 vastat.

658 4723 763 4781 776
801 4726 1023 4784 Carolus
1065 4725 1423 4801 Rudgatulunt
1455 4746 1669 4802 regnum
1710 4730 1888 4789 Italia:
1917 4733 2172 4805 a/fectan-

583 4825 686 4871 tetu
715 4817 928 4874 occidit.

657 4907 758 4962 777
791 4907 1029 4965 Saxones
1052 4910 1263 4967 tandem
1295 4912 1534 4971 ntulta...
1571 4916 1884 4987 efﬁciuntur.

655 4997 759 5052 778
795 4997 1016 5057 Carolus
1060 5000 1353 5074 Hispanias
1397 5005 1569 5079 petiit,
1596 5007 1786 5080 quibus
1813 5009 2045 5065 subactis
2086 5026 2167 5065 re-

584 5088 682 5142 dit.
718 5085 956 5146 Saxones
982 5091 1169 5147 iterum
1197 5092 1469 5150 rebellant.

654 5180 759 5237 779
786 5178 1009 5239 Carolus
1048 5186 1235 5243 iterum
1264 5184 1501 5245 Saxones
1533 5191 1818 5262 superauit.
1878 5206 1881 5209 '

2275 4554 2441 4623 fratre
2464 4552 2729 4607 Ludovico
2775 4566 2868 4606 rea:
2915 4552 3150 4621 ungitur.
3191 4549 3583 4605 Constantite...
3627 4542 3825 4617 pratia:-

2277 4656 2418 4700 runt.
2449 4642 2565 4697 Hoc
2591 4655 2820 4714 tempore
2846 4660 3024 4699 cruces
3052 4653 3410 4716 apparuerunt
3445 4640 3621 4695 multis
3650 4630 3700 4692 in
3730 4649 3825 4689 m-

2276 4735 2435 4789 tibus.
2479 4733 2778 4804 Sanguis...
2806 4733 3022 4787 dicitur.

2347 4824 2451 4880 782
2481 4823 2705 4878 Carolus
2739 4822 3014 4879 Saxonum
3042 4821 3185 4879 4500
3203 4820 3467 4876 decollare
3488 4819 3666 4889 jussit.
3694 4807 3822 4884 Αριά

2277 4912 2336 4970 S.
2365 4913 2578 4969 Gallum
2603 4913 2797 4969 Waldo
2826 4915 2987 4969 abbas
3008 4915 3223 4986 prefuit
3248 4929 3387 4968 attno
3419 4928 3546 4967 uno.

2347 5005 2451 5063 785
2475 5004 2814 5075 Hildigart...
2832 5004 2968 5060 Julii
2995 5006 3142 5060 obiit.

2341 5096 2449 5153 784
2473 5097 2668 5151 Junior
2696 5095 2983 5152 Carolus...
3008 5096 3337 5166 Westpltalos
3363 5096 3498 5151 bello
3525 5089 3735 5150 domuit.

2344 5190 2448 5246 785
2475 5188 2817 5245 Widiltind...
2842 5188 3137 5259 baptizatus
3158 5199 3258 5244 est.
3411 5229 3424 5243 .
3524 5206 3527 5207 '

2082 5324 2295 5383 ΝΟΤΔΕ
