3970 5406
126 416 213 474 165
1299 403 1668 461 CllllONlCOI

1786 434 1823 443 -
1860 404 2032 459 SEC.
2079 402 2210 458 Vlll.

3254 407 3354 461 llJG

1672 513 2056 568 AUGIENSIS.

1583 515 1629 568 Χ
1672 515 2056 568 AUGIENSIS.

181 615 274 670 786
300 613 523 670 Carolus
556 613 719 667 misso
745 626 843 681 per
881 610 1159 665 Autullum
1192 610 1313 682 [al.,
1344 515 1656 680 Alﬁﬂﬁﬁttt}
1690 612 1736 668 Α
1834 606 1937 661 794
1965 607 2182 677 Synodo
2207 622 2401 678 magna
2431 607 2481 661 in
2513 606 2910 663 Franconovurt
2941 610 3145 678 habita,
3173 613 3348 668 luere-

123 705 336 762 exercitu
359 704 602 758 Britones
624 702 850 767 domuit,
870 711 924 755 et
940 702 1055 772 ipse
1080 702 1304 754 Romam
1330 699 1516 753 orandi
1541 714 1662 766 gra-

123 800 183 852 tia
224 795 370 850 adiit.
406 794 669 849 Auctores
719 792 1109 862 conjuratiunis
1167 800 1355 843 contra
1407 789 1659 843 Carolnm

122 887 326 943 diversis
373 884 548 954 poenis
594 882 909 938 multantur.
956 879 1110 935 Lullo
1158 878 1517 946 Moguntieusi
1571 893 1664 931 ar-

121 975 436 1044 chiepiscopo
472 970 750 1027 Richullus
769 971 1029 1026 successit
1057 969 1212 1022 annis
1250 967 1440 1040 [suppl.
1469 966 1662 1039 xxvii].

120 1067 282 1135 Augia:
312 1072 429 1134 post
477 1063 694 1118 Petrum
730 1061 926 1116 Waldo
975 1061 1143 1115 abbas
1193 1072 1415 1116 octavus
1453 1059 1668 1130 praefuit

121 1159 255 1212 annis
279 1169 367 1208 xx.
407 1153 601 1208 Annal.
629 1151 793 1207 Fuld.

179 1248 269 1301 787
321 1245 568 1310 Carolus,
615 1246 978 1301 Beneventum
1011 1255 1222 1316 petens,
1253 1244 1469 1298 obsides
1511 1258 1667 1297 acce-

122 1338 204 1406 pit.
232 1335 516 1390 Ruoddrud
541 1334 663 1408 [al.,
699 1336 980 1406 Botrudis]
1012 1337 1118 1390 tilia
1167 1335 1282 1402 ejus
1313 1335 1667 1390 Constantino

126 1426 406 1495 imperatori
439 1427 816 1495 desponsatur.
861 1426 1093 1496 Eclipsis
1131 1426 1261 1482 solis
1300 1442 1370 1481 xv
1413 1425 1531 1480 Kal.
1559 1424 1666 1482 0c-

127 1517 215 1570 tob.
245 1515 429 1570 Annal.
456 1514 622 1570 Fuld.

183 1607 274 1662 788
297 1608 502 1663 Tassilo
544 1609 651 1664 dux
689 1608 971 1679 Bajoarim,
1005 1611 1339 1668 inﬁdelitatis
1366 1621 1419 1668 et
1447 1611 1667 1683 porjurii

127 1700 393 1763 convictus,
449 1715 480 1754 a
527 1699 724 1755 Carolo
778 1702 973 1756 ducatu
1029 1704 1295 1773 privatur.
1352 1704 1668 1760 Graecorum

124 1791 361 1844 exercitus
388 1806 417 1843 a
448 1789 675 1846 Francis
704 1802 757 1846 et
781 1793 930 1849 Italis
980 1795 1234 1850 vincitur.
1284 1795 1414 1851 Item
1460 1796 1664 1858 llunni,

127 1881 201 1948 qui
231 1892 281 1935 et
308 1883 535 1949 Avares,
570 1897 600 1937 a
630 1883 810 1940 Caroli
851 1887 1143 1941 vincuntur
1176 1890 1439 1946 exercitu.
1472 1889 1666 1944 Annal.

125 1969 261 2025 Falli.
293 1971 430 2027 Nas.

181 2063 270 2118 789
325 2063 572 2132 Carolus,
620 2066 799 2121 valido
851 2068 1088 2139 undique
1130 2069 1356 2124 collecto
1403 2071 1666 2136 exercitu,

125 2153 299 2209 Albiam
328 2154 549 2211 ﬂuvium
576 2159 794 2225 transit,
823 2169 878 2214 et
907 2159 1147 2224 Sclavos,
1177 2161 1269 2230 qui
1300 2161 1456 2216 Wilzi
1483 2163 1670 2216 dicun-

128 2254 212 2310 tur,
236 2246 424 2314 pra-liis
443 2249 705 2318 protritos
726 2248 1051 2320 subiugavit.
1075 2250 1180 2304 An.
1209 2249 1372 2306 Fuld.
1402 2251 1592 2322 Eginh.

179 2335 445 2392 790Hunc
495 2354 700 2392 annum
747 2339 971 2395 Carolus
1021 2341 1140 2396 sine
1188 2341 1328 2395 bello
1358 2342 1670 2397 Wormatia:

127 2426 307 2494 quietus
336 2431 616 2500 transegit.
645 2429 841 2485 Annal.
878 2429 1040 2484 Fuld.

181 2519 262 2574 79l
288 2519 528 2584 Carolus,
559 2522 830 2576 trifariam
855 2523 1031 2577 diviso
1053 2523 1504 2580 cxercitutcrras
1529 2523 1670 2578 Hun-

129 2622 283 2660 norum
329 2610 655 2677 ingrediens,
702 2611 848 2668 ferro
901 2625 956 2668 ct
1007 2615 1131 2685 igne
1178 2617 1437 2671 devastat.
1474 2617 1666 2673 Annal.

131 2695 262 2751 l'uld.
301 2698 491 2756 Loisel.

187 2789 340 2860 128'
375 2791 478 2846 79?.
536 2791 758 2863 Synodo
809 2794 1123 2864 Ratisponaz
1150 2796 1399 2864 collecta,
1447 2799 1670 2853 haeresis

127 2877 356 2934 Feliciana
386 2884 644 2939 damnata
673 2896 776 2940 est.
809 2886 1011 2944 Concil.
1035 2885 1208 2942 Germ.
1241 2900 1278 2944 t.
1307 2890 1358 2954 l,
1384 2909 1436 2960 p.
1462 2893 1668 2948 287.—

129 2967 401 3039 Coujuratio
444 2976 659 3047 Pippini
710 2987 896 3032 contra
938 2988 1144 3047 patrem
1175 2979 1426 3035 Carolmn
1461 2985 1667 3039 detecta

131 3069 173 3114 et
218 3066 463 3136 supplicio
523 3078 806 3125 auctorum
857 3072 1041 3140 punita
1092 3081 1196 3126 est.
1253 3073 1444 3128 Annal.
1501 3075 1665 3132 Fuld.

133 3150 292 3222 Eginlt.

185 3246 270 3302 795
293 3248 464 3319 Pugna
505 3250 644 3306 inter
671 3251 1003 3308 Sarracenos
1027 3264 1081 3308 et
1105 3255 1346 3309 Francos
1372 3255 1422 3309 in
1445 3256 1663 3323 Gothia,

133 3331 401 3396 Sarracenis
454 3343 851 3410 superioribus,
909 3346 1197 3400 connuissa
1255 3355 1360 3400 est.
1424 3349 1667 3407 Saxones

133 3421 232 3478 item
258 3445 395 3486 more
423 3447 526 3487 suo
550 3433 826 3489 rebellant.
857 3434 1054 3490 Annal.
1086 3433 1250 3489 Fuld.

1769 701 1846 754 sis
1881 701 2009 754 item
2033 699 2310 754 Feliciana
2346 701 2599 754 damnata
2642 711 2743 755 est.
2770 703 2965 756 Annal.
3005 704 3354 761 Lauresli.—-—

1771 789 2038 844 Fastrada
2069 792 2250 860 regina
2302 802 2514 845 mortua
2544 800 2599 846 et
2648 791 2970 862 Mogontiaci
2999 797 3205 865 sepulta
3250 809 3354 852 est.

1770 877 2223 950 Pseudosynodus
2250 879 2560 935 Graecorum
2589 880 2756 952 (275),
2783 898 2879 952 pro
2901 885 3192 940 ador-audis
3215 886 3352 940 ima-

1770 969 1985 1038 ginibus
2016 970 2224 1034 habita,
2257 971 2326 1024 ab
2370 968 2642 1040 episcopis
2681 973 2937 1026 «latunata
2985 985 3088 1028 est.
3130 976 3358 1032 Carolus

1771 1059 1900 1113 item
1951 1058 2263 1114 Saxonibus
2309 1060 2552 1115 subactis
2596 1062 2809 1116 tertiam
2855 1064 3094 1118 virorum
3144 1079 3352 1134 partem

1772 1151 2068 1206 transtulit.
2101 1151 2196 1206 llis
2225 1153 2557 1221 temporibus
2579 1152 2874 1217 Alcwinus,
2900 1155 2990 1223 qui
3019 1164 3068 1208 et
3102 1155 3352 1222 Albinus,

1771 1242 1910 1309 apud
1946 1258 2127 1312 regem
2161 1254 2494 1312 canorosque
2540 1245 2645 1298 vita
2686 1255 2743 1298 et
2770 1245 3016 1299 doctrina
3040 1246 3219 1302 clarus
3253 1248 3350 1303 lia-

1773 1329 1952 1383 betur.
1978 1331 2170 1384 Annal.
2205 1331 2368 1386 Fuld.
2403 1321 2597 1401 Iz'ginlt.

1845 1421 1948 1476 795
1978 1424 2244 1486 Saxones,
2295 1440 2416 1479 cum
2464 1424 2700 1479 Witzam
2731 1427 2922 1481 ducem
2967 1427 3350 1484 Abodritarum

1772 1511 1839 1565 ad
1870 1527 2048 1582 regem
2079 1512 2330 1567 Carolum
2376 1515 2682 1569 venientem
2736 1517 3114 1584 pcremissent,
3148 1529 3355 1574 vastata

1772 1600 1902 1655 item
1930 1604 2148 1673 regione
2174 1620 2270 1658 sua
2298 1605 2470 1674 puniti
2501 1606 2716 1660 obsides
2750 1607 2987 1663 tradunt.
3016 1608 3192 1664 Hunni
3224 1628 3358 1681 quo-

1773 1707 1880 1762 que
1911 1694 2094 1748 missis
2142 1694 2336 1765 legatis
2387 1709 2445 1750 se
2473 1711 2594 1749 cum
2637 1706 2780 1751 terra
2814 1713 2908 1752 sua
2951 1700 3046 1768 ipsi
3093 1701 3353 1767 tradunt;

1773 1789 2236 1844 Cliristianitatem
2261 1791 2603 1860 promittunt.
2636 1792 2830 1846 Annal.
2857 1791 3017 1846 Fuld.
3043 1794 3239 1866 Eginlt.

1833 1879 2010 1948 129
2054 1879 2157 1932 796
2201 1879 2408 1947 Romae,
2441 1881 2696 1935 defuncto
2741 1883 2888 1953 (9.76)
2916 1885 3156 1939 Adriano
3199 1903 3356 1956 papa.

1703 1959 1748 2018 B
1777 1966 1884 2022 Leo
1919 1967 1980 2021 Ill
2013 1981 2148 2037 papa
2178 1969 2318 2023 sedit
2349 1970 2507 2024 annis
2529 1986 2620 2024 xx.
2651 1970 2992 2042 Principibus
3017 1973 3356 2038 Huimorum.

1773 2059 1989 2130 Cagano
2017 2070 2070 2114 et
2100 2059 2351 2130 .lugurro,
2387 2063 2530 2117 civili
2558 2062 2696 2117 bello
2735 2067 3048 2135 peremptis,
3103 2077 3242 2122 terra
3269 2085 3344 2123 eo

1774 2166 1892 2204 rum
1942 2151 2302 2221 omnibusque
2329 2151 2600 2206 thesauris
2643 2153 2888 2220 Carolus,
2936 2170 3032 2225 per
3072 2158 3357 2212 Eltericum

1771 2239 2195 2307 Forojuliensem
2221 2243 2412 2297 ducem
2444 2252 2500 2297 et
2528 2243 2809 2313 Pippinum
2843 2246 3009 2300 lilium
3041 2263 3222 2315 suum,
3260 2265 3358 2319 po-

1772 2331 1904 2386 titus
1930 2342 2033 2386 cst.
2067 2331 2257 2387 Tudun
2286 2349 2499 2403 quoque
2530 2335 2781 2404 princeps
2811 2351 3021 2404 eorum,
3069 2339 3135 2394 ad
3184 2341 3358 2410 ipsum

1772 2424 2018 2488 veniens,
2052 2440 2177 2478 cum
2199 2427 2396 2494 populo
2424 2442 2520 2480 suo
2550 2427 2849 2496 baptizatus
2869 2438 2952 2482 est
2981 2437 3036 2483 et
3062 2429 3360 2484 houuriliro

1771 2515 1839 2568 ad
1870 2532 1964 2568 sua
1997 2517 2254 2571 remissus
2283 2526 2384 2571 est.
2422 2519 2652 2574 Saxouia
2685 2520 2845 2574 etiam
2889 2521 3080 2575 iterum
3141 2522 3357 2580 rebellis

1778 2606 1847 2661 ab
1886 2608 2002 2676 ipso
2030 2623 2252 2676 pervasa
2295 2620 2554 2663 vastatur.
2593 2611 2785 2665 Annal.
2823 2610 2985 2666 Fuld.
3018 2612 3212 2684 Egin/i.

1857 2697 1953 2752 797
1989 2695 2287 2753 Barcinona
2319 2700 2448 2754 urbs
2479 2700 2749 2771 Hispaniae
2783 2701 2974 2758 Carolo
3001 2706 3204 2760 reddita
3252 2717 3354 2762 est.

1773 2784 2240 2857 Constantinopoli
2291 2791 2680 2846 Constantinus
2732 2795 3027 2862 imperator
3076 2814 3105 2850 a
3156 2796 3361 2854 Cnucs

1771 2885 2093 2930 excreatur.
2127 2876 2364 2934 Saxonia
2414 2881 2542 2933 item
2573 2898 2603 2933 a
2651 2881 2845 2937 Carolo
2878 2900 3045 2953 usque
3079 2887 3145 2940 ad
3185 2887 3353 2942 Occa-

1773 2981 1899 3018 num
1935 2977 2162 3035 vastata,
2193 2983 2244 3023 et
2276 2971 2329 3024 in
2381 2972 2705 3029 deditionem
2739 2990 2835 3043 per
2877 2977 3094 3035 obsides
3123 2991 3356 3052 recepta.

1773 3057 1873 3111 An.
1906 3057 2066 3112 Fnld.
2109 3060 2338 3132 Tltcoph.

1845 3172 1948 3226 798
1975 3172 2201 3229 Carolus
2254 3177 2304 3230 in
2355 3176 2588 3232 Sasouia
2630 3194 2754 3234 cum
2789 3181 3029 3236 exercitu
3077 3183 3356 3252 hiemavit,

1772 3269 1828 3314 et
1875 3261 2295 3318 Trausalbianos
2345 3266 2610 3333 Saxones,
2669 3269 2759 3338 qui
2801 3270 3004 3341 legatos
3050 3271 3167 3341 rjus
3211 3291 3358 3329 (ποιη-

1783 3354 2202 3423 prehenderunt,
2227 3357 2332 3413 late
2358 3360 2606 3424 vastavit,
2639 3370 2692 3414 et
2718 3377 2812 3432 per
2837 3363 3039 3434 legatos
3069 3381 3196 3420 suos
3225 3384 3360 3420 con-

1777 3459 1922 3503 serto
1953 3447 2135 3517 prndio
2165 3462 2396 3519 quatuor
2425 3454 2590 3510 millia
2633 3469 2702 3510 ex
2747 3457 2827 3510 eis
2872 3457 3091 3524 occidit,
3123 3459 3360 3530 reliquos

1043 3579 1048 3584 .
1091 3528 1521 3586 JOMPENDIUM
1564 3534 1655 3588 EX
1695 3536 1940 3593 (3001οῦ
1978 3540 2345 3598 BELRNOLDI.

179 3582 272 3662 786
295 3608 515 3667 Carolus
539 3615 731 3668 iterum
759 3613 982 3669 Romam
1007 3582 1101 3670 iuit
1126 3582 1316 3671 orandi
1978 3582 2583 3690 EuganeisINrebelIant.

134 3695 265 3764 giir...
292 3702 434 3755 armis
456 3703 664 3772 viginti.

187 3785 273 3840 787
293 3786 528 3846 Rudm'rd
557 3793 673 3862 lilia
709 3793 955 3850 Caroli...
977 3799 1347 3866 desponsatur.

188 3876 274 3964 789
300 3880 406 3936 Hoc
431 3902 580 3938 anno
604 3883 827 3941 Carolus
855 3904 1064 3943 Lxxxlu
1086 3905 1215 3959 pene
1237 3908 1498 3948 canonum
1527 3898 1674 3964 capi-

137 3962 224 4018 tula
257 3969 402 4024 totius
440 3975 594 4043 regni
656 3975 740 4028 sui
783 3979 1038 4046 episcopis
1092 3981 1410 4046 transmisit,
1459 3995 1514 4038 ut
1558 3962 1672 4056 ejus

135 4061 296 4116 auxilio
330 4069 638 4146 corrigenda
664 4072 926 4141 corrigere
949 4084 1155 4146 possent
1188 4075 1356 4143 (277).

191 4149 276 4206 790
295 4141 438 4211 Hune
464 4175 666 4214 annum
682 4158 904 4216 Carolus
926 4141 1238 4220 Wormatile
1261 4141 1465 4236 quietus
1493 4180 1672 4226 trans-

137 4253 217 4310 egu

192 4335 270 4393 79!
305 4339 517 4399 Carolus
548 4355 743 4400 terram
776 4345 1098 4403 Hunnorum
1126 4361 1381 4406 aerastat.

192 4425 279 4483 79?.
301 4431 572 4503 Synado...
594 4437 843 4492 damnata
869 4449 967 4494 est.

1849 3720 1951 3776 794
1984 3721 2270 3792 Synodo...
2321 3723 2597 3782 Feliciana
2630 3730 2880 3785 damnata
2924 3745 3016 3790 est.
3063 3730 3357 3806 Pseudosy-

1777 3814 2011 3868 nodus...
2068 3816 2320 3872 damnata
2369 3829 2465 3872 est.
2519 3819 2618 3874 llis
2665 3824 2979 3892 temporibus
3021 3826 3352 3882 Alrwinus...

1775 3905 2012 3959 habetur.

1845 3995 1950 4050 793
1985 3996 2162 4053 Hunni
2195 3999 2366 4054 missis
2406 4001 2591 4072 legam
2635 4020 2690 4058 se
2719 4021 2838 4058 cum
2875 4015 3014 4060 terra
3037 4025 3132 4062 sua
3165 4008 3358 4065 Carolo

1779 4086 2011 4151 tradunt,
2036 4100 2082 4141 et
2110 4088 2559 4146 Christianitatcm
2580 4096 2887 4163 promittunt
2912 4095 3082 4168 (278).

1851 4175 1953 4229 796
1985 4178 2185 4244 Roma',
2215 4182 2527 4250 defuncto...
2573 4188 2722 4239 annis
2752 4203 2842 4241 xx.
3059 4177 3062 4179 Δ

1848 4267 1951 4321 797
1974 4265 2490 4341 Constantinopoli...
2515 4285 2824 4331 ea'crrcatnr.

1848 4359 1950 4414 798
1980 4357 2179 4414 Helena
2222 4374 2453 4420 mater...
2489 4384 2615 4436 pace
2653 4369 2809 4423 misit.

1614 4535 1842 4590 ΝΟΤᾸΞ.

197 4609 322 4701 (375i
348 4613 454 4701 lnte
477 4626 678 4701 .ig‘it‘ur.
700 4635 785 4675 mc
814 4622 1114 4701 concilium
1167 4622 1456 4701 Nicmuuui
1488 4641 1670 4701 n,__an.
1709 4631 1754 4688 υ
1783 4636 1890 4701 teni
1917 4625 2298 4701 cumdeeretis
2320 4626 2399 4701 _S._
2422 4627 3127 4701 Romanorumpontilicmn
3151 4633 3356 4701 Siricii,

145 4677 240 4761 137,
260 4697 344 4761 pro
364 4677 637 4761 cultquS.
666 4689 961 4761 imaginum
991 4677 1258 4757 habitum,
1287 4677 1336 4749 et

145 4745 668 4832 Emicol’ordieusibus
744 4745 1028 4832 perperam
1072 4745 1442 4820 intellectum.
1509 4765 1674 4821 Cone.

148 4814 283 4894 Cerva.
310 4835 343 4878 t.
373 4827 418 4889 l,
444 4847 493 4894 p.
535 4829 666 4886 288.

201 4889 550 5015 (276L8cilicct
579 4917 672 4955 vm
691 4901 805 4956 Kal.
829 4902 977 4969 Jan.,
997 4903 1082 4957 cui
1115 4903 1280 4958 altera
1307 4923 1430 4962 mox
1449 4907 1535 4962 die
1556 4923 1679 4960 suc-

149 4972 278 5015 (⁵65511.
339 4982 425 5015 eo:
455 4970 598 5015 nllnd
628 4973 764 5015 allen
794 4975 967 5015 ειιΙΙηηδ
1001 4984 1065 5015 sm
1117 4974 1275 5015 ﬁnmn
1310 4979 1502 5015 nrinric
1550 4980 1673 5015 enini

223 4977 278 5015 stt
302 4977 426 5030 Leo;

204 5034 353 5089 rtiuet.

204 5041 286 5084 rtm
318 5045 353 5089 ι.
1309 5041 1322 5047 ’

150 5041 329 5190 rei?)
352 5107 477 5166 Sunt
512 5113 630 5167 lucc
659 5113 977 5190 capitularia
1007 5117 1470 5189 Aquisgranensia
1514 5118 1675 5187 hujus

455 4970 598 5041 quod
628 4973 764 5027 adeo
793 4975 969 5030 adhuc
1000 4984 1066 5028 ad
1116 4974 1276 5030 linem
1309 4979 1504 5047 prioris
1548 4980 1674 5032 anni

1779 4696 2098 4768 lnuocciitii,
2131 4696 2355 4768 Zosimi,
2385 4697 2668 4763 llonil‘acii,
2693 4696 2990 4765 C(Blestini,
3022 4701 3238 4768 Leonis,
3268 4696 3360 4758 11ιὲ

1778 4767 1924 4832 larii,
1953 4768 2239 4838 Simplicii,
2287 4767 2501 4833 Felicis,
2532 4769 2751 4834 Gelasii,
2782 4771 3080 4834 Anastasii,
3108 4767 3354 4838 Symma-

1778 4838 1903 4911 clti,
1951 4837 2281 4902 llorinisdtc,
2339 4838 2822 4911 Cregoriinrllunc
2879 4840 3072 4895 librum
3138 4837 3356 4911 Quidam

1778 4908 2074 4962 Adrianum
2107 4907 2511 4976 eugnominatit.
2551 4931 2568 4962 ι
2613 4907 2867 4963 Codicem
2901 4911 3041 4964 hunc
3070 4907 3358 4968 llarzheim

1780 4993 1891 5050 sua:
1936 4979 2240 5036 collectioni
2273 4980 2632 5036 Coaciliorutu
2659 4980 2982 5050 Germanae,
3014 4989 3052 5035 ι.
3081 4982 3123 5046 Ι,
3151 4999 3204 5050 p.
3235 4985 3360 5049 l9l,

1781 5048 2038 5121 inseruit;
2073 5051 2125 5104 in
2154 5065 2260 5118 quo
2289 5060 2464 5105 tamen
2509 5049 2824 5121 pontiﬁcum
2855 5053 3072 5121 decreta
3117 5048 3221 5107 non
3266 5048 3365 5109 ita?

1781 5117 1995 5182 bentur,
2026 5136 2145 5188 qua:
2175 5117 2305 5174 vero
2331 5117 2550 5177 exhibet
2591 5120 2732 5174 inter
2770 5120 3029 5188 epistolas
3058 5124 3366 5186 pontilicias
