3970 5406
289 303 387 358 173

1475 285 1897 352 CHRONlCON.
1934 318 2002 330 —
2045 287 2221 344 SEC.
2259 287 2351 346 IX.

3442 284 3546 343 Πι

1571 404 1803 463 CUDEX
1841 400 2231 459 AUGIENSIS.

286 502 621 559 deditionem
652 501 818 557 venit.
852 499 1138 572 Ratgarius
1172 497 1459 556 Fuldensis
1489 498 1658 553 abbas
1690 512 1721 550 a
1765 496 1873 549 lra-
1902 512 1947 567 Λ
1974 494 2211 563 spatium
2265 492 2431 549 leuem
2464 491 2624 547 unius
2669 491 2723 547 in
2751 491 2970 548 modum
3024 492 3235 564 aggeris
3271 493 3550 551 intumuit.

284 594 462 650 tribus
489 602 781 646 accusatus
819 601 876 644 et
919 591 1204 645 convictus
1233 589 1539 660 deponitur.
1569 588 1672 641 An.
1704 582 1868 638 Fuld.

355 685 522 756 136
564 685 672 739 8l8
706 682 1011 737 Bernardus
1041 696 1134 735 rex
1161 720 1177 741 .
1217 679 1345 733 item
1374 677 1698 733 rebellionis
1739 690 1871 729 ραι-

2053 580 2209 652 137
2266 580 2569 637 Ludovicus
2598 581 2895 651 imperator
2937 582 3005 655 de
3052 582 3283 653 publicis
3312 584 3557 655 peccari.

1976 673 2093 728 suis
2119 674 2388 744 publicam
2420 673 2793 744 ptenitentiam
2815 673 2926 745 egit
2949 684 3004 728 et
3028 687 3255 745 qumque
3284 675 3339 730 ln
3384 688 3558 746 regno

281 776 484 841 victus,
511 774 722 844 judicio
748 773 1080 829 Francorqu
1108 780 1412 827 excaecatus
1442 771 1696 831 moritur,
1720 783 1875 822 eom-
1978 779 2080 821 suo
2101 767 2422 838 corrigenda
2452 766 2709 822 correxit.
2730 766 3022 823 Lotbarius
3044 769 3096 824 in
3122 768 3355 837 Italiam,
3376 759 3560 845 Pippi-
3604 768 3636 858 ’Χ

280 867 565 938 plicesque
610 867 730 936 ejus
784 865 1013 920 diversis
1063 864 1238 918 modis
1295 863 1465 934 puniti
1524 860 1877 932 episeopique

281 957 521 1027 depositi
551 967 705 1012 sunt.
738 956 1045 1013 Ludovicus
1069 956 1367 1025 imperator
1395 952 1730 1009 Cismarinos
1761 951 1875 1005 Briv

284 1058 490 1104 taunos
518 1048 870 1113 rebellantes,
913 1048 1100 1102 exciso
1136 1044 1453 1099 Mortnauno
1495 1044 1631 1096 duce
1666 1056 1877 1106 eorum,

284 1138 521 1193 domuit.
578 1138 808 1208 Eclipsis
844 1137 977 1194 solis
1013 1152 1109 1191 vttt
1144 1136 1216 1190 Id.
1255 1133 1383 1189 Julii
1416 1134 1556 1189 faeta
1587 1134 1758 1204 (301).
1806 1133 1878 1187 Ir-

285 1231 543 1301 mingard
568 1231 885 1300 imperatrix
911 1229 1047 1285 obiit
1075 1245 1107 1286 ν
1136 1226 1271 1283 Νοη.
1304 1226 1495 1282 Octob.
1529 1226 1714 1282 Fuldis
1745 1225 1879 1299 Eigil

282 1320 459 1375 abbas
482 1321 863 1375 constituitur.
896 1319 1089 1374 Annal.
1120 1317 1308 1383 Fuld.,
1334 1316 1568 1389 Tltegan.

353 1410 467 1466 819
495 1410 768 1466 Selaomir
809 1411 918 1464 dux
964 1409 1348 1464 Abodritaruut
1380 1408 1573 1462 exsilio
1597 1408 1883 1463 damnatus

282 1513 337 1557 et
371 1518 605 1574 regnum
646 1504 766 1574 ejus
813 1502 1130 1573 Ceaddrogo
1169 1502 1462 1555 'l‘rasconis
1510 1500 1623 1555 ﬁlio
1673 1501 1880 1555 datum.

284 1592 514 1663 Synodo
579 1592 904 1664 Aquisgraui
955 1592 1102 1663 (502)
1161 1593 1345 1648 ltabita
1401 1592 1568 1646 multa
1618 1594 1685 1646 de
1737 1598 1883 1645 stau

287 1683 664 1738 bleclesiarnm
688 1693 743 1739 et
767 1683 1138 1738 eteuobiorum
1166 1691 1393 1736 tractata
1419 1690 1562 1735 sunt.
1586 1680 1885 1749 Imperator

284 1777 483 1834 .luditb
523 1778 689 1834 tiliam
712 1777 929 1850 Welpbi
959 1776 1176 1833 comitis
1206 1777 1355 1831 duxit
1384 1790 1638 1839 uxorem,
1676 1790 1740 1829 ex
1777 1789 1883 1844 qua

1982 875 2085 915 nus
2126 861 2285 915 ducta
2320 874 2493 916 uxore
2540 859 2594 914 in
2636 859 2986 931 Aquitaniam
3015 875 3172 931 reges
3217 862 3367 919 missi
3406 871 3555 920 sunt.

1984 952 2171 1008 Fuldis
2194 953 2331 1024 Eigil
2360 953 2529 1009 abbas
2551 951 2702 1018 obiit,
2735 953 2818 1009 cui
2844 952 3124 1017 Rabanus,
3154 953 3237 1007 vir
3259 954 3452 1013 doctus
3499 962 3564 1015 et

1982 1044 2289 1099 divinorum
2329 1044 2591 1099 librorum
2635 1051 2900 1099 tractator
2943 1045 3215 1116 egregius,
3264 1046 3555 1103 successit.

1982 1136 2179 1190 Annal.
2209 1134 2373 1189 Fald.
2395 1167 2477 1207 -ο
2498 1136 2686 1207 Augia:
2710 1135 2941 1191 Hettoue
2968 1136 3165 1191 abbate
3202 1145 3257 1191 et
3302 1135 3559 1209 episcopo

1984 1227 2249 1297 priimam
2275 1235 2330 1283 et
2367 1227 2605 1298 quietam
2654 1226 2821 1281 vitam
2875 1227 3188 1298 adeptante,
3240 1227 3560 1286 Erlebsldus

1986 1317 2155 1373 abbas
2188 1315 2237 1371 Χ
2267 1318 2483 1389 pnel‘uit
2507 1317 2663 1373 annis
2702 1330 2819 1373 xm.
2858 1316 3010 1373 Ebbo
3049 1317 3340 1374 Remorum
3379 1319 3565 1376 arclti-

1986 1411 2271 1481 cpiscopus
2282 1411 2429 1481 genti
2442 1408 2905 1468 Nortmannorum
2920 1413 3143 1468 verbum
3161 1413 3558 1484 Dei~przedicst.

1989 1504 2184 1557 Annal.
2225 1499 2390 1556 Fuld.

2057 1591 2479 1648 82.3.Lotbarius
2504 1592 2808 1659 rexltalite,
2837 1606 3062 1665 rogante
3101 1611 3234 1669 papa
3280 1596 3565 1665 Pascltale,

1990 1682 2285 1751 imperator
2305 1685 2373 1739 ab
2401 1700 2467 1740 eo
2512 1684 2698 1741 Romae
2722 1696 3039 1743 coronatur.
3073 1688 3384 1749 Luidwidus
3424 1689 3569 1747 Pan-

1991 1777 2168 1828 noniae
2220 1786 2506 1846 tyrannus,
2552 1777 2607 1832 in
2654 1775 2978 1833 Dalmatiam
3030 1778 3415 1853 transfugiens,
3442 1782 3567 1838 dolo

287 1870 577 1924 Carolum'
606 1871 811 1942 genuit.
867 1869 1148 1925 Exercitus
1201 1869 1255 1922 in
1321 1867 1630 1921 Pammuias
1689 1876 1879 1920 contra
1918 1872 1959 1929 Β
1986 1865 2140 1921 ducis
2169 1867 2467 1923 l‘roviuciat
2490 1880 2801 1941 peremptus
2825 1882 2927 1926 est.
2976 1872 3119 1928 Inter
3159 1873 3263 1927 alia
3318 1875 3565 1948 prodigia

291 1961 642 2016 Liudwidum
677 1959 797 2033 [al.,
848 1960 1137 2015 Liutwitus
1183 1970 1233 2013 et
1283 1958 1575 2031 Liutullus]
1631 1957 1883 2013 Sclavunt

290 2054 652 2109 rebellantem
694 2069 862 2123 parvo
902 2052 1095 2109 eﬂ'ectu
1148 2053 1397 2107 mittitur.
1432 2050 1688 2122 Pippinus
1740 2050 1886 2107 illius

288 2146 651 2216 imperatoris
707 2146 979 2201 Vascones
1031 2144 1354 2200 rebellantes
1402 2143 1640 2214 subjicit.
1700 2142 1887 2198 Fnldis

285 2239 531 2293 ecclesia
575 2240 748 2294 sancti
799 2237 1059 2293 Bonifacii
1092 2239 1161 2293 ab
1188 2237 1451 2292 lleistoll‘o
1477 2238 1887 2308 archiepiscopo

286 2331 549 2385 dedicata
579 2339 685 2384 est.
710 2329 903 2384 Annal.
940 2327 1103 2384 Fuld.

362 2421 479 2475 820
509 2419 647 2476 Tres
669 2429 944 2476 exercitus
972 2430 1162 2476 contra
1196 2419 1534 2476 Lnidwidum
1561 2434 1625 2475 ex
1656 2420 1886 2476 diversis

290 2513 552 2582 partibus
581 2513 809 2569 imu'tissi
838 2513 1175 2569 Pannoniam
1208 2530 1401 2586 magna
1435 2527 1500 2567 ex
1533 2522 1688 2584 parte
1719 2515 1888 2569 deva-

290 2612 469 2658 stant.
488 2603 625 2661 Bera
648 2619 832 2661 comes
853 2604 1189 2671 Barcinonm,
1216 2622 1341 2661 reus
1365 2606 1682 2676 majestatis,
1712 2608 1890 2664 duello

294 2696 614 2764 convictus,
640 2696 835 2752 exsilio
861 2697 1169 2752 damnatur.
1195 2697 1269 2751 Ex
1305 2697 1657 2752 inundatione
1682 2698 1891 2769 pluvia-

293 2804 423 2842 rum
457 2787 628 2844 nimia
662 2790 971 2845 pestilentia
1000 2804 1195 2860 magna
1228 2797 1281 2843 et
1308 2788 1477 2844 latnes
1502 2787 1666 2844 facta.
1692 2789 1885 2845 Annal.

296 2878 468 2933 Fttld.
1282 2899 1289 2904 ‘

369 2961 471 3027 821
526 2974 833 3029 Ludovicus
873 2974 1167 3045 imperator
1205 2988 1431 3045 regnum
1470 2973 1615 3028 inter
1644 2972 1785 3029 lllios
1810 2973 1892 3029 di-

293 3064 454 3126 vidit,
490 3065 682 3119 exsilia
715 3066 997 3130 relaxavit,
1029 3066 1210 3121 debita
1248 3066 1463 3121 cunctis
1509 3065 1733 3130 dimisit,
1767 3080 1891 3135 pos-

296 3155 573 3210 sessiones
628 3157 681 3210 in
734 3158 922 3211 liscum
978 3157 1224 3211 redactas
1268 3156 1538 3211 “restituit.
1602 3155 1891 3211 Letharius

299 3246 336 3299 ii
364 3248 447 3301 ius
467 3247 588 3317 ejus
612 3264 837 3305 uxorem
860 3250 1036 3304 duxit.
1070 3248 1373 3319 Tltegan.—
1400 3247 1718 3319 Ceaddrago
1751 3248 1888 3304 duce
1918 3230 1960 3290 C

298 3338 687 3396 At'odritarum
749 3342 989 3411 perﬁdiae
1052 3351 1280 3405 notato,
1342 3339 1627 3402 Sclaomir,
1692 3341 1887 3396 exsilio

302 3440 587 3488 revocatus
636 3441 925 3505 tactusque
972 3428 1195 3500 morbo,
1257 3443 1513 3504 percepto
1561 3431 1887 3503 baptismate

299 3525 454 3581 obiit.
493 3526 637 3583 Ann.
671 3526 841 3583 Fuld.

370 3616 479 3673 829.
514 3617 570 3674 ιη
617 3618 917 3693 Tburingia
965 3635 1154 3693 cespes
1207 3620 1542 3692 longitudine
1588 3637 1618 3675 L
1669 3620 1887 3691 pedum,

303 3708 589 3767 latitudine
609 3728 718 3779 stv,
738 3712 1028 3769 altitudine
1051 3728 1205 3778 svnt,
1228 3710 1296 3767 de
1326 3713 1443 3767 loco
1469 3726 1568 3766 suo
1594 3726 1700 3765 xxv
1724 3712 1889 3781 pedes

304 3791 601 3857 translatus
652 3804 864 3875 integer
913 3805 1208 3859 invenitur.
1266 3803 1323 3858 ln
1371 3803 1618 3858 orientali
1651 3801 1887 3856 Saxonia

303 3898 463 3945 nocte
491 3893 746 3962 quadam,
787 3894 941 3965 juxta
968 3894 1146 3950 lacum
1176 3894 1387 3949 At'nseo
1418 3893 1588 3965 (505),
1618 3892 1772 3947 tellus
1794 3907 1890 3963 per

1992 1968 2330 2015 terminatus
2357 1962 2608 2031 Aquense
2642 1963 2903 2034 palatium
2929 1966 3226 2021 concussit.
3260 1966 3315 2021 in
3346 1970 3568 2025 territo-

1989 2050 2070 2105 rio
2092 2048 2331 2106 'l‘ullensi
2355 2052 3105 2124 puellaqumdam‘duodennis
3141 2057 3372 2112 triennio
3395 2057 3565 2131 (5M),

1988 2140 2100 2198 fere
2128 2144 2245 2199 sine
2259 2144 2380 2200 cibo
2408 2156 2463 2200 et
2482 2155 2609 2217 potu
2634 2161 2766 2201 sana
2793 2156 2849 2202 et
2871 2148 3122 2203 manibus
3153 2149 3265 2205 suis
3291 2148 3562 2214 laborans.

1988 2236 2310 2304 permansit.
2368 2235 2425 2291 in
2474 2250 2613 2308 pago
2664 2236 2915 2292 Saxonis:
2946 2238 3210 2295 Firilisazi
3249 2239 3396 2313 (305)
3431 2257 3586 2314 mu,

1989 2327 2151 2393 villae,
2177 2338 2231 2383 et
2255 2329 2309 2384 in
2332 2328 2454 2386 aliis
2477 2330 2774 2400 provinciis
2799 2330 2941 2385 ultra
2965 2332 3184 2387 solitum
3232 2332 3415 2404 plures
3461 2332 3568 2388 lul-

1989 2418 2135 2473 mine
2155 2428 2427 2474 crematae.
2444 2418 2679 2493 Fulgura
2709 2422 2900 2477 crebro
2920 2438 3114 2479 sereno
3136 2425 3278 2479 caelo
3301 2424 3569 2492 cecidere,

1990 2509 2106 2579 agri
2138 2519 2334 2580 praeter
2360 2510 2578 2567 solitqu
2612 2511 2765 2568 multi
2787 2514 3053 2582 grandine
3076 2514 3295 2581 vastati,
3326 2516 3468 2571 veris
3487 2516 3567 2572 itt-

1992 2609 2077 2655 ter
2106 2605 2280 2672 ipsam
2309 2610 2367 2658 et
2415 2602 2625 2674 magnis
2663 2601 2933 2674 lapidibus
2972 2604 3297 2673 quibusdam
3338 2605 3392 2660 in
3429 2604 3568 2661 locis

1991 2691 2391 2747 decidentibus.
2438 2690 2756 2747 Pestilentia
2786 2706 3003 2763 quoque
3040 2693 3231 2766 ingens
3259 2693 3425 2751 facta.
3457 2695 3562 2751 An.

1991 2778 2159 2837 Fuld.
2270 2844 2275 2849 ,

2059 2872 2166 2928 824
2192 2872 2306 2930 Rex
2324 2873 2687 2947 Vulgarorum
2717 2874 2982 2949 Omortag
3008 2892 3106 2949 pro
3136 2892 3268 2949 pace
3298 2878 3365 2934 ad
3396 2878 3570 2951 impe-

1992 2973 2231 3019 ratorem
2270 2965 2602 3021 Ludovicum
2644 2965 2815 3022 misit.
2870 2966 3059 3024 Roma:
3108 2968 3382 3040 Eugenius
3430 2984 3568 3039 papa

1993 3066 2115 3128 post
2136 3057 2451 3113 Pascltalem
2476 3059 2616 3114 sedit
2643 3059 2802 3115 annis
2818 3075 2902 3115 ut.
2926 3060 3111 3117 lliems
3127 3072 3325 3134 praeter
3352 3062 3567 3117 solitmn

1993 3151 2187 3223 frigida
2214 3161 2269 3207 et
2306 3152 2535 3223 prolixa.
2562 3153 2616 3208 lu
2650 3155 2929 3211 territorio
2947 3156 3421 3228 Augustoduneusi
3452 3160 3570 3229 gla-

1993 3245 2104 3300 cies
2140 3246 2208 3300 de
2237 3261 2363 3302 aere
2399 3247 2663 3302 cecidisse
2689 3248 2892 3304 dicitur
2932 3265 3005 3306 xv
3034 3250 3232 3321 pedum
3286 3249 3465 3321 longa,
3496 3268 3572 3309 νη

1994 3334 2122 3400 lata,
2144 3352 2181 3391 ιι
2207 3352 2416 3408 grossa.
2431 3336 2735 3393 Ludovicus
2750 3339 3048 3411 imperator
3070 3341 3237 3398 lilium
3254 3341 3571 3400 Lotharium

1996 3443 2094 3498 pro
2120 3431 2441 3501 quibusdam
2474 3431 2812 3502 corrigendis
2834 3432 3062 3489 Romam
3078 3436 3243 3493 misit.
3262 3435 3381 3508 Ipse
3404 3436 3578 3494 rebel-

1995 3518 2194 3599 lantem
2235 3519 2574 3576 Britanniam
2600 3521 2748 3578 ferro
2789 3530 2846 3579 et
2900 3524 3025 3595 igne
3075 3534 3295 3583 vastans
3341 3528 3573 3586 domuit.

1995 3612 2192 3666 Annal.
2227 3611 2393 3667 Fuld.
2430 3644 2491 3657 —-
2518 3613 2680 3685 138
2699 3614 2886 3687 Augia:
2917 3615 3164 3675 Wetinus
3193 3620 3507 3683 monachus,
3541 3635 3575 3677 ο

1995 3718 2224 3775 corpore
2244 3704 2439 3759 ductus
2465 3715 2520 3760 et
2545 3707 2819 3771 reductus,
2832 3717 2955 3778 post
2976 3707 3212 3764 triduum
3231 3708 3396 3777 obiit;
3420 3708 3576 3778 cujus

1997 3794 2233 3851 visiones
2285 3794 2443 3850 lietto
2496 3796 2785 3866 episcopus
2843 3810 3043 3866 prosa,
3095 3808 3152 3855 et
3202 3797 3577 3856 Walabl'ridus

2000 3890 2219 3945 heroico
2275 3899 2449 3943 metro
2473 3889 2694 3959 scripsit
2728 3888 2901 3960 (506).

1299 4026 1744 4086 COMPENDIUH
1786 4026 1879 4083 EX
1926 4026 2171 4085 CODICE
2212 4025 2576 4082 lililiNOLlll.

375 4159 483 4217 8l8
534 4160 827 4218 Ludovicus
867 4164 1153 4233 imperator
1211 4139 1535 4215 Cismarinos
1606 4157 1893 4212 Britannos

305 4249 533 4306 domuit.

387 4345 495 4401 819
525 4343 738 4419 Synodo
788 4343 1112 4419 Aquisgi'ani
1149 4345 1331 4399 habita
1357 4383 1372 4408 ,
1425 4344 1592 4396 multa
1648 4344 1711 4396 de
1748 4352 1891 4397 statu

309 4440 665 4495 Ecclesiarum
693 4439 950 4508 disposita
979 4446 1123 4491 sunt.

1996 4169 2116 4215 tone
2143 4161 2328 4215 abbate
2377 4171 2424 4215 et
2471 4161 2710 4232 episcopo
2778 4161 3005 4234 quietam
3056 4159 3211 4217 vitam
3258 4134 3581 4234 adeptam,

2000 4250 2313 4307 lfrlebaldns
2340 4254 2499 4310 abbas
2522 4255 2754 4311 decimus
2777 4256 3048 4311 successit.

2064 4344 2172 4399 825
2209 4345 2492 4402 Lat/torius
2528 4363 2640 4403 rex.
2660 4386 2676 4401 .
2696 4386 2709 4401 .
2744 4346 2923 4402 Romw
2944 4358 3248 4402 coronatur.
3276 4347 3400 4418 Agri
3427 4346 3585 4406 mulli

1924 4468 1970 4527 θ
1994 4447 2184 4507 prmler
2218 4435 2429 4492 solitum
2458 4438 2713 4510 grandine
2741 4448 2860 4493 sunt
2900 4438 3112 4503 vastati,
3143 4440 3347 4509 magn's
3388 4438 3590 4510 lapidi-

381 4530 489 4586 820
522 4528 605 4585 Es
626 4528 974 4585 inundatione
1027 4526 1324 4581 vluviarum
1366 4522 1661 4596 pestilentia
1702 4539 1893 4596 magna
1924 4522 1959 4527 ⁷
1998 4530 2091 4583 bus
2116 4530 2308 4585 alit-ubi
2340 4532 2721 4586 decidentibus.

313 4624 833 4768 [agglazudovicus
874 4726 1002 4780 tmp.
1053 4723 1268 4780 regnum
1326 4706 1463 4760 inter
1502 4704 1646 4775 filios
1695 4704 1896 4773 divisit,

313 4807 496 4860 exsilia
530 4805 803 4871 relaxavit,
835 4803 1011 4857 debita
1048 4801 1250 4856 cunctis
1277 4798 1494 4873 dimisit.
1796 4876 1806 4886 ⁸

386 4896 488 4951 822
522 4894 913 4951 Ludovicus...
943 4892 1178 4964 egregius
1220 4892 1491 4948 successit.
1525 4889 1713 4962 Augia:
1765 4889 1899 4947 Het-

2067 4625 2175 4682 824
2218 4626 2396 4682 Roma
2437 4628 2703 4700 Engenius
2751 4645 2888 4699 papa
2918 4637 3033 4698 post
3091 4626 3402 4682 Pascltalem
3452 4630 3589 4688 sedit

1999 4722 2153 4774 annis
2202 4721 2386 4774 tribus.
2439 4723 2622 4791 Angiaz
2667 4717 2929 4776 Wettinus
2976 4719 3265 4774 monac/ms
3313 4735 3587 4791 ecorpare

2002 4811 2189 4863 ductus
2214 4820 2326 4881 post
2357 4811 2605 4864 triduum.
2632 4848 2646 4863 .
2666 4849 2680 4862 .
2719 4807 2873 4864 Iletlo
2902 4849 2916 4863 .
2942 4845 2959 4864 .
2985 4849 2999 4862 .
3033 4808 3258 4878 scripsit.

1829 5019 2071 5083 ΝΟΤᾸΞ.

321 5188 357 5244 d
391 5118 533 5244 (ξω)
556 5115 794 5190 Eelipsis
822 5114 927 5170 ista
952 5112 1188 5184 pertinet
1217 5110 1286 5166 ad
1311 5106 1343 5161 7
1372 5105 1507 5178 Jul.,
1539 5124 1647 5167 non
1676 5127 1804 5171 vero
1824 5115 1893 5172 ad

390 5212 528 5333 (ΞΜ)
552 5212 727 5333 (gone.
759 5256 947 5314 Germ.
974 5263 1017 5333 t._
1036 5253 1097 5333 ii,
1127 5269 1183 5325 p.
1210 5252 1328 5333 11.⁸

392 5321 529 5378 ἰδυῖιὶ
581 5329 718 5378 Inde
748 5342 948 5378 nomen
1002 5321 1165 5378 habet
1207 5321 1463 5378 oouidttm
1513 5324 1754 5378 Arntsee.
1799 5340 1896 5378 seu

2008 5110 2258 5167 Saxonis;
2286 5106 2589 5165 conﬁnibus
2615 5121 2670 5186 u_t
2692 5103 3022 5187 Westpbalia
3052 5103 3366 5171 collocatur,
3394 5104 3463 5163 de
3488 5116 3605 5230 (ιὲιο

2010 5180 2397 5230 consulendum
2455 5182 2762 5230 Chrontcun
2818 5178 3204 5230 Guttvtttceuse.
3236 5192 3290 5230 ι).
3336 5179 3465 5230 600.
3539 5185 3605 5227 ει

2010 5180 2397 5237 consulendum
2455 5176 2762 5237 Cltronictm
2818 5176 3204 5242 Gottwiceuse,
3236 5192 3290 5245 p.
3336 5179 3465 5232 600.
3515 5176 3606 5230 Ex

2013 5252 2115 5306 hoc
2173 5262 2354 5306 autent
2436 5249 2556 5308 loco
2615 5246 2823 5302 erroris
2895 5246 3234 5306 convincitur
3297 5246 3604 5304 Paullinus.

2011 5324 2258 5377 eumdem
2309 5332 2507 5378 nanum
2556 5322 2610 5377 in
2661 5319 2906 5376 ntarcbia
2950 5317 3419 5378 Braud.nburttiea
3463 5327 3605 5372 con-
