3970 5406
261 387 349 443 ITI

1423 385 1836 446 CHRONIUON.
1875 417 1946 427 —
1984 386 2159 444 SxEC.
2198 389 2294 445 IX.

3418 386 3534 442 I78

1568 503 1794 560 CODEX
1835 503 2228 560 AUGIENSIS.

256 622 384 681 lzito,
407 632 594 673 omnes
614 615 704 686 qui
722 616 822 672 sibi
852 617 1112 673 contrarii
1142 615 1375 678 fuerant,
1402 617 1698 672 honoribus
1730 634 1778 686 ps
1797 616 1837 669 i-
1864 621 1911 679 Α
1943 617 2287 685 Antwerpam
2318 613 2527 678 urbem,
2556 622 2610 668 et
2636 614 2689 668 in
2720 614 2878 669 ostiis
2917 613 3078 668 Mosa:
3107 615 3520 684 εἰῑιιιιιᾶνίιιειιιι

256 713 420 777 γίιιίι,
457 712 724 782 qttosdam
780 713 944 767 etiam
995 713 1214 783 praediis
1241 711 1495 780 spoliavit
1518 752 1533 775 ,
1567 721 1829 780 quosnam

253 805 443 860 exsilio
459 804 739 873 relegavit,
764 804 1083 872 animosque
1106 815 1212 858 tam
1234 804 1468 858 ﬁliorum
1488 819 1652 873 quam
1675 811 1832 856 caete-

255 913 434 951 rorum
467 907 658 951 contra
690 912 748 952 se
791 905 844 950 et
895 897 1082 951 Iudith
1135 911 1361 950 uxorem
1391 910 1545 950 suam
1594 895 1833 966 graviter

251 985 508 1041 irritavit.
547 985 739 1039 Annal.
771 983 941 1038 Fnlrl.

318 1079 424 1134 852
483 1079 785 1148 Imperator
855 1089 1043 1134 Contra
1097 1079 1263 1132 ﬁlium
1320 1079 1651 1132 Iantovteum
1711 1092 1832 1130 cum

246 1169 490 1224 exercitu
509 1171 807 1238 Augustam
827 1168 1158 1223 V'imlelica.u
1187 1169 1366 1224 venit:
1391 1185 1498 1239 quo
1522 1169 1832 1230 resistente,

249 1271 435 1313 contra
489 1259 776 1330 Pippinum
813 1260 1041 1313 altermu
1073 1260 1239 1313 lilium
1278 1261 1346 1313 ad
1377 1259 1722 1328 Aquitaniam
1777 1275 1835 1314 se

247 1350 526 1406 convertit
555 1365 791 1420 eumque
823 1366 994 1419 regno
1023 1351 1278 1420 privavit.
1310 1349 1415 1404 Sed
1446 1348 1570 1403 inde
1602 1350 1844 1416 rediens,

250 1443 444 1496 timore
500 1439 736 1495 ﬁliorum
796 1457 979 1496 uxore.
1012 1442 1262 1506 abdicata
1309 1440 1498 1510 (515),
1550 1439 1839 1495 dimculter

247 1534 506 1602 Aquense
555 1533 812 1602 palatium
864 1533 1101 1603 repetiit.
1130 1531 1361 1602 Eclipsis
1409 1530 1540 1587 solis
1589 1547 1626 1585 ιι
1685 1531 1835 1602 (514)

249 1623 385 1679 Non.
434 1623 566 1679 Maii
619 1635 675 1680 et
719 1622 886 1679 Lunae
940 1640 1038 1679 xm
1070 1623 1194 1678 Kil.
1235 1622 1382 1678 Junii
1433 1622 1596 1678 facta.
1641 1622 1834 1676 Annal.

248 1713 414 1768 Fuld.

310 1804 418 1862 855
448 1804 776 1873 Imperator,
809 1813 1023 1874 recepta
1054 1820 1250 1865 uxore.
1279 1813 1466 1860 contra
1498 1803 1636 1858 ﬁlios
1665 1803 1731 1856 ad
1779 1819 1837 1858 se

246 1896 437 1954 venite
471 1895 746 1960 volentes,
774 1895 1004 1950 collecto
1025 1895 1268 1950 exercitu
1303 1895 1356 1948 in
1395 1894 1657 1948 Alsatiam
1685 1908 1840 1946 arma

1938 705 2060 776 |al.,
2085 703 2347 775 William]
2375 703 2676 774 emporium
2711 703 3028 765 incendunt.
3056 713 3111 758 et
3142 722 3167 757 a
3192 704 3524 762 Frcsouibus

1939 795 2200 849 tributum
2239 795 2530 863 accipiunt.
2561 795 2640 847 An
2686 791 2848 848 Fuld.
2881 825 2930 834 -
2971 795 3156 866 Angia:
3188 795 3346 851 IIeito
3372 797 3522 854 Basi-

1937 885 2036 939 leze.
2063 885 2352 956 episcopus
2373 886 2510 941 obiit
2535 897 2590 940 et
2628 885 2894 955 sepelitur
2915 887 3087 958 (521).

2005 976 2106 1029 857
2136 974 2383 1029 Ticinum
2414 991 2472 1030 ιιι
2499 974 2616 1029 Kal.
2666 974 2792 1030 Jan.
2839 977 3010 1032 octies
3041 987 3201 1032 noctu
3237 980 3538 1037 tremuisse

1937 1065 2157 1119 dicitur.
2186 1064 2332 1119 Multi
2352 1066 2656 1136 principum
2688 1067 2853 1122 Italia:
2887 1070 3077 1123 morbo
3102 1071 3394 1141 absumpti.
3421 1074 3525 1128 Co-

1938 1169 2077 1212 meta
2108 1157 2160 1212 in
2188 1159 2344 1229 signo
2372 1157 2549 1212 Libra:
2581 1159 2697 1214 visa
2735 1159 2905 1230 (329.).
2942 1160 3260 1215 Nortmanni
3294 1163 3345 1217 iu
3369 1161 3526 1217 Wal-

1940 1268 2031 1304 ‹ϊ;ι
2063 1250 2184 1322 {al.,
2223 1249 2520 1322 Walacria]
2547 1253 2723 1305 insula
2773 1255 3059 1309 commissa
3093 1271 3267 1324 pugna
3310 1273 3377 1309 xv
3407 1256 3525 1310 Kal.

1937 1342 2064 1397 Julii
2113 1341 2312 1396 multos
2349 1342 2708 1408 interimunt;
2745 1343 2984 1414 itemque
3044 1345 3388 1400 Ilorestatnm
3437 1364 3530 1400 va-

1940 1443 2148 1488 stantes
2177 1434 2438 1488 tributum
2463 1450 2492 1488 a
2521 1433 2849 1491 Fresonibus
2872 1439 3168 1508 accipiunt.
3196 1440 3297 1494 An.
3331 1438 3495 1494 Fnld.

2012 1525 2113 1579 838
2160 1523 2526 1580 'I‘errzemotus
2571 1541 2638 1580 xv
2682 1526 2800 1582 Kal.
2857 1528 3014 1583 Febr.
3055 1546 3283 1601 vespere
3329 1531 3546 1589 factus..

1943 1614 2120 1670 Naves
2135 1624 2327 1670 contra
2375 1615 2741 1673 Nortmannos
2781 1621 3080 1676 aediﬁcatae.
3114 1622 3414 1693 Imperator
3441 1641 3534 1694 op-

1943 1707 2129 1762 timam
2153 1711 2361 1779 partem
2389 1710 2538 1780 regni
2569 1709 2675 1766 ﬁlio
2699 1713 2897 1779 iuniori
2926 1713 3301 1770 Carolodedit.
3328 1716 3528 1772 Annal.

1945 1800 2143 1854 Berlin.
2177 1819 2266 1856 an.
2293 1818 2373 1871 pr.
2406 1831 2475 1843 -—-
2508 1801 2797 1860 Lotbarius
2835 1815 2888 1859 et
2917 1805 3447 1865 Ludovicuslratres
3477 1810 3528 1864 in

1945 1892 2263 1947 'I‘ridentina
2294 1893 2432 1948 valle
2471 1893 2614 1950 inter
2647 1911 2708 1950 se
2759 1897 3086 1968 colloquium
3126 1899 3387 1956 habuere.
3415 1903 3525 1955 An-

248 1988 550 2044 commovit
577 2003 592 2040 :
623 1987 712 2041 ubi
751 1987 1002 2041 veniente
1033 2002 1156 2042 cum
1211 1986 1336 2040 ﬁliis
1380 1984 1644 2054 Gregorio
1679 2000 1835 2055 papa,
1871 1999 1915 2058 ιι
1946 1985 2052 2040 nal.
2083 1986 2282 2042 Berlin.
2310 2005 2399 2043 an.
2430 2005 2512 2057 pr.
2545 1989 2949 2059 —-Imperator,
2984 1992 3172 2048 habito
3211 1994 3525 2065 Noviomagi

251 2082 557 2145 imperator
581 2099 610 2135 a
635 2082 750 2136 suis
771 2081 1015 2150 proditus
1044 2096 1108 2136 ac
1136 2079 1357 2135 relictus
1380 2079 1433 2133 in
1461 2079 1693 2134 ﬁliorum
1717 2092 1843 2132 suo-

250 2189 365 2227 rum
405 2181 744 2241 potestatem
776 2172 1012 2226 devenit.
1058 2171 1254 2225 Annal.
1293 2168 1457 2224 Fuld.

315 2262 423 2318 851
473 2263 780 2330 Imperator
807 2260 1016 2328 judicio
1053 2262 1431 2331 episc0pornm
1482 2261 1652 2314 armis
1679 2259 1844 2329 depo-

248 2355 392 2420 s'tis,
426 2355 496 2409 ad
535 2355 806 2424 agendam
853 2354 1230 2424 paenitentiam
1263 2352 1556 2407 includitur
1584 2351 1762 2418 (3l5).
1791 2359 1848 2404 et

249 2463 386 2504 uxor
424 2447 550 2516 ejus
577 2447 632 2502 iu
654 2444 864 2501 Italiam
895 2445 1197 2516 relegatur;
1239 2445 1334 2498 sed
1382 2459 1504 2497 mox
1536 2451 1724 2496 testate
1757 2457 1844 2496 re-

247 2552 403 2611 cepta
436 2555 638 2603 uxore,
663 2549 717 2593 et
746 2539 915 2593 armis
967 2538 1283 2592 Lotharium
1335 2535 1502 2589 ﬁlium
1553 2535 1604 2589 in
1639 2534 1847 2589 Italiam

252 2632 447 2702 rt-pul;t
472 2631 651 2700 (516).
687 2629 942 2685 Nithard.
979 2628 1138 2699 They.
1166 2658 1240 2669 —
1266 2627 1468 2683 Eodem
1492 2642 1636 2681 anno
1668 2640 1847 2696 pugna

246 2736 439 2779 contra
469 2722 803 2777 Matl'rcdnm
833 2731 888 2776 et
908 2721 1265 2790 Lantpertum
1295 2718 1460 2784 facta,
1495 2719 1548 2772 in
1575 2732 1680 2788 qua
1709 2717 1852 2770 inter

250 2816 385 2868 alios
441 2814 632 2884 plures
685 2813 885 2867 cecidit
918 2811 1036 2868 Odo
1091 2827 1275 2866 comes
1319 2808 1748 2873 Aurelianensis,
1795 2818 1852 2863 et

253 2908 482 2961 'I‘heodo
528 2906 696 2960 abbas
741 2905 1098 2968 Turonensis.
1124 2905 1264 2959 Ann.
1296 2903 1462 2958 Fuld.

322 2998 430 3053 855
491 2999 798 3067 Imperator
844 3012 970 3050 cum
1023 2995 1148 3051 ﬁliis
1203 2995 1434 3064 Pippino
1481 3001 1536 3048 et
1578 2991 1851 3047 Ludovico
1899 3004 1905 3009 '

252 3090 707 3160 I.ug|uui'(3l7)
763 3103 1018 3158 magnum
1073 3087 1262 3142 habuit
1295 3085 1448 3157 14],
1495 3094 1851 3140 conventum.

255 3179 590 3234 Not-tinanni
626 3180 970 3233 Dorestatum
1001 3177 1154 3246 (518)
1183 3185 1420 3231 vastant.
1451 3175 1650 3229 Annal.
1688 3173 1852 3230 Fultl.

250 3300 318 3310 —-
351 3270 591 3324 Basilica
622 3269 796 3323 sancti
824 3267 961 3322 Galli
988 3268 1232 3321 dedicata
1263 3274 1361 3320 est.
1389 3264 1582 3335 IIepitl.

1947 2086 2242 2140 conventu,
2300 2077 2528 2133 consilio
2577 2081 2936 2146 quorumdam
2986 2074 3262 2138 Ludovico
3294 2085 3404 2140 tilio
3443 2103 3527 2138 re-

1947 2182 2110 2236 gnum
2128 2167 2475 2222 orientalium
2498 2169 2858 2236 Francorum,
2881 2173 3024 2242 quod
3048 2175 3114 2228 ab
3138 2189 3204 2229 eo
3227 2185 3528 2245 acceperat,

1951 2259 2239 2314 interdixit
2268 2262 2768 2331 :quodilleinvidia
2789 2279 3078 2334 pravorum
3108 2265 3308 2320 factum
3332 2267 3535 2328 sciens,

1949 2365 2071 2404 eum
2137 2350 2279 2407 idem
2343 2369 2570 2423 regnum
2610 2355 2920 2420 invasisset,
2969 2357 3266 2426 imperator
3308 2358 3544 2412 collecto

1949 2441 2196 2496 exercitu
2247 2441 2298 2496 vi
2328 2459 2452 2498 eum
2479 2445 2755 2514 expellere
2783 2447 2994 2501 statuit.
3035 2447 3296 2517 Pippinus
3342 2463 3436 2500 rex
3470 2448 3542 2501 A-

1951 2535 2393 2604 quitaniaﬁlius
2424 2538 2791 2608 imperatoris,
2822 2555 3008 2595 mense
3035 2539 3355 2596 Novembris
3385 2542 3536 2612 (5‘15)

1952 2627 2109 2681 obiit.
2143 2627 2339 2682 Annal.
2370 2627 2535 2682 Fnld.
2570 2659 2641 2669 ——
2688 2631 2844 2700 Apud
2886 2640 3135 2686 sanctum
3164 2631 3373 2687 Gallum
3395 2633 3536 2688 Goz-

1951 2727 2108 2786 perto
2133 2717 2314 2772 abbati
2352 2717 2668 2774 Bernwicus
2693 2721 2976 2774 successit.
3010 2720 3249 2790 Ratpert.
3266 2753 3336 2762 —
3353 2721 3542 2789 Angia:

1952 2807 2239 2863 Erlebaldo
2257 2809 2453 2863 abbate
2479 2809 2728 2876 cedente,
2759 2809 3058 2866 Ruodhclm
3109 2811 3277 2866 abbas
3314 2827 3362 2864 xl
3399 2825 3554 2881 prauo.

1954 2896 2057 2951 fuit
2087 2899 2245 2954 annis
2271 2915 2344 2952 Iv.

2030 2989 2186 3060 142
2201 2990 2306 3044 859
2321 2989 2626 3045 Ludovicus
2638 2993 2774 3059 patri
2790 2993 3106 3062 imperatori
3122 2993 3418 3046 cedendum
3447 3011 3535 3048 rar

1959 3090 2066 3145 tus,
2085 3083 2135 3135 iu
2151 3079 2308 3150 Bajoa
2318 3081 2448 3134 riam
2465 3083 2641 3137 rediit.
2660 3082 3402 3154 Imperatorcelebratojuxta
3419 3085 3537 3140 Bri-

1956 3172 2232 3240 gantinum
2257 3172 2433 3228 lacmn
2449 3173 2598 3244 (521)
2614 3173 2844 3240 Pascha,
2868 3185 3056 3246 postea
3089 3177 3274 3232 habito
3300 3176 3543 3232 Worma-

1959 3267 2048 3319 tite
2061 3274 2351 3327 conventu,
2366 3265 2626 3321 Lothario
2654 3267 2840 3322 liliode
2854 3267 3005 3322 Italia
3024 3269 3331 3323 advenienti
3350 3284 3541 3323 recon-

320 3358 428 3415 856
455 3359 760 3430 Imperator
783 3357 1260 3427 couventumapud
1283 3355 1681 3410 Tbeodeuhove
1699 3354 1846 3424 (519)
1874 3358 1922 3417 C
1955 3356 2191 3418 t-iliatnr,
2209 3357 2694 3426 ipsiqueetCarolo
2707 3359 2818 3413 ﬁlio
2837 3375 3059 3431 regnum
3075 3361 3328 3429 partitur.
3347 3361 3540 3416 Annal.

252 3452 523 3522 palatium
568 3451 778 3513 habuit,
811 3451 876 3504 ad
908 3467 1069 3520 quem
1099 3448 1387 3504 Lotharius
1412 3447 1552 3502 ﬁlius
1567 3447 1683 3516 ejus
1708 3445 1856 3517 gravi

255 3547 447 3600 morbo
479 3545 739 3600 detentus
766 3545 950 3599 venire
974 3560 1081 3600 non
1115 3543 1287 3614 potuit
1322 3542 1492 3613 (320).
1528 3540 1856 3596 Nortmanni

1969 3445 2170 3500 Bertin.
2194 3479 2264 3488 ——
2286 3447 2532 3516 Bajoaria
2557 3459 2764 3504 tantum
2781 3450 3053 3506 Ludovico
3076 3452 3200 3521 quia
3234 3469 3357 3508 cum
3378 3453 3548 3508 olI'en-

1965 3537 2123 3591 derat
2164 3538 2388 3592 relicta:
2424 3539 2794 3612 Lotharioque
2842 3542 3048 3596 Italiam
3087 3553 3384 3612 repetente,
3435 3545 3550 3617 ipse

1265 3672 1722 3730 COMPENDIUM
1763 3671 1852 3726 EX
1877 3670 2124 3726 CODICE
2165 3670 2525 3729 BEIINOLDI.

323 3767 434 3824 83?.
483 3766 780 3834 Imperator
817 3776 999 3820 contra
1030 3765 1170 3835 [ilics
1197 3782 1321 3820 suos
1352 3765 1638 3820 exercitum
1669 3765 1858 3821 movit:

257 3875 484 3914 uxorem
519 3860 706 3912 timore
730 3857 966 3926 ﬁliorum
993 3857 1276 3911 abdicavit.

325 3950 438 4005 855
497 3949 798 4018 Imperator
866 3949 988 4001 item
1045 3960 1228 4002 contra
1297 3949 1434 4005 ﬁlios
1503 3947 1556 4000 in
1606 3946 1862 4000 Alsatiam

259 4045 396 4095 venit
461 4057 482 4096 :
550 4041 618 4094 ibi
669 4041 905 4094 veniente
947 4037 1198 4109 Gregorio
1247 4057 1382 4108 papa
1431 4055 1548 4092 cum
1591 4038 1716 4107 ﬁliis
1767 4040 1864 4090 im-

259 4140 505 4200 perator,
553 4147 583 4183 a
648 4131 760 4184 sitis
836 4129 1064 4188 relictus,
1117 4129 1170 4183 in
1253 4129 1484 4197 ﬁliorum
1560 4137 1864 4196 potestatein

261 4221 473 4276 devenit

331 4313 443 4370 854
485 4311 782 4378 Imperator
805 4313 1034 4384 judicio.
1056 4354 1069 4367 .
1091 4354 1105 4368 .
1140 4314 1449 4369 includitur.

332 4405 444 4462 655
489 4404 802 4464 Imperator.
822 4445 835 4458 .
857 4445 870 4458 .
898 4423 1143 4475 magnum
1183 4417 1487 4460 conventuin
1517 4406 1549 4458 It
1573 4405 1718 4459 iliuil.

2035 3762 2138 3817 857
2182 3762 2421 3818 Ticinum
2450 3767 2601 3821 tertio
2632 3765 2761 3822 Kal.
2785 3767 3038 3822 Januarii
3068 3778 3226 3824 octies
3255 3779 3410 3824 noctu
3444 3779 3544 3824 tres

1966 3855 2159 3908 mnisse
2184 3856 2398 3910 dicilur.

2036 3947 2140 4003 858
2182 3946 2479 4018 Imperator
2504 3949 2680 4004 habito
2703 3961 2955 4004 conventu
3008 3949 3318 4022 .‘l'oviomagi
3365 3949 3548 4006 Ludo.

1966 4041 2076 4093 rica
2103 4039 2215 4107 filio
2257 4057 2469 4110 regnum
2501 4039 2832 4095 Francorum
2869 4042 3160 4096 interdixil.
3221 4039 3392 4098 Puolo
3431 4041 3552 4115 [al.,

1970 4129 2144 4202 Ilorlo]
2169 4131 2422 4185 diaconus
2447 4130 2634 4200 palatii
2649 4134 2700 4186 in
2723 4130 3062 4187 Judaismum
3106 4134 3307 4203 lapsus.
3349 4131 3552 4190 Annal.

1969 4223 2171 4279 Berlin.
2198 4226 2264 4280 ad
2296 4243 2386 4281 an.
2413 4228 2538 4282 859.

2039 4317 2144 4371 859
2179 4316 2476 4388 Imperator
2524 4319 2636 4388 [ilio
2705 4337 2800 4374 suo
2858 4319 3109 4374 Lotltario
3171 4319 3554 4390 repaciﬁcatur.

1975 4403 2119 4460 Eclio
2148 4405 2425 4463 Remorum
2456 4410 2872 4480 archiepiscopus
2898 4410 3220 4482 degradulur
3238 4407 3408 4482 (5‘25).
3445 4396 3450 4400 ’

1804 4501 2037 4555 NOTAE.

1804 4502 1844 4554 Ν

340 4588 492 4663 (515)
533 4588 636 4642 Alii
663 4589 765 4642 hoc
790 4588 855 4642 ad
878 4605 1075 4642 ammsu
1106 4589 1210 4644 850
1237 4588 1497 4644 referunt.
1535 4589 1637 4644 Vit.
1663 4502 1942 4660 Lutlovétl)
1972 4612 2112 4650 nuuc
2144 4596 2501 4658 Diedenlioren
2553 4593 2787 4650 ducatus
2817 4592 3238 4663 Luxemhurgici
3269 4592 3464 4647 civitas
3489 4595 3560 4647 ad

273 4657 384 4712 Pii.
475 4657 479 4659 Ἴ
1116 4700 1130 4707 ,

344 4727 495 4791 (514)
534 4728 775 4784 Annales
825 4729 1124 4784 Fuldenses
1155 4730 1377 4786 habent.
1417 4747 1446 4783 v
1479 4729 1664 4786 Nonas
1704 4733 1860 4797 .llaii,

274 4800 366 4873 sed
401 4799 545 4873 nulla
583 4802 705 4873 hoc
752 4817 892 4873 anno
936 4801 1064 4856 solis
1117 4801 1348 4855 defectio
1392 4804 1636 4873 Cutiligi',
1690 4815 1743 4858 et
1776 4806 1864 4859 illa

275 4868 364 4921 Iun
387 4886 416 4920 η
451 4869 547 4924 fuit
578 4871 642 4924 I8
684 4871 849 4938 April.

348 4940 497 5011 (515)
539 4939 775 4994 Facinus
802 4943 903 5015 hoc
932 4959 1073 4995 anno
1110 4943 1290 5014 priore
1333 4954 1602 5013 patratum
1634 4947 1867 5015 produnt

316 5022 430 5086 asta
475 5013 936 5086 esziuctot'at_iottis
984 5013 1148 5086 apud
1183 5015 1501 5084 lluchesue,
1574 5013 1645 5070 t.‘
1682 5016 1760 5078 ll,
1813 5032 1865 5086 p.

277 5077 528 5162 35‘2atibi
581 5083 746 5134 etiam
794 5084 986 5154 legitur
1020 5077 1292 5139 Ludovici
1344 5087 1419 5142 l’ii
1467 5077 1700 5156 dcsnper
1742 5077 1870 5143 coit-

279 5159 513 5218 questio.

541 5220 580 5230 σς
663 5220 674 5230 ι
832 5223 852 5232 ο
938 5226 947 5232 .
1039 5226 1049 5232 ι
1143 5225 1160 5232 -
1242 5226 1254 5234 ο
1332 5229 1342 5234 -
1491 5229 1501 5234 -
1634 5227 1645 5236 ο
1735 5228 1765 5236 Α

1974 4665 2274 4722 Mosellam.
2329 4667 2574 4721 Pertinet
2621 4683 2748 4720 vero
2781 4666 2869 4720 hic
2893 4673 3189 4720 conventus
3242 4664 3310 4718 ad
3357 4679 3560 4719 anmuu

1974 4738 2232 4804 priorem.
2249 4737 2506 4807 Tltegan.,
2527 4736 2720 4791 Annal.
2742 4733 3450 4807 Bertin.—St_tbs_titm-udus
3473 4733 3564 4788 hic

1972 4801 2056 4863 est
2079 4801 2378 4864 conventus
2411 4808 2885 4878 Atpiisgraueusis.
2917 4803 3107 4859 Annal.
3142 4801 3342 4855 Berlin.
3441 4873 3446 4878 ι

2046 4878 2194 4949 (520)
2219 4878 2437 4948 Spectat
2459 4873 2510 4932 id
2534 4873 2607 4932 ad
2631 4877 3079 4932 Wormatieuscm
3109 4873 3565 4931 comentum‘ltoc

1975 4965 2118 5003 anno
2143 4950 2501 5005 celebratum.

2047 5019 2194 5090 (521)
2237 5021 2492 5090 Sudauns
2521 5019 2574 5074 in
2619 5015 2826 5070 Basilea
2875 5031 3027 5071 sacra
3057 5012 3203 5066 illum
3229 5025 3342 5079 iam
3375 5029 3426 5066 ξι.
3463 5015 3585 5075 851),

1976 5089 2249 5144 mortuum
2281 5089 2434 5147 dicit.

1977 5231 1984 5237 '
2236 5161 2554 5238 dstronom.
2589 5155 2737 5232 ponit
2762 5155 2816 5209 in
2845 5158 2998 5237 signo
3029 5151 3294 5238 Virginis.
