3970 5406
443 335 547 393 I79

1295 343 1651 401 llEllMANNI
1686 346 2076 410 CON'I'RACTI
2117 356 2486 416 AUGIENSIS
2524 359 2836 421 ΜΟΝΑΟΗῘ
3604 373 3708 421 £an

3609 384 3712 436 ἰεῦ

1737 461 1966 519 CODEX
1999 466 2390 527 AUCIENSIS.

439 576 564 665 cum
592 559 923 667 lilio‘Carolo
944 563 1019 667 .ad
1050 564 1438 667 disponendam
1463 572 1831 640 proliciscitur
1858 574 2019 646 Aqui-
2050 587 2095 642 Α
2123 592 2303 653 strage
2328 582 2465 639 facta
2490 584 2793 642 Ludovicus
2816 601 2871 652 et
2891 590 3118 649 Carolus
3140 596 3338 650 castris
3371 597 3532 667 potiti
3558 608 3708 657 sunt.

440 653 663 729 laniem.
690 654 909 710 Cometa
943 657 996 711 in
1027 658 1182 728 signo
1212 659 1437 728 Arietis,
1467 664 1661 720 (mlunt
1692 667 1864 722 inStar
1890 685 2019 724 sau-

438 746 619 818 guinis
665 747 888 803 ruheum
931 749 1263 822 igniculique
1288 770 1385 825 per
1415 772 1541 812 aera
1574 757 1881 817 discurrere
1898 763 2018 817 visi.

440 837 636 895 Annal.
670 837 835 894 Fuftl.
2047 833 2053 847 ’

431 985 435 988 .
513 931 621 990 840
649 932 954 989 Lu.'ovicus
1010 951 1074 1005 se
1106 936 1373 1005 privatum
1429 939 1637 1005 dolens,
1688 942 1873 997 multis
1919 944 2021 1000 sibi

441 1023 693 1079 adunatis
722 1041 817 1092 per
846 1025 1246 1093 Alamanniam,
1297 1032 1451 1100 quasi
1494 1033 1731 1089 debitum
1767 1046 2022 1106 repetens

439 1131 689 1189 regnum,
710 1116 1108 1175 Francouofurt
1131 1122 1296 1188 venit,
1324 1133 1513 1179 contra
1547 1140 1708 1195 quem
1732 1137 1888 1197 pater
1917 1130 2021 1184 itu-

439 1215 661 1277 perator
682 1207 989 1265 Ludovicus
1024 1211 1209 1266 relicta
1257 1212 1547 1285 Aquitania
1600 1218 1787 1288 copias
1823 1220 2023 1292 colligit

441 1315 675 1372 eumque
719 1319 816 1372 per
862 1301 1213 1375 Tlmriugiam
1248 1307 1317 1362 ad
1356 1308 1616 1364 barbarus
1659 1310 1872 1381 pulsmn
1930 1329 2026 1382 pcr

443 1392 760 1450 Sclavorum
787 1409 976 1466 gentes
1007 1397 1273 1456 laboriose
1304 1399 1604 1472 Bajoariam
1639 1413 1883 1473 repetere
1902 1421 2025 1462 coe-

440 1485 537 1554 git.
555 1485 744 1541 .lnnal.
760 1486 931 1555 Bert.,
957 1487 1286 1545 Nutu—Aer
1299 1494 1452 1562 quasi
1470 1495 1688 1562 sanguis
1708 1496 2026 1565 cuagulatus

440 1579 497 1632 in
573 1578 797 1636 Pasclne
878 1590 1122 1652 tempore
1187 1586 1385 1641 rubi-us
1443 1587 1755 1657 apparuit.‘
1801 1588 2026 1659 Erlipsis

438 1671 573 1726 solis
595 1687 665 1728 vu
686 1671 809 1729 ldus
834 1673 956 1729 Maii
973 1687 1098 1758 post
1122 1687 1330 1738 sextam
1348 1680 1451 1733 diei
1480 1679 1668 1735 horam
1695 1680 1835 1736 facta
1852 1682 2022 1752 (526).

438 1768 838 1840 «Imperator
885 1770 1195 1829 Ludovicus
1246 1775 1436 1830 morbo
1485 1787 1800 1846 correptus,
1870 1785 1925 1832 et
1970 1776 2025 1831 in

437 1861 731 1931 quamdam
760 1860 935 1918 Rheni
956 1862 1188 1941 insulam
1218 1881 1386 1936 prope
1415 1865 1781 1936 lugelenheim
1808 1867 2024 1931 ductus,

2129 672 2417 730 Lotharius
2446 691 2575 731 vero
2629 677 2840 750 fugiens
2887 681 3138 752 Aquense
3169 687 3429 756 palatium
3468 704 3628 759 petu,
3658 705 3712 748 et

2129 764 2431 821 recollectis
2471 768 2709 839 undique
2756 773 2947 843 ecpiis,
2977 776 3252 846 digressos
3300 795 3329 833 a
3377 794 3435 835 se
3481 782 3712 839 invicem

2129 855 2344 921 fratres,
2371 861 2547 929 prituo
2575 860 2904 919 Ludovicum
2939 874 3201 922 autumno
3243 877 3298 924 et
3334 870 3511 926 hieme
3548 873 3715 928 Caro-

2127 945 2235 1000 lam
2266 949 2316 1002 in
2347 948 2536 1004 Galliis
2569 950 2769 1007 frustra
2796 955 3044 1026 persequi
3082 957 3369 1014 laboravit.
3400 960 3626 1017 Cometa
3660 964 3717 1021 in

2126 1035 2282 1107 signo
2313 1038 2536 1107 Aquarii
2564 1056 2657 1095 vtu
2690 1041 2806 1097 Kal.
2832 1042 2954 1099 Jan.
2986 1046 3122 1101 visa.
3153 1046 3344 1102 Annal.
3390 1047 3580 1117 Fuld.,
3618 1049 3716 1108 Ni-

2128 1127 2304 1181 Πρω-ιι.
2332 1128 2730 1187 —Grimaldus
2787 1135 3255 1206 arehicapellanus
3291 1136 3552 1195 Ludovici
3605 1157 3718 1198 cm-

2128 1220 2350 1273 nohium
2382 1222 2556 1276 sancti
2582 1221 2719 1277 Galli
2765 1223 3012 1282 beneficii
3056 1228 3172 1284 loco
3212 1229 3281 1284 ab
3318 1245 3384 1285 eo
3411 1232 3714 1303 accipiens.

2131 1310 2307 1365 tenuit
2325 1313 2486 1367 annis
2512 1330 2662 1369 XXXI.
2700 1315 2891 1379 llepid.
2961 1308 2973 1323 ’

2199 1402 2303 1457 842
2344 1402 2466 1458 Visa
2497 1405 2679 1460 fratris
2725 1409 3047 1477 pertinacia,
3072 1409 3374 1466 Ludovicus
3410 1425 3465 1467 et
3490 1413 3722 1472 Carolus

2129 1497 2298 1566 copiis
2318 1498 2564 1554 collectis
2581 1502 2720 1570 apud
2748 1503 3175 1572 Argentut'acum
3200 1505 3353 1577 (3:28)
3385 1509 3721 1564 conveniunt

2127 1602 2360 1657 eninque
2427 1592 2676 1662 persequi
2731 1602 3017 1659 statuunt,
3081 1604 3137 1651 et
3189 1599 3331 1667 apud
3404 1598 3719 1654 Seutiacam

2129 1678 2396 1748 (Sinzirk)
2422 1680 2604 1735 villam
2637 1682 2936 1748 inventum,
2971 1699 3092 1739 cum
3124 1701 3152 1739 a
3184 1687 3301 1742 suis
3340 1687 3716 1757 desereretur,

2130 1786 2238 1826 xvn
2277 1771 2398 1826 Kal.
2427 1770 2600 1842 April.
2641 1772 2826 1845 fugere
2853 1775 3182 1845 compellunt
3215 1794 3551 1850 regnumque
3603 1780 3725 1849 ejus

2130 1865 2211 1922 cis
2245 1865 2407 1936 Alpes
2432 1866 2576 1923 inter
2602 1883 2660 1922 se
2704 1868 3063 1938 di~pcrtiunt;
3101 1871 3192 1939 qui
3246 1886 3460 1926 rursum
3490 1873 3723 1929 collecto

438 1951 725 2024 designato
781 1953 835 2009 in
874 1954 1158 2024 imperium
1205 1956 1463 2013 Lothario
1486 1958 1617 2022 lilio,
1649 1975 1724 2013 xu
1751 1957 1869 2019 Kal.
1892 1957 2020 2013 Julii
2054 1945 2095 2003 Β
2126 1956 2369 2013 exercitu
2403 1958 2544 2027 apud
2576 1956 2956 2015 Madasconam
3003 1959 3190 2015 Gallia:
3228 1962 3417 2016 urbem
3470 1975 3565 2017 eos
3619 1978 3725 2018 ex-

439 2044 601 2111 obiit,
627 2054 685 2102 et
705 2046 864 2103 Metis
885 2047 939 2103 in
968 2049 1196 2105 ecclesia
1224 2051 1397 2106 sancti
1421 2050 1627 2109 Arnolli
1649 2048 1891 2123 sepultus
1918 2061 2022 2108 est.

438 2136 737 2192 Lotharius
759 2136 828 2192 de
876 2137 1025 2193 Italia
1069 2140 1285 2195 rediens
1312 2156 1536 2212 regnum
1567 2142 1802 2211 Sll~CPpll
1833 2158 1847 2203 ξ
1879 2141 2026 2211 quod

440 2228 704 2286 fratribus
756 2231 874 2303 ejus
903 2232 1178 2289 Ludovico
1204 2247 1262 2292 et.
1308 2234 1502 2291 Carolo
1549 2252 1655 2291 non
1698 2232 2025 2303 fet-cutibus,

444 2320 658 2390 primus
680 2322 729 2376 ei
749 2322 1056 2379 Ludovicus
1076 2342 1198 2380 cum
1216 2326 1395 2397 copiis
1417 2327 1758 2382 orientalimu
1789 2326 2026 2385 Franco-

441 2426 564 2466 rum
589 2426 758 2483 prope
777 2413 1103 2486 Moguntiaci
1127 2417 1395 2481 occurrit;
1414 2417 1611 2486 vixque
1634 2433 1809 2488 pugna
1836 2419 2024 2485 dilata,

439 2518 564 2558 cum
589 2502 888 2561 Lotharius
913 2517 1101 2563 contra
1127 2507 1380 2562 Carolqu
1408 2507 1611 2565 Gallias
1659 2518 1899 2578 peteret,
1923 2508 2029 2564 Lu-

439 2596 667 2653 dovicus
689 2599 787 2653 sibi
807 2597 1050 2655 Francos
1063 2599 1377 2665 orientales,
1394 2598 1655 2661 Saxones,
1673 2600 2026 2670 Thuringios,

436 2685 771 2744 Alamannos
795 2685 1182 2759 Bajoariosque
1204 2689 1560 2746 ccttfcederat.
1604 2689 1798 2751 Annal.
1839 2688 2027 2757 Fuld.,

442 2779 701 2835 Nitltard.

511 2869 609 2927 841
644 2870 954 2928 Ludovicus
977 2889 1100 2930 cum
1132 2873 1453 2931 orientalem
1483 2874 1655 2931 Rheni
1686 2875 1854 2946 ripam
1887 2891 2026 2945 pra:-

439 2962 593 3019 sidiis
605 2976 946 3031 occupasset,
960 2964 1219 3023 Lothario
1236 2965 1392 3038 153
1406 2967 1607 3023 omisSa
1624 2967 1801 3022 Caroli
1818 2967 2030 3027 insecu-

382 3090 383 3093 η
441 3053 591 3109 tione
604 3054 886 3120 redeunte,
901 3065 956 3110 et
972 3072 1155 3112 mense
1167 3056 1207 3112 A
1216 3057 1500 3127 prilijuxta
1513 3057 1756 3115 Wormat
1769 3059 1871 3115 iam
1889 3057 2028 3112 cla‘nt

445 3144 693 3202 Rhenum
717 3163 842 3202 cum
863 3149 1107 3205 exercitu
1148 3157 1483 3216 transeunte,
1513 3166 1541 3203 a
1571 3151 1892 3219 quibusdam
1915 3154 2031 3206 suis

444 3257 582 3310 pene
609 3242 855 3311 proditus
876 3250 970 3298 eta
997 3241 1167 3298 fratre
1193 3243 1616 3305 circumventus,
1650 3242 1701 3296 in
1725 3240 2027 3311 Bajoariam

2127 2059 2365 2121 spectat;
2423 2051 2747 2118 tandemque
2790 2053 3001 2108 cunctis
3050 2068 3236 2125 pacem
3294 2070 3456 2127 quam
3517 2051 3724 2111 bellum

2129 2138 2499 2205 mallentibus,
2533 2149 2616 2194 ter
2643 2142 3004 2212 quadragenis
3046 2143 3365 2213 proceribus
3389 2143 3590 2212 juratis
3636 2161 3728 2199 re-

2127 2243 2292 2298 gnum
2326 2229 2378 2285 in
2410 2229 2513 2284 tria
2566 2231 2908 2300 partiendum
2939 2232 3029 2286 die
3059 2241 3261 2287 statuta
3294 2234 3574 2290 mandant.
3598 2234 3726 2303 ,Νῖ-

2126 2320 2306 2374 tlmrd.
2332 2351 2403 2360 —
2434 2318 2747 2379 Ludovicus
2801 2320 2852 2375 in
2888 2321 3123 2377 Saxonia
3181 2323 3619 2395 conjurationem
3659 2326 3725 2380 li-

2130 2410 2408 2469 bertortun
2433 2421 2622 2468 contra
2652 2412 2918 2478 dominos,
2952 2415 3268 2471 auctoribus
3298 2416 3476 2486 capite
3518 2402 3721 2488 plexis,

2129 2502 2480 2572 compescuit.
2518 2501 2653 2557 Cum
2687 2502 2846 2573 legati
2878 2514 3081 2559 statuta
3107 2505 3194 2560 die
3225 2508 3559 2561 concordare
3610 2524 3721 2563 non

2130 2599 2372 2661 possent,
2404 2592 2624 2661 partitio
2651 2594 2703 2648 in
2750 2594 2896 2649 aliud
2949 2584 3162 2666 tempus
3213 2596 3478 2654 differtur.
3521 2598 3722 2655 Annal.

2131 2681 2296 2738 Fuld.
2510 2686 2697 2756 Augia:
2728 2686 3135 2743 Walachfridus
3166 2688 3360 2745 Strabo
3387 2691 3471 2745 vir
3501 2692 3723 2756 doctus,

2134 2775 2303 2830 ahhas
2330 2792 2405 2831 xu
2438 2777 2648 2847 prteluit
2681 2779 2840 2835 annis
2887 2796 2981 2847 vu,
3032 2782 3122 2851 qui
3173 2784 3339 2836 multa
3385 2783 3587 2856 ingenii
3639 2785 3723 2840 sui

2133 2870 2463 2923 monimenta
2499 2878 2740 2925 metroet
2777 2886 2935 2941 prosa
2969 2873 3207 2943 reliquit.

2202 2960 2307 3016 8&5
2336 2961 2617 3032 Descripto
2647 2977 2813 3031 regno
2842 2974 2897 3017 et
2927 2965 2978 3019 in
3000 2965 3099 3019 tria
3129 2966 3322 3029 diviso,
3351 2964 3725 3038 fratribusque

2134 3055 2379 3111 \‘itiduui
2405 3056 2873 3122 convenientibus,
2905 3055 3197 3113 Lotharius
3226 3074 3348 3113 cum
3377 3058 3727 3128 imperatoris

2134 3148 2355 3203 nomine
2381 3147 2590 3202 Italiam
2622 3158 2678 3204 et
2707 3147 2937 3206 Galliam
2963 3148 3258 3219 Belgicam,
3302 3166 3424 3219 quae
3460 3167 3607 3206 nunc
3635 3168 3726 3205 us-

2135 3254 2240 3309 que
2263 3240 2330 3293 ab
2353 3254 2422 3294 eo
2454 3255 2678 3309 regnum
2706 3241 2946 3297 Lotharii
2981 3241 3179 3297 dicitur
3215 3241 3385 3316 (329);
3414 3241 3724 3299 Ludovicus

440 3301 625 3388 redire
649 3333 962 3403 compulsus
986 3342 1088 3397 est.
1117 3332 1514 3402 Lothariusque
1554 3331 1740 3386 relicta
1772 3330 1839 3385 ad
1894 3346 2029 3400 prte-
2059 3301 2104 3362 Ο
2136 3330 2508 3395 Germaniam,
2543 3330 2871 3399 Patmonias,
2924 3333 3178 3389 Noricum
3209 3344 3265 3390 et
3301 3335 3720 3401 Alemauniam;

370 3452 373 3455 -
440 3424 642 3481 sidium
676 3422 851 3479 Rheni
883 3425 1163 3495 copiarum
1208 3435 1362 3493 parte
1391 3424 1457 3477 ad
1486 3424 1918 3493 persequendum
1945 3439 2034 3480 rc-

441 3515 544 3570 diit
571 3515 848 3571 Carolum.
881 3513 1157 3581 Nitltard.,
1184 3514 1378 3569 Annal.
1431 3513 1652 3569 Bert.—
1676 3514 1894 3569 Interim
1924 3514 2027 3570 Lu-

440 3606 668 3663 dovicus
697 3608 762 3662 ad
795 3607 1053 3663 auxilium
1107 3607 1285 3663 Caroli
1326 3622 1423 3679 per
1452 3606 1670 3662 nuntios
1723 3616 2028 3672 revocatus,

441 3705 863 3762 occurrentibus
895 3705 949 3760 in
978 3703 1272 3760 Rhaetiensi
1306 3705 1581 3760 territorio
1611 3704 1813 3759 relictis
1839 3704 2033 3758 Lotha-

444 3796 720 3868 riicopiis,
740 3812 800 3852 ιιι
826 3797 946 3851 ldus
970 3795 1093 3850 Maii
1123 3810 1299 3866 pugna
1321 3793 1587 3860 conﬂixit,
1612 3793 2029 3851 etAdalberttnu

443 3889 697 3942 comitem
747 3903 870 3941 cum
924 3885 1109 3940 nzultis
1158 3884 1278 3940 aliis
1328 3885 1501 3944 victor
1548 3885 1862 3959 prostravit.
1901 3885 2031 3940 Inde

442 3981 674 4036 transito
696 3980 912 4047 Rheno,
943 3979 1196 4035 adunatis
1236 3995 1359 4035 cum
1401 3978 1568 4034 fratre
1611 3977 1806 4035 Carolo
1832 3978 2025 4047 copiis,

443 4085 567 4126 cum
596 4071 860 4127 Lothario
889 4070 1260 4127 monarchiam
1301 4079 1611 4142 appetente,
1645 4070 1711 4124 de
1736 4070 2029 4140 partitione

441 4163 592 4234 regni
609 4164 942 4220 concordare
959 4180 1065 4218 non
1090 4173 1330 4234 possent,
1351 4163 1505 4235 juxta
1520 4162 1862 4221 Fontiuatam
1878 4160 2043 4233 (327)‘

443 4253 627 4310 villam
678 4271 749 4311 vu
785 4255 905 4312 Kal.
950 4254 1077 4311 Julii
1131 4256 1249 4311 acie
1277 4254 1598 4324 confligunt,
1634 4261 1688 4307 et
1739 4254 2023 4307 innumera

2137 3421 2365 3477 Carolus
2416 3423 2655 3492 reliquas
2696 3422 2993 3480 Galliarum
3049 3425 3356 3497 provincias
3400 3427 3721 3497 accipiunt:

2140 3515 2461 3584 firmataque
2490 3524 2834 3572 sacramento
2876 3534 3031 3588 pace,
3073 3518 3303 3590 digressi
3343 3528 3488 3573 sunt.
3522 3518 3722 3574 Annal.

2137 3604 2363 3669 Bertin.,
2384 3605 2621 3660 Fuld.—-
2638 3607 2862 3664 Carolus
2882 3609 3230 3679 Aquitaniam
3252 3609 3501 3680 Pippino.
3536 3609 3725 3666 fratris

2137 3699 2219 3753 sui
2244 3697 2450 3769 Pippiui
2483 3699 2615 3770 lilio,
2644 3699 2859 3756 auferre
2890 3702 3115 3756 moliens
3151 3716 3383 3771 eutnque
3433 3700 3722 3765 infestans,

2141 3789 2371 3865 plurima
2422 3792 2626 3866 proprii
2673 3791 2952 3847 exercitus
2998 3792 3193 3847 damna
3247 3792 3488 3861 pertulit.
3533 3789 3724 3846 Judith

2141 3878 2454 3951 itnperatrix
2504 3880 2658 3936 obiit.
2704 3880 2900 3936 Annal.
2952 3879 3111 3934 Fuld.
3142 3880 3419 3937 —Rom:c
3458 3880 3726 3954 Gregcriu

2140 3988 2277 4051 papa
2330 3972 2606 4041 defuncto,
2658 3973 2881 4047 Sergius
2935 3974 2973 4029 Il
3016 3976 3157 4030 sedit
3204 3990 3376 4029 annos
3433 3991 3491 4030 tu
3549 3973 3721 4047 (530).

2138 4067 2308 4123 Mauri
2335 4067 2700 4124 Beneventum
2734 4078 3027 4138 occupant.
3059 4067 3145 4121 ΑΙ.
3174 4085 3227 4123 a.
3252 4085 3361 4139 seq.

2206 4158 2312 4215 8M
2342 4159 2570 4214 Carolus
2600 4179 2689 4216 rex
2720 4161 3017 4219 Galliarum
3044 4159 3416 4215 Bernhardum
3464 4158 3722 4213 Barcino-

2137 4268 2357 4308 nensem
2387 4257 2578 4310 ducent
2610 4254 2740 4308 nihil
2770 4254 2896 4309 mali
2926 4253 3291 4325 suspicantem
3311 4250 3530 4339 occidit.
3555 4249 3725 4304 Exer-

1443 4339 1895 4399 COMPENDIUM
1938 4337 2029 4394 EX
2068 4341 2316 4399 CODICE
2353 4341 2721 4399 BERNOLlll.

513 4458 620 4515 840
656 4457 1103 4528 Imperator,/ilio
1131 4476 1226 4513 suo
1254 4456 1505 4512 Lothario
1531 4455 1600 4510 ad
1631 4453 1906 4525 imperium
1937 4454 2026 4507 (le-

2142 4438 2239 4497 tria
2264 4438 2458 4507 partiri
2481 4438 2826 4492 constituunt.
2855 4436 3039 4507 Augia:
3061 4435 3482 4506 Walaclifrirlus.
3527 4475 3542 4489 .
3589 4474 3603 4488 .
3644 4472 3659 4489 .
3701 4471 3717 4488 .

444 4556 674 4625 signato,
702 4569 779 4609 xu
805 4552 933 4609 Kal.
967 4551 1100 4607 Julii
1121 4553 1244 4607 obiit
1262 4561 1310 4607 et
1336 4550 1488 4606 Mctis
1507 4549 1772 4620 sepelitur.

515 4645 615 4703 8“
659 4643 958 4701 Ludovicus
992 4643 1204 4709 Iunior,
1261 4643 1510 4698 adunatis
1560 4658 1676 4694 cum
1718 4640 1888 4709 fratre
1933 4655 2031 4694 suo

444 4735 638 4794 Carolo
662 4738 852 4806 comis,
881 4754 996 4791 cum
1041 4734 1287 4789 Lat/tario
1340 4732 1697 4787 ntonarcltiam
1740 4739 2025 4801 appetente,

444 4830 512 4887 de
558 4830 840 4901 partitione
890 4829 1035 4900 regni
1085 4829 1402 4882 concordare
1443 4844 1548 4882 non
1589 4835 1818 4896 possent,
1865 4825 2026 4894 juxta

446 4919 802 4976 Fontinacam
839 4919 1014 4976 villam
1052 4933 1127 4973 vu
1182 4917 1300 4972 Kal.
1350 4916 1489 4972 Julii
1538 4918 1650 4972 acie
1707 4918 2026 4987 conﬂigunt;

446 5010 741 5068 Ludovicus
767 5023 814 5067 et
856 5012 1079 5068 Carolus
1105 5015 1291 5069 castris
1316 5012 1468 5084 potiti
1514 5022 1654 5080 sunt,
1704 5011 1884 5082 fugato
1929 5008 2029 5064 Lo-

445 5103 639 5157 thario.

517 5192 624 5250 842
663 5192 895 5249 Τιιηάιηι
924 5197 1123 5251 cunctis
1165 5214 1346 5264 pacem
1386 5199 1685 5268 optantibus
1716 5210 1927 5266 regnum
1974 5194 2029 5247 in

518 5371 673 5406 [ποίῃ
709 5373 939 5406 Δηηηιιιιε
986 5374 1117 5406 ωηιι
1172 5394 1186 5406 .
1228 5395 1280 5406 η.
1318 5375 1441 5406 LI..-
1485 5376 1611 5406 ΙΙ...τῖ
1640 5373 1693 5406 ἑ..
1725 5374 1897 5406 ..ἓηῖΙὲη
1941 5376 2024 5406 .|._

1966 5282 2198 5340 NOTA‘Z.

2136 4528 2371 4598 prtcfuit,
2401 4530 2491 4600 qui
2519 4539 2682 4582 metro
2708 4538 2755 4582 et
2783 4544 2940 4597 prosa
2963 4528 3268 4596 conscripsit
3294 4526 3480 4581 multa.

2208 4620 2316 4677 8l3
2350 4620 2636 4676 Lotltarius
2658 4636 2776 4673 cunt
2804 4603 3133 4688 imperatoris
3161 4617 3370 4672 nomine
3391 4617 3608 4671 Italiam
3633 4630 3723 4671 ac-

2135 4713 2268 4783 cepit
2320 4721 2369 4767 et
2409 4709 2679 4781 Belgicam
2722 4706 2975 4775 Calliam,
3025 4724 3143 4779 qua:
3168 4723 3311 4761 nunc
3341 4723 3504 4775 usque
3548 4707 3614 4761 ab
3657 4720 3723 4764 ω

2137 4824 2352 4879 regnum
2418 4805 2660 4861 Lotltarii
2711 4804 2939 4869 dicitur;
2992 4802 3286 4857 Ludovicus
3353 4797 3714 4865 Germaniam,

2134 4898 2358 4954 Carolus
2398 4897 2599 4952 Gallias
2623 4897 2864 4952 obtinuit.

2201 4993 2308 5049 8“-
2345 4991 2605 5061 Defuncto
2634 4988 2887 5059 Gregorio
2935 5004 3073 5060 papa
3107 4987 3320 5059 Sergius
3349 4988 3611 5042 secundus
3638 4999 3721 5044 se-

2133 5085 2203 5139 dit
2240 5083 2582 5138 annistribus
2621 5081 2793 5154 (551).

2208 5370 2356 5406 ηοω
2398 5368 2503 5406 αρε.
2529 5366 2548 5406 l
2573 5363 2899 5406 ollim-incisi-
2933 5361 3157 5406 Colchi-0.
3207 5362 3310 5406 Isne.
3368 5368 3449 5406 est
3499 5370 3719 5406 malum
