  <div class='ocr_page' id='page_1' title='image "/cluster/home/n/w/nwhite01/storage/ocr_20150623/143/hvd.32044015471816/098.png"; bbox 0 0 3970 5406; ppageno 0'>
   <div class='ocr_carea' id='block_1_1' title="bbox 209 275 1767 340">
    <p class='ocr_par' dir='ltr' id='par_1_1' title="bbox 209 275 1767 340">
     <span class='ocr_line' id='line_1_1' title="bbox 209 275 1767 340; baseline -0.003 -2"><span class='ocrx_word' id='word_1_1' title='bbox 209 282 300 340; x_wconf 76' lang='grc'>185</span> <span class='ocrx_word' id='word_1_2' title='bbox 1375 275 1767 337; x_wconf 59' lang='grc' dir='ltr'><strong>ειιῐιοκιευδ</strong></span> 
     </span>
    </p>
   </div>
   <div class='ocr_carea' id='block_1_2' title="bbox 1882 275 2250 340">
    <p class='ocr_par' dir='ltr' id='par_1_2' title="bbox 1882 276 2250 334">
     <span class='ocr_line' id='line_1_2' title="bbox 1882 276 2250 334; baseline -0.011 0"><span class='ocrx_word' id='word_1_3' title='bbox 1882 310 1903 318; x_wconf 91' lang='grc'><strong><em>-</em></strong></span> <span class='ocrx_word' id='word_1_4' title='bbox 1943 277 2117 334; x_wconf 58' lang='grc' dir='ltr'><strong>ενα.</strong></span> <span class='ocrx_word' id='word_1_5' title='bbox 2159 276 2250 332; x_wconf 77' lang='lat' dir='ltr'><strong>IX.</strong></span> 
     </span>
    </p>
   </div>
   <div class='ocr_carea' id='block_1_3' title="bbox 3352 271 3452 330">
    <p class='ocr_par' dir='ltr' id='par_1_3' title="bbox 3352 271 3452 330">
     <span class='ocr_line' id='line_1_3' title="bbox 3352 271 3452 330; baseline 0.02 -2"><span class='ocrx_word' id='word_1_6' title='bbox 3352 271 3452 330; x_wconf 79' lang='grc'><strong>186</strong></span> 
     </span>
    </p>
   </div>
   <div class='ocr_carea' id='block_1_4' title="bbox 1488 389 2152 451">
    <p class='ocr_par' dir='ltr' id='par_1_4' title="bbox 1488 389 2152 451">
     <span class='ocr_line' id='line_1_4' title="bbox 1488 389 2152 451; baseline -0.003 -3"><span class='ocrx_word' id='word_1_7' title='bbox 1488 390 1719 451; x_wconf 79' lang='lat' dir='ltr'><strong>CODEX</strong></span> <span class='ocrx_word' id='word_1_8' title='bbox 1758 389 2152 449; x_wconf 71' lang='lat' dir='ltr'><strong>AUGlENSlS.</strong></span> 
     </span>
    </p>
   </div>
   <div class='ocr_carea' id='block_1_5' title="bbox 260 502 3454 576">
    <p class='ocr_par' dir='ltr' id='par_1_5' title="bbox 260 502 3454 576">
     <span class='ocr_line' id='line_1_5' title="bbox 260 502 3454 576; baseline -0.001 -12"><span class='ocrx_word' id='word_1_9' title='bbox 260 508 358 569; x_wconf 81' lang='lat'><strong>858</strong></span> <span class='ocrx_word' id='word_1_10' title='bbox 376 507 740 564; x_wconf 65' lang='lat' dir='ltr'><strong>Terramorus</strong></span> <span class='ocrx_word' id='word_1_11' title='bbox 762 521 990 576; x_wconf 76' lang='lat' dir='ltr'><strong>magnus</strong></span> <span class='ocrx_word' id='word_1_12' title='bbox 1016 506 1272 563; x_wconf 79' lang='lat' dir='ltr'><strong>Kalendis</strong></span> <span class='ocrx_word' id='word_1_13' title='bbox 1294 505 1417 560; x_wconf 80' lang='lat' dir='ltr'><strong>Jan.</strong></span> <span class='ocrx_word' id='word_1_14' title='bbox 1449 505 1623 562; x_wconf 79' lang='lat' dir='ltr'><strong>laetus</strong></span> <span class='ocrx_word' id='word_1_15' title='bbox 1643 517 1753 562; x_wconf 87' lang='lat' dir='ltr'><strong>est.</strong></span> <span class='ocrx_word' id='word_1_16' title='bbox 1788 512 1835 572; x_wconf 74' lang='grc' dir='ltr'>Α</span> <span class='ocrx_word' id='word_1_17' title='bbox 1859 505 1969 561; x_wconf 89' lang='lat' dir='ltr'><strong>bile</strong></span> <span class='ocrx_word' id='word_1_18' title='bbox 2010 504 2322 576; x_wconf 66' lang='lat' dir='ltr'><strong>praebuerit.</strong></span> <span class='ocrx_word' id='word_1_19' title='bbox 2368 502 2675 560; x_wconf 82' lang='lat' dir='ltr'><strong>Ludovicus</strong></span> <span class='ocrx_word' id='word_1_20' title='bbox 2704 503 2771 560; x_wconf 80' lang='lat' dir='ltr'><strong>et&#39;</strong></span> <span class='ocrx_word' id='word_1_21' title='bbox 2793 502 3021 559; x_wconf 75' lang='lat' dir='ltr'><strong>Carolus</strong></span> <span class='ocrx_word' id='word_1_22' title='bbox 3058 502 3454 575; x_wconf 74' lang='lat' dir='ltr'><strong>Lolliarinsque</strong></span> 
     </span>
    </p>
   </div>
   <div class='ocr_carea' id='block_1_6' title="bbox 198 596 1759 669">
    <p class='ocr_par' dir='ltr' id='par_1_6' title="bbox 198 596 1759 669">
     <span class='ocr_line' id='line_1_6' title="bbox 198 596 1759 669; baseline -0.003 -10"><span class='ocrx_word' id='word_1_23' title='bbox 198 600 474 659; x_wconf 71' lang='lat' dir='ltr'><strong>barbaries</strong></span> <span class='ocrx_word' id='word_1_24' title='bbox 526 613 625 654; x_wconf 81' lang='lat' dir='ltr'><strong>rex</strong></span> <span class='ocrx_word' id='word_1_25' title='bbox 673 596 819 652; x_wconf 83' lang='lat' dir='ltr'><strong>filius</strong></span> <span class='ocrx_word' id='word_1_26' title='bbox 877 597 1121 653; x_wconf 77' lang='lat' dir='ltr'><strong>Lotlmrii</strong></span> <span class='ocrx_word' id='word_1_27' title='bbox 1170 596 1520 669; x_wconf 67' lang='lat' dir='ltr'><strong>imperatoris</strong></span> <span class='ocrx_word' id='word_1_28' title='bbox 1566 607 1759 654; x_wconf 87' lang='lat' dir='ltr'><strong>contra</strong></span> 
     </span>
    </p>
   </div>
   <div class='ocr_carea' id='block_1_7' title="bbox 193 688 1762 760">
    <p class='ocr_par' dir='ltr' id='par_1_7' title="bbox 193 688 1762 760">
     <span class='ocr_line' id='line_1_7' title="bbox 193 688 1762 760; baseline -0.004 -10"><span class='ocrx_word' id='word_1_29' title='bbox 193 692 507 750; x_wconf 86' lang='lat' dir='ltr'><strong>Ludovicum</strong></span> <span class='ocrx_word' id='word_1_30' title='bbox 553 704 733 760; x_wconf 75' lang='lat' dir='ltr'><strong>regem</strong></span> <span class='ocrx_word' id='word_1_31' title='bbox 757 699 1012 758; x_wconf 67' lang='lat' dir='ltr'><strong>[multum</strong></span> <span class='ocrx_word' id='word_1_32' title='bbox 1054 706 1213 744; x_wconf 85' lang='lat' dir='ltr'><strong>suum</strong></span> <span class='ocrx_word' id='word_1_33' title='bbox 1239 704 1364 743; x_wconf 88' lang='lat' dir='ltr'><strong>cum</strong></span> <span class='ocrx_word' id='word_1_34' title='bbox 1394 688 1595 745; x_wconf 83' lang='lat' dir='ltr'><strong>Carolo</strong></span> <span class='ocrx_word' id='word_1_35' title='bbox 1632 703 1762 760; x_wconf 75' lang='lat' dir='ltr'><strong>rege</strong></span> 
     </span>
    </p>
   </div>
   <div class='ocr_carea' id='block_1_8' title="bbox 125 779 1759 857">
    <p class='ocr_par' dir='ltr' id='par_1_8' title="bbox 125 779 1759 857">
     <span class='ocr_line' id='line_1_8' title="bbox 125 779 1759 857; baseline -0.003 -17"><span class='ocrx_word' id='word_1_36' title='bbox 125 837 138 857; x_wconf 75' lang='grc'><em>,</em></span> <span class='ocrx_word' id='word_1_37' title='bbox 194 784 292 840; x_wconf 80' lang='lat' dir='ltr'><strong>alio</strong></span> <span class='ocrx_word' id='word_1_38' title='bbox 317 791 509 850; x_wconf 80' lang='lat' dir='ltr'><strong>patruo</strong></span> <span class='ocrx_word' id='word_1_39' title='bbox 536 796 639 835; x_wconf 89' lang='lat' dir='ltr'><strong>suo</strong></span> <span class='ocrx_word' id='word_1_40' title='bbox 674 779 1002 850; x_wconf 72' lang='lat' dir='ltr'><strong>coniuravit.</strong></span> <span class='ocrx_word' id='word_1_41' title='bbox 1038 779 1343 835; x_wconf 70' lang='lat' dir='ltr'><strong>Ludovicus</strong></span> <span class='ocrx_word' id='word_1_42' title='bbox 1363 794 1457 835; x_wconf 79' lang='lat' dir='ltr'><strong>rex</strong></span> <span class='ocrx_word' id='word_1_43' title='bbox 1486 779 1759 851; x_wconf 75' lang='lat' dir='ltr'><strong>legatione</strong></span> 
     </span>
    </p>
   </div>
   <div class='ocr_carea' id='block_1_9' title="bbox 195 868 1762 943">
    <p class='ocr_par' dir='ltr' id='par_1_9' title="bbox 195 868 1762 943">
     <span class='ocr_line' id='line_1_9' title="bbox 195 868 1762 943; baseline -0.002 -15"><span class='ocrx_word' id='word_1_44' title='bbox 195 872 380 943; x_wconf 85' lang='lat' dir='ltr'><strong>populi.</strong></span> <span class='ocrx_word' id='word_1_45' title='bbox 410 870 479 925; x_wconf 88' lang='lat' dir='ltr'><strong>de</strong></span> <span class='ocrx_word' id='word_1_46' title='bbox 516 869 836 941; x_wconf 81' lang='lat' dir='ltr'><strong>tyrrannide</strong></span> <span class='ocrx_word' id='word_1_47' title='bbox 860 868 1043 925; x_wconf 67' lang='lat' dir='ltr'><strong>Caroli</strong></span> <span class='ocrx_word' id='word_1_48' title='bbox 1089 868 1288 925; x_wconf 87' lang='lat' dir='ltr'><strong>llebilia</strong></span> <span class='ocrx_word' id='word_1_49' title='bbox 1316 870 1619 940; x_wconf 87' lang='lat' dir='ltr'><strong>conquesti,</strong></span> <span class='ocrx_word' id='word_1_50' title='bbox 1649 871 1762 927; x_wconf 87' lang='lat' dir='ltr'><strong>sol-</strong></span> 
     </span>
    </p>
   </div>
   <div class='ocr_carea' id='block_1_10' title="bbox 190 960 1763 1026">
    <p class='ocr_par' dir='ltr' id='par_1_10' title="bbox 190 960 1763 1026">
     <span class='ocr_line' id='line_1_10' title="bbox 190 960 1763 1026; baseline 0 -7"><span class='ocrx_word' id='word_1_51' title='bbox 190 965 447 1026; x_wconf 81' lang='lat' dir='ltr'><strong>licitatus,</strong></span> <span class='ocrx_word' id='word_1_52' title='bbox 488 961 583 1017; x_wconf 89' lang='lat' dir='ltr'><strong>diu</strong></span> <span class='ocrx_word' id='word_1_53' title='bbox 635 961 1053 1017; x_wconf 76' lang='lat' dir='ltr'><strong>cunctabundus</strong></span> <span class='ocrx_word' id='word_1_54' title='bbox 1113 960 1320 1019; x_wconf 84' lang='lat' dir='ltr'><strong>Callias</strong></span> <span class='ocrx_word' id='word_1_55' title='bbox 1371 963 1587 1018; x_wconf 89' lang='lat' dir='ltr'><strong>tandem</strong></span> <span class='ocrx_word' id='word_1_56' title='bbox 1637 978 1763 1019; x_wconf 86' lang='lat' dir='ltr'><strong>cum</strong></span> 
     </span>
    </p>
   </div>
   <div class='ocr_carea' id='block_1_11' title="bbox 188 1051 1761 1123">
    <p class='ocr_par' dir='ltr' id='par_1_11' title="bbox 188 1051 1761 1123">
     <span class='ocr_line' id='line_1_11' title="bbox 188 1051 1761 1123; baseline -0.001 -14"><span class='ocrx_word' id='word_1_57' title='bbox 188 1053 417 1111; x_wconf 85' lang='lat' dir='ltr'><strong>exercitu</strong></span> <span class='ocrx_word' id='word_1_58' title='bbox 446 1051 645 1114; x_wconf 86' lang='lat' dir='ltr'><strong>intrat,</strong></span> <span class='ocrx_word' id='word_1_59' title='bbox 669 1052 988 1122; x_wconf 80' lang='lat' dir='ltr'><strong>ctmctisque</strong></span> <span class='ocrx_word' id='word_1_60' title='bbox 1015 1066 1151 1123; x_wconf 87' lang='lat' dir='ltr'><strong>pene</strong></span> <span class='ocrx_word' id='word_1_61' title='bbox 1187 1053 1255 1106; x_wconf 89' lang='lat' dir='ltr'><strong>ad</strong></span> <span class='ocrx_word' id='word_1_62' title='bbox 1295 1066 1419 1107; x_wconf 87' lang='lat' dir='ltr'><strong>eum</strong></span> <span class='ocrx_word' id='word_1_63' title='bbox 1461 1052 1761 1119; x_wconf 87' lang='lat' dir='ltr'><strong>conversis,</strong></span> 
     </span>
    </p>
   </div>
   <div class='ocr_carea' id='block_1_12' title="bbox 193 1141 1766 1216">
    <p class='ocr_par' dir='ltr' id='par_1_12' title="bbox 193 1141 1766 1216">
     <span class='ocr_line' id='line_1_12' title="bbox 193 1141 1766 1216; baseline -0.002 -16"><span class='ocrx_word' id='word_1_64' title='bbox 193 1143 405 1200; x_wconf 82' lang='lat' dir='ltr'><strong>Carolus</strong></span> <span class='ocrx_word' id='word_1_65' title='bbox 465 1141 626 1213; x_wconf 79' lang='lat' dir='ltr'><strong>fugit.</strong></span> <span class='ocrx_word' id='word_1_66' title='bbox 688 1141 804 1213; x_wconf 90' lang='lat' dir='ltr'><strong>Ipse</strong></span> <span class='ocrx_word' id='word_1_67' title='bbox 860 1142 982 1214; x_wconf 83' lang='lat' dir='ltr'><strong>plus</strong></span> <span class='ocrx_word' id='word_1_68' title='bbox 1035 1158 1194 1215; x_wconf 65' lang='lat' dir='ltr'><strong>aequo</strong></span> <span class='ocrx_word' id='word_1_69' title='bbox 1241 1158 1490 1209; x_wconf 83' lang='lat' dir='ltr'><strong>securus,</strong></span> <span class='ocrx_word' id='word_1_70' title='bbox 1544 1143 1766 1216; x_wconf 88' lang='lat' dir='ltr'><strong>proprio</strong></span> 
     </span>
    </p>
   </div>
   <div class='ocr_carea' id='block_1_13' title="bbox 188 1234 1766 1308">
    <p class='ocr_par' dir='ltr' id='par_1_13' title="bbox 188 1234 1766 1308">
     <span class='ocr_line' id='line_1_13' title="bbox 188 1234 1766 1308; baseline 0.001 -17"><span class='ocrx_word' id='word_1_71' title='bbox 188 1234 411 1291; x_wconf 82' lang='lat' dir='ltr'><strong>exercitu</strong></span> <span class='ocrx_word' id='word_1_72' title='bbox 438 1234 698 1299; x_wconf 81' lang='lat' dir='ltr'><strong>remisso,</strong></span> <span class='ocrx_word' id='word_1_73' title='bbox 730 1250 958 1307; x_wconf 79' lang='lat' dir='ltr'><strong>regnum</strong></span> <span class='ocrx_word' id='word_1_74' title='bbox 990 1236 1145 1302; x_wconf 90' lang='lat' dir='ltr'><strong>illud,</strong></span> <span class='ocrx_word' id='word_1_75' title='bbox 1168 1244 1333 1308; x_wconf 88' lang='lat' dir='ltr'><strong>prout</strong></span> <span class='ocrx_word' id='word_1_76' title='bbox 1360 1237 1552 1302; x_wconf 86' lang='lat' dir='ltr'><strong>voluit,</strong></span> <span class='ocrx_word' id='word_1_77' title='bbox 1583 1236 1766 1308; x_wconf 58' lang='lat' dir='ltr'><strong>dispo.</strong></span> 
     </span>
    </p>
   </div>
   <div class='ocr_carea' id='block_1_14' title="bbox 192 1324 1768 1398">
    <p class='ocr_par' dir='ltr' id='par_1_14' title="bbox 192 1324 1768 1398">
     <span class='ocr_line' id='line_1_14' title="bbox 192 1324 1768 1398; baseline 0.003 -18"><span class='ocrx_word' id='word_1_78' title='bbox 192 1327 304 1381; x_wconf 87' lang='lat' dir='ltr'><strong>sttit.</strong></span> <span class='ocrx_word' id='word_1_79' title='bbox 351 1324 459 1382; x_wconf 86' lang='lat' dir='ltr'><strong>Sed</strong></span> <span class='ocrx_word' id='word_1_80' title='bbox 506 1328 665 1382; x_wconf 70' lang='lat' dir='ltr'><strong>fraus</strong></span> <span class='ocrx_word' id='word_1_81' title='bbox 692 1329 1075 1397; x_wconf 88' lang='lat' dir='ltr'><strong>quorumdam,</strong></span> <span class='ocrx_word' id='word_1_82' title='bbox 1110 1327 1410 1398; x_wconf 75' lang='lat' dir='ltr'><strong>fratrisque</strong></span> <span class='ocrx_word' id='word_1_83' title='bbox 1435 1328 1618 1383; x_wconf 84' lang='lat' dir='ltr'><strong>Caroli</strong></span> <span class='ocrx_word' id='word_1_84' title='bbox 1645 1343 1768 1384; x_wconf 81' lang='lat' dir='ltr'><strong>ver-</strong></span> 
     </span>
    </p>
   </div>
   <div class='ocr_carea' id='block_1_15' title="bbox 192 1416 1767 1483">
    <p class='ocr_par' dir='ltr' id='par_1_15' title="bbox 192 1416 1767 1483">
     <span class='ocr_line' id='line_1_15' title="bbox 192 1416 1767 1483; baseline 0 -10"><span class='ocrx_word' id='word_1_85' title='bbox 192 1416 316 1473; x_wconf 79' lang='lat' dir='ltr'><strong>setis</strong></span> <span class='ocrx_word' id='word_1_86' title='bbox 343 1416 630 1473; x_wconf 82' lang='lat' dir='ltr'><strong>incautum</strong></span> <span class='ocrx_word' id='word_1_87' title='bbox 660 1417 742 1472; x_wconf 76' lang='lat' dir='ltr'><strong>.ibi</strong></span> <span class='ocrx_word' id='word_1_88' title='bbox 770 1418 1244 1483; x_wconf 83' lang='lat' dir='ltr'><strong>circumvenisset,</strong></span> <span class='ocrx_word' id='word_1_89' title='bbox 1283 1420 1385 1474; x_wconf 89' lang='lat' dir='ltr'><strong>nisi</strong></span> <span class='ocrx_word' id='word_1_90' title='bbox 1415 1420 1560 1475; x_wconf 87' lang='lat' dir='ltr'><strong>fama</strong></span> <span class='ocrx_word' id='word_1_91' title='bbox 1594 1419 1767 1475; x_wconf 89' lang='lat' dir='ltr'><strong>rebel-</strong></span> 
     </span>
    </p>
   </div>
   <div class='ocr_carea' id='block_1_16' title="bbox 192 1504 1767 1583">
    <p class='ocr_par' dir='ltr' id='par_1_16' title="bbox 192 1504 1767 1583">
     <span class='ocr_line' id='line_1_16' title="bbox 192 1504 1767 1583; baseline 0.001 -20"><span class='ocrx_word' id='word_1_92' title='bbox 192 1509 399 1564; x_wconf 81' lang='lat' dir='ltr'><strong>lantium</strong></span> <span class='ocrx_word' id='word_1_93' title='bbox 447 1507 790 1564; x_wconf 84' lang='lat' dir='ltr'><strong>Soraborum</strong></span> <span class='ocrx_word' id='word_1_94' title='bbox 834 1511 1056 1581; x_wconf 89' lang='lat' dir='ltr'><strong>proprio</strong></span> <span class='ocrx_word' id='word_1_95' title='bbox 1090 1510 1412 1566; x_wconf 80' lang='lat' dir='ltr'><strong>auxiliatum</strong></span> <span class='ocrx_word' id='word_1_96' title='bbox 1446 1504 1614 1583; x_wconf 73' lang='lat' dir='ltr'><strong>regno</strong></span> <span class='ocrx_word' id='word_1_97' title='bbox 1654 1526 1767 1565; x_wconf 83' lang='lat' dir='ltr'><strong>Ina-</strong></span> 
     </span>
    </p>
   </div>
   <div class='ocr_carea' id='block_1_17' title="bbox 194 1603 1765 1674">
    <p class='ocr_par' dir='ltr' id='par_1_17' title="bbox 194 1603 1765 1674">
     <span class='ocr_line' id='line_1_17' title="bbox 194 1603 1765 1674; baseline 0 -15"><span class='ocrx_word' id='word_1_98' title='bbox 194 1603 352 1659; x_wconf 84' lang='lat' dir='ltr'><strong>turius</strong></span> <span class='ocrx_word' id='word_1_99' title='bbox 395 1617 524 1659; x_wconf 89' lang='lat' dir='ltr'><strong>eum</strong></span> <span class='ocrx_word' id='word_1_100' title='bbox 560 1613 907 1669; x_wconf 77' lang='lat' dir='ltr'><strong>revocasset;</strong></span> <span class='ocrx_word' id='word_1_101' title='bbox 946 1620 1054 1674; x_wconf 90' lang='lat' dir='ltr'><strong>quo</strong></span> <span class='ocrx_word' id='word_1_102' title='bbox 1099 1604 1379 1666; x_wconf 85' lang='lat' dir='ltr'><strong>redeunte.</strong></span> <span class='ocrx_word' id='word_1_103' title='bbox 1410 1603 1642 1660; x_wconf 84' lang='lat' dir='ltr'><strong>Carolus</strong></span> <span class='ocrx_word' id='word_1_104' title='bbox 1678 1618 1765 1659; x_wconf 85' lang='lat' dir='ltr'><strong>re-</strong></span> 
     </span>
    </p>
   </div>
   <div class='ocr_carea' id='block_1_18' title="bbox 192 1694 1768 1769">
    <p class='ocr_par' dir='ltr' id='par_1_18' title="bbox 192 1694 1768 1769">
     <span class='ocr_line' id='line_1_18' title="bbox 192 1694 1768 1769; baseline 0.003 -20"><span class='ocrx_word' id='word_1_105' title='bbox 192 1711 336 1767; x_wconf 73' lang='lat' dir='ltr'><strong>gnum</strong></span> <span class='ocrx_word' id='word_1_106' title='bbox 380 1711 541 1751; x_wconf 90' lang='lat' dir='ltr'><strong>suum</strong></span> <span class='ocrx_word' id='word_1_107' title='bbox 589 1696 817 1765; x_wconf 83' lang='lat' dir='ltr'><strong>recepit.</strong></span> <span class='ocrx_word' id='word_1_108' title='bbox 848 1697 1043 1752; x_wconf 79' lang='lat' dir='ltr'><strong>Annal.</strong></span> <span class='ocrx_word' id='word_1_109' title='bbox 1077 1694 1270 1764; x_wconf 80' lang='lat' dir='ltr'><strong>Fuld.,</strong></span> <span class='ocrx_word' id='word_1_110' title='bbox 1307 1695 1453 1752; x_wconf 67' lang='lat' dir='ltr'><strong>Pan.</strong></span> <span class='ocrx_word' id='word_1_111' title='bbox 1484 1726 1553 1737; x_wconf 90' lang='lat'><strong>--</strong></span> <span class='ocrx_word' id='word_1_112' title='bbox 1580 1696 1768 1769; x_wconf 67' lang='lat' dir='ltr'><strong>Augia‘.</strong></span> 
     </span>
    </p>
   </div>
   <div class='ocr_carea' id='block_1_19' title="bbox 195 1789 1763 1858">
    <p class='ocr_par' dir='ltr' id='par_1_19' title="bbox 195 1789 1763 1858">
     <span class='ocr_line' id='line_1_19' title="bbox 195 1789 1763 1858; baseline 0.003 -14"><span class='ocrx_word' id='word_1_113' title='bbox 195 1789 450 1846; x_wconf 74' lang='lat' dir='ltr'><strong>l‘olcwino</strong></span> <span class='ocrx_word' id='word_1_114' title='bbox 480 1790 673 1845; x_wconf 83' lang='lat' dir='ltr'><strong>abbati</strong></span> <span class='ocrx_word' id='word_1_115' title='bbox 714 1790 985 1847; x_wconf 87' lang='lat' dir='ltr'><strong>Waltheri</strong></span> <span class='ocrx_word' id='word_1_116' title='bbox 1018 1808 1111 1847; x_wconf 73' lang='lat' dir='ltr'><strong>xuv</strong></span> <span class='ocrx_word' id='word_1_117' title='bbox 1138 1832 1154 1858; x_wconf 92' lang='lat'><strong>,</strong></span> <span class='ocrx_word' id='word_1_118' title='bbox 1186 1793 1452 1848; x_wconf 87' lang='lat' dir='ltr'><strong>successit</strong></span> <span class='ocrx_word' id='word_1_119' title='bbox 1491 1792 1649 1849; x_wconf 86' lang='lat' dir='ltr'><strong>annis</strong></span> <span class='ocrx_word' id='word_1_120' title='bbox 1688 1809 1763 1848; x_wconf 79' lang='lat' dir='ltr'><strong>vi.</strong></span> 
     </span>
    </p>
   </div>
   <div class='ocr_carea' id='block_1_20' title="bbox 1869 595 3449 668">
    <p class='ocr_par' dir='ltr' id='par_1_20' title="bbox 1869 595 3449 668">
     <span class='ocr_line' id='line_1_20' title="bbox 1869 595 3449 668; baseline 0.003 -19"><span class='ocrx_word' id='word_1_121' title='bbox 1869 611 2026 668; x_wconf 76' lang='lat' dir='ltr'><strong>reges</strong></span> <span class='ocrx_word' id='word_1_122' title='bbox 2073 597 2126 652; x_wconf 88' lang='lat' dir='ltr'><strong>in</strong></span> <span class='ocrx_word' id='word_1_123' title='bbox 2156 595 2476 652; x_wconf 79' lang='lat' dir='ltr'><strong>Continente</strong></span> <span class='ocrx_word' id='word_1_124' title='bbox 2514 604 2700 650; x_wconf 88' lang='lat' dir='ltr'><strong>castro</strong></span> <span class='ocrx_word' id='word_1_125' title='bbox 2726 595 3121 651; x_wconf 82' lang='lat' dir='ltr'><strong>convenientes</strong></span> <span class='ocrx_word' id='word_1_126' title='bbox 3146 596 3449 667; x_wconf 87' lang='lat' dir='ltr'><strong>paeitlcan-</strong></span> 
     </span>
    </p>
   </div>
   <div class='ocr_carea' id='block_1_21' title="bbox 1869 687 3452 759">
    <p class='ocr_par' dir='ltr' id='par_1_21' title="bbox 1869 687 3452 759">
     <span class='ocr_line' id='line_1_21' title="bbox 1869 687 3452 759; baseline 0.001 -15"><span class='ocrx_word' id='word_1_127' title='bbox 1869 697 1997 756; x_wconf 88' lang='lat' dir='ltr'><strong>tur,</strong></span> <span class='ocrx_word' id='word_1_128' title='bbox 2054 698 2303 745; x_wconf 91' lang='lat' dir='ltr'><strong>mutuum</strong></span> <span class='ocrx_word' id='word_1_129' title='bbox 2351 695 2698 746; x_wconf 83' lang='lat' dir='ltr'><strong>sacramento</strong></span> <span class='ocrx_word' id='word_1_130' title='bbox 2752 696 2975 759; x_wconf 87' lang='lat' dir='ltr'><strong>pactum</strong></span> <span class='ocrx_word' id='word_1_131' title='bbox 3035 687 3452 745; x_wconf 78' lang='lat' dir='ltr'><strong>confirmantes.</strong></span> 
     </span>
    </p>
   </div>
   <div class='ocr_carea' id='block_1_22' title="bbox 1866 780 2252 838">
    <p class='ocr_par' dir='ltr' id='par_1_22' title="bbox 1866 780 2252 838">
     <span class='ocr_line' id='line_1_22' title="bbox 1866 780 2252 838; baseline -0.005 0"><span class='ocrx_word' id='word_1_132' title='bbox 1866 782 2059 838; x_wconf 77' lang='lat' dir='ltr'><strong>Annal.</strong></span> <span class='ocrx_word' id='word_1_133' title='bbox 2086 780 2252 837; x_wconf 80' lang='lat' dir='ltr'><strong>Fuld.</strong></span> 
     </span>
    </p>
   </div>
   <div class='ocr_carea' id='block_1_23' title="bbox 1938 872 3458 943">
    <p class='ocr_par' dir='ltr' id='par_1_23' title="bbox 1938 872 3458 943">
     <span class='ocr_line' id='line_1_23' title="bbox 1938 872 3458 943; baseline -0.002 -10"><span class='ocrx_word' id='word_1_134' title='bbox 1938 876 2038 933; x_wconf 90' lang='grc'><strong>861</strong></span> <span class='ocrx_word' id='word_1_135' title='bbox 2078 875 2386 930; x_wconf 82' lang='lat' dir='ltr'><strong>Ludovicus</strong></span> <span class='ocrx_word' id='word_1_136' title='bbox 2435 890 2531 931; x_wconf 89' lang='lat' dir='ltr'><strong>rex</strong></span> <span class='ocrx_word' id='word_1_137' title='bbox 2575 874 2760 931; x_wconf 87' lang='lat' dir='ltr'><strong>habito</strong></span> <span class='ocrx_word' id='word_1_138' title='bbox 2809 872 3123 943; x_wconf 75' lang='lat' dir='ltr'><strong>Ratisponze</strong></span> <span class='ocrx_word' id='word_1_139' title='bbox 3159 881 3458 942; x_wconf 85' lang='lat' dir='ltr'><strong>conventu,</strong></span> 
     </span>
    </p>
   </div>
   <div class='ocr_carea' id='block_1_24' title="bbox 1868 964 3459 1039">
    <p class='ocr_par' dir='ltr' id='par_1_24' title="bbox 1868 964 3459 1039">
     <span class='ocr_line' id='line_1_24' title="bbox 1868 964 3459 1039; baseline -0.001 -18"><span class='ocrx_word' id='word_1_140' title='bbox 1868 967 2078 1039; x_wconf 81' lang='lat' dir='ltr'><strong>aliquot</strong></span> <span class='ocrx_word' id='word_1_141' title='bbox 2103 966 2371 1037; x_wconf 87' lang='lat' dir='ltr'><strong>primates</strong></span> <span class='ocrx_word' id='word_1_142' title='bbox 2420 981 2551 1021; x_wconf 87' lang='lat' dir='ltr'><strong>suos</strong></span> <span class='ocrx_word' id='word_1_143' title='bbox 2593 964 2929 1021; x_wconf 81' lang='lat' dir='ltr'><strong>infidelitatis</strong></span> <span class='ocrx_word' id='word_1_144' title='bbox 2969 972 3256 1019; x_wconf 85' lang='lat' dir='ltr'><strong>accusatos</strong></span> <span class='ocrx_word' id='word_1_145' title='bbox 3290 964 3459 1035; x_wconf 84' lang='lat' dir='ltr'><strong>depo-</strong></span> 
     </span>
    </p>
   </div>
   <div class='ocr_carea' id='block_1_25' title="bbox 1867 1055 3459 1130">
    <p class='ocr_par' dir='ltr' id='par_1_25' title="bbox 1867 1055 3459 1130">
     <span class='ocr_line' id='line_1_25' title="bbox 1867 1055 3459 1130; baseline -0.003 -14"><span class='ocrx_word' id='word_1_146' title='bbox 1867 1060 1995 1116; x_wconf 90' lang='lat' dir='ltr'><strong>suit.</strong></span> <span class='ocrx_word' id='word_1_147' title='bbox 2037 1060 2169 1114; x_wconf 90' lang='lat' dir='ltr'><strong>ltem</strong></span> <span class='ocrx_word' id='word_1_148' title='bbox 2215 1067 2407 1115; x_wconf 85' lang='lat' dir='ltr'><strong>contra</strong></span> <span class='ocrx_word' id='word_1_149' title='bbox 2438 1058 2700 1130; x_wconf 86' lang='lat' dir='ltr'><strong>majorem</strong></span> <span class='ocrx_word' id='word_1_150' title='bbox 2747 1057 2916 1113; x_wconf 81' lang='lat' dir='ltr'><strong>lilium</strong></span> <span class='ocrx_word' id='word_1_151' title='bbox 2955 1071 3116 1112; x_wconf 92' lang='lat' dir='ltr'><strong>suum</strong></span> <span class='ocrx_word' id='word_1_152' title='bbox 3137 1055 3459 1112; x_wconf 84' lang='lat' dir='ltr'><strong>Carloman-</strong></span> 
     </span>
    </p>
   </div>
   <div class='ocr_carea' id='block_1_26' title="bbox 1868 1152 3460 1223">
    <p class='ocr_par' dir='ltr' id='par_1_26' title="bbox 1868 1152 3460 1223">
     <span class='ocr_line' id='line_1_26' title="bbox 1868 1152 3460 1223; baseline -0.003 -11"><span class='ocrx_word' id='word_1_153' title='bbox 1868 1172 1997 1212; x_wconf 88' lang='lat' dir='ltr'><strong>num</strong></span> <span class='ocrx_word' id='word_1_154' title='bbox 2025 1154 2320 1213; x_wconf 86' lang='lat' dir='ltr'><strong>Carantani</strong></span> <span class='ocrx_word' id='word_1_155' title='bbox 2365 1154 2591 1216; x_wconf 88' lang='lat' dir='ltr'><strong>ducem,</strong></span> <span class='ocrx_word' id='word_1_156' title='bbox 2627 1152 2783 1223; x_wconf 89' lang='lat' dir='ltr'><strong>quasi</strong></span> <span class='ocrx_word' id='word_1_157' title='bbox 2818 1165 2906 1207; x_wconf 88' lang='lat' dir='ltr'><strong>res</strong></span> <span class='ocrx_word' id='word_1_158' title='bbox 2958 1165 3128 1207; x_wconf 88' lang='lat' dir='ltr'><strong>novas</strong></span> <span class='ocrx_word' id='word_1_159' title='bbox 3174 1158 3367 1206; x_wconf 86' lang='lat' dir='ltr'><strong>contra</strong></span> <span class='ocrx_word' id='word_1_160' title='bbox 3396 1164 3460 1207; x_wconf 83' lang='lat' dir='ltr'><strong>se</strong></span> 
     </span>
    </p>
   </div>
   <div class='ocr_carea' id='block_1_27' title="bbox 1869 1239 3461 1311">
    <p class='ocr_par' dir='ltr' id='par_1_27' title="bbox 1869 1239 3461 1311">
     <span class='ocr_line' id='line_1_27' title="bbox 1869 1239 3461 1311; baseline -0.003 -10"><span class='ocrx_word' id='word_1_161' title='bbox 1869 1246 2208 1311; x_wconf 85' lang='lat' dir='ltr'><strong>molientem,</strong></span> <span class='ocrx_word' id='word_1_162' title='bbox 2249 1244 2424 1299; x_wconf 88' lang='lat' dir='ltr'><strong>iratus</strong></span> <span class='ocrx_word' id='word_1_163' title='bbox 2462 1250 2566 1298; x_wconf 90' lang='lat' dir='ltr'><strong>est.</strong></span> <span class='ocrx_word' id='word_1_164' title='bbox 2597 1241 2793 1297; x_wconf 83' lang='lat' dir='ltr'><strong>Fames</strong></span> <span class='ocrx_word' id='word_1_165' title='bbox 2823 1239 3289 1303; x_wconf 76' lang='lat' dir='ltr'><strong>validissimaboc</strong></span> <span class='ocrx_word' id='word_1_166' title='bbox 3312 1252 3461 1297; x_wconf 84' lang='lat' dir='ltr'><strong>anno</strong></span> 
     </span>
    </p>
   </div>
   <div class='ocr_carea' id='block_1_28' title="bbox 1867 1330 3462 1405">
    <p class='ocr_par' dir='ltr' id='par_1_28' title="bbox 1867 1330 3462 1405">
     <span class='ocr_line' id='line_1_28' title="bbox 1867 1330 3462 1405; baseline -0.003 -13"><span class='ocrx_word' id='word_1_167' title='bbox 1867 1336 2030 1393; x_wconf 85' lang='lat' dir='ltr'><strong>facta.</strong></span> <span class='ocrx_word' id='word_1_168' title='bbox 2064 1334 2258 1391; x_wconf 83' lang='lat' dir='ltr'><strong>Annal.</strong></span> <span class='ocrx_word' id='word_1_169' title='bbox 2287 1334 2450 1389; x_wconf 80' lang='lat' dir='ltr'><strong>Fald.</strong></span> <span class='ocrx_word' id='word_1_170' title='bbox 2475 1365 2545 1376; x_wconf 91' lang='lat'><strong><em>—</em></strong></span> <span class='ocrx_word' id='word_1_171' title='bbox 2564 1332 2923 1405; x_wconf 76' lang='lat' dir='ltr'><strong>‘Meginradus</strong></span> <span class='ocrx_word' id='word_1_172' title='bbox 2949 1330 3138 1403; x_wconf 71' lang='lat' dir='ltr'><strong>Angite</strong></span> <span class='ocrx_word' id='word_1_173' title='bbox 3158 1330 3462 1387; x_wconf 76' lang='lat' dir='ltr'><strong>monachus</strong></span> 
     </span>
    </p>
   </div>
   <div class='ocr_carea' id='block_1_29' title="bbox 1867 1418 3460 1500">
    <p class='ocr_par' dir='ltr' id='par_1_29' title="bbox 1867 1418 3460 1500">
     <span class='ocr_line' id='line_1_29' title="bbox 1867 1418 3460 1500; baseline -0.005 -19"><span class='ocrx_word' id='word_1_174' title='bbox 1867 1437 1923 1481; x_wconf 88' lang='lat' dir='ltr'><strong>et</strong></span> <span class='ocrx_word' id='word_1_175' title='bbox 1962 1428 2172 1497; x_wconf 89' lang='lat' dir='ltr'><strong>primus</strong></span> <span class='ocrx_word' id='word_1_176' title='bbox 2201 1425 2376 1480; x_wconf 90' lang='lat' dir='ltr'><strong>incola</strong></span> <span class='ocrx_word' id='word_1_177' title='bbox 2407 1424 2602 1490; x_wconf 88' lang='lat' dir='ltr'><strong>eremi,</strong></span> <span class='ocrx_word' id='word_1_178' title='bbox 2630 1438 2753 1493; x_wconf 79' lang='lat' dir='ltr'><strong>qua:</strong></span> <span class='ocrx_word' id='word_1_179' title='bbox 2775 1421 3035 1476; x_wconf 86' lang='lat' dir='ltr'><strong>Turicino</strong></span> <span class='ocrx_word' id='word_1_180' title='bbox 3056 1421 3270 1491; x_wconf 88' lang='lat' dir='ltr'><strong>adjacet</strong></span> <span class='ocrx_word' id='word_1_181' title='bbox 3293 1418 3460 1500; x_wconf 64' lang='lat' dir='ltr'><strong>laeui,</strong></span> 
     </span>
    </p>
   </div>
   <div class='ocr_carea' id='block_1_30' title="bbox 1867 1510 3464 1589">
    <p class='ocr_par' dir='ltr' id='par_1_30' title="bbox 1867 1510 3464 1589">
     <span class='ocr_line' id='line_1_30' title="bbox 1867 1510 3464 1589; baseline -0.005 -17"><span class='ocrx_word' id='word_1_182' title='bbox 1867 1532 1898 1572; x_wconf 85' lang='lat' dir='ltr'><strong>a</strong></span> <span class='ocrx_word' id='word_1_183' title='bbox 1936 1516 2260 1589; x_wconf 88' lang='lat' dir='ltr'><strong>quibusdam</strong></span> <span class='ocrx_word' id='word_1_184' title='bbox 2312 1514 2617 1569; x_wconf 91' lang='lat' dir='ltr'><strong>latronibus</strong></span> <span class='ocrx_word' id='word_1_185' title='bbox 2674 1513 2810 1569; x_wconf 88' lang='lat' dir='ltr'><strong>inibi</strong></span> <span class='ocrx_word' id='word_1_186' title='bbox 2865 1528 2939 1567; x_wconf 79' lang='lat' dir='ltr'><strong>xu</strong></span> <span class='ocrx_word' id='word_1_187' title='bbox 2987 1510 3108 1566; x_wconf 82' lang='lat' dir='ltr'><strong>Kal.</strong></span> <span class='ocrx_word' id='word_1_188' title='bbox 3146 1510 3309 1567; x_wconf 86' lang='lat' dir='ltr'><strong>Febr.</strong></span> <span class='ocrx_word' id='word_1_189' title='bbox 3363 1522 3464 1582; x_wconf 83' lang='lat' dir='ltr'><strong>pe-</strong></span> 
     </span>
    </p>
   </div>
   <div class='ocr_carea' id='block_1_31' title="bbox 1868 1603 3462 1678">
    <p class='ocr_par' dir='ltr' id='par_1_31' title="bbox 1868 1603 3462 1678">
     <span class='ocr_line' id='line_1_31' title="bbox 1868 1603 3462 1678; baseline -0.003 -15"><span class='ocrx_word' id='word_1_190' title='bbox 1868 1617 2133 1678; x_wconf 87' lang='lat' dir='ltr'><strong>remptus,</strong></span> <span class='ocrx_word' id='word_1_191' title='bbox 2179 1614 2301 1678; x_wconf 91' lang='lat' dir='ltr'><strong>post</strong></span> <span class='ocrx_word' id='word_1_192' title='bbox 2332 1614 2564 1661; x_wconf 87' lang='lat' dir='ltr'><strong>mortem</strong></span> <span class='ocrx_word' id='word_1_193' title='bbox 2607 1604 2903 1660; x_wconf 90' lang='lat' dir='ltr'><strong>virtutibus</strong></span> <span class='ocrx_word' id='word_1_194' title='bbox 2933 1604 3131 1659; x_wconf 86' lang='lat' dir='ltr'><strong>claruit</strong></span> <span class='ocrx_word' id='word_1_195' title='bbox 3163 1603 3462 1674; x_wconf 73' lang='lat' dir='ltr'><strong>Augizequo</strong></span> 
     </span>
    </p>
   </div>
   <div class='ocr_carea' id='block_1_32' title="bbox 1867 1693 3460 1771">
    <p class='ocr_par' dir='ltr' id='par_1_32' title="bbox 1867 1693 3460 1771">
     <span class='ocr_line' id='line_1_32' title="bbox 1867 1693 3460 1771; baseline -0.004 -15"><span class='ocrx_word' id='word_1_196' title='bbox 1867 1700 2114 1771; x_wconf 88' lang='lat' dir='ltr'><strong>sepultus</strong></span> <span class='ocrx_word' id='word_1_197' title='bbox 2159 1708 2245 1755; x_wconf 90' lang='lat' dir='ltr'><strong>est</strong></span> <span class='ocrx_word' id='word_1_198' title='bbox 2287 1713 2361 1753; x_wconf 89' lang='lat' dir='ltr'><strong>:a</strong></span> <span class='ocrx_word' id='word_1_199' title='bbox 2407 1711 2517 1769; x_wconf 90' lang='lat' dir='ltr'><strong>quo</strong></span> <span class='ocrx_word' id='word_1_200' title='bbox 2558 1710 2732 1767; x_wconf 89' lang='lat' dir='ltr'><strong>usque</strong></span> <span class='ocrx_word' id='word_1_201' title='bbox 2775 1695 2936 1751; x_wconf 87' lang='lat' dir='ltr'><strong>hodie</strong></span> <span class='ocrx_word' id='word_1_202' title='bbox 2989 1708 3207 1751; x_wconf 90' lang='lat' dir='ltr'><strong>eremus</strong></span> <span class='ocrx_word' id='word_1_203' title='bbox 3261 1693 3377 1765; x_wconf 89' lang='lat' dir='ltr'><strong>ipsa</strong></span> <span class='ocrx_word' id='word_1_204' title='bbox 3424 1707 3460 1749; x_wconf 75' lang='grc' dir='ltr'>ι</span> 
     </span>
    </p>
   </div>
   <div class='ocr_carea' id='block_1_33' title="bbox 1869 1787 3461 1861">
    <p class='ocr_par' dir='ltr' id='par_1_33' title="bbox 1869 1787 3461 1861">
     <span class='ocr_line' id='line_1_33' title="bbox 1869 1787 3461 1861; baseline -0.004 -13"><span class='ocrx_word' id='word_1_205' title='bbox 1869 1793 2076 1848; x_wconf 88' lang='lat' dir='ltr'><strong>sanctis</strong></span> <span class='ocrx_word' id='word_1_206' title='bbox 2102 1800 2159 1849; x_wconf 89' lang='lat' dir='ltr'><strong>et</strong></span> <span class='ocrx_word' id='word_1_207' title='bbox 2187 1790 2454 1861; x_wconf 72' lang='lat' dir='ltr'><strong>religiosis</strong></span> <span class='ocrx_word' id='word_1_208' title='bbox 2474 1788 2615 1845; x_wconf 90' lang='lat' dir='ltr'><strong>culta</strong></span> <span class='ocrx_word' id='word_1_209' title='bbox 2643 1789 2793 1854; x_wconf 84' lang='lat' dir='ltr'><strong>viris,</strong></span> <span class='ocrx_word' id='word_1_210' title='bbox 2818 1790 2870 1843; x_wconf 92' lang='lat' dir='ltr'><strong>in</strong></span> <span class='ocrx_word' id='word_1_211' title='bbox 2896 1787 3076 1843; x_wconf 88' lang='lat' dir='ltr'><strong>nobile</strong></span> <span class='ocrx_word' id='word_1_212' title='bbox 3110 1796 3161 1842; x_wconf 91' lang='lat' dir='ltr'><strong>et</strong></span> <span class='ocrx_word' id='word_1_213' title='bbox 3193 1787 3461 1842; x_wconf 83' lang='lat' dir='ltr'><strong>famosum</strong></span> 
     </span>
    </p>
   </div>
   <div class='ocr_carea' id='block_1_34' title="bbox 197 1866 3458 1955">
    <p class='ocr_par' dir='ltr' id='par_1_34' title="bbox 197 1866 3458 1955">
     <span class='ocr_line' id='line_1_34' title="bbox 197 1866 3458 1955; baseline -0 -20"><span class='ocrx_word' id='word_1_214' title='bbox 197 1881 365 1937; x_wconf 67' lang='lat' dir='ltr'><strong>Villam</strong></span> <span class='ocrx_word' id='word_1_215' title='bbox 415 1884 718 1952; x_wconf 83' lang='lat' dir='ltr'><strong>quamdam</strong></span> <span class='ocrx_word' id='word_1_216' title='bbox 762 1882 920 1951; x_wconf 80' lang='lat' dir='ltr'><strong>juxta</strong></span> <span class='ocrx_word' id='word_1_217' title='bbox 978 1882 1313 1955; x_wconf 71' lang='lat' dir='ltr'><strong>Moguntiam</strong></span> <span class='ocrx_word' id='word_1_218' title='bbox 1360 1894 1416 1939; x_wconf 91' lang='lat' dir='ltr'><strong>et</strong></span> <span class='ocrx_word' id='word_1_219' title='bbox 1469 1883 1757 1949; x_wconf 83' lang='lat' dir='ltr'><strong>Rhenum,</strong></span> <span class='ocrx_word' id='word_1_220' title='bbox 1793 1875 1835 1933; x_wconf 83' lang='grc' dir='ltr'><strong>Β</strong></span> <span class='ocrx_word' id='word_1_221' title='bbox 1857 1883 1970 1955; x_wconf 88' lang='lat' dir='ltr'><strong>jam</strong></span> <span class='ocrx_word' id='word_1_222' title='bbox 1992 1883 2194 1938; x_wconf 91' lang='lat' dir='ltr'><strong>dudum</strong></span> <span class='ocrx_word' id='word_1_223' title='bbox 2217 1880 2794 1937; x_wconf 75' lang='lat' dir='ltr'><strong>excrevitcmnobium</strong></span> <span class='ocrx_word' id='word_1_224' title='bbox 2828 1879 3001 1951; x_wconf 74' lang='lat'><strong>(552).</strong></span> <span class='ocrx_word' id='word_1_225' title='bbox 3034 1878 3232 1951; x_wconf 85' lang='lat' dir='ltr'><strong>llcpid.</strong></span> <span class='ocrx_word' id='word_1_226' title='bbox 3256 1866 3458 1934; x_wconf 67' lang='lat' dir='ltr'><strong>Chron.</strong></span> 
     </span>
    </p>
   </div>
   <div class='ocr_carea' id='block_1_35' title="bbox 192 1972 1766 2045">
    <p class='ocr_par' dir='ltr' id='par_1_35' title="bbox 192 1972 1766 2045">
     <span class='ocr_line' id='line_1_35' title="bbox 192 1972 1766 2045; baseline 0.003 -19"><span class='ocrx_word' id='word_1_227' title='bbox 192 1974 476 2027; x_wconf 76' lang='lat' dir='ltr'><strong>Cammuuti</strong></span> <span class='ocrx_word' id='word_1_228' title='bbox 513 1972 670 2045; x_wconf 77' lang='grc'>(550)</span> <span class='ocrx_word' id='word_1_229' title='bbox 702 1984 972 2040; x_wconf 79' lang='lat' dir='ltr'><strong>vocatam,</strong></span> <span class='ocrx_word' id='word_1_230' title='bbox 1022 1989 1255 2044; x_wconf 87' lang='lat' dir='ltr'><strong>nequam</strong></span> <span class='ocrx_word' id='word_1_231' title='bbox 1295 1975 1541 2044; x_wconf 81' lang='lat' dir='ltr'><strong>spiritus,</strong></span> <span class='ocrx_word' id='word_1_232' title='bbox 1588 1974 1766 2045; x_wconf 86' lang='lat' dir='ltr'><strong>primo</strong></span> 
     </span>
    </p>
   </div>
   <div class='ocr_carea' id='block_1_36' title="bbox 197 2062 1766 2137">
    <p class='ocr_par' dir='ltr' id='par_1_36' title="bbox 197 2062 1766 2137">
     <span class='ocr_line' id='line_1_36' title="bbox 197 2062 1766 2137; baseline 0.002 -20"><span class='ocrx_word' id='word_1_233' title='bbox 197 2062 518 2120; x_wconf 82' lang='lat' dir='ltr'><strong>invisibiliter</strong></span> <span class='ocrx_word' id='word_1_234' title='bbox 546 2079 813 2135; x_wconf 84' lang='lat' dir='ltr'><strong>responsa</strong></span> <span class='ocrx_word' id='word_1_235' title='bbox 836 2065 1038 2132; x_wconf 85' lang='lat' dir='ltr'><strong>dando,</strong></span> <span class='ocrx_word' id='word_1_236' title='bbox 1080 2066 1218 2119; x_wconf 82' lang='lat' dir='ltr'><strong>furta</strong></span> <span class='ocrx_word' id='word_1_237' title='bbox 1249 2065 1546 2137; x_wconf 88' lang='lat' dir='ltr'><strong>prodendo,</strong></span> <span class='ocrx_word' id='word_1_238' title='bbox 1572 2067 1766 2122; x_wconf 87' lang='lat' dir='ltr'><strong>deinde</strong></span> 
     </span>
    </p>
   </div>
   <div class='ocr_carea' id='block_1_37' title="bbox 195 2152 1769 2223">
    <p class='ocr_par' dir='ltr' id='par_1_37' title="bbox 195 2152 1769 2223">
     <span class='ocr_line' id='line_1_37' title="bbox 195 2152 1769 2223; baseline 0.003 -16"><span class='ocrx_word' id='word_1_239' title='bbox 195 2153 340 2207; x_wconf 77' lang='lat' dir='ltr'><strong>etiam</strong></span> <span class='ocrx_word' id='word_1_240' title='bbox 373 2152 651 2223; x_wconf 83' lang='lat' dir='ltr'><strong>lapidibus</strong></span> <span class='ocrx_word' id='word_1_241' title='bbox 689 2153 857 2222; x_wconf 87' lang='lat' dir='ltr'><strong>jactis</strong></span> <span class='ocrx_word' id='word_1_242' title='bbox 892 2163 946 2211; x_wconf 87' lang='lat' dir='ltr'><strong>et</strong></span> <span class='ocrx_word' id='word_1_243' title='bbox 974 2155 1258 2210; x_wconf 90' lang='lat' dir='ltr'><strong>domorum</strong></span> <span class='ocrx_word' id='word_1_244' title='bbox 1300 2155 1562 2210; x_wconf 87' lang='lat' dir='ltr'><strong>incendiis</strong></span> <span class='ocrx_word' id='word_1_245' title='bbox 1593 2156 1769 2211; x_wconf 84' lang='lat' dir='ltr'><strong>homi-</strong></span> 
     </span>
    </p>
   </div>
   <div class='ocr_carea' id='block_1_38' title="bbox 198 2245 1765 2315">
    <p class='ocr_par' dir='ltr' id='par_1_38' title="bbox 198 2245 1765 2315">
     <span class='ocr_line' id='line_1_38' title="bbox 198 2245 1765 2315; baseline 0.003 -16"><span class='ocrx_word' id='word_1_246' title='bbox 198 2260 281 2299; x_wconf 90' lang='lat' dir='ltr'><strong>nes</strong></span> <span class='ocrx_word' id='word_1_247' title='bbox 322 2246 728 2315; x_wconf 80' lang='lat' dir='ltr'><strong>persequendo,</strong></span> <span class='ocrx_word' id='word_1_248' title='bbox 770 2261 867 2315; x_wconf 89' lang='lat' dir='ltr'><strong>per</strong></span> <span class='ocrx_word' id='word_1_249' title='bbox 914 2245 1209 2301; x_wconf 88' lang='lat' dir='ltr'><strong>triennium</strong></span> <span class='ocrx_word' id='word_1_250' title='bbox 1258 2245 1526 2303; x_wconf 86' lang='lat' dir='ltr'><strong>infestans</strong></span> <span class='ocrx_word' id='word_1_251' title='bbox 1558 2257 1765 2303; x_wconf 84' lang='lat' dir='ltr'><strong>vastam</strong></span> 
     </span>
    </p>
   </div>
   <div class='ocr_carea' id='block_1_39' title="bbox 200 2339 1784 2418">
    <p class='ocr_par' dir='ltr' id='par_1_39' title="bbox 200 2339 1784 2418">
     <span class='ocr_line' id='line_1_39' title="bbox 200 2339 1784 2418; baseline 0.001 -25"><span class='ocrx_word' id='word_1_252' title='bbox 200 2340 372 2395; x_wconf 80' lang='lat' dir='ltr'><strong>reddit.</strong></span> <span class='ocrx_word' id='word_1_253' title='bbox 412 2339 616 2396; x_wconf 76' lang='lat' dir='ltr'><strong>Annal.</strong></span> <span class='ocrx_word' id='word_1_254' title='bbox 657 2339 852 2405; x_wconf 79' lang='lat' dir='ltr'><strong>Fuld.,</strong></span> <span class='ocrx_word' id='word_1_255' title='bbox 903 2340 1028 2396; x_wconf 75' lang='lat' dir='ltr'><strong>Met.</strong></span> <span class='ocrx_word' id='word_1_256' title='bbox 1055 2371 1125 2382; x_wconf 89' lang='lat'><strong>-</strong></span> <span class='ocrx_word' id='word_1_257' title='bbox 1149 2340 1337 2397; x_wconf 76' lang='lat' dir='ltr'><strong>Roma:</strong></span> <span class='ocrx_word' id='word_1_258' title='bbox 1381 2352 1505 2412; x_wconf 90' lang='lat' dir='ltr'><strong>post</strong></span> <span class='ocrx_word' id='word_1_259' title='bbox 1540 2341 1784 2418; x_wconf 46' lang='lat' dir='ltr'><strong>Benedi-g</strong></span> 
     </span>
    </p>
   </div>
   <div class='ocr_carea' id='block_1_40' title="bbox 200 2430 1431 2504">
    <p class='ocr_par' dir='ltr' id='par_1_40' title="bbox 200 2430 1431 2504">
     <span class='ocr_line' id='line_1_40' title="bbox 200 2430 1431 2504; baseline 0.004 -20"><span class='ocrx_word' id='word_1_260' title='bbox 200 2440 325 2485; x_wconf 84' lang='lat' dir='ltr'><strong>ctum</strong></span> <span class='ocrx_word' id='word_1_261' title='bbox 350 2430 605 2488; x_wconf 78' lang='lat' dir='ltr'><strong>Nicolaus</strong></span> <span class='ocrx_word' id='word_1_262' title='bbox 627 2448 767 2504; x_wconf 86' lang='lat' dir='ltr'><strong>papa</strong></span> <span class='ocrx_word' id='word_1_263' title='bbox 789 2434 928 2488; x_wconf 84' lang='lat' dir='ltr'><strong>sedit</strong></span> <span class='ocrx_word' id='word_1_264' title='bbox 956 2434 1115 2489; x_wconf 86' lang='lat' dir='ltr'><strong>annis</strong></span> <span class='ocrx_word' id='word_1_265' title='bbox 1139 2450 1217 2489; x_wconf 79' lang='lat' dir='ltr'><strong>ix.</strong></span> <span class='ocrx_word' id='word_1_266' title='bbox 1243 2435 1431 2489; x_wconf 81' lang='lat' dir='ltr'><strong>Anast.</strong></span> 
     </span>
    </p>
   </div>
   <div class='ocr_carea' id='block_1_41' title="bbox 257 2526 1769 2606">
    <p class='ocr_par' dir='ltr' id='par_1_41' title="bbox 257 2526 1769 2606">
     <span class='ocr_line' id='line_1_41' title="bbox 257 2526 1769 2606; baseline 0.005 -25"><span class='ocrx_word' id='word_1_267' title='bbox 257 2526 353 2583; x_wconf 75' lang='lat'><strong>859</strong></span> <span class='ocrx_word' id='word_1_268' title='bbox 390 2529 704 2584; x_wconf 71' lang='lat' dir='ltr'><strong>Ludovicus</strong></span> <span class='ocrx_word' id='word_1_269' title='bbox 759 2546 867 2586; x_wconf 83' lang='lat' dir='ltr'><strong>rex</strong></span> <span class='ocrx_word' id='word_1_270' title='bbox 910 2530 1286 2602; x_wconf 87' lang='lat' dir='ltr'><strong>frequentibus</strong></span> <span class='ocrx_word' id='word_1_271' title='bbox 1335 2531 1521 2588; x_wconf 90' lang='lat' dir='ltr'><strong>missis</strong></span> <span class='ocrx_word' id='word_1_272' title='bbox 1574 2534 1769 2606; x_wconf 72' lang='lat' dir='ltr'><strong>legatis</strong></span> 
     </span>
    </p>
   </div>
   <div class='ocr_carea' id='block_1_42' title="bbox 200 2615 1767 2695">
    <p class='ocr_par' dir='ltr' id='par_1_42' title="bbox 200 2615 1767 2695">
     <span class='ocr_line' id='line_1_42' title="bbox 200 2615 1767 2695; baseline 0.008 -26"><span class='ocrx_word' id='word_1_273' title='bbox 200 2632 305 2670; x_wconf 84' lang='lat' dir='ltr'><strong>eam</strong></span> <span class='ocrx_word' id='word_1_274' title='bbox 315 2615 481 2675; x_wconf 81' lang='lat' dir='ltr'><strong>fratre</strong></span> <span class='ocrx_word' id='word_1_275' title='bbox 492 2619 719 2686; x_wconf 88' lang='lat' dir='ltr'><strong>Carolo,</strong></span> <span class='ocrx_word' id='word_1_276' title='bbox 732 2630 785 2675; x_wconf 89' lang='lat' dir='ltr'><strong>et</strong></span> <span class='ocrx_word' id='word_1_277' title='bbox 800 2619 997 2677; x_wconf 84' lang='lat' dir='ltr'><strong>Lothar</strong></span> <span class='ocrx_word' id='word_1_278' title='bbox 1008 2622 1060 2677; x_wconf 93' lang='lat' dir='ltr'><strong>io</strong></span> <span class='ocrx_word' id='word_1_279' title='bbox 1076 2637 1202 2692; x_wconf 79' lang='lat' dir='ltr'><strong>rege</strong></span> <span class='ocrx_word' id='word_1_280' title='bbox 1217 2621 1474 2679; x_wconf 87' lang='lat' dir='ltr'><strong>fratruele</strong></span> <span class='ocrx_word' id='word_1_281' title='bbox 1489 2624 1713 2695; x_wconf 84' lang='lat' dir='ltr'><strong>pacifica</strong></span> <span class='ocrx_word' id='word_1_282' title='bbox 1722 2626 1767 2681; x_wconf 91' lang='lat' dir='ltr'><strong>ri</strong></span> 
     </span>
    </p>
   </div>
   <div class='ocr_carea' id='block_1_43' title="bbox 200 2713 1766 2779">
    <p class='ocr_par' dir='ltr' id='par_1_43' title="bbox 200 2713 1766 2779">
     <span class='ocr_line' id='line_1_43' title="bbox 200 2713 1766 2779; baseline 0.006 -16"><span class='ocrx_word' id='word_1_283' title='bbox 200 2718 447 2779; x_wconf 72' lang='lat' dir='ltr'><strong>satagens,</strong></span> <span class='ocrx_word' id='word_1_284' title='bbox 488 2714 713 2767; x_wconf 87' lang='lat' dir='ltr'><strong>tandem</strong></span> <span class='ocrx_word' id='word_1_285' title='bbox 740 2727 863 2768; x_wconf 88' lang='lat' dir='ltr'><strong>cum</strong></span> <span class='ocrx_word' id='word_1_286' title='bbox 889 2713 1257 2771; x_wconf 87' lang='lat' dir='ltr'><strong>denominatis</strong></span> <span class='ocrx_word' id='word_1_287' title='bbox 1301 2716 1433 2771; x_wconf 86' lang='lat' dir='ltr'><strong>viris</strong></span> <span class='ocrx_word' id='word_1_288' title='bbox 1471 2716 1543 2770; x_wconf 83' lang='lat' dir='ltr'><strong>ad</strong></span> <span class='ocrx_word' id='word_1_289' title='bbox 1579 2731 1766 2773; x_wconf 89' lang='lat' dir='ltr'><strong>secre-</strong></span> 
     </span>
    </p>
   </div>
   <div class='ocr_carea' id='block_1_44' title="bbox 202 2800 1768 2879">
    <p class='ocr_par' dir='ltr' id='par_1_44' title="bbox 202 2800 1768 2879">
     <span class='ocr_line' id='line_1_44' title="bbox 202 2800 1768 2879; baseline 0.006 -24"><span class='ocrx_word' id='word_1_290' title='bbox 202 2809 424 2857; x_wconf 86' lang='lat' dir='ltr'><strong>tumcum</strong></span> <span class='ocrx_word' id='word_1_291' title='bbox 445 2804 527 2859; x_wconf 87' lang='lat' dir='ltr'><strong>eis</strong></span> <span class='ocrx_word' id='word_1_292' title='bbox 558 2800 896 2876; x_wconf 67' lang='lat' dir='ltr'><strong>colloijuium</strong></span> <span class='ocrx_word' id='word_1_293' title='bbox 919 2804 1062 2861; x_wconf 78' lang='lat' dir='ltr'><strong>venit</strong></span> <span class='ocrx_word' id='word_1_294' title='bbox 1096 2806 1350 2879; x_wconf 86' lang='lat' dir='ltr'><strong>diemque</strong></span> <span class='ocrx_word' id='word_1_295' title='bbox 1374 2809 1768 2879; x_wconf 71' lang='lat' dir='ltr'><strong>paciﬁcationis</strong></span> 
     </span>
    </p>
   </div>
   <div class='ocr_carea' id='block_1_45' title="bbox 202 2892 1764 2969">
    <p class='ocr_par' dir='ltr' id='par_1_45' title="bbox 202 2892 1764 2969">
     <span class='ocr_line' id='line_1_45' title="bbox 202 2892 1764 2969; baseline 0.007 -23"><span class='ocrx_word' id='word_1_296' title='bbox 202 2892 435 2949; x_wconf 67' lang='lat' dir='ltr'><strong>condixit.</strong></span> <span class='ocrx_word' id='word_1_297' title='bbox 469 2894 711 2965; x_wconf 76' lang='lat' dir='ltr'><strong>Legatos</strong></span> <span class='ocrx_word' id='word_1_298' title='bbox 739 2896 906 2951; x_wconf 90' lang='lat' dir='ltr'><strong>etiam</strong></span> <span class='ocrx_word' id='word_1_299' title='bbox 937 2895 1162 2953; x_wconf 82' lang='lat' dir='ltr'><strong>Nicolao</strong></span> <span class='ocrx_word' id='word_1_300' title='bbox 1206 2913 1359 2969; x_wconf 74' lang='lat' dir='ltr'><strong>papa:</strong></span> <span class='ocrx_word' id='word_1_301' title='bbox 1402 2909 1458 2955; x_wconf 90' lang='lat' dir='ltr'><strong>et</strong></span> <span class='ocrx_word' id='word_1_302' title='bbox 1482 2899 1764 2957; x_wconf 87' lang='lat' dir='ltr'><strong>Ludovico</strong></span> 
     </span>
    </p>
   </div>
   <div class='ocr_carea' id='block_1_46' title="bbox 202 2982 1771 3063">
    <p class='ocr_par' dir='ltr' id='par_1_46' title="bbox 202 2982 1771 3063">
     <span class='ocr_line' id='line_1_46' title="bbox 202 2982 1771 3063; baseline 0.009 -29"><span class='ocrx_word' id='word_1_303' title='bbox 202 2982 487 3053; x_wconf 86' lang='lat' dir='ltr'><strong>imperatori</strong></span> <span class='ocrx_word' id='word_1_304' title='bbox 538 2984 792 3042; x_wconf 86' lang='lat' dir='ltr'><strong>fratrueli</strong></span> <span class='ocrx_word' id='word_1_305' title='bbox 823 3002 925 3042; x_wconf 90' lang='lat' dir='ltr'><strong>suo</strong></span> <span class='ocrx_word' id='word_1_306' title='bbox 953 3004 1013 3043; x_wconf 87' lang='lat' dir='ltr'><strong>se</strong></span> <span class='ocrx_word' id='word_1_307' title='bbox 1046 2989 1114 3045; x_wconf 89' lang='lat' dir='ltr'><strong>de</strong></span> <span class='ocrx_word' id='word_1_308' title='bbox 1155 2989 1346 3044; x_wconf 81' lang='lat' dir='ltr'><strong>invasa</strong></span> <span class='ocrx_word' id='word_1_309' title='bbox 1387 2990 1573 3046; x_wconf 86' lang='lat' dir='ltr'><strong>fratris</strong></span> <span class='ocrx_word' id='word_1_310' title='bbox 1605 3008 1771 3063; x_wconf 79' lang='lat' dir='ltr'><strong>regno</strong></span> 
     </span>
    </p>
   </div>
   <div class='ocr_carea' id='block_1_47' title="bbox 200 3075 1769 3151">
    <p class='ocr_par' dir='ltr' id='par_1_47' title="bbox 200 3075 1769 3151">
     <span class='ocr_line' id='line_1_47' title="bbox 200 3075 1769 3151; baseline 0.008 -26"><span class='ocrx_word' id='word_1_311' title='bbox 200 3086 494 3129; x_wconf 69' lang='lat' dir='ltr'><strong>sieuisatnm</strong></span> <span class='ocrx_word' id='word_1_312' title='bbox 537 3076 712 3130; x_wconf 90' lang='lat' dir='ltr'><strong>misit.</strong></span> <span class='ocrx_word' id='word_1_313' title='bbox 755 3075 945 3132; x_wconf 88' lang='lat' dir='ltr'><strong>Crebri</strong></span> <span class='ocrx_word' id='word_1_314' title='bbox 996 3086 1336 3134; x_wconf 69' lang='lat' dir='ltr'><strong>terrzemotus</strong></span> <span class='ocrx_word' id='word_1_315' title='bbox 1365 3079 1769 3151; x_wconf 77' lang='lat' dir='ltr'><strong>Moguntiacnm</strong></span> 
     </span>
    </p>
   </div>
   <div class='ocr_carea' id='block_1_48' title="bbox 1868 1973 2129 2032">
    <p class='ocr_par' dir='ltr' id='par_1_48' title="bbox 1868 1973 2129 2032">
     <span class='ocr_line' id='line_1_48' title="bbox 1868 1973 2129 2032; baseline -0.008 0"><span class='ocrx_word' id='word_1_316' title='bbox 1868 1975 1929 2032; x_wconf 88' lang='lat' dir='ltr'><strong>S.</strong></span> <span class='ocrx_word' id='word_1_317' title='bbox 1967 1973 2129 2030; x_wconf 81' lang='lat' dir='ltr'><strong>Galli.</strong></span> 
     </span>
    </p>
   </div>
   <div class='ocr_carea' id='block_1_49' title="bbox 1936 2062 3454 2135">
    <p class='ocr_par' dir='ltr' id='par_1_49' title="bbox 1936 2062 3454 2135">
     <span class='ocr_line' id='line_1_49' title="bbox 1936 2062 3454 2135; baseline -0.005 -10"><span class='ocrx_word' id='word_1_318' title='bbox 1936 2068 2041 2125; x_wconf 75' lang='lat'><strong>862</strong></span> <span class='ocrx_word' id='word_1_319' title='bbox 2089 2068 2383 2125; x_wconf 84' lang='lat' dir='ltr'><strong>Lotharius</strong></span> <span class='ocrx_word' id='word_1_320' title='bbox 2451 2085 2572 2135; x_wconf 88' lang='lat' dir='ltr'><strong>rex,</strong></span> <span class='ocrx_word' id='word_1_321' title='bbox 2632 2066 2940 2122; x_wconf 88' lang='lat' dir='ltr'><strong>faventibus</strong></span> <span class='ocrx_word' id='word_1_322' title='bbox 2992 2062 3454 2134; x_wconf 85' lang='lat' dir='ltr'><strong>archiepiscopis,</strong></span> 
     </span>
    </p>
   </div>
   <div class='ocr_carea' id='block_1_50' title="bbox 1868 2155 3460 2226">
    <p class='ocr_par' dir='ltr' id='par_1_50' title="bbox 1868 2155 3460 2226">
     <span class='ocr_line' id='line_1_50' title="bbox 1868 2155 3460 2226; baseline -0.004 -9"><span class='ocrx_word' id='word_1_323' title='bbox 1868 2160 2176 2217; x_wconf 85' lang='lat' dir='ltr'><strong>Gunthario</strong></span> <span class='ocrx_word' id='word_1_324' title='bbox 2207 2159 2532 2215; x_wconf 87' lang='lat' dir='ltr'><strong>Coloniense</strong></span> <span class='ocrx_word' id='word_1_325' title='bbox 2587 2166 2643 2214; x_wconf 92' lang='lat' dir='ltr'><strong>et</strong></span> <span class='ocrx_word' id='word_1_326' title='bbox 2691 2156 3059 2226; x_wconf 75' lang='lat' dir='ltr'><strong>Theodgaudo</strong></span> <span class='ocrx_word' id='word_1_327' title='bbox 3102 2155 3460 2221; x_wconf 81' lang='lat' dir='ltr'><strong>&#39;l‘reverense,</strong></span> 
     </span>
    </p>
   </div>
   <div class='ocr_carea' id='block_1_51' title="bbox 1868 2244 3463 2325">
    <p class='ocr_par' dir='ltr' id='par_1_51' title="bbox 1868 2244 3463 2325">
     <span class='ocr_line' id='line_1_51' title="bbox 1868 2244 3463 2325; baseline -0.007 -15"><span class='ocrx_word' id='word_1_328' title='bbox 1868 2255 2150 2324; x_wconf 86' lang='lat' dir='ltr'><strong>repudiata</strong></span> <span class='ocrx_word' id='word_1_329' title='bbox 2186 2252 2503 2324; x_wconf 72' lang='lat' dir='ltr'><strong>Tiotbpirga</strong></span> <span class='ocrx_word' id='word_1_330' title='bbox 2544 2252 2667 2325; x_wconf 88' lang='lat' dir='ltr'><strong>[al.,</strong></span> <span class='ocrx_word' id='word_1_331' title='bbox 2722 2247 3075 2320; x_wconf 78' lang='lat' dir='ltr'><strong>Thietberga]</strong></span> <span class='ocrx_word' id='word_1_332' title='bbox 3112 2261 3285 2301; x_wconf 88' lang='lat' dir='ltr'><strong>uxore</strong></span> <span class='ocrx_word' id='word_1_333' title='bbox 3332 2244 3463 2317; x_wconf 74' lang='lat' dir='ltr'><strong>legi-</strong></span> 
     </span>
    </p>
   </div>
   <div class='ocr_carea' id='block_1_52' title="bbox 1868 2338 3465 2411">
    <p class='ocr_par' dir='ltr' id='par_1_52' title="bbox 1868 2338 3465 2411">
     <span class='ocr_line' id='line_1_52' title="bbox 1868 2338 3465 2411; baseline -0.005 -11"><span class='ocrx_word' id='word_1_334' title='bbox 1868 2346 2023 2411; x_wconf 87' lang='lat' dir='ltr'><strong>tima,</strong></span> <span class='ocrx_word' id='word_1_335' title='bbox 2056 2343 2405 2400; x_wconf 87' lang='lat' dir='ltr'><strong>Waldradam</strong></span> <span class='ocrx_word' id='word_1_336' title='bbox 2439 2344 2800 2399; x_wconf 88' lang='lat' dir='ltr'><strong>concubinam</strong></span> <span class='ocrx_word' id='word_1_337' title='bbox 2852 2342 2956 2398; x_wconf 87' lang='lat' dir='ltr'><strong>sibi</strong></span> <span class='ocrx_word' id='word_1_338' title='bbox 3005 2338 3328 2410; x_wconf 78' lang='lat' dir='ltr'><strong>conjunxit;</strong></span> <span class='ocrx_word' id='word_1_339' title='bbox 3369 2351 3465 2411; x_wconf 74' lang='lat' dir='ltr'><strong>sy-</strong></span> 
     </span>
    </p>
   </div>
   <div class='ocr_carea' id='block_1_53' title="bbox 1868 2420 3462 2508">
    <p class='ocr_par' dir='ltr' id='par_1_53' title="bbox 1868 2420 3462 2508">
     <span class='ocr_line' id='line_1_53' title="bbox 1868 2420 3462 2508; baseline -0.004 -15"><span class='ocrx_word' id='word_1_340' title='bbox 1868 2439 2011 2494; x_wconf 88' lang='lat' dir='ltr'><strong>nodo</strong></span> <span class='ocrx_word' id='word_1_341' title='bbox 2039 2439 2105 2492; x_wconf 89' lang='lat' dir='ltr'><strong>ad</strong></span> <span class='ocrx_word' id='word_1_342' title='bbox 2137 2438 2237 2492; x_wconf 88' lang='lat' dir='ltr'><strong>hoc</strong></span> <span class='ocrx_word' id='word_1_343' title='bbox 2265 2436 2420 2508; x_wconf 92' lang='lat' dir='ltr'><strong>quasi</strong></span> <span class='ocrx_word' id='word_1_344' title='bbox 2449 2436 2574 2505; x_wconf 86' lang='lat' dir='ltr'><strong>jure</strong></span> <span class='ocrx_word' id='word_1_345' title='bbox 2617 2434 3037 2490; x_wconf 73' lang='lat' dir='ltr'><strong>machinandum</strong></span> <span class='ocrx_word' id='word_1_346' title='bbox 3080 2432 3265 2489; x_wconf 81' lang='lat' dir='ltr'><strong>Mettis</strong></span> <span class='ocrx_word' id='word_1_347' title='bbox 3306 2420 3462 2502; x_wconf 74' lang='grc'><strong>(253)</strong></span> 
     </span>
    </p>
   </div>
   <div class='ocr_carea' id='block_1_54' title="bbox 1867 2522 3458 2595">
    <p class='ocr_par' dir='ltr' id='par_1_54' title="bbox 1867 2522 3458 2595">
     <span class='ocr_line' id='line_1_54' title="bbox 1867 2522 3458 2595; baseline -0.007 -9"><span class='ocrx_word' id='word_1_348' title='bbox 1867 2530 2114 2586; x_wconf 82' lang='lat' dir='ltr'><strong>collecta.</strong></span> <span class='ocrx_word' id='word_1_349' title='bbox 2153 2529 2552 2586; x_wconf 84' lang='lat' dir='ltr'><strong>Carlomanuus</strong></span> <span class='ocrx_word' id='word_1_350' title='bbox 2579 2528 2789 2594; x_wconf 87' lang='lat' dir='ltr'><strong>objecta</strong></span> <span class='ocrx_word' id='word_1_351' title='bbox 2816 2540 3083 2581; x_wconf 79' lang='lat' dir='ltr'><strong>excusans</strong></span> <span class='ocrx_word' id='word_1_352' title='bbox 3104 2565 3119 2589; x_wconf 94' lang='lat'><strong>,</strong></span> <span class='ocrx_word' id='word_1_353' title='bbox 3146 2522 3305 2595; x_wconf 76' lang='lat'><strong>151</strong></span> <span class='ocrx_word' id='word_1_354' title='bbox 3330 2537 3458 2581; x_wconf 84' lang='lat' dir='ltr'><strong>cum</strong></span> 
     </span>
    </p>
   </div>
   <div class='ocr_carea' id='block_1_55' title="bbox 1870 2613 3466 2696">
    <p class='ocr_par' dir='ltr' id='par_1_55' title="bbox 1870 2613 3466 2696">
     <span class='ocr_line' id='line_1_55' title="bbox 1870 2613 3466 2696; baseline -0.005 -19"><span class='ocrx_word' id='word_1_355' title='bbox 1870 2633 2024 2696; x_wconf 86' lang='lat' dir='ltr'><strong>patre</strong></span> <span class='ocrx_word' id='word_1_356' title='bbox 2066 2623 2407 2694; x_wconf 86' lang='lat' dir='ltr'><strong>pacilieatur.</strong></span> <span class='ocrx_word' id='word_1_357' title='bbox 2464 2621 2772 2677; x_wconf 81' lang='lat' dir='ltr'><strong>Ludovicus</strong></span> <span class='ocrx_word' id='word_1_358' title='bbox 2815 2635 2908 2676; x_wconf 84' lang='lat' dir='ltr'><strong>rex</strong></span> <span class='ocrx_word' id='word_1_359' title='bbox 2959 2617 3253 2674; x_wconf 77' lang='lat' dir='ltr'><strong>Abodritos</strong></span> <span class='ocrx_word' id='word_1_360' title='bbox 3292 2613 3466 2672; x_wconf 83' lang='lat' dir='ltr'><strong>rebel-</strong></span> 
     </span>
    </p>
   </div>
   <div class='ocr_carea' id='block_1_56' title="bbox 1872 2707 3457 2789">
    <p class='ocr_par' dir='ltr' id='par_1_56' title="bbox 1872 2707 3457 2789">
     <span class='ocr_line' id='line_1_56' title="bbox 1872 2707 3457 2789; baseline -0.008 -16"><span class='ocrx_word' id='word_1_361' title='bbox 1872 2718 2052 2773; x_wconf 85' lang='lat' dir='ltr'><strong>lantes</strong></span> <span class='ocrx_word' id='word_1_362' title='bbox 2089 2726 2311 2789; x_wconf 82' lang='lat' dir='ltr'><strong>petens,</strong></span> <span class='ocrx_word' id='word_1_363' title='bbox 2347 2717 2568 2772; x_wconf 88' lang='lat' dir='ltr'><strong>obsides</strong></span> <span class='ocrx_word' id='word_1_364' title='bbox 2625 2716 2759 2770; x_wconf 86' lang='lat' dir='ltr'><strong>dare</strong></span> <span class='ocrx_word' id='word_1_365' title='bbox 2796 2713 2996 2785; x_wconf 79' lang='lat' dir='ltr'><strong>coegit.</strong></span> <span class='ocrx_word' id='word_1_366' title='bbox 3050 2709 3247 2766; x_wconf 78' lang='lat' dir='ltr'><strong>Annal.</strong></span> <span class='ocrx_word' id='word_1_367' title='bbox 3301 2707 3457 2773; x_wconf 48' lang='lat' dir='ltr'><strong>Met&quot;</strong></span> 
     </span>
    </p>
   </div>
   <div class='ocr_carea' id='block_1_57' title="bbox 1873 2808 2693 2865">
    <p class='ocr_par' dir='ltr' id='par_1_57' title="bbox 1873 2808 2693 2865">
     <span class='ocr_line' id='line_1_57' title="bbox 1873 2808 2693 2865; baseline -0.002 0"><span class='ocrx_word' id='word_1_368' title='bbox 1873 2808 2153 2865; x_wconf 85' lang='lat' dir='ltr'><strong>Hincmar.</strong></span> <span class='ocrx_word' id='word_1_369' title='bbox 2688 2820 2693 2823; x_wconf 85' lang='grc'><em>’</em></span> 
     </span>
    </p>
   </div>
   <div class='ocr_carea' id='block_1_58' title="bbox 1945 2892 3462 2966">
    <p class='ocr_par' dir='ltr' id='par_1_58' title="bbox 1945 2892 3462 2966">
     <span class='ocr_line' id='line_1_58' title="bbox 1945 2892 3462 2966; baseline -0.008 -9"><span class='ocrx_word' id='word_1_370' title='bbox 1945 2900 2052 2957; x_wconf 79' lang='lat'><strong>865</strong></span> <span class='ocrx_word' id='word_1_371' title='bbox 2092 2899 2493 2955; x_wconf 79' lang='lat' dir='ltr'><strong>Karlomannus</strong></span> <span class='ocrx_word' id='word_1_372' title='bbox 2542 2899 2672 2954; x_wconf 84' lang='lat' dir='ltr'><strong>item</strong></span> <span class='ocrx_word' id='word_1_373' title='bbox 2712 2897 2853 2966; x_wconf 82' lang='lat' dir='ltr'><strong>apud</strong></span> <span class='ocrx_word' id='word_1_374' title='bbox 2898 2903 3106 2966; x_wconf 89' lang='lat' dir='ltr'><strong>patrem</strong></span> <span class='ocrx_word' id='word_1_375' title='bbox 3137 2893 3273 2948; x_wconf 80' lang='lat' dir='ltr'><strong>adeo</strong></span> <span class='ocrx_word' id='word_1_376' title='bbox 3298 2892 3462 2946; x_wconf 82' lang='lat' dir='ltr'><strong>inuo-</strong></span> 
     </span>
    </p>
   </div>
   <div class='ocr_carea' id='block_1_59' title="bbox 1872 2982 3459 3058">
    <p class='ocr_par' dir='ltr' id='par_1_59' title="bbox 1872 2982 3459 3058">
     <span class='ocr_line' id='line_1_59' title="bbox 1872 2982 3459 3058; baseline -0.007 -12"><span class='ocrx_word' id='word_1_377' title='bbox 1872 3006 2005 3046; x_wconf 90' lang='lat' dir='ltr'><strong>cens</strong></span> <span class='ocrx_word' id='word_1_378' title='bbox 2034 2999 2325 3046; x_wconf 87' lang='lat' dir='ltr'><strong>accusatus</strong></span> <span class='ocrx_word' id='word_1_379' title='bbox 2357 2999 2463 3054; x_wconf 87' lang='lat' dir='ltr'><strong>est,</strong></span> <span class='ocrx_word' id='word_1_380' title='bbox 2488 2998 2547 3043; x_wconf 91' lang='lat' dir='ltr'><strong>ut</strong></span> <span class='ocrx_word' id='word_1_381' title='bbox 2575 2997 2785 3058; x_wconf 86' lang='lat' dir='ltr'><strong>patrem</strong></span> <span class='ocrx_word' id='word_1_382' title='bbox 2823 2995 3012 3041; x_wconf 87' lang='lat' dir='ltr'><strong>contra</strong></span> <span class='ocrx_word' id='word_1_383' title='bbox 3041 2998 3101 3039; x_wconf 91' lang='lat' dir='ltr'><strong>se</strong></span> <span class='ocrx_word' id='word_1_384' title='bbox 3129 2982 3459 3046; x_wconf 76' lang='lat' dir='ltr'><strong>venientem,</strong></span> 
     </span>
    </p>
   </div>
   <div class='ocr_carea' id='block_1_60' title="bbox 1877 3072 3459 3154">
    <p class='ocr_par' dir='ltr' id='par_1_60' title="bbox 1877 3072 3459 3154">
     <span class='ocr_line' id='line_1_60' title="bbox 1877 3072 3459 3154; baseline -0.009 -16"><span class='ocrx_word' id='word_1_385' title='bbox 1877 3099 1907 3138; x_wconf 91' lang='lat' dir='ltr'><strong>a</strong></span> <span class='ocrx_word' id='word_1_386' title='bbox 1934 3082 2047 3138; x_wconf 91' lang='lat' dir='ltr'><strong>suis</strong></span> <span class='ocrx_word' id='word_1_387' title='bbox 2084 3082 2332 3154; x_wconf 88' lang='lat' dir='ltr'><strong>proditus</strong></span> <span class='ocrx_word' id='word_1_388' title='bbox 2372 3091 2429 3136; x_wconf 90' lang='lat' dir='ltr'><strong>et</strong></span> <span class='ocrx_word' id='word_1_389' title='bbox 2458 3081 2655 3139; x_wconf 83' lang='lat' dir='ltr'><strong>ducatu</strong></span> <span class='ocrx_word' id='word_1_390' title='bbox 2685 3077 2952 3150; x_wconf 88' lang='lat' dir='ltr'><strong>privatus,</strong></span> <span class='ocrx_word' id='word_1_391' title='bbox 2977 3077 3065 3130; x_wconf 89' lang='lat' dir='ltr'><strong>vix</strong></span> <span class='ocrx_word' id='word_1_392' title='bbox 3098 3072 3459 3130; x_wconf 83' lang='lat' dir='ltr'><strong>innocentiam</strong></span> 
     </span>
    </p>
   </div>
   <div class='ocr_carea' id='block_1_61' title="bbox 205 3161 3460 3246">
    <p class='ocr_par' dir='ltr' id='par_1_61' title="bbox 205 3161 3460 3246">
     <span class='ocr_line' id='line_1_61' title="bbox 205 3161 3460 3246; baseline -0.001 -24"><span class='ocrx_word' id='word_1_393' title='bbox 205 3165 345 3238; x_wconf 76' lang='lat'><strong>150</strong></span> <span class='ocrx_word' id='word_1_394' title='bbox 369 3171 726 3234; x_wconf 86' lang='lat' dir='ltr'><strong>concutiunt;</strong></span> <span class='ocrx_word' id='word_1_395' title='bbox 762 3169 948 3238; x_wconf 90' lang='lat' dir='ltr'><strong>ibique</strong></span> <span class='ocrx_word' id='word_1_396' title='bbox 990 3169 1202 3226; x_wconf 87' lang='lat' dir='ltr'><strong>Probus</strong></span> <span class='ocrx_word' id='word_1_397' title='bbox 1242 3172 1526 3243; x_wconf 80' lang='lat' dir='ltr'><strong>presbyter</strong></span> <span class='ocrx_word' id='word_1_398' title='bbox 1560 3173 1771 3244; x_wconf 63' lang='lat' dir='ltr'><strong>religioo</strong></span> <span class='ocrx_word' id='word_1_399' title='bbox 1805 3236 1841 3246; x_wconf 45' lang='grc' dir='ltr'><strong><em>Δ</em></strong></span> <span class='ocrx_word' id='word_1_400' title='bbox 1874 3175 2133 3246; x_wconf 88' lang='lat' dir='ltr'><strong>probans,</strong></span> <span class='ocrx_word' id='word_1_401' title='bbox 2160 3170 2829 3245; x_wconf 83' lang='lat' dir='ltr'><strong>placaverit.—Synodus</strong></span> <span class='ocrx_word' id='word_1_402' title='bbox 2849 3183 3035 3225; x_wconf 89' lang='lat' dir='ltr'><strong>coram</strong></span> <span class='ocrx_word' id='word_1_403' title='bbox 3058 3161 3460 3235; x_wconf 63' lang='grc' dir='ltr'><strong>Ατεειιίοβὸι)</strong></span> 
     </span>
    </p>
   </div>
   <div class='ocr_carea' id='block_1_62' title="bbox 202 3236 3461 3336">
    <p class='ocr_par' dir='ltr' id='par_1_62' title="bbox 202 3236 3461 3336">
     <span class='ocr_line' id='line_1_62' title="bbox 202 3236 3461 3336; baseline 0 -30"><span class='ocrx_word' id='word_1_404' title='bbox 202 3271 279 3309; x_wconf 79' lang='lat' dir='ltr'><strong>sas</strong></span> <span class='ocrx_word' id='word_1_405' title='bbox 301 3236 599 3315; x_wconf 69' lang='lat' dir='ltr'><strong>eteanetus</strong></span> <span class='ocrx_word' id='word_1_406' title='bbox 629 3274 701 3314; x_wconf 85' lang='lat' dir='ltr'><strong>vn</strong></span> <span class='ocrx_word' id='word_1_407' title='bbox 726 3257 846 3314; x_wconf 82' lang='lat' dir='ltr'><strong>Kal.</strong></span> <span class='ocrx_word' id='word_1_408' title='bbox 860 3236 994 3314; x_wconf 61' lang='lat' dir='ltr'><strong>dulii</strong></span> <span class='ocrx_word' id='word_1_409' title='bbox 1019 3236 1333 3332; x_wconf 75' lang='lat' dir='ltr'><strong>(55l)obiit.</strong></span> <span class='ocrx_word' id='word_1_410' title='bbox 1358 3236 1554 3317; x_wconf 68' lang='lat' dir='ltr'><strong>Annal.</strong></span> <span class='ocrx_word' id='word_1_411' title='bbox 1580 3236 1768 3330; x_wconf 74' lang='lat' dir='ltr'><strong>Fnld.,</strong></span> <span class='ocrx_word' id='word_1_412' title='bbox 1799 3236 1843 3297; x_wconf 63' lang='grc' dir='ltr'>ο</span> <span class='ocrx_word' id='word_1_413' title='bbox 1874 3236 2052 3334; x_wconf 76' lang='lat' dir='ltr'><strong>legato</strong></span> <span class='ocrx_word' id='word_1_414' title='bbox 2104 3236 2312 3321; x_wconf 74' lang='lat' dir='ltr'><strong>Nieolai</strong></span> <span class='ocrx_word' id='word_1_415' title='bbox 2370 3278 2521 3336; x_wconf 67' lang='lat' dir='ltr'><strong>papa:</strong></span> <span class='ocrx_word' id='word_1_416' title='bbox 2561 3236 2740 3319; x_wconf 69' lang='lat' dir='ltr'><strong>Meztis</strong></span> <span class='ocrx_word' id='word_1_417' title='bbox 2783 3260 2987 3323; x_wconf 83' lang='lat' dir='ltr'><strong>habita,</strong></span> <span class='ocrx_word' id='word_1_418' title='bbox 3019 3267 3076 3314; x_wconf 93' lang='lat' dir='ltr'><strong>et</strong></span> <span class='ocrx_word' id='word_1_419' title='bbox 3122 3254 3461 3312; x_wconf 82' lang='lat' dir='ltr'><strong>Cuntbarius</strong></span> 
     </span>
    </p>
   </div>
   <div class='ocr_carea' id='block_1_63' title="bbox 204 3343 333 3405">
    <p class='ocr_par' dir='ltr' id='par_1_63' title="bbox 204 3343 333 3405">
     <span class='ocr_line' id='line_1_63' title="bbox 204 3343 333 3405; baseline 0.062 -8"><span class='ocrx_word' id='word_1_420' title='bbox 204 3343 333 3405; x_wconf 81' lang='lat' dir='ltr'><strong>Pitlt.</strong></span> 
     </span>
    </p>
   </div>
   <div class='ocr_carea' id='block_1_64' title="bbox 261 3437 1770 3523">
    <p class='ocr_par' dir='ltr' id='par_1_64' title="bbox 261 3437 1770 3523">
     <span class='ocr_line' id='line_1_64' title="bbox 261 3437 1770 3523; baseline 0.009 -30"><span class='ocrx_word' id='word_1_421' title='bbox 261 3437 355 3494; x_wconf 83' lang='lat'><strong>860</strong></span> <span class='ocrx_word' id='word_1_422' title='bbox 390 3439 580 3498; x_wconf 81' lang='lat' dir='ltr'><strong>Hiems</strong></span> <span class='ocrx_word' id='word_1_423' title='bbox 624 3443 789 3499; x_wconf 89' lang='lat' dir='ltr'><strong>nimis</strong></span> <span class='ocrx_word' id='word_1_424' title='bbox 814 3459 956 3500; x_wconf 68' lang='lat' dir='ltr'><strong>saeva</strong></span> <span class='ocrx_word' id='word_1_425' title='bbox 987 3454 1041 3499; x_wconf 88' lang='lat' dir='ltr'><strong>et</strong></span> <span class='ocrx_word' id='word_1_426' title='bbox 1071 3446 1279 3516; x_wconf 87' lang='lat' dir='ltr'><strong>prolixa</strong></span> <span class='ocrx_word' id='word_1_427' title='bbox 1307 3456 1576 3520; x_wconf 70' lang='lat' dir='ltr'><strong>terraeque</strong></span> <span class='ocrx_word' id='word_1_428' title='bbox 1599 3449 1770 3523; x_wconf 79' lang='lat' dir='ltr'><strong>frugi-</strong></span> 
     </span>
    </p>
   </div>
   <div class='ocr_carea' id='block_1_65' title="bbox 204 3527 1770 3613">
    <p class='ocr_par' dir='ltr' id='par_1_65' title="bbox 204 3527 1770 3613">
     <span class='ocr_line' id='line_1_65' title="bbox 204 3527 1770 3613; baseline 0.009 -29"><span class='ocrx_word' id='word_1_429' title='bbox 204 3527 287 3585; x_wconf 85' lang='lat' dir='ltr'><strong>bus</strong></span> <span class='ocrx_word' id='word_1_430' title='bbox 309 3534 460 3589; x_wconf 85' lang='lat' dir='ltr'><strong>noxia</strong></span> <span class='ocrx_word' id='word_1_431' title='bbox 489 3533 641 3589; x_wconf 87' lang='lat' dir='ltr'><strong>facta</strong></span> <span class='ocrx_word' id='word_1_432' title='bbox 672 3546 774 3598; x_wconf 88' lang='lat' dir='ltr'><strong>est,</strong></span> <span class='ocrx_word' id='word_1_433' title='bbox 818 3536 954 3590; x_wconf 87' lang='lat' dir='ltr'><strong>adeo</strong></span> <span class='ocrx_word' id='word_1_434' title='bbox 981 3546 1038 3591; x_wconf 94' lang='lat' dir='ltr'><strong>ut</strong></span> <span class='ocrx_word' id='word_1_435' title='bbox 1066 3546 1122 3593; x_wconf 91' lang='lat' dir='ltr'><strong>et</strong></span> <span class='ocrx_word' id='word_1_436' title='bbox 1150 3538 1356 3595; x_wconf 88' lang='lat' dir='ltr'><strong>Ionium</strong></span> <span class='ocrx_word' id='word_1_437' title='bbox 1388 3556 1539 3597; x_wconf 90' lang='lat' dir='ltr'><strong>mare</strong></span> <span class='ocrx_word' id='word_1_438' title='bbox 1565 3542 1770 3613; x_wconf 76' lang='lat' dir='ltr'><strong>glacia-</strong></span> 
     </span>
    </p>
   </div>
   <div class='ocr_carea' id='block_1_66' title="bbox 207 3626 1772 3701">
    <p class='ocr_par' dir='ltr' id='par_1_66' title="bbox 207 3626 1772 3701">
     <span class='ocr_line' id='line_1_66' title="bbox 207 3626 1772 3701; baseline 0.013 -30"><span class='ocrx_word' id='word_1_439' title='bbox 207 3627 299 3674; x_wconf 86' lang='lat' dir='ltr'><strong>tmu</strong></span> <span class='ocrx_word' id='word_1_440' title='bbox 324 3637 491 3695; x_wconf 81' lang='lat' dir='ltr'><strong>usque</strong></span> <span class='ocrx_word' id='word_1_441' title='bbox 532 3626 592 3682; x_wconf 86' lang='lat' dir='ltr'><strong>in</strong></span> <span class='ocrx_word' id='word_1_442' title='bbox 646 3626 928 3683; x_wconf 78' lang='lat' dir='ltr'><strong>Venetiam</strong></span> <span class='ocrx_word' id='word_1_443' title='bbox 961 3629 1118 3698; x_wconf 83' lang='lat' dir='ltr'><strong>equis</strong></span> <span class='ocrx_word' id='word_1_444' title='bbox 1152 3628 1509 3701; x_wconf 87' lang='lat' dir='ltr'><strong>etcarpentis</strong></span> <span class='ocrx_word' id='word_1_445' title='bbox 1537 3649 1599 3689; x_wconf 92' lang='lat' dir='ltr'><strong>se</strong></span> <span class='ocrx_word' id='word_1_446' title='bbox 1627 3650 1772 3690; x_wconf 89' lang='lat' dir='ltr'><strong>mea-</strong></span> 
     </span>
    </p>
   </div>
   <div class='ocr_carea' id='block_1_67' title="bbox 1876 3349 3458 3431">
    <p class='ocr_par' dir='ltr' id='par_1_67' title="bbox 1876 3349 3458 3431">
     <span class='ocr_line' id='line_1_67' title="bbox 1876 3349 3458 3431; baseline -0.008 -18"><span class='ocrx_word' id='word_1_447' title='bbox 1876 3359 2366 3431; x_wconf 68' lang='lat' dir='ltr'><strong>&#39;l‘beotgaudusque</strong></span> <span class='ocrx_word' id='word_1_448' title='bbox 2382 3358 2842 3426; x_wconf 81' lang='lat' dir='ltr'><strong>archiepiscopus,</strong></span> <span class='ocrx_word' id='word_1_449' title='bbox 2862 3369 2959 3424; x_wconf 90' lang='lat' dir='ltr'><strong>pro</strong></span> <span class='ocrx_word' id='word_1_450' title='bbox 2973 3349 3280 3407; x_wconf 85' lang='lat' dir='ltr'><strong>roboranda</strong></span> <span class='ocrx_word' id='word_1_451' title='bbox 3294 3362 3458 3419; x_wconf 85' lang='lat' dir='ltr'><strong>quam</strong></span> 
     </span>
    </p>
   </div>
   <div class='ocr_carea' id='block_1_68' title="bbox 1877 3440 3461 3519">
    <p class='ocr_par' dir='ltr' id='par_1_68' title="bbox 1877 3440 3461 3519">
     <span class='ocr_line' id='line_1_68' title="bbox 1877 3440 3461 3519; baseline -0.009 -12"><span class='ocrx_word' id='word_1_452' title='bbox 1877 3452 2174 3507; x_wconf 84' lang='lat' dir='ltr'><strong>machinati</strong></span> <span class='ocrx_word' id='word_1_453' title='bbox 2201 3460 2330 3505; x_wconf 87' lang='lat' dir='ltr'><strong>sunt</strong></span> <span class='ocrx_word' id='word_1_454' title='bbox 2359 3448 2601 3504; x_wconf 85' lang='lat' dir='ltr'><strong>Lotharii</strong></span> <span class='ocrx_word' id='word_1_455' title='bbox 2632 3448 2774 3519; x_wconf 79' lang='lat' dir='ltr'><strong>regis</strong></span> <span class='ocrx_word' id='word_1_456' title='bbox 2809 3461 2995 3508; x_wconf 90' lang='lat' dir='ltr'><strong>causa,</strong></span> <span class='ocrx_word' id='word_1_457' title='bbox 3026 3444 3254 3498; x_wconf 75' lang='lat' dir='ltr'><strong>Romam</strong></span> <span class='ocrx_word' id='word_1_458' title='bbox 3282 3440 3461 3504; x_wconf 79' lang='lat' dir='ltr'><strong>missi,</strong></span> 
     </span>
    </p>
   </div>
   <div class='ocr_carea' id='block_1_69' title="bbox 1877 3530 3462 3615">
    <p class='ocr_par' dir='ltr' id='par_1_69' title="bbox 1877 3530 3462 3615">
     <span class='ocr_line' id='line_1_69' title="bbox 1877 3530 3462 3615; baseline -0.006 -18"><span class='ocrx_word' id='word_1_459' title='bbox 1877 3545 2086 3615; x_wconf 85' lang='lat' dir='ltr'><strong>synodo</strong></span> <span class='ocrx_word' id='word_1_460' title='bbox 2136 3543 2323 3598; x_wconf 69' lang='lat' dir='ltr'><strong>Roma:</strong></span> <span class='ocrx_word' id='word_1_461' title='bbox 2366 3541 2514 3614; x_wconf 78' lang='lat'><strong>(355)</strong></span> <span class='ocrx_word' id='word_1_462' title='bbox 2550 3542 2617 3596; x_wconf 81' lang='lat' dir='ltr'><strong>ab</strong></span> <span class='ocrx_word' id='word_1_463' title='bbox 2664 3539 2886 3595; x_wconf 76' lang='lat' dir='ltr'><strong>Nicolao</strong></span> <span class='ocrx_word' id='word_1_464' title='bbox 2925 3552 3063 3607; x_wconf 87' lang='lat' dir='ltr'><strong>papa</strong></span> <span class='ocrx_word' id='word_1_465' title='bbox 3114 3533 3338 3591; x_wconf 86' lang='lat' dir='ltr'><strong>collecta</strong></span> <span class='ocrx_word' id='word_1_466' title='bbox 3391 3530 3462 3587; x_wconf 88' lang='lat' dir='ltr'><strong>ab</strong></span> 
     </span>
    </p>
   </div>
   <div class='ocr_carea' id='block_1_70' title="bbox 1875 3622 3467 3707">
    <p class='ocr_par' dir='ltr' id='par_1_70' title="bbox 1875 3622 3467 3707">
     <span class='ocr_line' id='line_1_70' title="bbox 1875 3622 3467 3707; baseline -0.008 -15"><span class='ocrx_word' id='word_1_467' title='bbox 1875 3639 2067 3692; x_wconf 83' lang='lat' dir='ltr'><strong>ordine</strong></span> <span class='ocrx_word' id='word_1_468' title='bbox 2097 3637 2325 3707; x_wconf 86' lang='lat' dir='ltr'><strong>depositi</strong></span> <span class='ocrx_word' id='word_1_469' title='bbox 2367 3645 2423 3689; x_wconf 81' lang='lat' dir='ltr'><strong>et</strong></span> <span class='ocrx_word' id='word_1_470' title='bbox 2458 3651 2581 3690; x_wconf 91' lang='lat' dir='ltr'><strong>cum</strong></span> <span class='ocrx_word' id='word_1_471' title='bbox 2622 3633 2831 3706; x_wconf 82' lang='lat' dir='ltr'><strong>synodo</strong></span> <span class='ocrx_word' id='word_1_472' title='bbox 2871 3646 2969 3687; x_wconf 87' lang='lat' dir='ltr'><strong>sua</strong></span> <span class='ocrx_word' id='word_1_473' title='bbox 3017 3622 3467 3683; x_wconf 77' lang='lat' dir='ltr'><strong>anatliematizati</strong></span> 
     </span>
    </p>
   </div>
   <div class='ocr_carea' id='block_1_71' title="bbox 1181 3741 2460 3803">
    <p class='ocr_par' dir='ltr' id='par_1_71' title="bbox 1181 3741 2460 3803">
     <span class='ocr_line' id='line_1_71' title="bbox 1181 3741 2460 3803; baseline 0.002 -6"><span class='ocrx_word' id='word_1_474' title='bbox 1181 3741 1636 3799; x_wconf 67' lang='lat' dir='ltr'><strong>COMPENDIUSI</strong></span> <span class='ocrx_word' id='word_1_475' title='bbox 1681 3745 1775 3801; x_wconf 83' lang='lat' dir='ltr'><strong>EX</strong></span> <span class='ocrx_word' id='word_1_476' title='bbox 1812 3748 2056 3803; x_wconf 79' lang='lat' dir='ltr'><strong>CODICE</strong></span> <span class='ocrx_word' id='word_1_477' title='bbox 2098 3746 2460 3803; x_wconf 70' lang='lat' dir='ltr'><strong>BEBNOLDI.</strong></span> 
     </span>
    </p>
   </div>
   <div class='ocr_carea' id='block_1_72' title="bbox 260 3850 1767 3927">
    <p class='ocr_par' dir='ltr' id='par_1_72' title="bbox 260 3850 1767 3927">
     <span class='ocr_line' id='line_1_72' title="bbox 260 3850 1767 3927; baseline 0.002 -18"><span class='ocrx_word' id='word_1_478' title='bbox 260 3850 354 3909; x_wconf 76' lang='grc'>858</span> <span class='ocrx_word' id='word_1_479' title='bbox 395 3853 593 3909; x_wconf 77' lang='lat' dir='ltr'><strong>Villam</strong></span> <span class='ocrx_word' id='word_1_480' title='bbox 623 3856 907 3926; x_wconf 81' lang='lat' dir='ltr'><strong>quamdam</strong></span> <span class='ocrx_word' id='word_1_481' title='bbox 940 3855 1101 3926; x_wconf 76' lang='lat' dir='ltr'><strong>juxta</strong></span> <span class='ocrx_word' id='word_1_482' title='bbox 1131 3855 1526 3927; x_wconf 81' lang='lat' dir='ltr'><strong>Maguntiacum</strong></span> <span class='ocrx_word' id='word_1_483' title='bbox 1551 3867 1599 3911; x_wconf 78' lang='lat' dir='ltr'><strong>et</strong></span> <span class='ocrx_word' id='word_1_484' title='bbox 1628 3857 1767 3912; x_wconf 76' lang='lat' dir='ltr'><strong>Illic-</strong></span> 
     </span>
    </p>
   </div>
   <div class='ocr_carea' id='block_1_73' title="bbox 208 3947 1772 4020">
    <p class='ocr_par' dir='ltr' id='par_1_73' title="bbox 208 3947 1772 4020">
     <span class='ocr_line' id='line_1_73' title="bbox 208 3947 1772 4020; baseline 0.004 -21"><span class='ocrx_word' id='word_1_485' title='bbox 208 3961 332 4013; x_wconf 80' lang='lat' dir='ltr'><strong>tnnn,</strong></span> <span class='ocrx_word' id='word_1_486' title='bbox 366 3947 620 4004; x_wconf 83' lang='lat' dir='ltr'><strong>Canmnti</strong></span> <span class='ocrx_word' id='word_1_487' title='bbox 661 3961 923 4014; x_wconf 72' lang='lat' dir='ltr'><strong>vocatam,</strong></span> <span class='ocrx_word' id='word_1_488' title='bbox 973 3965 1195 4020; x_wconf 85' lang='lat' dir='ltr'><strong>nequam</strong></span> <span class='ocrx_word' id='word_1_489' title='bbox 1245 3949 1485 4019; x_wconf 81' lang='lat' dir='ltr'><strong>spiritus,</strong></span> <span class='ocrx_word' id='word_1_490' title='bbox 1534 3950 1772 4007; x_wconf 78' lang='lat' dir='ltr'><strong>homines</strong></span> 
     </span>
    </p>
   </div>
   <div class='ocr_carea' id='block_1_74' title="bbox 205 4038 1772 4113">
    <p class='ocr_par' dir='ltr' id='par_1_74' title="bbox 205 4038 1772 4113">
     <span class='ocr_line' id='line_1_74' title="bbox 205 4038 1772 4113; baseline 0.006 -23"><span class='ocrx_word' id='word_1_491' title='bbox 205 4038 536 4111; x_wconf 80' lang='lat' dir='ltr'><strong>ntaltipliciter</strong></span> <span class='ocrx_word' id='word_1_492' title='bbox 556 4042 887 4113; x_wconf 81' lang='lat' dir='ltr'><strong>infestando,</strong></span> <span class='ocrx_word' id='word_1_493' title='bbox 917 4041 1221 4097; x_wconf 80' lang='lat' dir='ltr'><strong>devastavit.</strong></span> <span class='ocrx_word' id='word_1_494' title='bbox 1255 4040 1437 4097; x_wconf 73' lang='lat' dir='ltr'><strong>Roma:</strong></span> <span class='ocrx_word' id='word_1_495' title='bbox 1463 4050 1578 4112; x_wconf 88' lang='lat' dir='ltr'><strong>post</strong></span> <span class='ocrx_word' id='word_1_496' title='bbox 1608 4041 1772 4099; x_wconf 80' lang='lat' dir='ltr'><strong>Bene-</strong></span> 
     </span>
    </p>
   </div>
   <div class='ocr_carea' id='block_1_75' title="bbox 206 4130 1026 4192">
    <p class='ocr_par' dir='ltr' id='par_1_75' title="bbox 206 4130 1026 4192">
     <span class='ocr_line' id='line_1_75' title="bbox 206 4130 1026 4192; baseline 0.013 -13"><span class='ocrx_word' id='word_1_497' title='bbox 206 4130 440 4188; x_wconf 70' lang='lat' dir='ltr'><strong>dictum...</strong></span> <span class='ocrx_word' id='word_1_498' title='bbox 464 4136 604 4190; x_wconf 86' lang='lat' dir='ltr'><strong>sedit</strong></span> <span class='ocrx_word' id='word_1_499' title='bbox 635 4138 790 4192; x_wconf 87' lang='lat' dir='ltr'><strong>annis</strong></span> <span class='ocrx_word' id='word_1_500' title='bbox 825 4153 1026 4191; x_wconf 78' lang='lat' dir='ltr'><strong>norem.</strong></span> 
     </span>
    </p>
   </div>
   <div class='ocr_carea' id='block_1_76' title="bbox 263 4222 1573 4301">
    <p class='ocr_par' dir='ltr' id='par_1_76' title="bbox 263 4222 1573 4301">
     <span class='ocr_line' id='line_1_76' title="bbox 263 4222 1573 4301; baseline 0.003 -23"><span class='ocrx_word' id='word_1_501' title='bbox 263 4222 357 4281; x_wconf 82' lang='lat'><strong>859</strong></span> <span class='ocrx_word' id='word_1_502' title='bbox 392 4226 574 4283; x_wconf 79' lang='lat' dir='ltr'><strong>Crebri</strong></span> <span class='ocrx_word' id='word_1_503' title='bbox 603 4238 930 4284; x_wconf 74' lang='lat' dir='ltr'><strong>tcrrwmalus</strong></span> <span class='ocrx_word' id='word_1_504' title='bbox 958 4228 1419 4301; x_wconf 81' lang='lat' dir='ltr'><strong>Moguntiacum...</strong></span> <span class='ocrx_word' id='word_1_505' title='bbox 1449 4228 1573 4283; x_wconf 86' lang='lat' dir='ltr'><strong>obiit</strong></span> 
     </span>
    </p>
   </div>
   <div class='ocr_carea' id='block_1_77' title="bbox 1832 3857 2896 3916">
    <p class='ocr_par' dir='ltr' id='par_1_77' title="bbox 1832 3857 2896 3916">
     <span class='ocr_line' id='line_1_77' title="bbox 1832 3857 2896 3916; baseline -0.007 0"><span class='ocrx_word' id='word_1_506' title='bbox 1832 3866 1833 3871; x_wconf 67' lang='grc'><em>“</em></span> <span class='ocrx_word' id='word_1_507' title='bbox 1875 3862 2016 3916; x_wconf 76' lang='lat' dir='ltr'><strong>culta</strong></span> <span class='ocrx_word' id='word_1_508' title='bbox 2046 3862 2097 3915; x_wconf 87' lang='lat' dir='ltr'><strong>in</strong></span> <span class='ocrx_word' id='word_1_509' title='bbox 2129 3860 2299 3915; x_wconf 85' lang='lat' dir='ltr'><strong>nobile</strong></span> <span class='ocrx_word' id='word_1_510' title='bbox 2327 3860 2548 3916; x_wconf 69' lang='lat' dir='ltr'><strong>excrevit</strong></span> <span class='ocrx_word' id='word_1_511' title='bbox 2585 3857 2896 3913; x_wconf 72' lang='lat' dir='ltr'><strong>coenobium.</strong></span> 
     </span>
    </p>
   </div>
   <div class='ocr_carea' id='block_1_78' title="bbox 1946 3939 3467 4015">
    <p class='ocr_par' dir='ltr' id='par_1_78' title="bbox 1946 3939 3467 4015">
     <span class='ocr_line' id='line_1_78' title="bbox 1946 3939 3467 4015; baseline -0.007 -9"><span class='ocrx_word' id='word_1_512' title='bbox 1946 3953 2050 4006; x_wconf 73' lang='lat'><strong>862</strong></span> <span class='ocrx_word' id='word_1_513' title='bbox 2089 3950 2371 4006; x_wconf 72' lang='lat' dir='ltr'><strong>Lat/carius</strong></span> <span class='ocrx_word' id='word_1_514' title='bbox 2424 3967 2583 4004; x_wconf 70' lang='lat' dir='ltr'><strong>rex...</strong></span> <span class='ocrx_word' id='word_1_515' title='bbox 2642 3947 2935 4003; x_wconf 82' lang='lat' dir='ltr'><strong>Trevircttsi</strong></span> <span class='ocrx_word' id='word_1_516' title='bbox 2983 3941 3270 4015; x_wconf 60' lang='lat' dir='ltr'><strong>repudiavit</strong></span> <span class='ocrx_word' id='word_1_517' title='bbox 3318 3939 3467 3997; x_wconf 72' lang='lat' dir='ltr'><strong>Tith-</strong></span> 
     </span>
    </p>
   </div>
   <div class='ocr_carea' id='block_1_79' title="bbox 1877 4033 3463 4116">
    <p class='ocr_par' dir='ltr' id='par_1_79' title="bbox 1877 4033 3463 4116">
     <span class='ocr_line' id='line_1_79' title="bbox 1877 4033 3463 4116; baseline -0.005 -20"><span class='ocrx_word' id='word_1_518' title='bbox 1877 4046 2080 4116; x_wconf 70' lang='lat' dir='ltr'><strong>pirgam</strong></span> <span class='ocrx_word' id='word_1_519' title='bbox 2116 4060 2333 4098; x_wconf 74' lang='lat' dir='ltr'><strong>uxorem</strong></span> <span class='ocrx_word' id='word_1_520' title='bbox 2361 4043 2667 4113; x_wconf 80' lang='lat' dir='ltr'><strong>legitimam,</strong></span> <span class='ocrx_word' id='word_1_521' title='bbox 2699 4040 2899 4112; x_wconf 78' lang='lat' dir='ltr'><strong>synodo</strong></span> <span class='ocrx_word' id='word_1_522' title='bbox 2929 4039 2998 4094; x_wconf 84' lang='lat' dir='ltr'><strong>ad</strong></span> <span class='ocrx_word' id='word_1_523' title='bbox 3026 4039 3123 4092; x_wconf 84' lang='lat' dir='ltr'><strong>hoc</strong></span> <span class='ocrx_word' id='word_1_524' title='bbox 3152 4033 3463 4091; x_wconf 80' lang='lat' dir='ltr'><strong>machinan-</strong></span> 
     </span>
    </p>
   </div>
   <div class='ocr_carea' id='block_1_80' title="bbox 1878 4135 2267 4190">
    <p class='ocr_par' dir='ltr' id='par_1_80' title="bbox 1878 4135 2267 4190">
     <span class='ocr_line' id='line_1_80' title="bbox 1878 4135 2267 4190; baseline 0.003 -1"><span class='ocrx_word' id='word_1_525' title='bbox 1878 4138 2003 4190; x_wconf 87' lang='lat' dir='ltr'><strong>dum</strong></span> <span class='ocrx_word' id='word_1_526' title='bbox 2031 4135 2267 4190; x_wconf 73' lang='lat' dir='ltr'><strong>collecta.</strong></span> 
     </span>
    </p>
   </div>
   <div class='ocr_carea' id='block_1_81' title="bbox 1948 4217 3474 4299">
    <p class='ocr_par' dir='ltr' id='par_1_81' title="bbox 1948 4217 3474 4299">
     <span class='ocr_line' id='line_1_81' title="bbox 1948 4217 3474 4299; baseline -0.009 -15"><span class='ocrx_word' id='word_1_527' title='bbox 1948 4228 2055 4284; x_wconf 80' lang='lat'><strong>865</strong></span> <span class='ocrx_word' id='word_1_528' title='bbox 2096 4228 2311 4299; x_wconf 84' lang='lat' dir='ltr'><strong>Synodo</strong></span> <span class='ocrx_word' id='word_1_529' title='bbox 2353 4226 2531 4281; x_wconf 79' lang='lat' dir='ltr'><strong>Reum:</strong></span> <span class='ocrx_word' id='word_1_530' title='bbox 2574 4226 2810 4291; x_wconf 80' lang='lat' dir='ltr'><strong>collecta,</strong></span> <span class='ocrx_word' id='word_1_531' title='bbox 2841 4221 3169 4279; x_wconf 77' lang='lat' dir='ltr'><strong>Cant/larius</strong></span> <span class='ocrx_word' id='word_1_532' title='bbox 3197 4228 3246 4274; x_wconf 84' lang='lat' dir='ltr'><strong>et</strong></span> <span class='ocrx_word' id='word_1_533' title='bbox 3279 4217 3474 4273; x_wconf 77' lang='lat' dir='ltr'><strong>Theol-</strong></span> 
     </span>
    </p>
   </div>
   <div class='ocr_carea' id='block_1_82' title="bbox 264 4310 3477 4391">
    <p class='ocr_par' dir='ltr' id='par_1_82' title="bbox 264 4310 3477 4391">
     <span class='ocr_line' id='line_1_82' title="bbox 264 4310 3477 4391; baseline -0.001 -23"><span class='ocrx_word' id='word_1_534' title='bbox 264 4315 358 4371; x_wconf 85' lang='grc'><strong>860</strong></span> <span class='ocrx_word' id='word_1_535' title='bbox 393 4317 578 4376; x_wconf 70' lang='lat' dir='ltr'><strong>Hiems</strong></span> <span class='ocrx_word' id='word_1_536' title='bbox 618 4321 855 4376; x_wconf 75' lang='lat' dir='ltr'><strong>maxima</strong></span> <span class='ocrx_word' id='word_1_537' title='bbox 884 4322 1040 4375; x_wconf 84' lang='lat' dir='ltr'><strong>etiam</strong></span> <span class='ocrx_word' id='word_1_538' title='bbox 1086 4320 1299 4376; x_wconf 83' lang='lat' dir='ltr'><strong>Ionium</strong></span> <span class='ocrx_word' id='word_1_539' title='bbox 1336 4337 1479 4375; x_wconf 87' lang='lat' dir='ltr'><strong>mare</strong></span> <span class='ocrx_word' id='word_1_540' title='bbox 1521 4337 1683 4389; x_wconf 83' lang='lat' dir='ltr'><strong>usque</strong></span> <span class='ocrx_word' id='word_1_541' title='bbox 1721 4322 1778 4376; x_wconf 86' lang='lat' dir='ltr'><strong>in</strong></span> <span class='ocrx_word' id='word_1_542' title='bbox 1881 4321 2089 4391; x_wconf 83' lang='lat' dir='ltr'><strong>gaudus</strong></span> <span class='ocrx_word' id='word_1_543' title='bbox 2117 4320 2490 4390; x_wconf 80' lang='lat' dir='ltr'><strong>archiepiscopi</strong></span> <span class='ocrx_word' id='word_1_544' title='bbox 2522 4319 2650 4374; x_wconf 81' lang='lat' dir='ltr'><strong>illuc</strong></span> <span class='ocrx_word' id='word_1_545' title='bbox 2679 4314 2997 4381; x_wconf 84' lang='lat' dir='ltr'><strong>transmissi,</strong></span> <span class='ocrx_word' id='word_1_546' title='bbox 3024 4331 3057 4368; x_wconf 89' lang='lat' dir='ltr'><strong>a</strong></span> <span class='ocrx_word' id='word_1_547' title='bbox 3088 4310 3315 4367; x_wconf 84' lang='lat' dir='ltr'><strong>Nicolao</strong></span> <span class='ocrx_word' id='word_1_548' title='bbox 3330 4324 3477 4381; x_wconf 69' lang='lat' dir='ltr'><strong>papa</strong></span> 
     </span>
    </p>
   </div>
   <div class='ocr_carea' id='block_1_83' title="bbox 220 4401 1394 4483">
    <p class='ocr_par' dir='ltr' id='par_1_83' title="bbox 220 4401 1394 4483">
     <span class='ocr_line' id='line_1_83' title="bbox 220 4401 1394 4483; baseline 0.003 -24"><span class='ocrx_word' id='word_1_549' title='bbox 220 4401 458 4464; x_wconf 73' lang='lat' dir='ltr'><strong>Venetiam</strong></span> <span class='ocrx_word' id='word_1_550' title='bbox 482 4429 578 4482; x_wconf 83' lang='lat' dir='ltr'><strong>per</strong></span> <span class='ocrx_word' id='word_1_551' title='bbox 601 4410 827 4483; x_wconf 85' lang='lat' dir='ltr'><strong>glaciem</strong></span> <span class='ocrx_word' id='word_1_552' title='bbox 847 4412 991 4482; x_wconf 84' lang='lat' dir='ltr'><strong>equis</strong></span> <span class='ocrx_word' id='word_1_553' title='bbox 1014 4411 1234 4467; x_wconf 79' lang='lat' dir='ltr'><strong>meabile</strong></span> <span class='ocrx_word' id='word_1_554' title='bbox 1250 4411 1394 4482; x_wconf 77' lang='lat' dir='ltr'><strong>fecit.</strong></span> 
     </span>
    </p>
   </div>
   <div class='ocr_carea' id='block_1_84' title="bbox 267 4497 1773 4574">
    <p class='ocr_par' dir='ltr' id='par_1_84' title="bbox 267 4497 1773 4574">
     <span class='ocr_line' id='line_1_84' title="bbox 267 4497 1773 4574; baseline 0.003 -22"><span class='ocrx_word' id='word_1_555' title='bbox 267 4497 356 4555; x_wconf 89' lang='grc'><strong>861</strong></span> <span class='ocrx_word' id='word_1_556' title='bbox 395 4500 812 4574; x_wconf 75' lang='lat' dir='ltr'><strong>Heginradus...</strong></span> <span class='ocrx_word' id='word_1_557' title='bbox 845 4502 1055 4568; x_wconf 81' lang='lat' dir='ltr'><strong>claruit,</strong></span> <span class='ocrx_word' id='word_1_558' title='bbox 1085 4503 1273 4574; x_wconf 76' lang='lat' dir='ltr'><strong>Augiw</strong></span> <span class='ocrx_word' id='word_1_559' title='bbox 1313 4502 1546 4573; x_wconf 85' lang='lat' dir='ltr'><strong>sepultus</strong></span> <span class='ocrx_word' id='word_1_560' title='bbox 1568 4522 1587 4560; x_wconf 91' lang='lat'><strong><em>:</em></strong></span> <span class='ocrx_word' id='word_1_561' title='bbox 1612 4521 1644 4557; x_wconf 87' lang='lat' dir='ltr'><strong>a</strong></span> <span class='ocrx_word' id='word_1_562' title='bbox 1671 4520 1773 4570; x_wconf 87' lang='lat' dir='ltr'><strong>quo</strong></span> 
     </span>
    </p>
   </div>
   <div class='ocr_carea' id='block_1_85' title="bbox 1881 4402 3477 4483">
    <p class='ocr_par' dir='ltr' id='par_1_85' title="bbox 1881 4402 3477 4483">
     <span class='ocr_line' id='line_1_85' title="bbox 1881 4402 3477 4483; baseline -0.008 -17"><span class='ocrx_word' id='word_1_563' title='bbox 1881 4412 2101 4483; x_wconf 74' lang='lat' dir='ltr'><strong>depositi</strong></span> <span class='ocrx_word' id='word_1_564' title='bbox 2140 4424 2296 4478; x_wconf 83' lang='lat' dir='ltr'><strong>sunt,</strong></span> <span class='ocrx_word' id='word_1_565' title='bbox 2349 4422 2397 4466; x_wconf 79' lang='lat' dir='ltr'><strong>et</strong></span> <span class='ocrx_word' id='word_1_566' title='bbox 2438 4428 2557 4464; x_wconf 78' lang='lat' dir='ltr'><strong>runt</strong></span> <span class='ocrx_word' id='word_1_567' title='bbox 2604 4410 2803 4482; x_wconf 81' lang='lat' dir='ltr'><strong>synodo</strong></span> <span class='ocrx_word' id='word_1_568' title='bbox 2845 4425 2943 4461; x_wconf 83' lang='lat' dir='ltr'><strong>sua</strong></span> <span class='ocrx_word' id='word_1_569' title='bbox 2999 4402 3477 4467; x_wconf 62' lang='lat' dir='ltr'><strong>annthematisati,</strong></span> 
     </span>
    </p>
   </div>
   <div class='ocr_carea' id='block_1_86' title="bbox 1880 4497 3482 4577">
    <p class='ocr_par' dir='ltr' id='par_1_86' title="bbox 1880 4497 3482 4577">
     <span class='ocr_line' id='line_1_86' title="bbox 1880 4497 3482 4577; baseline -0.005 -19"><span class='ocrx_word' id='word_1_570' title='bbox 1880 4503 2264 4577; x_wconf 79' lang='lat' dir='ltr'><strong>Lotltarinsquc</strong></span> <span class='ocrx_word' id='word_1_571' title='bbox 2294 4520 2386 4559; x_wconf 64' lang='lat' dir='ltr'><strong>rex</strong></span> <span class='ocrx_word' id='word_1_572' title='bbox 2452 4502 2553 4556; x_wconf 83' lang='lat' dir='ltr'><strong>nisi</strong></span> <span class='ocrx_word' id='word_1_573' title='bbox 2595 4500 2943 4571; x_wconf 74' lang='lat' dir='ltr'><strong>resipisceret,</strong></span> <span class='ocrx_word' id='word_1_574' title='bbox 2988 4497 3482 4553; x_wconf 69' lang='lat' dir='ltr'><strong>excommunicatut</strong></span> 
     </span>
    </p>
   </div>
   <div class='ocr_carea' id='block_1_87' title="bbox 213 4592 1975 4673">
    <p class='ocr_par' dir='ltr' id='par_1_87' title="bbox 213 4592 1975 4673">
     <span class='ocr_line' id='line_1_87' title="bbox 213 4592 1975 4673; baseline 0.004 -29"><span class='ocrx_word' id='word_1_575' title='bbox 213 4600 349 4659; x_wconf 64' lang='lat' dir='ltr'><strong>usque</strong></span> <span class='ocrx_word' id='word_1_576' title='bbox 386 4592 539 4650; x_wconf 77' lang='lat' dir='ltr'><strong>hodie</strong></span> <span class='ocrx_word' id='word_1_577' title='bbox 580 4610 789 4651; x_wconf 70' lang='lat' dir='ltr'><strong>aremus</strong></span> <span class='ocrx_word' id='word_1_578' title='bbox 818 4594 930 4664; x_wconf 82' lang='lat' dir='ltr'><strong>ipsa</strong></span> <span class='ocrx_word' id='word_1_579' title='bbox 960 4613 992 4650; x_wconf 91' lang='lat' dir='ltr'><strong>a</strong></span> <span class='ocrx_word' id='word_1_580' title='bbox 1022 4596 1218 4651; x_wconf 73' lang='lat' dir='ltr'><strong>sanctis</strong></span> <span class='ocrx_word' id='word_1_581' title='bbox 1259 4604 1308 4650; x_wconf 83' lang='lat' dir='ltr'><strong>et</strong></span> <span class='ocrx_word' id='word_1_582' title='bbox 1352 4593 1608 4665; x_wconf 82' lang='lat' dir='ltr'><strong>religiosis</strong></span> <span class='ocrx_word' id='word_1_583' title='bbox 1651 4596 1775 4650; x_wconf 75' lang='lat' dir='ltr'><strong>viris</strong></span> <span class='ocrx_word' id='word_1_584' title='bbox 1804 4612 1852 4673; x_wconf 76' lang='grc' dir='ltr'><strong>ι)</strong></span> <span class='ocrx_word' id='word_1_585' title='bbox 1879 4606 1975 4651; x_wconf 85' lang='lat' dir='ltr'><strong>est.</strong></span> 
     </span>
    </p>
   </div>
   <div class='ocr_carea' id='block_1_88' title="bbox 1707 4776 1937 4835">
    <p class='ocr_par' dir='ltr' id='par_1_88' title="bbox 1707 4776 1937 4835">
     <span class='ocr_line' id='line_1_88' title="bbox 1707 4776 1937 4835; baseline 0.009 -4"><span class='ocrx_word' id='word_1_586' title='bbox 1707 4776 1937 4835; x_wconf 78' lang='grc' dir='ltr'><strong>ΝΟΤᾹΞ.</strong></span> 
     </span>
    </p>
   </div>
   <div class='ocr_carea' id='block_1_89' title="bbox 278 4885 1768 4962">
    <p class='ocr_par' dir='ltr' id='par_1_89' title="bbox 278 4885 1768 4962">
     <span class='ocr_line' id='line_1_89' title="bbox 278 4885 1768 4962; baseline 0.004 -22"><span class='ocrx_word' id='word_1_587' title='bbox 278 4885 408 4962; x_wconf 67' lang='grc'><strong>(550)</strong></span> <span class='ocrx_word' id='word_1_588' title='bbox 434 4887 605 4962; x_wconf 88' lang='lat' dir='ltr'><strong>Locus</strong></span> <span class='ocrx_word' id='word_1_589' title='bbox 634 4891 730 4962; x_wconf 64' lang='lat' dir='ltr'><strong>llic</strong></span> <span class='ocrx_word' id='word_1_590' title='bbox 766 4889 821 4944; x_wconf 90' lang='lat' dir='ltr'><strong>in</strong></span> <span class='ocrx_word' id='word_1_591' title='bbox 844 4887 1021 4945; x_wconf 87' lang='lat' dir='ltr'><strong>citatis</strong></span> <span class='ocrx_word' id='word_1_592' title='bbox 1047 4890 1333 4962; x_wconf 77' lang='lat' dir='ltr'><strong>annalibus</strong></span> <span class='ocrx_word' id='word_1_593' title='bbox 1358 4900 1581 4948; x_wconf 80' lang='lat' dir='ltr'><strong>vocatur</strong></span> <span class='ocrx_word' id='word_1_594' title='bbox 1598 4891 1768 4962; x_wconf 65' lang='lat' dir='ltr'><strong>Caput</strong></span> 
     </span>
    </p>
   </div>
   <div class='ocr_carea' id='block_1_90' title="bbox 218 4958 1772 5036">
    <p class='ocr_par' dir='ltr' id='par_1_90' title="bbox 218 4958 1772 5036">
     <span class='ocr_line' id='line_1_90' title="bbox 218 4958 1772 5036; baseline 0.005 -27"><span class='ocrx_word' id='word_1_595' title='bbox 218 4958 460 5036; x_wconf 56' lang='lat' dir='ltr'><strong>arentium,</strong></span> <span class='ocrx_word' id='word_1_596' title='bbox 481 4960 838 5036; x_wconf 68' lang='lat' dir='ltr'><strong>undevulgus</strong></span> <span class='ocrx_word' id='word_1_597' title='bbox 855 4971 1103 5032; x_wconf 84' lang='lat' dir='ltr'><strong>corrupte</strong></span> <span class='ocrx_word' id='word_1_598' title='bbox 1118 4960 1427 5017; x_wconf 81' lang='lat' dir='ltr'><strong>Cammunzi</strong></span> <span class='ocrx_word' id='word_1_599' title='bbox 1438 4962 1591 5033; x_wconf 86' lang='lat' dir='ltr'><strong>fecit,</strong></span> <span class='ocrx_word' id='word_1_600' title='bbox 1605 4958 1772 5036; x_wconf 72' lang='lat' dir='ltr'><strong>prope</strong></span> 
     </span>
    </p>
   </div>
   <div class='ocr_carea' id='block_1_91' title="bbox 221 5023 1583 5102">
    <p class='ocr_par' dir='ltr' id='par_1_91' title="bbox 221 5023 1583 5102">
     <span class='ocr_line' id='line_1_91' title="bbox 221 5023 1583 5102; baseline 0.001 -21"><span class='ocrx_word' id='word_1_601' title='bbox 221 5023 469 5102; x_wconf 62' lang='lat' dir='ltr'><strong>l&#39;ingttiam</strong></span> <span class='ocrx_word' id='word_1_602' title='bbox 494 5045 585 5086; x_wconf 90' lang='lat' dir='ltr'><strong>seu</strong></span> <span class='ocrx_word' id='word_1_603' title='bbox 613 5023 870 5102; x_wconf 56' lang='lat' dir='ltr'><strong>Bingium.</strong></span> <span class='ocrx_word' id='word_1_604' title='bbox 940 5100 948 5102; x_wconf 23' lang='grc' dir='ltr'><strong>Α</strong></span> <span class='ocrx_word' id='word_1_605' title='bbox 1017 5023 1031 5032; x_wconf 88' lang='grc'><em>’</em></span> <span class='ocrx_word' id='word_1_606' title='bbox 1574 5023 1583 5061; x_wconf 67' lang='grc' dir='ltr'><strong>ἶ</strong></span> 
     </span>
    </p>
   </div>
   <div class='ocr_carea' id='block_1_92' title="bbox 278 5097 1774 5192">
    <p class='ocr_par' dir='ltr' id='par_1_92' title="bbox 278 5097 1774 5192">
     <span class='ocr_line' id='line_1_92' title="bbox 278 5097 1774 5192; baseline 0.002 0"><span class='ocrx_word' id='word_1_607' title='bbox 278 5097 409 5192; x_wconf 58' lang='grc' dir='ltr'><strong>(ἓξὲξ</strong></span> <span class='ocrx_word' id='word_1_608' title='bbox 434 5097 1104 5192; x_wconf 38' lang='lat' dir='ltr'><strong>tamen,agrestes.</strong></span> <span class='ocrx_word' id='word_1_609' title='bbox 1121 5102 1408 5192; x_wconf 52' lang='lat' dir='ltr'><strong>Arretini</strong></span> <span class='ocrx_word' id='word_1_610' title='bbox 1451 5105 1615 5192; x_wconf 64' lang='lat' dir='ltr'><strong>.F&#39;I&#39;d-</strong></span> <span class='ocrx_word' id='word_1_611' title='bbox 1640 5105 1774 5192; x_wconf 56' lang='grc' dir='ltr'><strong>-.ιπη-</strong></span> 
     </span>
    </p>
   </div>
   <div class='ocr_carea' id='block_1_93' title="bbox 222 5164 1768 5242">
    <p class='ocr_par' dir='ltr' id='par_1_93' title="bbox 222 5164 1768 5242">
     <span class='ocr_line' id='line_1_93' title="bbox 222 5164 1768 5242; baseline 0.004 -21"><span class='ocrx_word' id='word_1_612' title='bbox 222 5164 328 5242; x_wconf 60' lang='lat' dir='ltr'><strong>ltent</strong></span> <span class='ocrx_word' id='word_1_613' title='bbox 347 5164 412 5226; x_wconf 84' lang='lat' dir='ltr'><strong>vn</strong></span> <span class='ocrx_word' id='word_1_614' title='bbox 441 5164 561 5226; x_wconf 86' lang='lat' dir='ltr'><strong>Kal.</strong></span> <span class='ocrx_word' id='word_1_615' title='bbox 601 5172 739 5227; x_wconf 82' lang='lat' dir='ltr'><strong>Jun.</strong></span> <span class='ocrx_word' id='word_1_616' title='bbox 770 5186 868 5225; x_wconf 82' lang='lat' dir='ltr'><strong>seu</strong></span> <span class='ocrx_word' id='word_1_617' title='bbox 893 5164 961 5226; x_wconf 69' lang='lat'><strong>‘28</strong></span> <span class='ocrx_word' id='word_1_618' title='bbox 986 5164 1128 5235; x_wconf 69' lang='grc' dir='ltr'><strong>ἷιῖὶιὶἰ.</strong></span> <span class='ocrx_word' id='word_1_619' title='bbox 1154 5173 1221 5227; x_wconf 87' lang='lat' dir='ltr'><strong>ad</strong></span> <span class='ocrx_word' id='word_1_620' title='bbox 1249 5188 1405 5242; x_wconf 76' lang='lat' dir='ltr'><strong>quem</strong></span> <span class='ocrx_word' id='word_1_621' title='bbox 1431 5177 1571 5233; x_wconf 90' lang='lat' dir='ltr'><strong>diem</strong></span> <span class='ocrx_word' id='word_1_622' title='bbox 1599 5175 1768 5231; x_wconf 86' lang='lat' dir='ltr'><strong>etiam</strong></span> 
     </span>
    </p>
   </div>
   <div class='ocr_carea' id='block_1_94' title="bbox 1948 4885 3493 4966">
    <p class='ocr_par' dir='ltr' id='par_1_94' title="bbox 1948 4885 3493 4966">
     <span class='ocr_line' id='line_1_94' title="bbox 1948 4885 3493 4966; baseline -0.007 -16"><span class='ocrx_word' id='word_1_623' title='bbox 1948 4896 2097 4963; x_wconf 79' lang='grc'><strong>(555)</strong></span> <span class='ocrx_word' id='word_1_624' title='bbox 2134 4896 2383 4966; x_wconf 83' lang='lat' dir='ltr'><strong>Synodus</strong></span> <span class='ocrx_word' id='word_1_625' title='bbox 2407 4893 2522 4966; x_wconf 60' lang='lat' dir='ltr'><strong>[nec</strong></span> <span class='ocrx_word' id='word_1_626' title='bbox 2548 4912 2653 4949; x_wconf 89' lang='lat' dir='ltr'><strong>non</strong></span> <span class='ocrx_word' id='word_1_627' title='bbox 2684 4889 2987 4966; x_wconf 66' lang='lat' dir='ltr'><strong>bl::t_is._se1l</strong></span> <span class='ocrx_word' id='word_1_628' title='bbox 3013 4886 3350 4966; x_wconf 43' lang='lat' dir='ltr'><strong>Aquisgrani</strong></span> <span class='ocrx_word' id='word_1_629' title='bbox 3380 4885 3493 4941; x_wconf 65' lang='lat' dir='ltr'><strong>luit</strong></span> 
     </span>
    </p>
   </div>
   <div class='ocr_carea' id='block_1_95' title="bbox 1876 4959 3490 5033">
    <p class='ocr_par' dir='ltr' id='par_1_95' title="bbox 1876 4959 3490 5033">
     <span class='ocr_line' id='line_1_95' title="bbox 1876 4959 3490 5033; baseline -0.004 -13"><span class='ocrx_word' id='word_1_630' title='bbox 1876 4959 2062 5022; x_wconf 85' lang='lat' dir='ltr'><strong>habita</strong></span> <span class='ocrx_word' id='word_1_631' title='bbox 2085 4959 2197 5033; x_wconf 81' lang='lat' dir='ltr'><strong>jam</strong></span> <span class='ocrx_word' id='word_1_632' title='bbox 2230 4981 2374 5020; x_wconf 90' lang='lat' dir='ltr'><strong>anno</strong></span> <span class='ocrx_word' id='word_1_633' title='bbox 2401 4963 2531 5033; x_wconf 86' lang='grc'>860,</span> <span class='ocrx_word' id='word_1_634' title='bbox 2553 4966 2640 5019; x_wconf 88' lang='lat' dir='ltr'><strong>ubi</strong></span> <span class='ocrx_word' id='word_1_635' title='bbox 2668 4970 2724 5015; x_wconf 80' lang='lat' dir='ltr'><strong>ct</strong></span> <span class='ocrx_word' id='word_1_636' title='bbox 2745 4959 2923 5033; x_wconf 88' lang='lat' dir='ltr'><strong>alia_in</strong></span> <span class='ocrx_word' id='word_1_637' title='bbox 2954 4959 3139 5033; x_wconf 73' lang='lat' dir='ltr'><strong>eadem</strong></span> <span class='ocrx_word' id='word_1_638' title='bbox 3165 4969 3490 5033; x_wconf 69' lang='lat' dir='ltr'><strong>causaacta</strong></span> 
     </span>
    </p>
   </div>
   <div class='ocr_carea' id='block_1_96' title="bbox 1875 5027 3491 5094">
    <p class='ocr_par' dir='ltr' id='par_1_96' title="bbox 1875 5027 3491 5094">
     <span class='ocr_line' id='line_1_96' title="bbox 1875 5027 3491 5094; baseline -0.004 -4"><span class='ocrx_word' id='word_1_639' title='bbox 1875 5049 1959 5093; x_wconf 93' lang='lat' dir='ltr'><strong>est</strong></span> <span class='ocrx_word' id='word_1_640' title='bbox 2003 5027 2105 5092; x_wconf 73' lang='lat' dir='ltr'><strong>hoc</strong></span> <span class='ocrx_word' id='word_1_641' title='bbox 2147 5053 2292 5092; x_wconf 91' lang='lat' dir='ltr'><strong>anno</strong></span> <span class='ocrx_word' id='word_1_642' title='bbox 2326 5050 2384 5089; x_wconf 84' lang='lat' dir='ltr'><strong>tt:</strong></span> <span class='ocrx_word' id='word_1_643' title='bbox 2418 5027 2541 5089; x_wconf 74' lang='lat' dir='ltr'><strong>Kal.</strong></span> <span class='ocrx_word' id='word_1_644' title='bbox 2575 5034 2721 5094; x_wconf 77' lang='lat' dir='ltr'><strong>Maii,</strong></span> <span class='ocrx_word' id='word_1_645' title='bbox 2758 5045 2820 5083; x_wconf 87' lang='lat' dir='ltr'><strong>ac</strong></span> <span class='ocrx_word' id='word_1_646' title='bbox 2849 5028 3110 5085; x_wconf 81' lang='lat' dir='ltr'><strong>Lotltario</strong></span> <span class='ocrx_word' id='word_1_647' title='bbox 3140 5027 3289 5083; x_wconf 87' lang='lat' dir='ltr'><strong>aliud</strong></span> <span class='ocrx_word' id='word_1_648' title='bbox 3338 5029 3491 5085; x_wconf 82' lang='lat' dir='ltr'><strong>inire-</strong></span> 
     </span>
    </p>
   </div>
   <div class='ocr_carea' id='block_1_97' title="bbox 1875 5098 3491 5177">
    <p class='ocr_par' dir='ltr' id='par_1_97' title="bbox 1875 5098 3491 5177">
     <span class='ocr_line' id='line_1_97' title="bbox 1875 5098 3491 5177; baseline -0.006 -15"><span class='ocrx_word' id='word_1_649' title='bbox 1875 5109 2187 5177; x_wconf 67' lang='lat' dir='ltr'><strong>conjngium</strong></span> <span class='ocrx_word' id='word_1_650' title='bbox 2238 5105 2565 5177; x_wconf 81' lang='lat' dir='ltr'><strong>permissum</strong></span> <span class='ocrx_word' id='word_1_651' title='bbox 2602 5112 2706 5177; x_wconf 80' lang='lat' dir='ltr'><strong>est.</strong></span> <span class='ocrx_word' id='word_1_652' title='bbox 2746 5098 3011 5177; x_wconf 53' lang='lat' dir='ltr'><strong>[inminet</strong></span> <span class='ocrx_word' id='word_1_653' title='bbox 3040 5109 3078 5154; x_wconf 90' lang='lat' dir='ltr'><strong>t.</strong></span> <span class='ocrx_word' id='word_1_654' title='bbox 3130 5099 3239 5162; x_wconf 75' lang='lat' dir='ltr'><strong>VII,</strong></span> <span class='ocrx_word' id='word_1_655' title='bbox 3286 5117 3339 5171; x_wconf 89' lang='lat' dir='ltr'><strong>p.</strong></span> <span class='ocrx_word' id='word_1_656' title='bbox 3383 5099 3491 5177; x_wconf 60' lang='lat' dir='ltr'><strong>1t)-</strong></span> 
     </span>
    </p>
   </div>
   <div class='ocr_carea' id='block_1_98' title="bbox 1878 5168 3485 5242">
    <p class='ocr_par' dir='ltr' id='par_1_98' title="bbox 1878 5168 3485 5242">
     <span class='ocr_line' id='line_1_98' title="bbox 1878 5168 3485 5242; baseline -0.005 -10"><span class='ocrx_word' id='word_1_657' title='bbox 1878 5168 1996 5232; x_wconf 56' lang='lat' dir='ltr'><strong>Vid&#39;.</strong></span> <span class='ocrx_word' id='word_1_658' title='bbox 2021 5168 2575 5237; x_wconf 46' lang='lat' dir='ltr'><strong>Natalis-Alexander,</strong></span> <span class='ocrx_word' id='word_1_659' title='bbox 2602 5176 2741 5230; x_wconf 87' lang='lat' dir='ltr'><strong>Hist.</strong></span> <span class='ocrx_word' id='word_1_660' title='bbox 2773 5168 3178 5228; x_wconf 63' lang='lat' dir='ltr'><strong>l&#39;lccl..tlissert.</strong></span> <span class='ocrx_word' id='word_1_661' title='bbox 3207 5168 3352 5236; x_wconf 41' lang='lat' dir='ltr'><strong>ix,&#39;t.</strong></span> <span class='ocrx_word' id='word_1_662' title='bbox 3383 5168 3485 5242; x_wconf 64' lang='grc' dir='ltr'><strong>Ἧι</strong></span> 
     </span>
    </p>
   </div>
  </div>
