3970 5406
119 363 216 417 129

1286 369 1701 427 CllRONlCON.
1738 400 1800 413 -
1839 370 2012 428 S.EC.
2057 371 2146 430 ις,

3264 373 3369 431 190

1436 480 1663 541 CODEX
1699 483 2087 541 AUGIENSIS.

176 586 286 647 869
312 588 580 646 Boemani
612 592 872 664 Bajoariae
897 594 1032 651 flues
1068 596 1343 651 infestant.
1372 593 1587 661 Sorabi,
1639 604 1698 651 et
1723 601 1771 661 Α
1800 596 1853 651 in
1886 612 2161 653 carcerem
2191 597 2409 663 missus,
2438 607 2494 653 et
2537 598 2809 652 Ludovico
2842 598 2951 669 regi
2978 598 3272 663 exhibitas,
3292 596 3382 670 in-

114 682 297 748 Suisli,
332 684 584 756 itemque
638 685 895 742 Boemani
924 687 1276 758 ’l‘huringiam
1306 696 1541 743 vastant.
1568 685 1705 742 Car-

113 775 408 832 lomacnus
449 775 538 831 bis
564 792 788 831 numero
812 777 981 847 copiis
1008 778 1210 833 Rastizi
1242 792 1418 848 pugna
1450 791 1705 849 congres-

112 883 200 920 sus
220 868 378 932 vicit,
406 878 463 924 et
489 860 701 939 praedas
720 869 964 938 ingentes
989 869 1229 933 abduxit,
1251 867 1473 925 Cundac
1507 882 1705 938 umque

113 958 261 1029 (365)
294 959 586 1029 perjurum
635 959 873 1031 refugam
905 961 1366 1021 suum.divinitns
1423 961 1474 1015 ia
1530 975 1705 1032 pugna

114 1050 487 1111 debilitatum.
516 1050 647 1105 inibi
678 1052 897 1107 occidit.
939 1053 1039 1106 Aa.
1075 1049 1239 1108 Fuld.
1286 1052 1577 1107 Lotharius
1610 1066 1705 1106 rex

115 1153 231 1195 eum
258 1140 626 1210 complicibus
650 1142 763 1197 suis
788 1156 849 1197 se
896 1143 1035 1212 apud
1068 1144 1364 1198 Adrianum
1397 1159 1587 1214 papam
1640 1142 1708 1199 de

117 1229 280 1285 illatis
308 1231 644 1286 criminibus
678 1246 963 1297 excusans,
990 1243 1044 1288 et
1078 1249 1275 1304 corpus
1306 1233 1517 1287 Domini
1543 1241 1709 1305 teme-

118 1322 259 1377 rarie
306 1324 384 1377 ab
438 1337 507 1378 eo
553 1325 845 1394 accipiens,
897 1325 1224 1394 domumque
1261 1324 1493 1390 rediens,
1522 1337 1710 1379 mense

116 1412 251 1471 Jalio
289 1414 451 1486 (564)
510 1415 799 1472 Placemia:
849 1417 1033 1487 periit,
1085 1416 1433 1485 fautoresque
1483 1415 1710 1471 sceleris

120 1523 251 1578 pene
279 1524 482 1564 omnes
508 1510 688 1565 obiter
714 1508 863 1582 (565)
908 1512 1185 1576 interiere,
1214 1527 1542 1583 regnumque
1594 1512 1711 1582 ejus

120 1607 350 1670 patruus
384 1598 619 1655 Carolus
671 1599 951 1667 invadens,
994 1599 1174 1656 Mettis
1218 1617 1276 1657 se
1304 1601 1581 1665 coronari,
1610 1603 1712 1656 im-

120 1698 541 1767 peratoremque
577 1690 744 1765 jussit
806 1690 1088 1762 appellari.
1142 1690 1245 1747 An.
1292 1690 1419 1747 Met.
1446 1702 1493 1746 et
1546 1690 1709 1747 Fufd.

119 1782 337 1836 Interim
378 1780 689 1841 Ludovicus
731 1797 821 1837 rex
854 1797 1023 1852 usque
1054 1784 1120 1837 ad
1148 1783 1579 1853 desperationem
1612 1782 1713 1837 Ra-

125 1872 348 1927 tisbonzn
377 1881 672 1942 :egrotans,
704 1872 1093 1944 thesaurosque
1129 1888 1256 1928 suos
1301 1873 1548 1929 ecclesiis
1572 1889 1708 1942 pau-

1804 687 2055 759 dicioque
2076 687 2408 743 Francorum
2440 689 2596 742 morti
2640 688 2907 751 addictus,
2937 686 3229 743 luminibus
3258 696 3380 743 tan-

1806 786 1917 834 tum
1972 779 2250 836 oculorum
2302 781 2503 850 privari
2538 781 2721 852 jussus
2748 790 2849 835 est.
2896 780 3017 851 Ipso
3038 796 3181 836 anno
3208 780 3381 838 Willi-

1806 881 1993 943 pcrtus
2018 871 2325 942 Agrippina
2344 870 2578 927 Colouize
2599 872 3037 942 archiepiscopus
3058 888 3086 925 a
3103 873 3386 943 Liutperto

1807 959 2174 1030 Moguntiense
2194 952 2501 1026 ordinatus,
2522 961 2666 1031 (569)
2699 950 3040 1034 synodnsque
3070 968 3258 1032 magna
3283 963 3387 1019 Co-

1808 1047 1967 1103 lonia:
2003 1049 2151 1121 (370)
2183 1050 2432 1118 collecta,
2486 1060 2543 1106 et
2591 1052 2757 1125 multa
2802 1068 2903 1123 pro
2941 1062 3082 1109 statu
3133 1054 3387 1109 Ecclesia:

1810 1140 2045 1202 decreta,
2076 1148 2132 1195 et
2171 1140 2396 1195 ecclesia
2428 1141 2599 1195 sancti
2630 1141 2777 1196 Petri
2831 1143 3077 1198 dedicata
3108 1153 3210 1198 est.
3247 1143 3391 1197 Inter

1808 1232 1912 1287 alia
1968 1231 2210 1303 prodigia
2258 1240 2593 1287 tememotus
2641 1232 2765 1289 facti
2794 1243 2939 1298 sunt,
2969 1246 3021 1288 et
3069 1234 3187 1289 dua:
3217 1234 3388 1287 rutilat

1812 1322 2000 1388 nubes,
2046 1325 2201 1392 quasi
2256 1323 2410 1393 ignea
2458 1323 2599 1379 inter
2650 1338 2708 1378 se
2766 1323 2869 1377 tela
2922 1322 3230 1378 cmittentes
3263 1361 3279 1387 ,
3330 1339 3390 1377 se

1810 1414 1982 1469 instar
2008 1416 2358 1487 pugnantium
2405 1415 2760 1471 commiscere
2793 1415 2939 1471 vism.
2978 1414 3167 1470 Annal.
3199 1412 3388 1480 Μία..

1815 1506 1956 1562 Pith.

1883 1597 1980 1652 871
2014 1597 2316 1655 Ludovicus
2343 1608 2397 1655 et
2424 1600 2650 1655 Carolus
2698 1609 2917 1671 prepter
2941 1600 3184 1671 qumdam
3218 1600 3383 1653 bene-

1816 1687 1935 1743 ficia
1981 1705 2098 1752 sua.
2131 1688 2491 1744 Cat-Iomauno
2529 1690 2685 1762 155
2717 1691 2869 1744 fratri
2922 1692 3141 1754 donata,
3194 1698 3383 1742 contra

1814 1789 2023 1850 patrem
2056 1779 2384 1836 Ludovicum
2404 1772 2594 1852 regem
2653 1780 2914 1836 rebellare
2969 1781 3268 1842 molientes,
3297 1779 3389 1833 vix
3418 1796 3421 1799 π

1820 1871 2035 1926 tandem
2067 1871 2134 1924 ab
2163 1887 2228 1926 eo
2256 1871 2455 1941 placari
2489 1872 2779 1942 pacariquc
2813 1872 3179 1926 consentiunt.
3210 1869 3389 1924 Zuen-

127 1965 460 2034 perilzusque
495 1965 838 2034 dispensans,
869 1972 978 2019 tt't's
1002 1965 1139 2019 filios
1189 1980 1315 2018 suos
1341 1980 1463 2019 cum
1491 1964 1711 2017 totidem
1747 1950 1788 2010 Β
1819 1961 2007 2027 tibald,
2037 1961 2272 2032 perfidiae
2304 1962 2604 2027 incusatus,
2637 1978 2667 2016 a
2695 1956 3056 2017 Carlomanno
3108 1961 3160 2015 in
3213 1969 3396 2014 custo-

123 2054 456 2109 exercitibus
480 2065 669 2109 contra
697 2055 938 2110 diversos
966 2055 1186 2115 miserat
1217 2056 1399 2110 bestes
1428 2074 1441 2109 :
1468 2070 1496 2109 a
1519 2056 1715 2125 quibus

126 2143 352 2200 Carolus
380 2147 599 2201 cas‘eris
618 2144 823 2218 junior,
851 2147 1068 2201 cunctis
1091 2146 1292 2209 Rastizi
1325 2147 1715 2201 munitionibus

126 2237 322 2308 captis,
381 2249 549 2292 totam
598 2239 971 2295 Maraheusem
1034 2240 1307 2309 regionem
1341 2238 1501 2313 154
1550 2238 1713 2304 ferro,

129 2331 247 2398 igne
279 2333 577 2401 prataque
608 2332 859 2391 vastavit.
887 2331 1282 2388 Carlomauuus
1306 2348 1527 2403 regnum
1548 2331 1720 2386 luen-

131 2423 313 2477 tibaldi
348 2426 563 2493 nepotis
593 2424 796 2482 Rastizi
825 2425 1179 2481 nihilominus
1201 2425 1574 2497 depopulatur.
1609 2424 1716 2479 Lu-

133 2517 354 2573 dovicus
379 2533 507 2573 vero
531 2517 788 2588 Sorabos,
811 2529 867 2575 et
890 2535 1077 2576 eorum
1105 2519 1397 2589 eomplices
1424 2519 1508 2574 bis
1538 2534 1716 2589 pugna

132 2608 303 2663 vietos
331 2610 402 2663 ad
433 2610 762 2671 deditionem
815 2612 1093 2681 compulit.
1125 2609 1325 2668 Fames
1345 2609 1516 2665 valida
1545 2619 1601 2665 et
1629 2627 1718 2681 pe-

137 2700 373 2755 stilentia
399 2699 562 2754 facta.
590 2701 783 2756 Annal.
826 2698 993 2757 Fuld.

199 2790 307 2847 870
332 2790 640 2846 Ludovicus
696 2808 790 2848 rex
838 2808 905 2847 ex
966 2790 1282 2847 infirmitate
1331 2791 1720 2846 convalescens

140 2883 332 2937 multos
358 2899 426 2936 ex
473 2899 641 2951 regno
672 2883 913 2938 Lotharii
944 2885 1010 2937 ad
1041 2899 1099 2937 se
1123 2883 1403 2937 venientes
1432 2882 1670 2951 suscepit
1702 2898 1715 2933 :

146 2986 323 3045 postea
349 2979 416 3029 ad
438 2976 766 3045 colloquium
794 2976 1005 3032 obviam
1035 2974 1189 3029 fratri
1217 2974 1412 3030 Carolo
1441 2982 1718 3038 venturus,

145 3074 205 3122 de
236 3069 438 3123 solario
468 3071 702 3138 quoiam
736 3067 883 3138 (566)
917 3084 1038 3122 cum
1088 3067 1277 3123 multis
1324 3066 1469 3130 aliis,
1495 3067 1722 3124 cadente

147 3161 392 3223 edificio,
425 3162 652 3225 corruit,
679 3169 733 3214 ct
761 3161 1000 3231 graviter
1025 3158 1213 3215 colliso
1241 3173 1491 3228 corpore,
1522 3158 1720 3214 costis-

145 3268 244 3319 que
289 3251 606 3317 contractis,
647 3251 985 3306 dissimulato
1022 3259 1200 3304 tamen
1233 3247 1434 3308 dolore,
1481 3248 1722 3303 crastino

147 3344 210 3396 ad
237 3344 549 3399 condictum
583 3343 751 3408 venit,
783 3353 839 3398 et
873 3359 996 3398 cum
1030 3341 1197 3396 fratre
1230 3355 1452 3412 regnum
1479 3338 1723 3395 Lotharii

147 3434 424 3503 azqitaliter
449 3435 635 3490 divisit
663 3434 830 3510 (56]).
859 3432 1243 3490 Zuentibaldus
1278 3447 1400 3487 cum
1426 3445 1593 3502 regno
1629 3445 1726 3484 suo

147 3523 336 3580 Carl0a
358 3541 502 3580 anno
557 3541 617 3581 se
672 3525 922 3591 tradidit;
958 3522 1322 3594 undellastiz
1354 3522 1543 3586 iratus,
1574 3519 1725 3590 prius

151 3629 264 3668 cum
292 3616 412 3671 dolo
447 3619 732 3687 perimere,
767 3625 841 3676 et,
891 3615 992 3669 hoc
1028 3630 1131 3668 non
1171 3612 1519 3684 procedente,
1549 3615 1719 3665 mani-

155 3706 279 3761 feste
309 3724 430 3761 cum
460 3708 708 3777 persequi
735 3708 945 3761 statuit.
975 3705 1066 3760 llle
1094 3720 1221 3759 vero
1246 3703 1493 3772 superior
1522 3703 1718 3767 factus,

157 3794 398 3853 liastizen
423 3800 621 3854 victmu
647 3797 1078 3868 comprehendit,
1109 3804 1165 3850 et
1209 3793 1569 3849 Carlomanno
1607 3791 1724 3844 vin-

159 3901 291 3946 ctum
319 3894 566 3947 tradidit:
593 3909 622 3946 a
639 3908 745 3962 quo
768 3905 996 3961 pervasa
1010 3904 1177 3959 regno
1198 3896 1252 3942 et
1273 3886 1555 3942 Gazissius
1574 3882 1723 3956 (568)

1816 2052 1960 2107 diam
2003 2053 2266 2119 mittitur;
2323 2054 2417 2108 sed
2444 2054 2677 2109 crimine
2702 2069 2805 2108 non
2840 2054 3088 2124 probato,
3119 2052 3392 2106 relaxatus

1818 2146 1887 2201 ab
1917 2161 1981 2200 eo
2013 2154 2067 2200 et
2096 2144 2412 2201 muneribus
2458 2147 2689 2201 donatus
2714 2146 3093 2215 exercitusque
3118 2145 3168 2200 ei
3193 2144 3396 2199 auxilio

1818 2252 2005 2295 contra
2042 2240 2452 2312 Sclagamarum
2478 2243 2874 2314 presbyterum,
2906 2256 3066 2312 quem
3115 2240 3399 2294 illaration-

1817 2349 1907 2389 scs
1959 2335 2183 2388 invitum
2238 2349 2337 2404 pro
2370 2336 2486 2405 ipso
2515 2334 2706 2390 ducem
2744 2334 3006 2397 fecerant,
3043 2334 3241 2389 missus
3276 2344 3381 2387 est.

1818 2428 1918 2498 Qui
1947 2429 2129 2484 dolose
2152 2431 2366 2485 rediens
2390 2438 2445 2484 et
2462 2445 2519 2485 se
2542 2431 2594 2485 iu
2617 2431 2890 2487 civitatem
2913 2430 3197 2499 recipiens,
3226 2429 3399 2498 ipsum

1817 2520 2193 2574 auxiliatorem
2253 2520 2548 2575 exercitum
2579 2520 2699 2575 dolo
2728 2520 3184 2579 eircuuwentum,
3216 2517 3405 2586 paucis

1821 2612 1943 2685 fuga
1970 2614 2166 2684 elapsis
2213 2614 2294 2667 vel
2318 2614 2742 2685 comprehensis,
2773 2614 2993 2684 prorsus
3019 2612 3235 2667 delevit.
3263 2609 3400 2665 Boe-

1821 2705 2055 2760 mienses
2112 2705 2448 2774 eruptionem
2522 2706 2803 2762 molientes
2868 2705 3129 2775 appositis
3187 2702 3405 2774 praediis

1822 2794 1947 2867 Heg.
1963 2794 2251 2867 przesidiis]
2267 2796 2649 2867 reprimuntur.
2668 2795 2857 2851 Annal.
2887 2794 3398 2848 Fald.—(10nstan-

1779 2956 1789 2965 .
1823 2888 1910 2941 tia-
1940 2886 2196 2941 Salomon
2228 2889 2515 2957 episc0pus
2546 2887 2699 2943 obiit.
2726 2886 2913 2954 Angia:
2962 2884 3175 2943 Heitoni
3222 2883 3403 2941 abbati

1823 2977 2050 3032 lluodho
2095 2995 2178 3031 xvi
2216 2977 2554 3048 (succedens)
2609 2976 2822 3048 praefuit
2868 2976 3025 3030 annis
3072 2990 3204 3029 xvtt.
3252 2972 3407 3044 Apud

1822 3076 2064 3124 sanctum
2093 3068 2303 3125 Gallum
2344 3067 2452 3123 Yso
2482 3070 2738 3138 magister
2762 3068 2917 3121 obiit.
2957 3064 3145 3137 flepid.

1895 3158 1998 3213 872
2035 3159 2269 3214 Basilius
2296 3160 2589 3230 imperator
2615 3158 2926 3215 Grazcorum
2980 3160 3121 3213 inter
3144 3157 3246 3211 alia
3289 3171 3406 3209 mu-

1826 3266 1954 3304 nera
1985 3250 2296 3322 crystallum
2326 3251 2582 3322 grandem
2639 3267 2761 3305 cum
2812 3249 3058 3320 portione
3114 3246 3405 3302 Dominica:

1824 3339 2002 3393 crucis
2020 3339 2372 3406 nonmodiea,
2398 3355 2530 3394 auro
2550 3349 2603 3394 et
2625 3340 2851 3411 gemmis
2877 3339 3126 3410 pretiosis
3154 3346 3400 3392 ornatam

1823 3430 2096 3500 Ludovico
2118 3432 2418 3502 regi‘misit.
2443 3430 2746 3486 Ludovicus
2772 3446 2886 3494 res,
2912 3429 3207 3501 paeificatis
3228 3442 3409 3483 secum

1822 3531 1877 3576 et
1904 3522 2043 3581 inter
2069 3512 2128 3578 Se
2166 3522 2484 3597 filiis,'regni
2519 3530 2640 3593 post
2664 3524 2722 3578 sc
2752 3523 3094 3599 partitionem
3125 3519 3407 3590 disposuit.

1826 3612 2107 3670 Exercitus
2135 3625 2322 3669 eontra
2357 3615 2699 3670 Illarabenses
2732 3616 2950 3679 missus,
2981 3629 3103 3666 cum
3132 3612 3247 3666 sine
3277 3611 3412 3664 duce

1827 3707 1928 3761 sibi
1954 3708 2287 3772 dissentiret,
2313 3709 2382 3763 ab
2404 3709 2649 3763 hostibus
2681 3708 2872 3771 victus,
2900 3721 3071 3761 caesus
3099 3713 3152 3759 et
3180 3702 3410 3758 ludibrio

1834 3800 2069 3863 habitus,
2101 3801 2331 3870 turpiter
2365 3800 2591 3870 aufugit.
2624 3800 2946 3870 Liudpertus
2976 3795 3412 3864 archiepiscopus

1834 3904 1959 3945 cum
1989 3891 2231 3947 exercitu
2274 3889 2325 3945 in
2376 3890 2677 3945 Bocmanos
2733 3889 2944 3954 missus,
2973 3886 3210 3957 quinque
3246 3883 3445 3937 duces.

1156 4020 1604 4077 COMPENDIUM
1644 4017 1738 4073 EX
1775 4017 2019 4077 CODICE
2059 4022 2422 4080 BERNOLDI.

223 4118 321 4175 869
362 4117 643 4172 La'lmrms
702 4132 861 4170 rex...
908 4112 1181 4167 temerarie
1225 4111 1290 4163 ab
1335 4125 1395 4163 eo
1444 4108 1723 4176 accipiens,

163 4224 270 4261 cum
322 4209 509 4263 rediret
557 4209 771 4261 (fontum
836 4202 1118 4259 Placentia:
1162 4199 1336 4270 periit,
1396 4200 1729 4269 fautoresque

162 4300 356 4353 sceleris
377 4316 551 4353 omnes
579 4316 707 4368 pene
727 4298 871 4351 obitu
892 4296 1108 4366 periere,
1135 4308 1446 4376 [equumque
1470 4290 1582 4361 ejus
1622 4287 1729 4344 Cu—

166 4388 296 4443 rulas
319 4400 535 4458 patruus
566 4389 682 4458 ejus
704 4388 914 4442 invasit.

226 4482 328 4536 870
365 4482 612 4551 Synodus
638 4495 829 4549 magna
857 4477 1092 4533 Colonia:
1116 4474 1352 4537 collecta,
1378 4482 1427 4528 et
1450 4470 1615 4526 multa
1635 4487 1731 4542 pro

164 4580 294 4627 statu
319 4571 563 4629 Ecclesia:
591 4571 818 4624 decreta.

227 4660 317 4718 87l
353 4661 647 4720 Ludovicus
696 4662 819 4714 imo.
872 4659 1121 4731 Adalgiso
1156 4667 1380 4728 tyranno
1416 4672 1509 4725 per
1554 4671 1724 4710 sacra-

1830 4122 2058 4164 mentum
2086 4112 2397 4181 paciﬁcatur
2424 4130 2441 4167 .‘
2474 4131 2572 4183 quo
2600 4123 2772 4166 tamen
2802 4122 3126 4164 sacramento
3153 4126 3269 4162 cum
3295 4119 3410 4176 post

1828 4198 2064 4257 Joannes
2086 4202 2233 4272 (57f)
2272 4218 2407 4272 papa
2436 4203 2674 4262 absolvit.
2708 4214 2756 4257 et
2791 4219 2906 4256 eum
2957 4211 3137 4254 contra
3176 4199 3412 4253 eumdem

1831 4304 2113 4365 tyrannum
2162 4296 2393 4350 incitavit
2443 4294 2513 4349 ad
2562 4296 2879 4351 bellandum.
2938 4293 3129 4348 Annal.
3176 4291 3325 4345 Fultl.
3359 4307 3413 4345 a.

1835 4400 1954 4453 seq.
3168 4390 3171 4391 '
3326 4374 3329 4377 Α

1906 4474 2012 4532 872
2034 4475 2264 4531 Basilius
2288 4478 2413 4548 imp.
2447 4474 2747 4531 Grmcornm
2794 4477 3080 4547 portionem
3135 4472 3422 4531 Dominjcar

1846 4567 2017 4621 crucis
2043 4564 2305 4623 Ludovico
2331 4569 2440 4639 regi
2464 4568 2775 4624 transmisit.

1666 4808 1898 4866 NOTAE.

231 4933 368 5001 (365)
393 4908 990 5005 Gutidacearusuuper
1018 4924 1357 5005 Carcntania:
1394 4940 1423 4978 a
1461 4923 1736 4978 Ludovico

170 5000 432 5074 priefectus
458 5014 602 5065 erat.
636 5000 884 5056 hostibus
909 5000 1100 5054 deinde
1129 5012 1186 5051 sc
1212 5000 1556 5118 couljungcns.

230 5073 368 5118 (ΚΒΜ
406 5074 643 5118 Annales
674 5070 941 5118 Meteuses
968 5068 1168 5118 habent
1214 5081 1266 5118 Vl
1330 5067 1427 5118 .lus
1454 5066 1556 5118 Αιις

202 5062 1175 5168 artenec:terrestres:
1214 5081 1268 5168 ‘2!
1303 5062 1435 5168 ‘2!"5'
1454 5066 1613 5136 Α”ευ
1645 5062 1735 5117 ³¹ί⁵

1844 4923 2084 5048 Αηᾶιξιὲθς
2110 4921 2465 4980 Colonienses
2500 4920 2642 4992 apud
2681 4918 2899 4981 Eesart,
2930 4916 3126 4970 Fraue.
3152 4912 3249 4974 0r,
3280 4917 3324 4968 t.
3355 4908 3420 4973 ll,

1846 5009 1897 5048 ιι.
1927 5034 1943 5048 .
2035 5032 2047 5047 .
3289 5047 3299 5048 ,

1843 5009 1897 5062 ιι.
1925 5009 2047 5049 tua.

1918 5047 2064 5135 (370)
2109 5061 2246 5135 Male
2282 5060 2383 5135 _l|ic
2429 5058 2839 5135 confunduntur
2883 5056 2987 5108 duo
3014 5049 3241 5135 concilia
3269 5047 3427 5107 Colo-

2006 5122 2058 5168 ξιξ
2099 5132 2325 5168 δίνη-σεῖε
2356 5130 2686 5168 tamam-ilum
2715 5127 2917 5168 habita
2944 5138 3110 5168 unum
3156 5122 3257 5168 Ιηδο
3282 5136 3429 5168 anno

1846 5132 2053 5168 Ινίηοιοῖσί
2099 5132 2325 5168 Αἷνιινεῖα
