3970 5406
574 348 676 406 περ
1026 336 1063 371 ⁶

1422 343 1782 403 IIERMANNI
1823 342 2221 406 CONTRACTI
2259 348 2630 407 AIJGIENSIS
2672 351 2976 411 MONACIII
3614 399 3624 405 .
3718 317 3805 415 29"

1853 424 2090 516 izanX
2130 458 2518 519 AUGIENSIS.

570 576 879 641 licentibus,
928 572 1072 629 datis
1119 570 1419 638 obsidibus,
1464 587 1588 637 eum
1643 587 1767 643 rege
1825 587 2013 627 eoi-itm
2063 573 2153 627 Si-
2182 578 2228 638 Α
2260 572 2474 646 Regina.
2515 605 2584 620 υ·-
2622 579 2846 636 Carolus
2871 581 3167 652 imperator
3193 580 3245 636 in
3277 581 3529 639 citeriore
3552 578 3808 651 Pannonia

567 669 777 742 gcfrido
821 665 970 740 (393)
1027 674 1271 721 mutuum
1334 663 1659 734 colloquium
1714 664 1875 737 164
1927 664 2151 730 habuit,

556 770 801 831 eumque
865 756 1332 816 Christianitatem
1386 755 1689 827 professum
1742 756 1808 810 de
1882 757 2154 826 baptismo

567 856 846 928 suscepit,
904 855 1152 923 datisque
1201 864 1388 908 mutuo
1438 853 1756 909 muneribus
1822 860 1877 909 et
1938 853 2152 907 firmata

566 948 805 1005 amicitia
842 946 1070 1018 digressi
1118 953 1267 1001 sunt.
1308 943 1442 1000 Orto
1481 945 1623 1000 inter
1647 942 1892 1000 Saxones
1921 954 1976 1000 et
2006 945 2157 1000 Thu-

568 1039 776 1112 ringios
826 1037 1003 1103 bello,
1049 1036 1297 1093 Saxones
1338 1035 1650 1106 superiores
1721 1036 2006 1091 exstitere.
2051 1034 2154 1091 Pe-

571 1133 811 1192 slilenlia
875 1146 1070 1203 magna
1136 1131 1190 1185 in
1219 1128 1488 1200 .Bajoaria
1520 1127 1680 1185 facta.
1723 1129 1921 1184 Annal.
1961 1127 2153 1196 Fuld.,

568 1230 732 1293 Bert.,
763 1224 917 1291 Met,
941 1223 1070 1296 Reg.

635 1359 740 1417 885
777 1357 1004 1413 Carolus
1054 1355 1351 1428 imperator
1379 1395 1395 1419 ,
1423 1354 1694 1410 celebrato
1742 1355 1794 1409 in
1837 1354 2153 1409 Alamanuia

566 1451 756 1507 Natale
787 1449 1021 1514 Domini,
1068 1448 1136 1503 ad
1182 1446 1358 1503 sancti
1402 1445 1541 1504 Galli
1584 1462 1802 1517 quoque
1846 1447 2154 1501 cwnobinm

564 1543 715 1599 venit
768 1541 950 1612 ibique
998 1547 1214 1611 petente
1264 1538 1560 1594 Ilardmoto
1614 1537 1810 1592 abbate
1853 1536 1962 1608 jam
2028 1552 2158 1593 sene.

564 1634 938 1689 Bernhardum
972 1648 1070 1703 pro
1107 1646 1175 1686 co
1219 1630 1469 1685 abbatem
1515 1629 1835 1695 constituit,
1862 1630 1952 1701 qui
1982 1630 2154 1684 eidem

567 1726 684 1780 loco
724 1738 797 1778 vn
840 1722 998 1778 annis
1025 1719 1240 1793 praefuit
1272 1738 1285 1774 :
1318 1721 1542 1791 ipseque
1588 1719 1900 1774 Ratisbona:
1942 1720 2151 1775 Pascha

562 1818 695 1890 egit.
739 1815 974 1886 Ratpert.
1014 1845 1087 1855 --
1121 1814 1306 1869 Roma:
1341 1811 1579 1868 Joannes
1606 1819 1763 1883 pap‘a,
1805 1810 1932 1865 dato
1976 1810 2078 1866 sibi
2127 1827 2157 1865 a

563 1910 795 1981 quodam
817 1909 1133 1979 propinquo
1173 1921 1272 1962 suo
1301 1920 1534 1971 veneno,
1562 1920 1684 1960 cum
1709 1904 1888 1959 adhuc
1915 1904 2156 1958 victurus
2188 1939 2230 1998 Β

563 2013 868 2076 putaretur,
915 2002 1110 2057 malleo
1135 2015 1426 2072 percussus
1473 2000 1527 2054 in
1552 1997 1784 2055 cerebro
1810 1998 2108 2069 exspiravit
2136 2015 2150 2061 ;

565 2110 961 2169 percussorque
996 2092 1133 2162 ejus,
1181 2101 1543 2147 concurrente
1575 2091 1755 2154 turba,
1799 2092 1989 2145 eadem
2022 2090 2153 2144 hora

564 2207 594 2244 a
647 2188 794 2244 nullo
826 2188 984 2243 Izesus
1033 2187 1228 2242 cecidit
1276 2194 1551 2251 mortuus;
1601 2194 1655 2239 et
1696 2183 1960 2238 Martinus
2005 2181 2155 2255 (594)

569 2282 988 2336 archidiaconus
1009 2294 1145 2350 papa
1174 2295 1262 2342 cx,
1293 2277 1486 2342 factus,
1533 2273 1748 2347 pra-fuit
1776 2290 1917 2330 anno
1946 2291 1985 2338 ι,
2013 2290 2157 2337 men-

564 2376 715 2430 sibus
742 2388 815 2428 γι.
860 2373 1159 2445 Imperator
1187 2370 1413 2426 Carolus
1441 2372 1637 2426 iterum
1670 2370 1721 2424 in
1752 2367 1905 2423 Italia
1937 2368 2151 2423 obviam

567 2482 721 2539 papae
766 2463 942 2535 pergit
983 2473 1038 2518 et
1079 2461 1369 2518 Widonem
1420 2462 1610 2517 ducem
1660 2475 1809 2516 reum
1853 2458 2154 2529 majestatis

565 2567 877 2615 accusatum
942 2556 1234 2628 fugientem
1289 2555 1540 2628 persequi
1590 2554 1774 2623 jussit.
1831 2553 2149 2613 Pestilentia

569 2652 869 2708 exercitum
898 2651 1132 2705 vexavit.
1177 2649 1306 2704 Item
1340 2638 1584 2704 Saxones
1610 2665 1730 2705 cum
1760 2646 2076 2717 Thuringiis
2103 2655 2159 2702 et

564 2730 781 2815 I’opone
836 2743 985 2816 (395)
1034 2752 1340 2815 pugnantes
1370 2746 1618 2796 vincunt.
1655 2740 1975 2797 Nortmanni
2028 2740 2158 2796 item

562 2838 837 2894 Prumiam
883 2848 1130 2908 petentes
1179 2854 1207 2891 a
1260 2836 1516 2892 IIeinrico
1565 2837 1879 2892 marchione
1925 2834 2160 2906 Poponis

561 2927 733 2985 fratre
780 2929 847 2983 ad
911 2928 1340 2984 internecionem
1390 2928 1512 2983 caesi
1566 2937 1711 2983 sunt.
1748 2959 1819 2969 —-
1855 2926 2160 2983 Ludovicus

560 3037 659 3076 rex
687 3020 896 3087 Galliae,
946 3030 1233 3090 postquam
1288 3035 1511 3091 regnum
1562 3019 1777 3075 fortiter
1806 3020 1950 3074 rexit
1978 3029 2033 3074 et
2063 3019 2157 3074 de~

559 3112 753 3178 fendit,
784 3113 1073 3168 defunctus
1099 3123 1154 3168 et
1175 3111 1418 3167 Parisius
1443 3113 1687 3183 sepultus
1711 3121 1795 3168 est
1817 3121 1972 3167 sexto
2006 3111 2159 3182 regni

559 3218 705 3260 anno
723 3202 896 3276 (396).
922 3203 1243 3258 Zuentihald
1268 3203 1372 3257 dux
1401 3201 1799 3258 Marahensium
1823 3202 2155 3269 Pannonias,

560 3295 761 3365 quibu3
798 3294 1057 3350 Arnolfus
1098 3295 1206 3349 dux
1251 3293 1393 3347 filius
1434 3293 1781 3347 Carlomanni
1831 3294 1974 3366 regis
2015 3308 2154 3364 [ηαξ-
2183 3306 2228 3369 C

561 3384 689 3452 fuit,
716 3383 1015 3440 crudeliter
1037 3393 1235 3438 vastat.
1261 3381 1456 3437 Annal.
1487 3380 1650 3436 Fnld.

632 3524 736 3583 884
772 3521 1007 3596 Bajoarii
1064 3523 1115 3579 iu
1151 3522 1363 3601 Italiam
1414 3532 1605 3578 contra
1655 3522 1941 3579 Widonem
1984 3522 2157 3579 missi.

558 3616 695 3673 Item
736 3614 1053 3671 Zuentihald
1089 3614 1399 3669 Pannonias
1441 3615 1841 3669 immanissime
1889 3622 2156 3680 vastans,

559 3712 824 3784 quosdam
862 3724 927 3765 ex
959 3708 1225 3778 Bajoariis
1259 3710 1420 3780 juxta
1459 3710 1664 3764 [tabam
1716 3707 1836 3781 [al.,
1886 3706 2154 3780 Raabam]

560 3804 763 3858 ﬂunten
815 3802 1031 3857 incaute
1083 3814 1407 3877 congressos
1449 3799 1603 3863 vicit,
1634 3800 1942 3869 occisisque
1991 3799 2154 3865 aliis,

560 3892 852 3952 nonnullos
876 3880 1310 3964 comprehendit.
1338 3920 1410 3932 --
1449 3889 1608 3963 165
1629 3889 2028 3946 Carlomanuus
2058 3890 2152 3946 rex

560 3982 769 4053 Galliae,
798 3985 941 4041 filius
968 3984 1226 4040 Ludovici
1257 3983 1427 4051 Balbi,
1459 3998 1582 4038 cum
1613 3982 1836 4037 multam
1866 3982 2150 4052 pecuniam

560 4078 912 4135 Norttnannis
958 4093 1056 4149 pro
1082 4092 1214 4147 pace
1259 4076 1515 4141 dedisset,
1573 4076 1625 4130 in
1658 4085 1855 4130 venatu
1911 4075 1979 4129 ah
2020 4090 2151 4143 apro

560 4186 856 4243 percussus
892 4170 1096 4225 interiit
1130 4185 1274 4224 anno
1313 4169 1464 4239 regni
1497 4184 1592 4233 vn,
1628 4176 1683 4222 et
1707 4182 1932 4238 regnum
1970 4165 2155 4221 Galliae

563 4264 641 4319 ad'
678 4262 930 4319 Carolum
961 4263 1346 4333 imperatorem
1372 4260 1552 4315 rediit.
1585 4259 1784 4314 Chron.
1842 4256 2147 4312 Normamz.

2255 679 2579 725 conventum
2621 672 2828 729 habens
2858 673 3271 730 Zuentihaldum
3324 675 3515 731 ducem
3555 677 3809 735 Marathen-

2255 756 2394 812 sium
2424 774 2520 830 per
2546 775 2739 817 manus
2774 777 2833 818 se
2859 764 3098 819 dominio
3125 764 3241 835 ejus
3269 766 3592 833 tradentem,
3618 784 3810 839 pacem-

2255 865 2362 920 que
2412 861 2467 907 et
2504 855 2786 911 servitium
2837 858 3242 928 promittentem
3289 860 3547 932 suscepit.
3594 861 3810 932 Itemque

2255 941 2641 1000 Brazlavonem
2690 948 2903 1015 ducem,
2943 951 3037 1020 qui
3080 951 3224 1007 inter
3269 951 3505 1008 Dravum
3554 963 3608 1010 et
3635 955 3809 1011 Savum

2254 1033 2446 1092 ﬂuvios
2474 1038 2768 1097 Pannoniae
2794 1042 3031 1113 praefuit,
3076 1039 3425 1103 nihilominus
3452 1062 3511 1103 se
3539 1052 3811 1106 tradentem

2254 1131 2487 1201 accepit.
2528 1131 2645 1201 Ipse
2690 1149 2786 1203 per
2834 1133 3194 1193 Carentanum
3238 1138 3291 1193 in
3343 1138 3551 1194 Italiam
3596 1140 3812 1213 Veniens,

2257 1217 2500 1276 Natalem
2534 1222 2745 1279 Domini
2775 1223 2958 1297 Papiae
2995 1226 3310 1284 celebravit.
3338 1229 3535 1285 Annal.
3569 1227 3725 1284 Fuld.

2328 1314 2431 1370 885
2469 1313 2770 1387 Imperator
2794 1318 3040 1385 Carolus,
3066 1320 3251 1377 habito
3281 1321 3336 1377 in
3367 1322 3519 1377 Italia
3546 1331 3813 1389 conventu,

2257 1409 2543 1466 Widonem
2581 1410 2772 1466 ducem
2803 1410 3174 1483 Spoletanum,
3207 1428 3267 1470 se
3289 1422 3642 1470 excusantem
3669 1429 3815 1486 seque

2259 1501 2580 1559 subdentem
2606 1502 2884 1575 suscepit:
2927 1503 3054 1560 inde
3096 1504 3302 1561 Gallias
3329 1506 3521 1562 adiens
3546 1506 3816 1576 susceptis-

2259 1607 2363 1665 que
2391 1593 2737 1658 primoribus,
2781 1608 3005 1666 regnum
3034 1593 3188 1661 illud,
3217 1607 3277 1649 ut
3310 1594 3624 1677 videbatur,
3660 1596 3817 1666 dispo-

2261 1700 2419 1750 nens,
2447 1685 2513 1741 ad
2539 1686 2848 1743 condictum
2880 1702 3002 1742 cum
3033 1694 3169 1757 papa
3195 1680 3452 1757 placitum
3476 1684 3814 1741 Wormatiam

2258 1776 2428 1831 venit.
2473 1768 2580 1832 Sed
2605 1791 2764 1848 papa,
2794 1785 3012 1847 arrepto
3052 1780 3121 1833 ad
3165 1792 3290 1833 eum
3334 1777 3592 1833 veniendi
3625 1772 3818 1843 itinere,

2259 1864 2389 1921 obiit
2417 1864 2600 1937 (397);
2652 1867 2943 1937 Romaeque
2970 1880 3068 1938 pro
3088 1882 3156 1922 eo
3177 1867 3452 1923 Adrianus
3472 1867 3543 1922 III
3570 1864 3702 1937 papa
3726 1882 3819 1933 cn.

2259 1956 2400 2013 sedit
2429 1970 2573 2011 anno
2596 1973 2641 2023 ι,
2675 1957 2949 2014 mensibus
2984 1972 3057 2012 tv.
3087 1956 3271 2029 Suppl.
3304 1957 3553 2014 Lambec.
3578 1988 3649 1999 —
3673 1957 3819 2016 Gota-

2259 2046 2432 2103 fridus
2460 2063 2552 2103 rex
2580 2047 3062 2113 Nortmannorum,
3105 2046 3344 2120 perfidia
3375 2056 3571 2106 contra
3618 2065 3825 2122 regnum

2258 2137 2593 2192 Francorum
2626 2137 2993 2204 insimulatus,
3025 2139 3094 2194 ab
3120 2139 3254 2210 ipsis
3285 2139 3697 2195 accusatoribus
3722 2136 3823 2193 .Iolo

2258 2235 2572 2298 peremptus
2596 2237 2701 2283 est.
2736 2226 2890 2299 Httgo
2923 2243 3138 2299 quoque
3175 2230 3374 2286 nothus
3401 2229 3651 2286 Lotharii
3679 2231 3822 2301 regis,

2260 2332 2382 2372 cum
2433 2319 2647 2374 incaute
2685 2327 2874 2374 contra
2922 2321 3306 2390 imperatorem
3351 2323 3628 2392 agitaret,
3658 2320 3823 2377 Oculo-

2261 2424 2380 2464 rum
2412 2409 2533 2465 Iuce
2563 2411 2804 2480 privatus
2832 2418 2936 2475 est,
2985 2411 3111 2484 Reg.
3136 2441 3205 2454 -
3226 2412 3337 2467 Pax
3370 2413 3517 2469 inter
3562 2412 3823 2469 Arnolfum

2261 2501 2552 2556 Carentani
2579 2510 2633 2557 et
2659 2499 2953 2559 Pannoniae
2983 2504 3174 2559 ducem
3199 2513 3252 2559 et
3278 2504 3697 2560 Zuentihaldum
3730 2505 3825 2559 lla.

2262 2593 2551 2648 raheusem
2579 2594 2773 2649 ducem
2800 2594 3180 2651 conﬁrmatur.
3211 2595 3406 2650 Annal.
3439 2593 3613 2653 Fnld.

2330 2683 2436 2739 886
2471 2682 2795 2754 Imperator,
2845 2685 3119 2740 celebrato
3171 2686 3481 2742 Itatisboua:
3512 2687 3708 2743 Natale
3742 2687 3829 2742 Do-

2261 2775 2412 2840 mini,
2444 2775 2650 2831 Italiam
2694 2793 2724 2832 a
2761 2793 2896 2849 papa
2919 2779 3178 2835 invitatus
3207 2780 3365 2844 adiit,
3393 2791 3447 2836 et
3472 2780 3828 2838 Liutwardum

2264 2869 2660 2925 Versellensem
2698 2871 3009 2943 episcopqu
3047 2889 3144 2944 pro
3182 2874 3504 2944 quibusdam
3544 2877 3830 2948 qtuereudis

2262 2958 2491 3014 Romam
2529 2961 2694 3015 misit.
2725 2961 3010 3018 Tumultus
3052 2962 3233 3034 Papia:
3278 2976 3423 3022 inter
3453 2968 3608 3024 cives
3650 2970 3832 3039 regios-

2260 3070 2367 3125 (τυσξ
2409 3053 2609 3109 milites
2653 3055 2804 3125 gravi
2844 3064 3201 3127 utrorumque
3236 3058 3433 3115 damno
3480 3071 3749 3117 movetur.
3773 3087 3831 3100 -

2262 3145 2561 3216 Imperator
2592 3145 2777 3201 uabito
2806 3154 2927 3218 post
2954 3145 3162 3203 Pascha
3193 3148 3375 3220 Papia:
3417 3160 3725 3215 conventu,
3746 3164 3831 3219 per

2263 3236 2630 3309 Burgundiam
2660 3238 2866 3294 Gallias
2896 3249 3088 3295 contra
3127 3234 3496 3299 Nortmannos
3534 3244 3714 3314 petiit.
3747 3242 3833 3298 Ubi

2262 3348 2383 3388 cum
2415 3332 2553 3387 male
2577 3342 2768 3388 contra
2803 3348 2898 3395 eos
2943 3343 3241 3404 pugnatum
3274 3344 3445 3402 esset,
3472 3344 3529 3391 et
3562 3335 3834 3392 IIeinricus

2262 3423 2506 3478 marchio
2531 3422 2792 3478 Neustrize
2813 3425 3180 3490 occubuisset,
3203 3425 3365 3481 rebus
3392 3426 3575 3482 minus
3594 3439 3834 3497 prospere

2261 3518 2450 3587 gestis,
2494 3516 2764 3571 discessit.
2805 3516 2966 3589 166
3008 3516 3355 3590 Peringarius
3397 3518 3522 3592 [al.,
3584 3521 3839 3590 Bercnga-

2262 3605 2407 3678 rius]
2458 3608 2567 3662 dux
2616 3604 3021 3676 Forojuliensis,
3057 3625 3181 3665 cum
3229 3609 3545 3689 Luitwardo
3600 3611 3838 3680 episeopo

2263 3702 2607 3768 dissentiens,
2634 3699 3030 3758 Vercellensem
3061 3703 3251 3759 urbem
3294 3702 3588 3773 exspoliat.
3632 3701 3835 3759 Insolita

2265 3799 2546 3855 inundatio
2599 3801 2844 3856 autumni
2907 3810 3147 3872 tempore
3210 3800 3389 3865 facta,
3445 3801 3837 3859 exundantibus

2262 3895 2439 3964 aquis,
2471 3894 2737 3963 plurimas
2772 3893 2930 3951 villas
2954 3896 3152 3950 evertit
3180 3903 3236 3951 et
3262 3896 3533 3967 multisin
3567 3894 3835 3951 montibus

2264 3987 2379 4043 vias
2402 3985 2592 4053 diruit,
2622 3985 2900 4057 multaque
2920 3986 3240 4042 mortalibus
3265 3987 3463 4042 damna
3500 3986 3704 4042 intulit.
3742 3983 3839 4041 Bo-

2264 4095 2365 4133 nna
2412 4078 2636 4148 quintus
2666 4077 2975 4150 Stephanus
3012 4078 3162 4149 (398)
3200 4093 3338 4149 papa
3366 4094 3476 4135 cxu
3507 4088 3633 4149 post
3661 4075 3838 4134 Adria-

2264 4185 2389 4224 num
2416 4169 2722 4233 ordinatus,
2761 4168 2900 4224 sedit
2923 4168 3080 4223 annis
3116 4183 3190 4223 vt.
3231 4167 3426 4223 Annal.
3465 4166 3636 4224 Fuld.

1537 4414 1989 4483 COMPENDIUM
2033 4415 2129 4471 EX
2169 4415 2417 4473 CODICE
2458 4415 2825 4473 BERNOLDI.

631 4555 740 4614 885
778 4553 961 4622 Romae
1005 4551 1240 4608 Joannes
1295 4569 1432 4623 papa
1486 4569 1518 4605 a
1567 4550 1795 4623 quodam
1844 4542 2143 4614 (amiculus,
2176 4531 2226 4589 ἶ)

561 4654 721 4710 etiam
749 4668 784 4706 α
818 4647 1048 4721 quodam
1083 4646 1191 4701 alio
1222 4661 1498 4717 percussus
1544 4642 1734 4698 malleo
1764 4642 1908 4701 ol‘iit.
1940 4642 2141 4695 statim-

561 4766 664 4820 que
712 4760 987 4817 percussor
1033 4742 1147 4813 ejus
1219 4759 1251 4795 a
1295 4741 1498 4795 nemine
1548 4740 1705 4795 Imus
1749 4739 1973 4794 moritur
2017 4751 2035 4789 :
2097 4747 2145 4790 et

563 4839 808 4899 Marinus
850 4835 1253 4890 archidiaconus
1289 4846 1427 4902 papa
1469 4847 1533 4886 cx
1580 4829 1782 4902 profuit
1838 4846 1978 4884 anno
2016 4843 2143 4890 uno,

560 4929 829 4985 mensibus
855 4944 966 4982 ser.
994 4925 1288 4980 Ludovicus
1313 4941 1406 4978 rea:
1426 4923 1615 4979 Gallia:
1640 4923 1786 4979 obiit.

634 5019 739 5074 884
774 5016 1194 5073 Carolomannus
1239 5014 1382 5083 ﬁlius
1405 5013 1656 5069 Ludovici
1682 5013 1859 5078 Balbi,
1901 5029 1992 5068 rex
2019 5010 2149 5067 Gal-

562 5107 670 5175 liae,
699 5109 825 5163 obiit
863 5118 911 5161 et
953 5122 1168 5177 regnum
1199 5104 1390 5163 Gallice
1428 5102 1653 5160 Carolus
1693 5106 1978 5176 imperator
2018 5103 2152 5158 obti-

2255 4574 2389 4627 nuit.

2322 4665 2426 4721 885
2468 4664 2710 4719 Marinus
2745 4681 2882 4736 papa
2927 4665 3072 4731 obiit,
3115 4682 3210 4736 pro
3256 4680 3358 4736 quo
3404 4660 3679 4720 Adrianus
3722 4654 3838 4727 111.

2252 4773 2387 4827 papa
2427 4771 2536 4819 CXI,
2564 4756 2696 4809 sedit
2726 4771 2863 4809 anno
2894 4771 3016 4816 uno,
3049 4754 3590 4824 mensibusquatuor.

2323 4848 2425 4903 886
2464 4845 2761 4917 Imperator
2810 4863 2843 4900 α
2895 4863 3032 4916 papa
3084 4846 3333 4900 invitatus
3399 4843 3616 4899 Italiam
3684 4843 3835 4899 venit.

2253 4939 2432 4993 Ranae
2460 4938 2674 5009 quintus
2719 4935 3018 5009 Stephanus
3054 4947 3167 5007 post
3206 4936 3498 4990 Adrianum
3525 4934 3661 4990 sedit
3692 4934 3837 4990 anuis

2254 5050 2346 5090 sea:
2352 5073 2365 5088 .

2071 5256 2200 5314 N01
2215 5255 2305 5314 1E.
