3970 5406
562 313 666 369 Ἃυὸ

1410 306 1769 362 HERMANNI
1808 306 2201 365 CONTRACTI
2238 306 2609 365 AUGIENSIS
2649 305 2958 364 MONACIII
3690 300 3781 353 illi

1855 418 2086 476 CODEX
2124 418 2507 476 ACGIENSIS.

562 520 765 599 minus]
821 521 1106 577 invasere:
1157 513 1431 586 e'quihus
1478 512 1593 570 Odo
1623 512 1905 568 Arnolfum
1955 524 2135 583 regem
2166 525 2213 583 Α
2244 512 2424 566 manni
2475 512 2604 565 item
2650 510 2936 567 Franciam
2981 508 3171 564 Rheno
3221 509 3525 580 contiguam
3570 519 3789 577 vastant,

560 617 846 674 Franciam
907 618 1180 685 petentem
1236 607 1515 663 humiliter
1571 606 1762 661 adiens
1809 613 1865 659 et
1910 603 2140 673 benigne

562 721 871 782 susceptus,
904 706 1170 778 permisso
1201 702 1316 773 ejus
1346 702 1592 757 invasum
1624 698 1849 754 retinuit
1892 710 2139 766 regnum.

560 804 751 859 Itidem
774 798 1038 856 Rodallus
1066 796 1421 851 Ratishonam
1453 790 1518 846 ad
1550 806 1669 845 eum
1706 787 1929 844 veniens
1957 786 2144 839 favore

562 896 680 965 ejus
726 906 1009 966 pervasam
1059 886 1371 957 impetravit
1417 881 1781 953 Burgundiam
1827 877 1998 948 (407).
2052 874 2144 928 Ni-

566 988 860 1045 hilominus
903 999 1025 1039 cum
1076 981 1287 1036 Italiam
1312 978 1472 1033 vellet
1502 992 1599 1032 rex
1644 973 1906 1030 Arnolqu
1936 978 2142 1043 petere,

568 1078 785 1135 obviam
833 1074 1068 1129 venienti
1116 1069 1454 1140 Peringario,
1505 1067 1596 1137 qui
1644 1063 1805 1135 paulo
1849 1072 1977 1117 ante
2020 1075 2146 1116 eum

568 1171 801 1228 Widone
832 1183 1004 1238 pugna
1026 1164 1345 1220 conﬂixerat
1377 1170 1626 1232 tyranno,
1663 1156 1852 1227 paucis
1880 1152 2145 1224 exceptis,

572 1270 741 1316 totam
770 1256 1040 1314 concessit
1068 1252 1301 1308 Italiam.
1339 1251 1394 1304 In
1421 1248 1543 1321 .(ea)
1575 1245 1918 1315 expeditione
1961 1244 2149 1313 ingens

570 1370 832 1425 equorum
878 1349 1183 1421 pestilentia
1230 1347 1390 1400 facta.
1445 1340 1619 1396 Annal
1653 1338 1699 1392 F
1706 1337 1815 1392 ald.
1870 1336 2150 1406 Regia.—

570 1424 756 1515 Augize
803 1440 1106 1496 Ruodhoho
1147 1436 1328 1492 abbati
1381 1433 1544 1487 llatto
1590 1429 1887 1485 succedens
1933 1424 2151 1497 praefuit

571 1537 731 1591 annis
762 1551 891 1598 xxv,
922 1532 1013 1603 qui
1064 1530 1257 1586 cellam
1301 1536 1358 1582 et
1402 1524 1683 1579 basilicam
1715 1519 1887 1576 sancti
1931 1515 2150 1586 Georgii

572 1628 626 1684 in
652 1625 824 1681 insula
854 1620 1175 1679 construxit.

645 1720 749 1775 889
788 1717 1099 1788 Liulpertus
1125 1709 1450 1769 venerabilis
1472 1707 1730 1776 omnique
1755 1702 1915 1758 laude
1958 1701 2152 1771 dignus

572 1809 859 1882 Mogontia:
900 1808 1046 1863 sedis
1091 1804 1529 1873 archiepiscopus
1572 1799 1674 1852 hac
1724 1797 1834 1850 vita
1885 1793 2148 1856 decessit;

2243 613 2433 659 contra
2463 619 2600 673 quos
2627 605 2869 659 exercitu
2903 603 3100 669 misso,
3126 603 3419 674 praelioque
3442 604 3654 660 incaute
3680 622 3793 661 con-

2245 703 2414 757 serto,
2462 694 2749 749 Suuderolt
2793 694 3183 767 Mogontiensis
3228 696 3662 764 archiepiscopus
3685 712 3793 750 cum

2246 790 2368 843 aliis
2396 789 2580 844 multis
2608 799 2919 859 peremptus
2949 789 3228 853 occubuit,
3249 788 3541 857 caeterique
3566 786 3797 859 fugerunt

2247 878 2493 950 (Regina)
2521 895 2535 931 :
2566 894 2663 948 pro
2694 893 2801 945 quo
2827 877 2988 932 Hatto
3016 876 3304 949 Augiensis
3333 879 3526 942 abbas,
3560 879 3641 933 vir
3670 879 3801 948 inge.

2246 970 2463 1032 niosus,
2507 969 2947 1040 archiepiscopus
2991 976 3359 1038 promovetur.
3402 968 3603 1023 Annal.
3652 967 3799 1023 Fuld.

2246 1088 2314 1101 —-
2344 1057 2600 1114 Arnolqu
2633 1072 2762 1112 vero
2807 1074 2903 1113 rex
2945 1057 3309 1112 Nortmannos
3359 1058 3587 1112 victoria
3631 1058 3800 1122 elatos,

2246 1158 2303 1203 et
2332 1164 2554 1219 regnum
2591 1148 2835 1202 Lotharii
2884 1155 3180 1210 vastantes,
3226 1161 3350 1201 cum
3398 1147 3640 1201 exercitu
3675 1148 3802 1201 inse-

2249 1255 2440 1310 quens,
2464 1240 2619 1309 juxta
2662 1239 2884 1294 lIuvium
2935 1240 3046 1294 Dila
3094 1239 3267 1311 (408),
3313 1239 3646 1310 palustribus
3693 1240 3809 1293 locis

2249 1332 2513 1396 munitos,
2544 1346 2868 1400 manumque
2908 1346 3082 1400 pugna
3128 1344 3419 1386 conserere
3466 1331 3809 1400 trepidantes,

2250 1422 2491 1477 olfendit.
2529 1421 2630 1488 Qui
2662 1421 2860 1476 milites
2891 1422 3246 1486 adhortatus,
3284 1423 3440 1491 equis
3475 1431 3696 1492 propter
3723 1422 3811 1475 loci

2252 1512 2619 1569 dillicultatem
2649 1513 2907 1578 dimissis,
2937 1514 3101 1582 pedes
3123 1528 3219 1568 eos
3248 1511 3595 1583 aggreditur;
3630 1513 3813 1567 clamor

2252 1603 2535 1666 attollitur,
2572 1619 2661 1659 res
2686 1604 2882 1659 deinde
2917 1603 3109 1674 gladiis
3151 1605 3399 1659 cominus
3433 1604 3669 1674 geritur,
3698 1618 3819 1657 uno-

2248 1711 2357 1765 que
2402 1706 2608 1750 tantum
2638 1696 2806 1750 milite
2835 1712 2901 1751 ex
2935 1697 3134 1751 nostris
3169 1704 3468 1765 perempto,
3521 1696 3631 1750 duo
3673 1694 3817 1748 Non-

2255 1802 2578 1842 mannorum
2603 1802 2777 1857 reges,
2808 1786 3098 1856 Sigilridus
3121 1797 3173 1842 et
3203 1786 3555 1852 Godal‘ridus,
3587 1797 3819 1856 totusque

572 1904 661 1959 cui
714 1897 1020 1956 Sundcrold
1074 1895 1359 1952 successit.
1416 1890 1775 1947 Calamitosus
1829 1887 1931 1941 iste
1978 1897 2154 1937 annus
2184 1887 2227 1946 Β
2256 1892 2446 1934 eorum
2483 1880 2759 1934 exercitus
2801 1878 2982 1934 multis
3018 1879 3256 1934 millibus
3301 1892 3652 1940 numerosus,
3697 1878 3821 1931 ferro

575 1997 780 2052 morbis
809 2011 873 2050 ac
900 1989 1236 2064 pestilentia,
1272 2000 1533 2055 aquarum
1579 1977 2046 2040 inundationibus,
2074 1975 2155 2027 in-

577 2091 754 2146 solitis
808 2082 1255 2157 tempestatibus,
1331 2076 1635 2132 turbinibus
1695 2080 1751 2127 et
1804 2067 2158 2141 grandinibus

579 2182 787 2248 multis,
822 2179 983 2242 fame,
1018 2183 1169 2247 peste
1204 2182 1260 2228 et
1292 2181 1726 2240 quaquaversum
1754 2161 1907 2218 bellis
1945 2157 2158 2214 sociali-

580 2275 684 2330 bus
716 2265 1254 2341 comprovincialium
1284 2261 1402 2316 fuit.
1454 2259 1514 2314 In
1539 2252 1865 2328 ,Thuringia
1903 2248 2160 2306 torrentis

580 2367 740 2421 modo
799 2339 1016 2417 nimbus
1068 2356 1345 2418 deﬂuens,
1413 2360 1521 2405 tres
1574 2348 1629 2402 in
1680 2350 1955 2400 momento
2003 2339 2161 2394 villas

580 2453 904 2523 absumpsit,
954 2460 1009 2504 et
1050 2463 1143 2503 ccc
1190 2444 1436 2500 homines
1472 2455 1597 2495 cum
1638 2435 1927 2507 pecoribus
1976 2431 2160 2486 multis

582 2520 866 2603 exstinxit.
900 2538 1095 2594 Annal.
1129 2528 1644 2589 Fuld.—Arnolfus
1687 2542 1781 2581 rex
1809 2520 2163 2578 Zuentihaldo

582 2649 639 2697 et
668 2636 896 2693 Ratoldo
944 2632 1068 2687 ﬁliis
1104 2630 1218 2686 suis
1246 2642 1315 2682 ex
1355 2622 1656 2680 concubina
1693 2619 1836 2674 natis
1875 2614 2164 2684 subjectio-

586 2745 708 2785 nem
739 2742 770 2780 a
802 2724 1027 2782 Francis
1064 2718 1305 2792 promitti
1338 2716 1427 2771 vix
1468 2713 1669 2776 effecit,
1700 2711 1744 2765 si
1794 2710 1842 2767 ei
1890 2707 2163 2778 legitimus

589 2838 696 2876 nun
724 2823 1040 2873 nasceretur
1063 2813 1224 2867 filius.
1256 2809 1446 2880 Magna
1470 2815 1658 2861 contra
1680 2801 1969 2857 Abodritos
1998 2812 2162 2867 expe-

583 2914 719 2969 ditio
758 2913 826 2967 ab
874 2926 959 2974 eo,
1013 2906 1107 2963 sed
1157 2918 1325 2974 parvo
1373 2900 1590 2963 effectu,
1625 2906 1770 2951 mota
1813 2903 1917 2949 est.
1967 2887 2160 2944 Annal.

585 3003 748 3057 Fuld.
784 3000 913 3056 Mel.

658 3094 766 3152 890
802 3088 1058 3146 Arnolqu
1084 3103 1199 3154 rex,
1230 3086 1418 3141 habito
1448 3083 1503 3139 in
1528 3081 1807 3137 Pannonia
1843 3079 1909 3134 de
1933 3074 2166 3131 diversis

585 3187 886 3258 colloquio,
916 3200 947 3238 a
975 3179 1331 3238 Zuentibaldo
1368 3178 1505 3233 duce
1548 3172 1853 3229 Marahensi
1891 3188 1959 3227 ex
1986 3167 2165 3224 verbis

2261 1968 2582 2032 trucidatus,
2627 1977 2683 2022 et
2712 1968 2768 2022 in
2797 1967 3016 2022 ﬂumine
3046 1967 3227 2039 fugam
3270 1967 3602 2038 impediente
3630 1967 3821 2021 demer-

2261 2077 2374 2128 sus,
2407 2063 2473 2116 ad
2519 2063 2944 2118 internecionem
2989 2060 3218 2116 deletur.
3254 2061 3320 2115 Et
3356 2075 3449 2115 rex
3495 2061 3686 2116 eadem
3728 2060 3821 2119 die.

2262 2156 2471 2210 litaniis
2504 2155 2813 2220 celebratis,
2850 2165 2905 2210 et
2932 2155 3045 2211 Deo
3079 2156 3329 2212 laudibus
3356 2157 3608 2222 redditis,
3637 2155 3828 2209 multis-

2261 2264 2366 2317 que
2395 2247 2627 2302 hostium
2659 2247 2846 2316 spoliis
2874 2248 3123 2318 direptis,
3158 2247 3211 2302 in
3252 2247 3637 2301 Alamanniam
3678 2248 3826 2307 venit,

2261 2349 2315 2394 et
2359 2330 2606 2394 Natalem
2649 2338 2857 2393 Domini
2893 2338 3060 2395 Ulmze
3090 2339 3405 2394 celebravit.
3447 2337 3646 2391 Annal.
3678 2335 3825 2389 Ferat.

2261 2428 2392 2483 Met.
3385 2476 3389 2487 ε

2334 2521 2440 2576 892
2495 2522 2650 2591 Apud
2697 2521 2900 2576 Gallias
2945 2520 3173 2576 Carolus
3217 2520 3536 2574 adolescens
3588 2515 3827 2572 Ludovici

2264 2610 2416 2666 Balbi
2443 2614 2766 2680 posthumus
2791 2611 2952 2676 filius,
2980 2627 3009 2664 a
3045 2609 3369 2679 quibusdam
3403 2610 3725 2679 primatibus
3748 2621 3829 2659 rex

2264 2701 2511 2766 effectus,
2541 2700 2709 2755 multa
2740 2701 2995 2770 deinceps
3038 2701 3209 2756 Odoni
3242 2699 3379 2752 mala
3425 2699 3576 2762 fecit,
3611 2696 3762 2766 17o
3785 2703 3831 2746 et

2266 2795 2334 2847 ab
2357 2808 2423 2847 eo
2459 2792 2700 2847 vicissim
2738 2792 3017 2846 sustinuit.
3054 2790 3346 2845 Flodoard.
3381 2807 3472 2844 an.
3511 2807 3624 2860 seq.
3651 2820 3719 2828 —
3743 2791 3830 2839 Ar-

2268 2882 2444 2938 nolfus
2472 2897 2564 2937 rex
2587 2881 2892 2936 Pannonias
2914 2882 3121 2943 adiens,
3150 2898 3270 2936 cum
3297 2880 3713 2934 Zueni'haldum
3742 2878 3830 2929 du—

2265 2991 2383 3031 cem
2399 2974 2771 3029 Marahensem
2790 2974 2981 3028 iterum
3002 2972 3103 3029 sibi
3119 2971 3467 3027 rebellantem
3484 2970 3831 3041 cognovisset,

2268 3066 2536 3135 colloquio
2563 3082 2685 3119 cum
2726 3064 3060 3119 Brazlavone
3089 3064 3226 3119 duce
3251 3063 3544 3117 Pannonia:
3579 3060 3835 3116 ulterioris

2268 3158 2477 3223 habito,
2507 3155 2775 3211 trifariam
2808 3172 2931 3209 curn
2979 3156 3153 3210 tribus
3205 3154 3557 3219 exercitibus,
3601 3152 3836 3223 [ngariis

588 3278 869 3349 apostolici
910 3275 1107 3330 obnixe
1156 3279 1394 3338 rogatur,
1451 3277 1511 3322 ut
1553 3266 1780 3321 Romam
1816 3261 2039 3315 veniens
2065 3257 2168 3312 Ita-
2197 3240 2241 3299 (ἶ
2272 3250 2437 3303 οῑῖίιῐῐι
2469 3248 2909 3312 θυλίιὶίιιονὶὶιιιε,
2945 3261 3116 3318 nuper
3146 3245 3266 3300 illas
3298 3248 3352 3300 in
3378 3256 3567 3315 partes
3595 3246 3663 3301 de
3691 3244 3839 3312 Aqui-

589 3373 825 3440 tiamquc
851 3370 952 3424 sub
983 3367 1185 3421 ditione
1214 3364 1296 3418 sui
1329 3361 1592 3426 retinens,
1622 3373 1651 3410 a
1680 3356 1844 3410 tantis
1869 3368 1987 3409 eam
2015 3357 2171 3406 eruat

590 3466 857 3545 tyrannis.
891 3462 1051 3534 169
1085 3461 1239 3529 Quod
1261 3457 1373 3525 ille,
1402 3454 1522 3510 aliis
1548 3451 1892 3524 praepeditus,
1933 3448 2000 3501 ad
2037 3460 2170 3516 pra:-

592 3540 721 3623 sens
745 3562 922 3617 facere
950 3557 1177 3614 distulit.
1202 3554 1401 3610 Iterum
1429 3556 1698 3605 conventu
1723 3545 1863 3614 apud
1883 3540 2170 3597 Forcheim

592 3664 740 3719 acto,
784 3650 1042 3708 Ludovici
1094 3645 1436 3717 imperatoris
1478 3640 1646 3695 Italiae
1692 3638 1893 3701 liliam,
1944 3632 2172 3688 Bosonis

594 3746 846 3814 viduam,
878 3746 944 3800 ad
987 3760 1045 3799 se
1073 3757 1199 3798 cum
1246 3738 1562 3795 muneribus
1598 3732 1906 3787 venientem
1941 3726 2174 3795 benigne

593 3844 851 3914 suscepit.
903 3840 1032 3894 Inde
1079 3833 1496 3896 Constantiam,
1561 3826 1937 3898 Augiamque,
1984 3817 2173 3874 orandi

593 3908 787 4011 gratia,
849 3934 983 3989 adiit
1041 3930 1272 3999 indeque
1324 3923 1677 3979 ltatisbonam
1742 3915 1923 3972 rediit.
1977 3908 2174 3965 Annal.

595 4004 764 4083 I"uld.
793 4024 1035 4094 —Apud
1084 4031 1332 4076 sanctum
1374 4014 1585 4072 Gallum
1633 4018 1753 4083 post
1800 4004 2175 4062 Bernhardum

598 4122 855 4175 Salomon
889 4118 1056 4172 abbas
1085 4113 1302 4184 praefuit
1331 4111 1486 4165 annis
1526 4124 1655 4163 xxx.
1685 4103 1942 4160 Salomon
1983 4112 2175 4153 secun-

599 4213 700 4267 dus
729 4208 1056 4265 Coustantiae
1082 4204 1404 4260 venerabilis
1432 4202 1718 4272 episcopus
1744 4194 1879 4251 obiit
1903 4210 1917 4246 :
1946 4206 2045 4261 pro
2071 4202 2178 4256 quo

600 4306 792 4360 tertius
848 4302 1101 4358 Salomon
1164 4301 1229 4356 de
1279 4295 1529 4354 coenobio
1590 4289 1762 4347 sancti
1818 4286 1955 4343 Galli
2013 4283 2182 4337 abbas

601 4398 886 4468 episcopus
934 4403 1249 4465 promotus,
1302 4386 1518 4461 praefuit
1576 4397 1750 4439 annos
1795 4394 1925 4434 xxx.
1979 4374 2176 4446 Hepid.

602 4490 798 4545 Annal.
833 4489 959 4544 Met.
992 4488 1067 4543 al.
1096 4504 1148 4541 a.
1177 4502 1286 4555 seq.

2273 3341 2396 3396 Ioue
2450 3340 2909 3405 adventantibus,
2964 3354 3061 3409 per
3104 3338 3417 3392 continuum
3460 3351 3706 3390 mensem
3745 3333 3840 3386 Ma-

2277 3434 2560 3487 rahensem
2620 3432 2867 3486 devastat
2915 3431 3232 3502 regionem:
3282 3432 3395 3499 ipse
3447 3429 3618 3483 etiam
3670 3429 3839 3482 eodem

2276 3533 2518 3593 tempore
2548 3522 2780 3592 priscam
2813 3538 2935 3577 eum
2972 3521 3218 3591 Vulgaris
3266 3530 3489 3575 renovat
3534 3518 3840 3572 amicitiam.

2277 3619 2423 3688 Popo
2456 3620 2652 3672 ducatu
2687 3616 2998 3686 'I'hur'tugite
3040 3616 3284 3686 privatus
3313 3622 3416 3668 est.
3457 3612 3656 3666 Annal.
3693 3607 3841 3661 Fuld.

2274 3710 2552 3764 ——Roma:
2601 3716 2719 3779 post
2763 3707 3096 3776 Stephanum
3144 3706 3470 3768 Formosus,
3522 3705 3677 3772 prius
3722 3698 3844 3752 Pero

2280 3801 2489 3855 tuensis
2516 3801 2819 3870 episcopus,
2851 3814 2989 3869 papa
3017 3796 3198 3862 CXIII,
3229 3797 3368 3851 sedit
3393 3794 3552 3849 annis
3602 3808 3676 3858 tv,
3707 3806 3846 3846 men-

2280 3895 2430 3950 sibus
2458 3910 2529 3947 vtt
2572 3892 2740 3963 (409).

2349 4008 2457 4064 895
2494 4005 2862 4077 Engilscalcus
2910 4004 3152 4059 marrhio
3182 4002 3474 4058 Pannonite
3493 3999 3704 4069 judicio
3748 3995 3845 4049 No-

2282 4102 2518 4157 ricorum
2564 4109 2900 4161 excaecatus,
2944 4108 3000 4152 et
3049 4096 3309 4167 patruelis
3354 4096 3471 4164 ejus
3514 4088 3849 4145 Wilihelntus

2282 4191 2583 4246 decollatus
2629 4200 2733 4246 est.
2783 4188 3038 4243 Arnolqu
3089 4204 3182 4241 rex
3235 4186 3609 4240 Maraltensem
3666 4183 3849 4235 iterum

2286 4292 2473 4338 vastat
2504 4283 2800 4353 regionem.
2830 4281 2931 4350 lpsi
2957 4280 3066 4349 regi
3100 4295 3165 4334 ex
3200 4277 3333 4332 Vota
3361 4275 3507 4346 (4'10)
3542 4273 3724 4344 regina
3752 4268 3821 4322 Lu

2286 4377 2510 4431 dovieus
2557 4375 2699 4427 filius
2745 4373 3010 4434 nascitur,
3039 4382 3093 4425 et
3133 4383 3162 4421 a
3196 4367 3427 4421 Hattone
3457 4362 3853 4430 archiepiscow

2290 4468 2677 4538 Mogouliense,
2726 4474 2782 4519 et
2832 4464 3177 4518 Adalberone
3221 4462 3565 4530 Augusteuse
3613 4454 3855 4524 episcopo

678 4583 779 4639 891
822 4578 1113 4636 Embricho
1164 4530 1580 4630 Ralisbonensis
1628 4568 1919 4639 episcopus
1968 4560 2078 4616 vita
2128 4530 2262 4613 etD
2291 4559 2481 4625 nobili,
2524 4558 2853 4627 baptizatur,
2882 4563 2935 4608 et
2977 4568 3134 4608 sacro
3179 4552 3473 4605 chrismate
3516 4547 3754 4616 ungitur.
3796 4567 3855 4579 —-

605 4690 766 4736 a'tate
808 4676 1077 4731 verendus
1122 4673 1278 4736 obiit,
1312 4671 1534 4741 ipsaque
1571 4666 1725 4729 urbs,
1772 4659 2015 4731 exceptis
2057 4657 2188 4713 divi-

568 4759 756 4831 ;luitus
786 4765 957 4822 sancti
989 4760 1373 4817 Emmerammi
1414 4756 1692 4825 sanctique
1731 4748 1978 4807 Cassiani
2012 4745 2189 4802 eccle-

567 4846 721 4928 Isiis,
758 4877 807 4915 tv
838 4860 959 4915 idus
986 4855 1212 4928 Augusti
1246 4852 1498 4908 incendio
1532 4860 1642 4905 tota
1675 4844 1992 4915 conﬂagrat.
2026 4840 2187 4895 Nort-

2290 4653 2584 4709 Fortnosus
2608 4668 2765 4721 papa,
2799 4650 2979 4704 missis
3001 4647 3244 4718 epistolis
3267 4654 3320 4700 et
3347 4645 3558 4714 legatis,
3588 4638 3856 4696 Arnoll‘um

2290 4760 2473 4816 regem
2504 4745 2568 4798 ad
2605 4741 3032 4809 suscipiendam,
3084 4749 3138 4793 et
3183 4735 3480 4791 eruendam
3529 4748 3559 4786 a
3599 4727 3858 4801 tyrannis

2291 4838 2636 4905 maximeque
2670 4850 2698 4887 a
2730 4833 2985 4896 Widone,
3017 4830 3244 4893 Italiam,
3277 4833 3605 4897 magnopere
3656 4823 3857 4878 invitat.

1592 4954 2042 5019 COMPENDIUM
2079 4951 2175 5008 EX
2214 4950 2462 5008 CODICE
2511 4947 2877 5003 BERNOLDI.

676 5072 782 5131 890
820 5068 1073 5137 Arnolfas
1125 5080 1217 5117 rex
1243 5079 1306 5116 ex
1344 5068 1491 5130 parte
1538 5053 1809 5128 apostolici
1849 5060 2066 5121 rogatur
2104 5056 2183 5111 ut,

615 5168 838 5222 Romam
864 5165 1093 5225 veniens,
1118 5156 1333 5212 Italiam
1362 5152 1459 5208 sibi
1489 5152 1551 5206 de
1577 5148 1815 5220 tyrannis
1845 5143 2111 5214 defendat.

684 5257 783 5313 891
827 5253 1078 5322 Arnoll‘us
1127 5265 1218 5304 rea:
1266 5245 1623 5301 Nortmannos
1670 5241 1738 5296 ad
1786 5233 2187 5292 internecionem

612 5351 815 5406 deleril.

2363 5042 2469 5098 892
2505 5040 2685 5095 Romae
2719 5051 2833 5109 post
2862 5037 3181 5108 Stephanum
3213 5075 3228 5091 .
3255 5075 3271 5092 .
3305 5075 3321 5092 .
3360 5032 3626 5090 mensibus
3657 5038 3860 5097 septem.

2364 5133 2467 5188 893
2508 5131 2791 5184 Formosus
2815 5147 2949 5200 papa
2978 5128 3251 5199 Arnolfum
3283 5143 3450 5197 regem
3479 5125 3548 5180 ad
3584 5121 3798 5189 suscipi.
3814 5136 3854 5168 n

2295 5228 2417 5279 dant
2447 5233 2492 5278 et
2517 5242 2548 5275 ιι
2576 5223 2811 5294 tyrannis
2843 5223 3125 5275 emendant
3159 5219 3375 5273 Italiam
3403 5218 3605 5271 invitat.

2112 5387 2249 5406 nvnrl!
2276 5386 2319 5406 Ιτι
