3970 5406
202 274 290 331 905

1348 268 1762 324 CIIIIONICON.
1807 297 1857 308 —
1911 267 2081 324 SEO.
2119 268 2212 325 IX.

3287 271 3391 325 206

1447 382 1671 439 CODEX
1710 383 2094 439 AUGIENSIS.

197 504 325 574 Quod
373 500 455 556 ille
499 511 738 554 annuens
781 497 986 567 legatos
1031 495 1346 551 muneribus
1371 494 1598 549 donatos
1633 508 1720 548 re-
1747 496 1800 552 Δ
1828 498 2010 552 mitem
2054 497 2321 552 decollare
2358 496 2537 566 jussit.
2580 498 2770 552 Annal.
2816 496 3060 552 It'uld.—
3096 500 3390 560 Formosus

199 593 353 648 mittit.
374 592 549 647 Hiems
568 602 727 652 saeva,
752 599 803 642 et
828 588 1033 643 diutina
1054 587 1154 641 hoc
1178 601 1322 641 anno
1342 585 1505 641 facta.
1529 585 1720 641 Annal.

198 684 341 828 “8’34.
375 770 687 825 Tonitrunm
740 782 996 838 magnum
1049 784 1084 820 v
1135 767 1257 822 Kal.
1302 765 1463 822 Febr.
1501 766 1724 822 factum.

194 861 365 917 Annal.
385 858 861 913 Fuld.—Widone
887 857 1055 912 Italiae
1093 866 1323 928 tyranno
1354 867 1591 919 mortuo,
1616 856 1729 909 An-

193 953 409 1024 gildruda
440 950 556 1023 [al.,
597 947 901 1020 Agiltruda]
945 948 1103 1003 vidua
1131 947 1248 1017 ejus
1275 965 1397 1003 cum
1430 946 1539 1002 tllio
1568 947 1730 1001 Lant-

193 1050 323 1112 perto
344 1038 677 1111 tyrannidem
711 1036 930 1090 invasit.
968 1036 1186 1107 Regina.
1219 1035 1531 1101 Luitprand.
1555 1033 1725 1103 (Ml).

250 1130 342 1186 895
373 1129 623 1183 Arnolqu
651 1143 744 1184 rex
778 1128 1145 1196 Hildigardam
1178 1126 1434 1182 Ludovici
1466 1126 1612 1195 regis
1637 1140 1731 1195 pa-

195 1223 283 1276 trui
324 1221 399 1275 sui
448 1220 634 1281 ﬁliam,
691 1218 846 1287 cujus
892 1218 1129 1273 maxime
1175 1217 1475 1281 molimine,
1526 1213 1733 1284 deiecto

195 1312 390 1376 Carolo,
423 1327 519 1366 rex
562 1310 739 1366 factus
783 1312 980 1374 fuerat,
1011 1309 1203 1364 exsilio
1249 1309 1489 1364 damnat.
1535 1308 1728 1361 Annal.

197 1404 304 1459 let.
330 1421 414 1458 an.
444 1420 602 1473 prwc.
626 1403 875 1473 Synodus
900 1418 1091 1472 magna
1120 1402 1260 1471 apud
1287 1400 1592 1457 Triburiam
1620 1401 1731 1455 col-

198 1498 334 1553 lecta.
380 1496 539 1552 Cone.
590 1496 793 1559 Ger-nu,
823 1492 953 1551 tom.
996 1497 1059 1561 II,
1101 1510 1155 1564 p.
1184 1494 1306 1551 388.
1337 1493 1592 1551 Arnolqu
1639 1508 1732 1548 rex

196 1605 296 1643 cum
323 1587 524 1653 Odone,
551 1596 682 1643 tunc
705 1587 1001 1643 Galliarum
1028 1601 1175 1657 rege,
1201 1586 1267 1640 ad
1296 1601 1353 1640 se
1376 1585 1620 1639 veniente
1641 1600 1736 1653 pa-

197 1693 293 1731 cem
339 1677 536 1742 ﬁrmat,
578 1676 883 1746 Caroloque
941 1675 1052 1728 ﬁlio
1094 1674 1236 1744 regis
1286 1674 1539 1731 l.utlovici
1585 1672 1736 1728 Balbi

194 1782 281 1820 non
328 1767 473 1837 171
517 1766 689 1820 multo
741 1775 864 1835 post
906 1764 1210 1819 advenienti
1244 1773 1300 1818 et
1344 1778 1566 1829 munera
1605 1763 1734 1819 olfe-

1826 601 1962 656 papa
2009 587 2097 640 die
2147 586 2368 642 Pascha:
2409 587 2564 651 obiit,
2591 602 2689 657 pro
2718 603 2825 657 quo
2868 599 3051 645 sextus
3085 591 3394 650 Bonifacius

1825 689 1962 747 papa
1989 674 2148 729 CXIV
2172 675 2451 730 ordinatus
2480 676 2685 729 decima
2715 678 2900 746 quinta
2934 680 3019 733 die
3047 682 3277 753 podagra
3301 685 3396 739 de-

1826 764 2041 820 functus
2067 775 2151 820 est
2176 782 2189 819 :
2215 767 2300 821 cui
2347 775 2533 821 sextus
2561 766 2887 836 Stephanus,
2910 768 3217 840 Campaniae
3247 777 3397 844 prius

1826 857 2132 926 episcopus,
2181 872 2316 928 papa
2364 858 2522 922 CXV,
2554 860 2876 915 substitutus
2925 864 3063 918 sedit
3104 882 3302 921 annum
3354 885 3395 922 ι.

1828 946 1929 1012 Qui
1961 948 2203 1018 tyrannis
2226 948 2431 1011 favens,
2463 959 2517 1002 et
2542 949 2817 1004 Arnolfum
2847 953 3054 1017 odiens,
3077 954 3396 1013 Formosum

1829 1052 2022 1107 papam
2067 1048 2260 1093 octavo
2286 1048 2411 1109 post
2450 1041 2652 1094 obitum
2695 1056 2882 1097 mense
2923 1041 3200 1108 eﬂ'ossum,
3246 1058 3300 1101 et
3343 1050 3400 1103 in

1831 1130 1960 1184 sella
1990 1132 2245 1199 positum,
2279 1132 2530 1201 loquente
2564 1149 2659 1201 pro
2688 1149 2753 1188 eo
2778 1135 3026 1201 diacono,
3053 1138 3398 1194 criminatum

1836 1221 1993 1291 172
2019 1231 2076 1274 et
2102 1221 2253 1291 quasi
2295 1223 2598 1277 convictum
2646 1223 2959 1294 degradavit
2979 1268 2992 1288 ,
3030 1237 3084 1281 et
3115 1243 3210 1296 per
3237 1245 3399 1284 crura

1833 1319 2190 1381 protractum,
2218 1312 2270 1365 in
2299 1311 2752 1384 Tiberim,projici
2780 1319 3053 1387 prmcepit.
3079 1319 3183 1374 Sed
3207 1321 3404 1377 divinis

1833 1416 1932 1472 per
1966 1403 2155 1458 merita
2181 1403 2300 1472 ejus
2328 1405 2601 1461 miraculis
2633 1408 2803 1461 territi
2834 1408 2981 1463 cives
3009 1409 3259 1477 Romani,
3294 1430 3398 1468 non

1835 1491 2003 1545 multo
2047 1502 2168 1562 post
2200 1493 2532 1562 Stephanum
2568 1496 2728 1566 digne
2770 1508 3069 1553 crueiatum
3104 1501 3401 1570 ejccerunt,

1834 1580 2262 1653 Formosumque
2341 1587 2394 1638 in
2445 1585 2748 1654 sepulcrum
2817 1602 2970 1663 suum
3028 1603 3404 1659 reposuerunt.

1834 1668 2031 1724 Annal.
2073 1670 2236 1725 Fuld.
2280 1671 2793 1743 Luitpr.—Eodem
2842 1692 2984 1732 anno
3026 1678 3230 1736 Graecis
3282 1678 3443 1738 cutn'

1835 1764 2157 1833 vagantibus
2199 1765 2443 1819 hostibus
2485 1765 2775 1836 [Iungariis
2821 1782 3007 1837 pacem
3061 1772 3404 1838 facientibus,

193 1859 330 1921 renti,
364 1859 629 1912 auxilium
667 1859 917 1929 denegat.
951 1857 1067 1925 Ipse
1105 1856 1268 1910 etiam
1298 1855 1734 1927 Zuentibaldum,
1763 1855 1811 1916 Β
1838 1852 2057 1923 Vulgari
2109 1854 2228 1907 irati
2272 1852 2531 1908 Graeciam
2591 1856 2829 1911 invasam
2886 1857 3407 1932 Constantinopolim

192 1964 243 2004 ex
270 1951 558 2005 concubina
595 1951 765 2005 ﬁlium
815 1965 992 2013 suum,
1040 1963 1224 2019 regem
1275 1964 1437 2019 super
1490 1948 1733 2003 Lotharii

193 2055 385 2110 regnum
426 2042 559 2110 ungi
593 2039 762 2094 fecit:
814 2039 1053 2109 itemque
1099 2053 1195 2108 per
1218 2039 1474 2108 epistolas
1526 2054 1556 2092 a
1606 2036 1738 2093 For-

192 2145 318 2184 moso
362 2145 496 2199 papa
550 2140 768 2200 rogatus
802 2129 1010 2183 Italiam
1059 2137 1319 2181 autumno
1363 2128 1516 2197 petit,
1554 2127 1740 2182 Perin-

191 2221 472 2289 garittmque
526 2221 877 2289 perterritum
934 2219 1001 2273 ad
1054 2218 1381 2272 deditionem
1436 2218 1737 2272 venientem

190 2324 491 2377 regnumque
519 2324 812 2378 pervasum
843 2307 1009 2362 Italiae
1044 2307 1356 2362 reddentem
1393 2294 1655 2374 suscepit,
1684 2315 1738 2360 et

192 2400 463 2454 Waltfredo
492 2400 941 2471 Meginfredoque
971 2400 1259 2454 comitibus
1290 2398 1496 2452 Italiam
1534 2399 1614 2452 cis
1638 2397 1742 2452 Pa-

189 2493 293 2546 dum
338 2493 660 2558 distribuit,
692 2502 747 2548 et
766 2493 957 2547 omnia
1010 2492 1292 2556 vastando,
1334 2491 1627 2560 divisisque
1671 2491 1739 2545 ad

190 2599 410 2652 superum
450 2585 800 2655 infernmque
847 2600 998 2639 mare
1062 2584 1232 2655 copiis
1282 2585 1582 2648 transiens,
1627 2586 1741 2654 ipse

190 2671 402 2728 Natalem
448 2674 674 2729 Domini
722 2673 867 2729 luna:
910 2672 1117 2746 [[οτιε,
1170 2673 1371 2747 Lucae]
1424 2673 1737 2729 celebravit.

188 2767 352 2821 Annal.
383 2768 510 2823 Met.
544 2766 716 2823 Fuld.

244 2856 334 2910 896
369 2857 569 2930 Magna
600 2858 903 2928 pluviarum
938 2858 1293 2914 inundatione
1329 2859 1571 2915 exercitu
1620 2858 1743 2914 fati-

185 2956 315 3016 gato,
361 2957 413 3003 et
452 2948 542 3019 plu
563 2948 717 3003 rimis
763 2949 918 3018 equis
963 2950 1087 3004 inde
1134 2950 1377 3016 amissis,
1422 2950 1745 3015 Perengario

187 3039 324 3093 etiam
357 3038 696 3096 a'ﬁdelitate
729 3040 844 3109 ejus
885 3042 1194 3103 deﬁciente,
1222 3055 1277 3096 et
1302 3043 1367 3096 ad
1391 3043 1744 3113 Lantpertnm

187 3143 235 3183 se
263 3129 607 3193 conferente,
640 3130 896 3186 Arnolfus
931 3147 1022 3185 rex
1071 3131 1286 3185 tandem
1322 3131 1545 3186 Romam
1577 3133 1743 3198 venit,

1838 1958 2007 2012 usque
2054 1944 2361 1999 devastant.
2411 1944 2627 1999 Interim
2668 1946 2853 2001 Graeca
2900 1950 3097 2003 astutia
3145 1949 3443 2022 lluugarii‘

1839 2034 2065 2099 inducti,
2112 2042 2307 2090 terram
2334 2036 2690 2105 Vu’lgarorum
2740 2036 2906 2105 ferro,
2954 2042 3131 2110 praeda
3177 2044 3412 2113 igneque

1834 2134 2204 2196 pessumdant.
2228 2126 2445 2201 Vulgari
2489 2129 2711 2191 reversi,
2744 2128 2828 2183 bis
2855 2130 2923 2183 ab
2952 2130 3033 2186 eis
3062 2147 3238 2204 pugna
3282 2136 3412 2189 victi

1836 2224 1891 2269 et
1922 2216 2067 2281 cassi,
2108 2225 2257 2286 terga
2300 2226 2536 2275 vertunt.
2559 2216 2745 2271 Tertio
2773 2219 2986 2273 demum
3019 2220 3254 2277 divinam
3289 2225 3411 2279 eni-

1836 2306 1957 2359 xius
1979 2306 2204 2377 gratiam
2252 2308 2488 2376 precati,
2520 2324 2589 2362 xx
2620 2307 2852 2364 millibus
2896 2324 3117 2366 suorum
3168 2315 3404 2376 amissis.

1835 2405 2135 2460 cruentam,
2179 2399 2265 2451 vix
2312 2396 2606 2466 proﬂigatis
2652 2398 2917 2465 hostibus,
2965 2416 3213 2456 meruere
3242 2405 3412 2460 victo-

1840 2488 1994 2540 riam.
2039 2485 2209 2541 Tanta
2243 2490 2405 2542 etiam
2445 2487 2614 2541 fames
2647 2488 2747 2542 hoc
2783 2504 2924 2543 anno
2959 2491 3120 2553 facta,
3153 2502 3221 2555 ,ιιι
3257 2494 3416 2549 innu-
3446 2526 3451 2529 τ

1840 2577 1974 2631 meri
2030 2577 2209 2632 inedia
2258 2578 2517 2647 perirent,
2570 2578 2922 2647 hominesque
2946 2580 3237 2636 Christiani
3280 2600 3419 2638 non-

1841 2666 1975 2720 nulli
2008 2680 2066 2721 se
2105 2667 2334 2722 invicem
2383 2667 2751 2721 comederent.
2793 2668 3063 2727 Arnolfus
3098 2673 3416 2742 imperator,

1840 2757 2074 2826 quodam
2116 2742 2345 2813 aediﬁcio
2382 2759 2628 2824 cadente,
2655 2775 2776 2812 cum
2809 2761 2991 2814 multis
3031 2763 3152 2818 aliis
3176 2767 3417 2835 graviter

1842 2859 2129 2905 conterens
2159 2866 2377 2921 corpus,
2406 2851 2621 2906 cecidit.
2652 2852 2844 2905 Annal.
2872 2851 3041 2910 Fulvi.

1912 2942 2014 2998 89'!
2054 2942 2242 3013 Magna
2270 2943 2442 2998 fames
2476 2945 2528 2997 in
2555 2944 2800 3013 Bajonria
2830 2947 3028 3002 multos
3058 2952 3413 3020 consumpsit.
3446 2998 3447 3001 η

1843 3032 2098 3087 Bocmani
2138 3044 2328 3089 contra
2360 3034 2701 3090 Marahenses
2736 3036 2805 3091 ab
2830 3037 3051 3094 Arnolfo
3093 3040 3418 3109 imperatore

1848 3123 2105 3177 auxilium
2136 3133 2343 3193 petunt.
2365 3156 2436 3167 —-
2460 3126 2644 3183 Roma:
2676 3139 2799 3200 post
2824 3129 3081 3199 Stephani
3137 3130 3417 3184 interitum

192 3233 407 3292 eamque,
439 3191 783 3292 Aligildrudzl
808 3219 1058 3278 Widauis
1081 3220 1242 3277 vidua
1271 3237 1391 3277 cum
1426 3221 1537 3279 ﬁljo
1576 3191 1747 3279 Lam;
1774 3191 1819 3257 Cl
1850 3213 2124 3271 Romanus
2140 3191 2294 3287 papa
2336 3216 2496 3271 ΟΧνΙ
2542 3191 2693 3274 sedit.
2712 3191 2986 3275 mensibus
3019 3221 3175 3289 paulo
3202 3221 3321 3290 plus
3345 3237 3416 3280 tv.

191 3322 321 3392 perte
369 3315 741 3376 machinante,
791 3312 1097 3367 obaeratam
1147 3313 1446 3377 inveniens,
1493 3317 1746 3371 mandato

191 3399 404 3457 Fortuosi
431 3419 585 3473 papae
614 3404 763 3457 intus
792 3401 1003 3465 inclusi,
1027 3402 1314 3458 celebratis
1334 3405 1470 3473 apud
1501 3414 1747 3460 sanctum

193 3493 505 3549 Pancratium
555 3494 795 3560 litaniis,
825 3509 944 3573 eam
981 3503 1290 3565 oppugnat,
1340 3505 1749 3566 expugnataque

194 3583 324 3639 citius
376 3586 546 3649 urbe,
613 3584 913 3653 ingressus,
943 3597 973 3637 a
1019 3583 1216 3638 domno
1268 3599 1402 3653 papa
1454 3584 1751 3641 honoriﬁce

195 3686 465 3745 susceptus,
503 3678 910 3746 imperatorque
934 3684 1221 3729 coronatus
1248 3684 1331 3730 est
1353 3675 1523 3745 (M2),
1553 3686 1607 3730 et
1635 3677 1747 3732 dis-

194 3767 357 3834 positis
401 3768 469 3823 ibi
511 3768 699 3827 rebus,
751 3766 1188 3837 primoribnsqne
1246 3774 1584 3821 sacramento
1625 3767 1751 3821 sub-

195 3860 344 3925 actis,
388 3856 785 3929 Angildrudam
833 3856 1085 3926 persequi
1147 3865 1430 3921 statuens,
1487 3857 1748 3913 inﬁrmari

194 3951 359 4016 carpit;
411 3960 775 4018 metuensque
824 3948 1069 4001 morbum
1113 3946 1438 4016 graviorem,
1484 3944 1553 4001 de
1600 3945 1750 4001 Italia

196 4040 350 4092 statim
376 4040 559 4095 redire
584 4036 936 4093 acceleravit.
970 4033 1088 4102 Quo
1124 4049 1361 4098 reverso,
1397 4033 1752 4104 Pereugarius

198 4142 250 4180 ac
274 4126 617 4199 Lantpertus,
659 4128 834 4182 diviso
875 4126 1019 4180 inter
1051 4140 1111 4179 se
1140 4139 1306 4196 regno
1347 4123 1531 4188 Italiae,
1565 4132 1751 4195 tyran-

198 4217 352 4273 nidem
382 4232 706 4283 exercuere,
750 4215 1185 4286 Lautpertusque
1227 4213 1629 4284 Megenfredum
1663 4232 1756 4272 co-

1852 3301 1906 3363 et
1933 3317 2056 3378 post
2084 3309 2227 3363 hunc
2256 3307 2568 3366 Theodorus
2604 3312 2870 3368 secundus
2899 3324 3032 3383 papa
3062 3311 3245 3367 CXVII
3278 3312 3422 3368 sedit

1852 3401 1967 3457 dies
1993 3418 2084 3455 xx.
2143 3400 2272 3456 Post
2316 3418 2475 3473 quem
2527 3420 2700 3459 nonus
2742 3404 2977 3461 Joannes
3027 3423 3161 3476 papa
3214 3405 3419 3461 CXVIII

1852 3488 2131 3546 ordinatus
2156 3493 2296 3546 sedit
2338 3502 2508 3547 annus
2533 3509 2572 3549 ιι
2616 3494 2783 3563 (415).
2816 3494 3066 3550 Aruolt‘us
3107 3496 3418 3561 imperator,

1855 3581 2043 3637 habito
2068 3593 2356 3647 conventu,
2387 3585 2516 3638 nulli
2549 3584 2741 3648 ﬁdens,
2770 3596 3168 3641 sacramentum
3196 3586 3423 3640 ﬁdelita-

1858 3671 1927 3724 tis
1970 3670 2147 3724 denuo
2183 3672 2284 3726 sibi
2324 3681 2379 3727 ct
2417 3673 2525 3727 lilio
2554 3674 2778 3743 parvulo
2810 3674 3079 3729 Ludovico
3128 3691 3158 3731 a
3210 3675 3423 3728 cunctis

1855 3763 2042 3830 exigit.
2081 3762 2273 3817 Annal.
2303 3762 2464 3817 Fuld.

1924 3850 2026 3905 898
2081 3850 2355 3906 Discordia
2405 3854 2654 3924 capitalis
2699 3855 2840 3908 inter
2884 3855 3078 3908 fratres
3116 3854 3426 3908 Zuentibal-

1858 3943 1984 3996 dum
2034 3950 2087 3995 et
2133 3940 2465 4013 Moymarum
2519 3943 2650 4014 [al.,
2696 3943 3029 4014 Moymirus]
3079 3944 3426 3999 Maraltenses

1858 4030 2021 4085 duces
2082 4029 2244 4086 facta.
2293 4031 2606 4100 Luitpaldus
2652 4032 2798 4103 (“4)
2844 4034 3085 4088 marehio
3132 4049 3253 4088 cum
3305 4034 3427 4089 aliis

1859 4119 2205 4175 Marabenses
2231 4121 2543 4191 imperatori
2572 4123 2797 4178 rebelles
2822 4133 3019 4178 vastat.
3048 4125 3240 4178 Annal.
3263 4123 3422 4178 I’uld.

1168 4324 1615 4382 COMPENDIUM
1654 4329 1745 4386 EX
1781 4334 2023 4395 CODICE
2052 4339 2410 4398 BERNOLDI.

258 4419 348 4474 896
384 4419 642 4489 Amolfus
670 4435 764 4473 "1‘-
807 4418 1015 4471 ιαηάϐπι
1045 4413 1269 4469 Romam
1298 4416 1462 4505 υξηίίυ
1490 4425 1537 4469 ει
1563 4433 1595 4469 α
1624 4415 1761 4474 Ὲον·
1791 4429 1838 4489 D
1933 4429 2035 4484 898
2074 4429 2249 4484 Romw
2275 4440 2388 4500 post
2417 4430 2668 4501 Stephani
2704 4434 2970 4486 interitum
3000 4434 3263 4488 Romanus
3294 4453 3430 4505 papa

204 4524 325 4562 moso
348 4528 483 4579 papa
520 4512 815 4579 imperator
863 4516 1141 4561 coronatus
1169 4514 1265 4559 εει·
1302 4502 1593 4560 Γοννηοεῑιε
1624 4525 1761 4578 Papa
1864 4514 1959 4570 CX
1973 4516 2046 4570 VI
2074 4520 2207 4572 sedit
2237 4520 2497 4574 mensibus
2524 4522 2684 4589 paulo
2712 4520 2829 4589 plus
2865 4537 2938 4585 tv,
2965 4534 3014 4576 et
3037 4533 3150 4589 post
3179 4502 3317 4576 hunc
3353 4502 3432 4576 se-

206 4598 279 4682 die
318 4596 533 4653 Pascha:
579 4599 706 4651 obiit
739 4613 757 4651 :
788 4613 882 4666 pro
930 4614 1030 4667 quo
1065 4606 1242 4649 sextus
1270 4592 1576 4663 Bonifacius
1626 4615 1763 4667 papa
1865 4609 2068 4663 cumlus
2102 4610 2402 4665 Theodorus
2440 4629 2577 4682 papa
2604 4611 2819 4667 CXVII
2850 4614 2980 4668 sedit
3019 4616 3129 4668 dies
3164 4631 3254 4668 xx.
3307 4614 3429 4668 Post

207 4681 308 4736 CXI
325 4682 360 4737 ν
392 4688 691 4749 ordinm”,
723 4685 925 4738 άεείθηα
963 4687 1145 4755 quin”
1183 4685 1267 4737 die
1302 4685 1537 4753 Ροάαθνα
1574 4686 1763 4756 delum
1860 4712 2011 4769 quem
2053 4718 2219 4756 nonus
2251 4681 2481 4758 Joannes
2513 4681 2653 4774 rpapa
2690 4701 2785 4760 CX
2797 4704 2938 4759 VII!
2986 4706 3261 4759 ordinatus
3300 4706 3429 4759 sedit

208 4786 300 4827 ctus
324 4788 415 4830 est.
447 4777 549 4831 Cui
581 4789 761 4832 sextus
789 4775 1081 4845 Stephanus
1119 4792 1252 4845 papa
1280 4774 1427 4830 CXV
1452 4777 1759 4833 substitutus
1861 4807 2026 4845 anno,
2055 4794 2206 4848 άιιοε,
2978 4792 2983 4799 ·

210 4867 316 4920 sedit
349 4886 543 4924 annum
573 4886 760 4936 unum,
787 4871 876 4940 qui
902 4869 1138 4941 tyrannis
1166 4869 1316 4937 favit.

1710 4986 1955 5067 nom.

269 5090 401 5163 (ill)
437 5094 828 5150 Gottwieensis
875 5109 889 5147 :
937 5096 1191 5165 'Arnolfus
1237 5093 1450 5147 Italiam
1509 5093 1756 5166 Burgum

212 5159 425 5234 aliamque
470 5181 567 5217 suo
611 5181 771 5230 regno
819 5166 1071 5234 subjecit;
1106 5159 1247 5234 quod
1281 5166 1486 5225 pariter
1515 5159 1758 5223 referunt

214 5227 415 5303 Annale$
459 5227 735 5288 Dletettscs
780 5243 836 5286 et
863 5227 1159 5290 Fuldenses
1206 5252 1234 5288 a
1279 5234 1578 5303 Bouquetio
1608 5240 1762 5292 resti-

212 5298 321 5354 tuti:
356 5302 403 5354 in
438 5304 601 5354 editis
632 5305 784 5354 enim
834 5304 916 5354 hic
946 5307 1216 5354 inten‘rum
1248 5298 1431 5354 folium
1479 5304 1652 5354 deest.
1692 5323 1757 5354 ex

1863 5097 1951 5151 die
1983 5097 2220 5164 ejusdem
2250 5101 2454 5157 mensis
2487 5102 2702 5162 obierit,
2735 5107 2792 5150 ut
2820 5099 2956 5155 adeo
2985 5104 3100 5168 lucc
3127 5100 3445 5154 solemnitas

1868 5167 1922 5237 in
1954 5169 2132 5221 triduo
2163 5186 2320 5224 sacro
2370 5172 2483 5225 ﬁeri
2514 5171 2817 5237 debuisset.
2862 5170 2935 5225 At
2978 5167 3100 5226 eum
3131 5169 3444 5237 Arnulphus

1865 5236 1919 5306 in
1948 5238 2253 5306 diplomate
2298 5255 2394 5306 pro
2428 5241 2675 5295 coenobio
2702 5236 2977 5293 Atniatino
3003 5242 3183 5296 Romae
3233 5236 3361 5293 dato
3395 5246 3445 5306 tv

1866 5304 1982 5354 Kal.
2014 5306 2188 5354 Martii
2222 5301 2363 5354 anim
2388 5309 2651 5354 Innumnt-
2689 5307 2843 5354 Dom.
2893 5309 2999 5354 suo
3032 5307 3240 5354 llluhell
3274 5348 3287 5354 -
3322 5301 3445 5354 Ital.
