3970 5406
548 335 651 414 267

1378 354 1737 411 IIERMANNI
1775 353 2120 411 CON'I‘RAC',

2236 352 2582 410 LUGIENSIS
2626 351 2936 410 MONACIII
3692 356 3783 411 208

1854 488 2087 545 CODEX
2129 488 2518 547 AUCIENSIS.

601 600 722 687 .899
758 627 892 699 Item
918 624 1148 697 Bajoarii
1201 625 1337 680 ﬁnes
1368 624 1764 680 Maraliensium
1821 625 1996 680 hieme
2041 641 2134 679 va-
2161 613 2206 665 Α
2237 636 2580 692 congressus,
2612 639 2718 678 uno
2752 632 2961 678 tantum
3003 639 3068 680 ex
3114 624 3228 681 suis
3289 626 3508 694 amisso,
3553 644 3652 688 uec
3675 647 3787 704 per.

544 731 711 779 stant.
760 718 896 774 Vota
950 717 1159 788 regina,
1195 716 1451 771 adulterii
1490 716 1716 769 crimine
1758 731 1881 770 cum
1914 714 2134 784 quibus-

544 813 669 885 dam
722 811 851 865 viris
894 808 1177 875 infamata,
1225 823 1372 862 uxu
1418 806 1567 879 (415)
1617 805 1920 877 principum
1974 807 2128 877 jura-

546 912 732 960 mento
751 902 1063 958 Ratisbona:
1096 902 1149 956 in
1179 909 1446 958 conventu
1478 900 1721 956 absoluta
1744 910 1848 955 est.
1876 899 2134 957 Arnolfus

548 996 847 1066 imperator
874 993 1110 1065 paralysi
1148 993 1303 1064 173
1340 992 1634 1048 dissolutus
1669 1001 1773 1059 est,
1805 1004 1859 1048 et
1892 992 2130 1048 nonnulli

542 1087 670 1143 inde
699 1086 968 1152 veneﬁcii,
996 1085 1080 1140 vel
1109 1085 1357 1141 maleﬁcii
1388 1086 1683 1150 criminati,
1710 1096 1764 1141 et
1786 1086 1956 1157 puniti
1985 1096 2130 1143 sunt.

542 1178 677 1233 Item
710 1176 945 1246 Bajoarii
980 1177 1381 1232 Marahensium
1424 1185 1624 1250 terrain
1660 1187 1895 1233 vastam.
1933 1178 2133 1233 lsanri-

542 1284 640 1324 cus
666 1270 816 1340 (“6)
853 1269 1170 1339 imperatori
1222 1269 1516 1335 rebellans,
1560 1270 1923 1339 Obsessusque
1967 1281 2021 1325 et
2061 1270 2129 1326 ad

544 1356 873 1426 deditionem
899 1359 950 1413 vi
977 1367 1221 1423 coactus,
1245 1358 1313 1413 ad
1338 1356 1684 1413 Marahenses
1711 1358 1837 1412 item
1864 1357 2128 1430 confugit.

541 1446 730 1504 Roma;
760 1449 1088 1506 Benedictus
1118 1460 1367 1519 quartus,
1396 1464 1535 1519 papa
1565 1448 1750 1517 CXIX,
1794 1450 1936 1504 sedit
1969 1452 2129 1506 annis

545 1555 630 1613 ui,
662 1541 938 1598 mensibus
969 1558 1001 1593 v
1032 1541 1201 1613 (M7).
1234 1540 1429 1595 Annal.
1462 1539 1628 1595 Fuld.

611 1631 717 1687 900
754 1630 1013 1687 Arno!qu
1056 1632 1354 1702 imperator
1378 1630 1712 1696 Ratisbonze,
1743 1631 1832 1686 ubi
1870 1631 2129 1702 frequen-

538 1721 647 1791 tius
691 1723 970 1790 manebat,
1014 1733 1308 1794 aegrotans,
1357 1722 1492 1778 obiit
1533 1723 1679 1796 (418)
1719 1732 1773 1777 et
1809 1723 1864 1779 in
1904 1724 2128 1780 basilica

537 1813 1010 1871 S.Emmerammi
1056 1816 1302 1887 sepultus
1348 1825 1454 1882 est,
1497 1832 1641 1872 anno
1690 1816 1846 1888 regni
1880 1831 1976 1870 xu.
2020 1815 2129 1871 Pro

536 1922 647 1978 quo
673 1906 815 1963 ﬁlius
843 1908 961 1979 ejus
987 1906 1296 1964 Ludovicus
1328 1923 1464 1979 puer
1507 1907 1559 1962 in
1598 1922 1824 1980 regnum
1863 1908 2130 1963 constitu-

2238 713 2372 768 emit
2399 713 2567 784 (420).
2598 715 2737 770 Ann.
2762 712 2891 771 Ful.

2307 804 2402 860 901
2450 804 2743 876 [iungat-ii,
2788 808 3156 863 Carentannm
3202 818 3480 880 petentes,
3530 815 3792 873 commissa

2234 910 2436 967 pugna,
2479 897 2608 951 victi
2653 898 2888 968 caesique
2933 899 3208 971 fugerunt.
3251 900 3451 957 Eodem
3500 918 3638 960 anno
3669 900 3794 979 Moy-

2238 985 2442 1039 marius
2471 986 2578 1040 dux
2609 985 2948 1043 Marahensis
2976 999 3031 1042 et
3061 990 3333 1046 lsanricus
3361 991 3588 1047 Noricus
3613 1010 3796 1064 comes,

2238 1075 2400 1148 1ῚάΙ
2453 1077 2547 1147 qui
2596 1078 2664 1132 ad
2714 1078 2891 1149 ipsum
2942 1080 3332 1153 transfugerat,
3379 1098 3504 1139 cum
3549 1083 3798 1146 Ludovico

2235 1184 2360 1238 rege
2385 1169 2652 1238 paciﬁcati
2684 1181 2831 1227 sunt.
2864 1170 3049 1243 Suppl.
3075 1174 3270 1229 Annal.
3296 1174 3462 1232 Fnld.

2306 1261 2412 1317 902
2454 1261 2717 1333 llungarii
2744 1263 3095 1322 Marahenses
3129 1276 3339 1336 petunt,
3371 1284 3660 1340 pugnaque
3689 1271 3800 1328 victi

2236 1360 2387 1423 terga
2412 1362 2712 1408 verterunt.
2745 1354 2884 1410 Ann.
2910 1354 3076 1411 Saxo.
3098 1387 3164 1398 —
3188 1359 3310 1428 Ipso
3344 1375 3510 1426 anno,
3540 1361 3800 1435 Beringer,

2234 1441 2490 1513 Reginoll‘
2523 1453 2579 1498 et
2615 1443 2863 1502 Gerhard
2911 1447 3121 1505 nobiles
3158 1449 3415 1508 Germani
3461 1452 3681 1520 fratres,
3719 1454 3801 1512 ﬁlii

2230 1534 2422 1591 Atonis
2456 1537 2671 1593 comitis
2698 1545 2755 1593 et
2777 1538 3101 1608 Adellindac,
3130 1558 3238 1597 non
3264 1543 3425 1615 longe
3471 1561 3502 1601 a
3534 1546 3803 1604 Buochau-

2231 1627 2405 1699 giensi
2433 1630 2685 1685 cmnohio
2707 1631 2981 1703 virginum
3023 1634 3077 1691 in
3101 1649 3238 1704 pago
3265 1635 3606 1693 Alamanniae
3632 1640 3803 1697 Erich-

2231 1738 2382 1795 gewe
2413 1722 2581 1793 (421),
2622 1739 2652 1777 a
2690 1734 2864 1780 matre
2907 1740 3006 1795 per
3048 1727 3222 1796 ipsum
3266 1738 3479 1800 tempus
3523 1731 3675 1804 (422)
3700 1742 3804 1789 stu-

2230 1818 2381 1873 diose
2411 1817 2462 1872 in
2492 1818 2751 1874 honorem
2800 1819 2974 1876 sancti
3005 1819 3243 1877 Cornelii
3272 1830 3328 1877 et
3355 1824 3531 1879 sancti
3560 1824 3803 1897 Cypriani

2232 1917 2532 1980 martyrum
2563 1919 2902 1976 constructo,
2944 1926 3065 1966 cum
3114 1927 3364 1969 sororem
3412 1917 3677 1987 virginem
3719 1933 3806 1972 nu-

537 2008 626 2055 tus
673 2010 786 2065 est;
845 1998 1000 2068 cujus
1050 2000 1218 2055 frater
1256 2016 1323 2055 ex
1370 1999 1693 2065 concubina,
1736 1999 2123 2055 Zuentibaldus
2155 1999 2201 2060 Β
2229 2010 2379 2071 ptum
2424 2002 2640 2057 tradere
2686 2002 2974 2060 molientes
3013 2006 3153 2060 clam
3194 2006 3322 2064 inde
3358 2009 3710 2074 abducerent,
3744 2011 3809 2066 ab

534 2087 724 2143 Gallia:
742 2087 973 2159 Belgicae
995 2104 1116 2154 rex,
1139 2104 1261 2144 cum
1287 2088 1584 2144 crudeliter
1605 2097 1659 2144 et
1689 2097 1891 2144 temere
1913 2098 2123 2159 ageret,

540 2193 633 2235 res
675 2178 1040 2234 Ecclesiarum
1091 2177 1392 2244 aﬁectaret,
1442 2179 1912 2250 Batpotonemque
1960 2180 2125 2235 etiam

538 2274 935 2329 Treverensem
983 2274 1458 2345 archiepiscopum
1489 2273 1683 2329 baculo
1723 2274 1777 2328 in
1817 2284 1978 2344 caput
2005 2290 2121 2345 per-

540 2375 777 2432 cuteret,
829 2382 858 2421 a
900 2367 1014 2423 suis
1065 2374 1280 2436 spretus
1327 2380 1391 2421 ac
1425 2366 1695 2430 desertus,
1745 2380 1866 2420 cum
1915 2366 2127 2421 incaute

536 2458 747 2513 viribus
774 2459 951 2529 impar
975 2473 1153 2530 pugna
1184 2458 1266 2514 eis
1292 2457 1552 2527 congredi
1585 2456 1763 2522 vellel.
1809 2465 2125 2527 Peretnptns

533 2560 640 2606 est.
675 2549 865 2621 Regin.
900 2549 1012 2603 chr.
1044 2547 1240 2604 Annal.
1285 2546 1452 2602 Fuld.
1477 2544 1804 2615 —Bajoarii
1847 2561 1945 2617 per
1982 2546 2124 2601 Boe-

540 2655 730 2695 manos
778 2648 1163 2705 transeuntes,
1214 2639 1345 2709 ipsis
1391 2654 1575 2695 secum
1628 2639 1963 2708 assumptis,
2012 2637 2125 2692 Ma-

538 2730 828 2787 rahensem
859 2730 987 2784 item
1019 2729 1308 2785 devastaut
1339 2728 1636 2800 regionem.
1687 2728 1973 2798 Hungarii,
2020 2728 2123 2782 ho-

535 2832 651 2879 stes
696 2823 845 2889 novi,
890 2822 1100 2877 Italiam
1153 2836 1346 2893 magna
1376 2835 1445 2877 ex
1470 2829 1628 2892 parte
1670 2828 2017 2874 vastaverunt
2045 2828 2120 2884 et,

534 2927 791 2973 conserto
821 2915 1026 2986 praelio,
1054 2913 1292 2970 victores
1317 2912 1509 2983 viginti
1547 2910 1712 2967 millia
1738 2927 1801 2967 ex
1834 2909 1987 2965 Italis
2015 2924 2121 2965 una

531 3012 618 3068 die
660 3017 1036 3082 peremerunt.
1076 3008 1265 3065 Itidem
1312 3007 1653 3079 exploratam
1693 3005 2000 3074 Bajoariam
2042 3003 2123 3057 in-

530 3102 810 3168 vadentes,
861 3101 1007 3156 circa
1037 3098 1278 3155 Anesitm
1313 3096 1438 3170 [al.,
1464 3097 1730 3161 Anasum,
1760 3093 1893 3167 Eus]
1920 3093 2120 3150 ﬁumen

533 3195 799 3268 plurimas
845 3192 1062 3265 praedas
1095 3191 1394 3247 abducunt.
1436 3189 1570 3244 Item
1597 3187 1907 3242 Pannonias
1956 3187 2122 3256 depo-

533 3286 744 3357 pulatas
766 3292 1056 3355 occupant.
1075 3310 1149 3325 --
1165 3280 1495 3351 Luitpardus
1521 3278 1667 3350 (M9)
1699 3278 1970 3343 marchio,
1998 3277 2122 3347 qui-

2230 2094 2465 2150 inimicis
2500 2095 2880 2163 circumventi,
2920 2106 2975 2151 et
3008 2098 3173 2154 occisi
3201 2109 3329 2154 sunt
3360 2110 3416 2155 et
3454 2116 3486 2155 a
3519 2112 3697 2158 matre
3719 2116 3806 2158 sua

2230 2186 2372 2257 apud
2424 2186 2599 2257 ipsum
2651 2188 2958 2243 coenobium
3018 2189 3251 2260 sepulti;
3307 2190 3396 2246 tibi
3451 2193 3626 2247 etiam
3680 2194 3805 2262 ipsa,

2228 2287 2514 2348 postquam
2540 2278 2971 2351 Hierosolymam
3016 2280 3235 2351 aliaque
3269 2292 3457 2338 sancta
3490 2281 3613 2338 loca
3652 2292 3805 2338 causa

2227 2371 2493 2426 orationis
2522 2371 2653 2426 adiit
2679 2380 2735 2426 et
2767 2372 2948 2435 rediit.
2980 2373 3179 2429 divinis
3229 2374 3436 2429 intenta
3484 2375 3727 2431 servitiis
3756 2381 3806 2429 et

2227 2460 2536 2514 animarum
2587 2460 2803 2516 inhians
2853 2462 3038 2527 lucris,
3091 2463 3323 2519 feliciter
3364 2465 3508 2520 hanc
3543 2466 3706 2520 vitam
3752 2463 3810 2517 ﬁ-

2228 2551 2385 2606 niens
2426 2552 2640 2606 condita
2681 2561 2794 2617 est,
2834 2552 2949 2623 ipsa
2998 2553 3107 2609 tilia
3154 2555 3365 2626 virgine
3390 2556 3677 2626 mquivoca
3719 2571 3807 2611 sua

2225 2638 2497 2694 abbatissa
2531 2641 2663 2696 inihi
2695 2644 3011 2698 constituta.

2295 2728 2399 2785 904
2440 2729 2625 2785 Romae
2670 2742 2793 2801 post
2836 2731 3184 2788 Bencdietum
3231 2734 3341 2789 Leo
3389 2734 3618 2805 quintus
3646 2734 3807 2806 (425),

2231 2821 2381 2892 prius
2407 2822 2691 2892 presbyter
2719 2821 2971 2885 forensis,
3001 2839 3138 2894 papa
3170 2822 3310 2878 CXX
3330 2864 3345 2890 ,
3371 2825 3515 2880 sedit
3541 2825 3811 2880 mensibus

2223 2914 2395 2970 ferme
2419 2930 2476 2968 ιι.
2512 2913 2640 2968 Post
2666 2928 2846 2984 quem,
2882 2924 2938 2969 ut
2970 2915 3024 2969 in
3058 2914 3381 2985 quibusdam
3416 2916 3629 2981 inveni,
3654 2916 3806 2970 Chri-

2223 3007 2531 3077 Stophorus,
2561 3007 2710 3075 prius
2733 3006 3199 3077 cardinalis,papa
3222 3007 3411 3074 CXXI,
3441 3009 3590 3064 sedit
3620 3006 3811 3062 mensi-

2222 3098 2324 3153 bus
2349 3113 2421 3161 iv,
2449 3098 2543 3167 qui
2568 3096 2812 3166 dcjectus
2837 3108 2921 3154 est
2946 3109 3000 3154 et
3030 3102 3328 3155 monachus
3356 3100 3536 3155 factus
3568 3099 3741 3173 (424).

2291 3187 2397 3243 905
2417 3187 2601 3244 Romae
2627 3189 2947 3260 Sergiuslll,
2974 3206 3111 3261 papa
3136 3190 3345 3255 CXXII,
3369 3191 3511 3247 sedit
3533 3192 3698 3247 annis
3720 3205 3811 3255 vn,

2222 3280 2501 3335 mensibus
2526 3296 2603 3345 tv,
2632 3280 2732 3346 aL,
2765 3298 2817 3334 a.
2847 3297 2930 3350 pr.

534 3376 761 3433 busdam
799 3375 971 3448 copiis
1000 3373 1399 3446 Hungariorum
1430 3386 1554 3427 cum
1582 3371 1769 3443 paucis
1794 3370 2112 3427 Noricorum
2141 3374 2187 3437 C
2289 3372 2393 3427 906
2414 3371 2739 3428 Adallicrtus
2768 3372 2965 3428 nobilis
2993 3381 3048 3429 et
3076 3372 3365 3430 bellicosus
3392 3373 3460 3429 de
3490 3373 3810 3444 Bahenberg

1523 3526 1979 3587 COMPENDIUM
2017 3527 2110 3584 EX
2148 3524 2398 3583 CODICE
2435 3523 2804 3581 BERNOLDI.

570 3764 574 3773 ι
602 3693 708 3751 899
749 3691 852 3748 Uta
893 3693 1094 3765 regina,
1125 3690 1371 3746 adulterii
1401 3691 1668 3757 incusata,
1703 3703 1887 3742 Lxxxu
1915 3685 2116 3757 princi-

532 3805 653 3843 oum
700 3788 1010 3858 juramento
1064 3785 1308 3841 absoluta
1358 3793 1455 3840 est.
1511 3781 1697 3837 Romae
1733 3779 2114 3836 Benedictus...

532 3880 797 3953 mensibus
826 3880 1074 3951 quinque.
1450 3926 1455 3929 χ

598 3971 703 4028 900
741 3970 995 4041 Arnolfus
1022 3970 1310 4041 imperator
1330 3966 1657 4030 Ratisbonat',
1684 3965 1771 4020 ubi
1796 3964 2118 4036 frequentius

533 4048 792 4126 .nanebat,
824 4062 949 4115 obiit
977 4077 1025 4116 γι
1052 4060 1140 4116 Id.
1163 4059 1434 4116 Decembr.
1462 4057 1635 4131 (425).
1663 4057 1814 4110 Anno
1845 4055 1990 4125 regni
2017 4069 2112 4119 xu,

534 4170 620 4208 oro
648 4169 749 4223 quo
778 4151 922 4222 [ilius
954 4152 1070 4223 ejus
1100 4151 1389 4207 Ludovicus
1427 4165 1557 4221 puer
1587 4146 1837 4219 regnarit.

570 4230 702 4303 ⁵902
752 4244 1028 4316 Beringer,
1083 4244 1396 4316 Reginollue
1445 4253 1492 4297 et
1536 4238 1872 4306 Ccrhardns,
1923 4237 2117 4294 nobiles

2220 3683 2494 3749 Germani,
2518 3682 2621 3753 ﬁlii
2640 3682 2825 3738 Alanis
2846 3682 3050 3738 comitis
3075 3692 3123 3737 el
3139 3682 3436 3739 Adellinda:
3460 3686 3650 3752 occisi,
3675 3682 3813 3751 apud

2219 3777 2622 3848 Bncltaugiense
2671 3776 2963 3831 coenobium
2995 3777 3276 3846 uirginum,
3306 3796 3338 3832 a
3365 3779 3633 3848 prwdirta
3660 3776 3813 3832 Adel-

2219 3870 2366 3923 linda
2396 3878 2779 3935 constructum,
2801 3869 3149 3939 sepeliuntur,
3177 3870 3267 3926 ubi
3287 3877 3343 3925 ἐι
3372 3872 3486 3941 ἔρσα
3514 3882 3693 3926 mater
3724 3886 3814 3942 po-

2220 3970 2330 4015 stea
2358 3970 2432 4014 est
2463 3960 2690 4030 sepulta.

2291 4051 2395 4108 901
2433 4050 2640 4116 Romae,
2669 4062 2799 4118 etc.,
2826 4061 2889 4107 ut
2912 4053 3051 4125 Aug.

2365 4144 2393 4199 ὅ
2434 4144 2504 4199 Ut
2533 4145 2671 4201 Attat.
3234 4189 3237 4191 .

2365 4144 2391 4160 °
2533 4145 2610 4197 Att
2653 4182 2671 4201 .
3234 4189 3237 4191 .

2434 4144 2756 4289 gtdnlbfrtus
2797 4233 2986 4289 nobilis
3023 4244 3071 4290 et
3103 4233 3380 4290 bellicosus
3410 4235 3474 4290 de
3502 4232 3811 4304 Babenberg

2039 4438 2272 4498 ΝΟΤιιΕ.

602 4603 749 4681 (liii)
788 4603 892 4681 Alii
921 4618 1117 4681 exstiti
1135 4601 1408 4681 principes
1439 4608 1745 4681 numerant.
1807 4668 1874 4681 Μ

601 4668 750 4745 (416)
791 4674 889 4729 Hic
917 4668 1405 4745 ArbouiisAtistiﬁiie
1444 4672 1773 4745 marchionis
1802 4668 1946 4745 ﬁlius
1973 4678 2112 4745 erat.

601 4739 1063 4819 («inillenedicti
1092 4743 1160 4797 IV
1182 4744 1379 4799 electio
1423 4743 1658 4812 primum
1692 4741 1758 4795 ad
1794 4739 1953 4796 ﬁnem
1985 4740 2114 4796 anni

535 4816 820 4888 sequentis
836 4816 1085 4887 contigit.

599 4880 762 4963 (418)-
792 4880 1021 4963 Regina;
1067 4882 1305 4963 Annales
1350 4882 1615 4963 Metenses
1661 4880 2111 4963 aliiquejobitum

535 4952 649 5030 ejus
699 4952 768 5030 ad
813 4952 899 5012 ιη’
919 4956 1037 5030 Kal.
1067 4954 1351 5008 Decembr.
1404 4953 1529 5030 anni
1576 4952 1931 5030 pratceilentis
1992 4952 2113 5030 reji-

535 5021 703 5085 ciunt.
738 5027 907 5094 Quem
941 5029 1068 5081 item
1098 5041 1296 5079 annum
1326 5021 2113 5094 assignat'Necrologiuinful-
2139 5025 2189 5084 Ι)

536 5102 699 5154 dense
723 5091 861 5167 apud
893 5097 1121 5151 Leibnit.
1154 5096 1341 5167 script.
1371 5091 1607 5167 Brunsv._
1637 5104 1673 5146 t.
1708 5091 1792 5158 Ill,
1825 5108 1878 5161 p.
1915 5092 2038 5146 765.

603 5164 770 5238 (419)
795 5165 1109 5238 μιιίιροιςίυε
1136 5165 1388 5238 ΑιιδιιήίιεΔ
1405 5164 1665 5238 marcliio.

535 5245 554 5294 l
607 5234 753 5309 (420)
794 5234 1174 5309 Ilicdcsinunt
1217 5234 1452 5309 Annales
1501 5234 1813 5297 Fuldenses,
1863 5235 2009 5289 unde
2057 5243 2114 5288 et

536 5305 1361 5396 llegriganuspdeineeps.brevior
1387 5313 1489 5360 est.
1529 5377 1567 5396 ⁸.
1613 5376 1656 5396 ⁸-
1682 5389 1788 5396 nu
1884 5390 1940 5396 η
1997 5374 2111 5396 mh

2221 4596 2535 4651 Brnnnerus
2564 4595 2758 4650 Annal.
2790 4595 2960 4659 Boic.,
2994 4610 3046 4664 p.
3078 4611 3116 4655 ι,
3168 4610 3220 4664 p.
3251 4593 3378 4650 305.
3413 4593 3543 4648 Item
3577 4594 3813 4651 Crusius

2220 4668 2416 4723 Annal.
2465 4668 2627 4722 Suev.
2685 4682 2736 4734 p.
2766 4684 2806 4735 ι,
2858 4667 3029 4737 l.x1.r
3061 4680 3178 4734 cap.
3204 4665 3261 4731 8,
3299 4682 3360 4737 pp.
3392 4665 3660 4737 507,7cui
3693 4667 3812 4737 jam

2220 4737 2459 4794 sublesta
2505 4737 2683 4807 quoad
2714 4738 2813 4792 hoc
2847 4736 2979 4790 ﬁdes
3019 4736 3229 4790 iuoluit.
3278 4735 3481 4807 Cuncta
3536 4736 3657 4791 htec
3698 4735 3812 4791 ina-

2219 4808 2461 4879 gistnon
2491 4806 2631 4879 satis,
2659 4817 2834 4879 tamen
2862 4808 3099 4879 studiose
3130 4814 3432 4879 tractarunt
3458 4806 3691 4861 Bolland
3715 4807 3807 4861 ani

2221 4876 2259 4933 ἱ.
2288 4878 2373 4937 VI.
2404 4878 2540 4946 Aug.
2585 4878 2671 4931 die
2695 4876 2782 4937 28,
2811 4878 2861 4929 in
2895 4877 3013 4931 Vita
3055 4877 3114 4929 Β.
3141 4876 3436 4931 ΑΙιΙοΙίηάίιε
3482 4878 3804 4943 abliatissa',

2218 4964 2271 5018 p.
2298 4948 2421 5001 492.
2456 4946 2573 5018 yid.
2702 4961 2903 5018 annum
2933 4947 3057 5002 799.
3088 4947 3192 5001 Atu
3215 4948 3327 5001 sive
3345 4946 3518 5018 antto
3547 4959 3649 5018 aut
3682 4948 3811 5002 Otto

2216 5016 2398 5072 comes
2458 5016 2929 5086 Kesselburgeusis
2988 5018 3043 5070 in
3097 5026 3271 5073 tractu
3341 5017 3491 5072 lacus
3539 5017 3810 5072 Plumarii

2214 5086 2382 5143 fuisse
2414 5086 2661 5139 truditur.

2289 5157 2437 5228 (425)
2477 5154 2836 5228 Contigithoc
2863 5171 3006 5210 anno
3032 5157 3231 5226 priore.

2287 5224 2436 5300 (42.1)
2478 5224 2678 5300 Ijempe
2711 5226 2763 5278 in
2797 5224 3185 5300 monasterium
3212 5228 3485 5300 detrusus.

2282 5295 2446 5396 ,(425)Ι
2478 5295 2736 5396 Eumden'i
2785 5297 2927 5396 diem
2966 5295 3012 5378 .6
3041 5296 3442 5396 Dec.'plerique
3489 5295 3813 5396 assignant;

2456 5365 2628 5396 o‘m:nu
2670 5364 2916 5396 h'nnaa'nnn
2965 5367 3017 5396 ἷιι
3055 5378 3239 5396 una—In
3278 5366 3386 5396 ιιῖιιιυ
3424 5380 3554 5396 ean--
