3970 5406
582 301 681 356 211

1447 309 1805 368 lll'JRMANN‘l
1845 314 2235 373 CONTRACTI
2269 319 2633 378 AUGIENSIS
2668 324 2973 383 MONACHI

3703 334 3789 389 212

1866 426 2100 483 CODEX
2136 430 2523 490 AUGlENSlS.

580 530 753 630 ferme
781 545 843 597 II,
876 541 931 587 et
963 543 1077 630 post
1106 534 1511 630 buncdoannes
1537 538 1603 605 X,
1640 555 1775 611 papa
1796 538 2035 609 CXXVl,
2056 559 2153 598 an-
2181 560 2226 615 Α
2258 562 2365 617 que
2390 551 2624 605 coenobii
2646 553 2821 608 sancti
2852 552 2991 608 Galli
3023 541 3296 623 defuncto,
3323 555 3585 628 Notingns
3617 560 3665 613 in
3696 564 3793 630 epi-

583 623 673 678 nis
710 639 821 689 XIv,
851 627 1127 680 mensibus
1162 643 1198 682 II
1224 626 1393 700 (459).

654 713 760 769 916
782 715 1043 786 llungarii
1076 718 1202 773 item
1224 720 1428 789 egressi
1480 721 1622 776 inter
1667 722 1773 778 alia
1818 724 1955 779 mala
1989 734 2154 781 totam

577 817 719 871 pene
734 802 1108 880 Alamanniam
1126 806 1247 875 igne
1261 817 1315 862 et
1329 808 1504 878 gladio
1519 812 1901 868 miserabiliter
1918 824 2151 870 vastant.

584 893 781 950 Annal.
810 895 978 953 Saxo.
1010 915 1101 951 an.
1142 898 1267 953 915.
1298 929 1368 949 -—.
1397 900 1515 970 Ipso
1543 919 1686 959 anno
1733 906 1873 975 apud
1920 906 2154 963 Altlieim

580 1003 765 1044 coram
795 992 964 1046 misso
994 993 1290 1061 apostolico
1340 995 1578 1066 synodus
1631 998 1837 1052 habita.
1877 1029 1946 1039 —
1971 1000 2157 1068 Augia:

579 1080 869 1154 Tbietingo
920 1085 1117 1141 abbate
1161 1084 1443 1156 defuncto,
1480 1088 1773 1145 lleribralit
1811 1091 1978 1147 abbas
2033 1092 2152 1158 XX,

574 1175 792 1244 praefuit
818 1177 977 1232 annis
1008 1193 1063 1231 κ.
1094 1177 1246 1247 Apud
1274 1188 1519 1234 sanctum
1550 1180 1758 1236 Gallum
1811 1182 1962 1237 beata
2006 1184 2156 1253 virgo

576 1267 870 1324 Wihorada
903 1270 1107 1325 arctius
1130 1270 1335 1326 inclusa
1368 1281 1471 1326 est.
1499 1271 1692 1342 (lepid.

544 1402 547 1405 .
649 1357 1313 1432 917llnngarii'pervasa,
1362 1369 1418 1415 ul
1469 1372 1786 1432 cmperant,
1816 1364 2152 1428 Alamannia,

577 1449 847 1504 Basileam
879 1450 1067 1505 urbem
1090 1452 1402 1520 destruunt;
1428 1454 1659 1524 indeque
1685 1455 1889 1510 Alsatia
1916 1466 2151 1523 vastata,

578 1543 821 1596 Lolliarii
857 1557 1099 1613 regnum,
1135 1544 1302 1598 multa
1359 1545 1502 1600 mala
1553 1546 1836 1611 facientes,
1871 1548 2150 1603 invadunt.

568 1631 697 1703 Reg.
731 1632 883 1687 Cant.
915 1663 987 1677 --
1008 1634 1342 1705 Erchangcr,
1400 1637 1491 1706 qui
1543 1636 1797 1693 ducatum
1822 1639 2155 1694 Alamanniae

572 1724 871 1791 invaserat,
910 1741 1033 1781 cum
1085 1726 1251 1797 fratre
1278 1727 1566 1784 Bertlioldo
1598 1731 1713 1802 regi
1759 1731 2013 1788 Conrado
2064 1747 2152 1787 re-

569 1816 854 1883 bellantes,
884 1818 1042 1889 eique
1073 1822 1286 1874 tandem
1316 1821 1383 1875 ad
1414 1822 1737 1877 deditionem
1761 1839 1856 1895 spe
1880 1824 2151 1894 pactionis

2256 652 2478 710 seopatu
2519 643 2675 697 annis
2712 660 2805 710 ιγ,
2846 644 3210 702 llartmannus
3252 649 3306 702 in
3333 650 3544 704 abbatia
3596 663 3796 720 quatuor

2255 729 2432 786 ferme
2462 733 2618 787 annis
2645 744 3051 789 successerunt.
3073 736 3159 789 Al.
3198 754 3250 790 a.
3275 737 3399 793 920.

2327 819 2433 883 920
2469 821 2694 877 Carolus
2721 838 2813 877 rex
2842 822 3137 880 Galliarum
3161 827 3214 881 in
3248 827 3531 883 Franciam
3560 830 3699 901 (443)
3728 848 3800 888 ve-

2258 910 2357 962 nit.
2391 910 2545 979 Apud
2578 922 2824 968 sanctutn
2857 912 3070 969 Gallum
3096 914 3376 972 Racbildis
3423 918 3575 991 virgo
3620 921 3798 977 inclusa

2255 1010 2360 1055 est.
2395 999 2587 1068 llepid.

2325 1090 2431 1145 922
2456 1091 2784 1149 Liutliardus
2810 1110 2839 1148 a
2868 1094 3181 1152 Burcliardo
3210 1096 3373 1164 duce,
3413 1115 3669 1170 oppresso
3711 1103 3799 1159 lle-

2256 1182 2655 1254 rilmrtoﬁ“),
2709 1184 2893 1255 Augiae
2943 1187 3288 1257 praepositus,
3316 1198 3372 1243 et
3398 1188 3600 1246 fratres
3630 1193 3679 1246 in
3727 1210 3805 1248 es-

2255 1269 2432 1324 silium
2464 1273 2610 1327 missi
2638 1281 2785 1327 sunt.

2289 1381 2291 1384 ‘
2326 1364 2431 1418 925
2454 1364 2687 1437 Sanguis
2714 1366 2924 1423 Domini
2950 1370 3002 1423 in
3034 1371 3262 1440 Augiam
3285 1371 3514 1429 insulam
3543 1391 3573 1429 a
3600 1377 3804 1445 quadam

2256 1465 2500 1510 matrona
2523 1458 2788 1525 defertur,
2817 1461 2973 1516 sicuti
3008 1462 3204 1518 litteris
3230 1463 3362 1518 inibi
3387 1465 3646 1520 historica
3692 1467 3807 1521 rela—

2256 1546 2402 1606 tione
2439 1547 2588 1618 (445)
2616 1551 2942 1606 continetur.
2973 1552 3127 1622 Apud
3175 1568 3421 1609 sanetum
3460 1554 3674 1611 Gallum
3719 1556 3808 1611 En-

2255 1636 2530 1705 gclbertus
2560 1639 2726 1696 abbas
2748 1638 3073 1698 constitutus
3112 1645 3270 1700 annis
3302 1662 3355 1700 Ix
3414 1647 3631 1715 prmfuit
3656 1648 3805 1717 (446).

2326 1729 2430 1786 924
2479 1729 2713 1786 Sanctus
2744 1732 3058 1789 Voldaricus
3092 1736 3346 1805 Angusta:
3375 1737 3666 1793 Vindeliea:
3714 1739 3811 1807 epi-

2255 1837 2452 1892 scopus
2472 1824 2754 1880 ordinatus
2779 1824 2953 1897 (447),
2967 1826 3102 1881 mira
3122 1827 3326 1896 pietate
3338 1837 3393 1883 et
3415 1828 3677 1899 religione
3694 1844 3811 1898 prae

570 1909 879 1975 venientes,
914 1911 1031 1979 ipso
1051 1911 1276 1980 jubente
1303 1912 1443 1981 apud
1476 1913 1657 1967 villam
1683 1914 1951 1985 Adingam
1995 1915 2146 1987 (440)
2177 1916 2224 1975 Β
2254 1914 2360 1970 fuit
2386 1916 2542 1972 annis
2573 1933 2623 1972 ι..

571 1997 910 2052 decollantur
951 2015 1029 2053 xu
1070 1999 1188 2053 Kal.
1217 1999 1377 2054 Febr.
1412 2000 1609 2055 Chron.
1635 2003 1770 2074 Aug.
1799 2003 1995 2058 Ekkeh.
2020 2005 2141 2075 jam.

642 2089 746 2145 918
769 2088 1114 2144 Burcbardns
1159 2090 1332 2161 (441),
1356 2091 1464 2147 dux
1489 2092 1823 2150 Alamanniae
1844 2094 2042 2162 factus,
2066 2106 2147 2168 ty-

571 2179 854 2233 rannidem
900 2179 1119 2233 invasit.
1179 2179 1457 2236 Conradus
1504 2196 1595 2236 rex
1625 2184 1761 2238 obiit
1811 2184 1962 2258 (442)
2014 2185 2144 2257 Reg.

571 2282 713 2325 cant.

644 2364 814 2436 178‘
860 2365 966 2421 919
1000 2366 1286 2424 lleinrieus
1311 2384 1492 2424 comes
1535 2369 1753 2426 natione
1790 2370 1933 2427 Saxo
1957 2372 2011 2426 in
2057 2387 2142 2427 re-

454 2483 459 2485 -
568 2472 731 2524 gnum
782 2456 1007 2523 electus,
1038 2458 1154 2513 sine
1196 2460 1358 2530 regali
1402 2462 1655 2517 unctione
1694 2465 1940 2533 regnavit
1989 2465 2145 2519 armis

564 2563 721 2602 vaII.
746 2548 1053 2605 Witichind.
1081 2582 1152 2592 —
1175 2552 1359 2624 Pugna
1388 2554 1527 2623 apud
1567 2554 1962 2610 Winterturum
2006 2558 2146 2610 inter

566 2638 893 2695 Ruodolfum
919 2656 1097 2712 regem
1124 2642 1449 2714 Burgundiaa
1477 2654 1532 2699 et
1554 2645 1922 2701 Burebardum
1951 2649 2142 2703 ducem

561 2731 897 2789 Alamanniae
927 2735 1236 2801 commissa,
1289 2751 1382 2791 rex
1414 2753 1444 2791 a
1493 2738 1629 2793 duce
1676 2739 1852 2795 vietus
1904 2739 2142 2812 fugatur.

564 2822 758 2894 Πρρὶιι.
786 2855 856 2865 -
884 2824 1176 2882 Salomone
1196 2827 1448 2898 episcopo
1476 2828 1892 2887 Constanticnse
1921 2833 2142 2887 abbate-

2320 2008 2424 2063 925
2451 2009 2742 2081 llungariis
2770 1994 2897 2066 item
2931 2012 3305 2068 Alamanniam
3334 2014 3607 2068 vastando
3638 2029 3811 2083 perva-

2248 2100 2520 2169 gantibus,
2546 2110 2601 2156 et
2620 2103 2687 2156 ad
2718 2103 3022 2158 emnobinm
3051 2119 3265 2174 quoque
3294 2104 3465 2159 sancti
3508 2103 3649 2159 Galli
3699 2121 3804 2174 per-

2245 2190 2607 2255 venientibus,
2634 2190 2925 2246 Wiborada
2949 2194 3101 2264 virgo
3131 2193 3362 2259 inclusa,
3403 2194 3580 2249 fracta
3610 2196 3757 2255 cella,
3781 2212 3805 2248 a

2252 2282 2487 2352 quodam
2512 2297 2577 2335 ex
2617 2283 2697 2337 eis
2724 2294 3000 2353 perempta
3040 2293 3096 2339 et
3124 2287 3386 2355 martyrio
3414 2295 3698 2349 coronata,
3723 2286 3817 2340 Ra-
3934 2284 3935 2289 “

2247 2371 2878 2442 cbildisquecontectalis
2894 2373 3010 2441 ejus
3039 2374 3199 2430 illaesa
3225 2375 3480 2431 divinitus
3500 2384 3811 2432 conservata

2246 2474 2329 2520 est
2351 2463 2521 2534 (448).

2320 2555 2481 2625 179
2516 2554 2622 2609 926
2661 2554 2950 2625 liungarii,
2998 2563 3206 2610 vastata
3260 2556 3607 2621 Alamannia,
3663 2564 3816 2611 totam

2246 2651 2532 2705 Franciam
2556 2691 2570 2717 ,
2614 2649 2878 2704 Alsatiam
2914 2661 3076 2719 atque
3120 2650 3347 2706 Galliam
3397 2652 3520 2722 igne
3548 2661 3611 2706 et
3651 2650 3816 2722 gladio

2247 2740 2527 2796 saevientes
2548 2748 2894 2808 percurrunt.
2923 2737 3050 2808 Reg.
3081 2750 3220 2793 cont.
3243 2770 3314 2779 ——
3336 2739 3691 2817 Burcbardus
3720 2740 3814 2793 dux

2245 2829 2513 2886 occiditur
2558 2827 2730 2900 (449).
2776 2827 3006 2897 Luitpr.;
3038 2827 3323 2883 Hartman.
3348 2859 3417 2869 —-
3436 2828 3713 2887 Henricus
3738 2844 3821 2883 rex

1549 2941 1998 2999 COMPENDIUM
2041 2942 2133 2999 ΕΧ
2172 2941 2420 2999 CODICE
2456 2939 2817 2995 BEllNOLDl.

633 3030 738 3087 916
770 3031 1034 3103 llungarii
1060 3042 1221 3086 totam
1244 3034 1605 3089 Alemanniam
1629 3036 1747 3105 igne
1776 3047 1823 3089 et
1849 3036 2023 3106 gladio
2050 3054 2140 3090 va—

561 3134 723 3180 stant.
813 3123 1056 3194 Synodus
1143 3142 1322 3179 coram
1401 3128 1559 3180 misso
1641 3128 1914 3196 apostolici
1981 3126 2140 3181 Petro

564 3214 792 3269 Ostiensi
846 3214 995 3285 (450)
1055 3216 1292 3284 episcopo
1341 3217 1482 3284 apud
1505 3217 1709 3269 Atlieim
1756 3227 1828 3270 est
1858 3216 2055 3280 habita,
2085 3218 2139 3270 in

560 3321 665 3373 qua
703 3303 900 3377 synodo
929 3305 1158 3374 generali
1201 3304 1406 3358 decreto
1458 3306 1735 3369 sancitum,
1768 3315 1824 3359 ut
1851 3306 2141 3376 quicunque

560 3394 804 3463 deinceps
829 3394 1057 3448 bannum
1089 3395 1152 3447 ab
1179 3395 1417 3464 episcOpo
1466 3396 1765 3464 impositum
1807 3395 2136 3464 corrupisset,

560 3501 654 3554 per
676 3484 940 3554 jejunium
988 3501 1054 3540 XI.
1086 3485 1289 3539 dierum
1328 3486 1380 3538 in
1400 3502 1534 3556 pane
1571 3496 1773 3541 tantum
1817 3497 1866 3541 et
1904 3504 2042 3557 aqua
2090 3497 2138 3541 et

561 3575 672 3629 sale
697 3576 1026 3630 commissum
1052 3574 1235 3631 lueret.
1257 3577 1409 3646 Apud
1431 3574 1488 3631 S.
1516 3573 1794 3633 Gallum...
1817 3588 1891 3632 est
1914 3578 2134 3633 inclusa.

635 3665 734 3721 917
776 3668 852 3721 Ab
893 3667 1182 3738 llungariis
1231 3667 1444 3724 Basilea
1475 3669 1782 3724 destruitur.
1834 3668 2139 3741 Erclmnger

560 3756 672 3811 dua:
699 3766 745 3811 et
773 3758 939 3827 frater
965 3758 1079 3827 ejus
1104 3757 1450 3813 decollantur.

628 3848 734 3905 918
770 3848 1111 3903 Burcltardus
1164 3848 1274 3902 dua:
1299 3848 1620 3905 Alemannia:
1648 3854 1979 3917 constitutus,
2011 3861 2137 3914 ctc.,

566 3946 628 3992 ut
656 3938 797 4009 Aug.

631 4030 736 4085 919
774 4031 1037 4087 Henricus
1060 4049 1294 4087 comes...
1329 4034 1559 4103 regnavit
1607 4035 1760 4087 anuis
1805 4048 1958 4089 XVIII.
2007 4031 2142 4086 Bur-

563 4120 790 4176 cltardus
821 4122 931 4177 dua:
949 4121 1274 4179 Alemannia:
1319 4122 1657 4194 Rudolplium
1690 4141 1859 4195 regem
1888 4124 2137 4196 Burgun-

2247 3038 2350 3089 dia:
2372 3035 2511 3090 vicit.
2856 3082 2860 3087 .

2312 3125 2418 3179 920
2454 3123 2677 3178 Carolus
2704 3139 2860 3177 rex...
2896 3122 3100 3177 inclusa
3130 3134 3226 3176 est.

2309 3214 2415 3270 925
2454 3214 2682 3285 Sanguis
2737 3212 3015 3268 Domini...
3068 3215 3221 3267 sicuti
3265 3214 3451 3269 litteris
3483 3217 3619 3269 inibi
3659 3219 3821 3271 mani~

2246 3304 2399 3373 [ρειαί
2406 3319 2485 3357 ur.

2316 3394 2420 3449 924
2458 3391 2515 3448 S.
2567 3393 2851 3453 Udalricus
2907 3395 3155 3468 Augusta:
3221 3393 3503 3451 Vindelico:
3557 3400 3825 3468 episcopus

2249 3488 2459 3555 praefuit
2490 3505 2655 3543 annos
2672 3504 2722 3543 ι..

2316 3577 2422 3632 925
2484 3576 2769 3649 llungariis
2815 3580 2937 3634 item
2996 3579 3359 3634 Alemanniam
3423 3584 3827 3639 uastantibus...

2242 3671 2384 3740 virgo
2421 3670 2646 3737 inclusa,
2699 3688 2732 3726 α
2776 3672 3003 3741 quodam
3036 3689 3217 3727 eorum
3248 3685 3537 3743 perempta,
3572 3679 3829 3745 martyrio

2242 3770 2539 3817 coronatur.
2551 3800 2561 3811 ο
2573 3800 2588 3814 .
2620 3771 2921 3817 οοηεεηταια
2947 3770 3043 3821 εει.

2313 3851 2418 3907 926
2456 3851 2506 3905 11
2514 3852 2738 3923 ungarii,
2772 3862 2973 3907 vastata
2994 3852 3325 3918 Alemannia,
3345 3870 3437 3923 per
3460 3863 3631 3908 totam
3659 3853 3831 3907 Fran-

2240 3942 2374 3996 ciam
2395 3981 2411 4008 ,
2442 3941 2700 4002 Alsatiam
2747 3952 2901 4013 atque
2951 3940 3179 3996 Galliam
3224 3942 3343 4013 igne
3372 3952 3419 3996 et
3449 3942 3640 4012 gladio
3670 3943 3831 3997 deste-

2242 4030 2770 4085 viunt.‘Burchardus
2792 4031 2902 4084 dux
2924 4031 3200 4098 occiditur,
3221 4046 3315 4101 pro
3336 4047 3439 4101 quo
3464 4029 3832 4087 Herimannus

2244 4122 2569 4177 Alemanniw
2599 4123 2708 4177 dua:
2738 4122 2976 4192 eﬂ‘lcitur.

2053 4232 2291 4289 NOTAE.

628 4324 778 4398 (459)
813 4324 919 4398 Hie
944 4327 1079 4383 ordo
1099 4328 1346 4384 inversus
1362 4336 1475 4391 est;
1504 4327 1686 4398 Lanlo
1708 4329 1850 4398 enim
1884 4342 1975 4381 an.
2005 4324 2122 4398 914

559 4396 714 4457 obiit,
739 4397 823 4450 cui
849 4398 1035 4451 eodem
1083 4413 1222 4452 anno
1248 4400 1510 4454 successit
1551 4396 1785 4453 Joannes
1807 4397 1874 4458 X.
1922 4406 1972 4450 et
2003 4396 2129 4451 huic

561 4468 793 4536 primum
817 4483 904 4520 an.
936 4468 1040 4522 928
1063 4469 1170 4523 Leo
1194 4468 1281 4535 Vl,
1303 4470 1394 4538 qui
1415 4485 1521 4524 non
1543 4469 1772 4535 duobus,
1801 4468 1895 4523 sed
1921 4474 2127 4537 septem

564 4538 840 4591 mensibus
862 4538 1093 4605 prtefuit.

629 4606 777 4680 (441))
821 4606 950 4680 Qua:
976 4610 1047 4663 sit
1088 4610 1200 4664 lucc
1246 4608 1371 4663 villa
1415 4610 1641 4680 Adinga,
1696 4607 2126 4680 haudnotatum

2236 4325 2553 4396 Engelberg.
2632 4334 2784 4380 notat
2851 4324 2995 4380 diem
3068 4341 3121 4381 vr
3162 4324 3219 4380 Id
3258 4322 3394 4380 Nov.
3453 4322 3579 4380 νεά.
3630 4326 3831 4381 Annal.

2237 4393 2449 4536 Ϊςαᾶἳϐ)
2501 4466 2846 4536 llepidannus
2880 4464 2983 4520 hoc
3010 4464 3076 4519 ad
3131 4480 3331 4521 annum
3381 4476 3716 4534 sequentem
3776 4483 3835 4523 e-

2236 4534 2451 4677 radi“)
2485 4605 2704 4662 Scilicet
2744 4605 2831 4661 die
2855 4605 2924 4662 28
2967 4604 3095 4660 Dec.
3139 4619 3226 4659 an.
3270 4603 3396 4659 925.
3444 4602 3582 4674 Pag.
3636 4608 3713 4660 ad
3743 4625 3835 4661 an.

559 4678 1017 4750 reperisvidetur
1039 4689 1215 4750 autem
1243 4694 1363 4734 esse
1406 4676 1619 4750 Ottinga
1665 4680 1814 4733 vicus
1854 4677 1908 4733 in
1938 4678 2126 4733 eodem
2163 4740 2194 4750 λ
2235 4676 2360 4750 924.

556 4740 695 4819 pago
726 4748 1016 4802 Rhaetiensi
1040 4750 1105 4803 ad
1134 4748 1444 4803 Wernizam
1476 4740 1708 4804 am'uem.
2062 4817 2069 4819 ξ
2160 4740 2211 4798 1)

632 4819 781 4889 (Ml)
833 4818 1037 4874 Sueaiie
1085 4820 1379 4888 principum
1448 4836 1662 4873 assensu
1711 4821 1962 4874 statuitur
2004 4817 2135 4873 Ala-

559 4888 765 4942 mannis
799 4888 908 4942 dux
927 4890 1125 4956 primus
1155 4890 1491 4943 Burchardus
1535 4891 1699 4958 gentis
1742 4889 1904 4943 illius‘
1926 4889 2138 4944 nobilis-

560 4959 723 5027 simus
767 4968 812 5010 et
852 4959 1097 5012 virtutum
1162 4961 1280 5013 dote
1320 4960 1747 5027 probatissimus;
1796 4961 1956 5015 verba
2009 4967 2136 5015 sunt

562 5026 868 5100 Ekkeltardi
910 5027 1229 5100 Jllltiol‘iSAp.
1267 5026 1353 5085 19.
1401 5028 1475 5084 De
1503 5044 1567 5086 eo
1596 5030 1704 5085 vid.
1737 5029 2042 5086 Tentzelius
2080 5029 2133 5082 in

562 5098 815 5152 vindiciis
837 5115 888 5167 p.
914 5098 1037 5160 218,
1068 5098 1193 5154 228.

634 5168 783 5250 (442)
802 5184 862 5250 μί.
889 5168 1006 5223 Kal.
1033 5167 1154 5223 Jan.
1186 5185 1253 5224 ex
1280 5169 1523 5226 Mariano
1550 5168 1716 5225 Scoto
1737 5179 1792 5225 et
1818 5167 2133 5237 Necrologio

562 5233 836 5291 FttldeII'si.
2049 5233 2072 5237 —

561 5378 574 5389 ο
633 5308 779 5379 (445)
826 5307 1052 5406 Cp‘tr'olus
1071 5310 1296 5406 simplex
1327 5306 2133 5406 Gali..rei‘cozitr-a'lﬂearjﬁnpl

2303 4747 2457 4816 (448)
2491 4745 2617 4816 ίνίἀ.
2643 4744 2992 4816 llopidannns
3016 4743 3206 4816 .lunior
3234 4744 3460 4816 de_\'ita
3486 4755 3543 4816 et
3581 4748 3837 4802 miracu-

2237 4814 2319 4870 lis
2346 4817 2402 4870 S.
2433 4814 2743 4871 Wiborada:
2777 4818 2914 4885 apud
2947 4814 3259 4875 Goldastum
3303 4814 3433 4868 Rer.
3471 4814 3675 4871 Germ.
3705 4827 3746 4872 t.
3788 4817 3834 4879 l,

2236 4904 2460 5026 po
2503 4955 2725 5011 Scilicet
2770 4955 2826 5026 in
2873 4954 3021 5026 llalia
3047 4953 3656 5026 RudolfoBurgnndize
3723 4939 3840 5025 regi

2237 5023 2496 5081 ausilium
2523 5028 2720 5082 ferens.
2751 5024 2942 5079 Chron.
2990 5025 3123 5079 Sam.
3154 5024 3209 5077 In
3238 5024 3376 5077 libro
3402 5023 3841 5081 frater-uitatum

2240 5095 2296 5151 S.
2322 5099 2456 5152 Galli
2483 5097 2805 5168 (Gocnssrq
2834 5107 2870 5150 t.
2890 5094 2949 5153 11,
2977 5109 3030 5168 p.
3065 5093 3186 5168 153)
3207 5094 3294 5147 ubi
3321 5094 3585 5148 solemnis
3603 5112 3843 5166 quoque

2238 5165 2681 5222 commemoratio
2730 5178 2826 5235 pro
2871 5179 2936 5235 eo
2968 5165 3227 5235 instituta
3280 5172 3390 5235 est,
3450 5173 3696 5235 notatur
3752 5165 3843 5218 die

2238 5238 2416 5291 obitus
2442 5253 2501 5291 III
2544 5239 2595 5292 d.
2624 5232 2779 5292 Novi,
2811 5250 2862 5288 a.
2891 5234 3014 5288 925.
3052 5233 3157 5289 Sed
3189 5235 3239 5287 in
3284 5232 3557 5288 Chronico
3594 5234 3663 5288 S.
3695 5236 3844 5291 Galli

2239 5307 2579 5376 (Ducussss,
2613 5305 2820 5406 “tal‘lll‘5
2860 5319 2911 5406 pl.
2945 5304 3078 5406 471)
3129 5319 3266 5384 equo
3310 5301 3565 5406 delapsu's
3619 5306 3845 5360 obiisse

2239 5378 2493 5406 οηηει.;ι....
2539 5392 2564 5406 η
2648 5392 2666 5406 ν
2703 5377 2715 5393 ο
2914 5374 2980 5406 ..ις
3068 5390 3175 5406 ιιιηη
3205 5389 3242 5406 ιι
3296 5387 3417 5406 nn-n
3447 5388 3517 5406 nn
3544 5388 3576 5406 σι
3616 5389 3841 5406 ann"...

2469 5393 2493 5406 ιι
2539 5392 2564 5406 η
2613 5377 2715 5406 Λὸὶιξ
2786 5377 2820 5406 ὦ
2861 5377 2980 5406 Mn“
3047 5377 3175 5406 Γηιιῖη
3205 5389 3242 5406 ιι
3296 5387 3417 5406 nn-n
3447 5381 3576 5406 nnln
3616 5389 3779 5406 nn...-
