  <div class='ocr_page' id='page_1' title='image "/cluster/home/n/w/nwhite01/storage/ocr_20150623/143/hvd.32044015471816/114.png"; bbox 0 0 3970 5406; ppageno 0'>
   <div class='ocr_carea' id='block_1_1' title="bbox 177 378 269 439">
    <p class='ocr_par' dir='ltr' id='par_1_1' title="bbox 177 378 269 439">
     <span class='ocr_line' id='line_1_1' title="bbox 177 378 269 439; baseline -0.022 0"><span class='ocrx_word' id='word_1_1' title='bbox 177 378 269 439; x_wconf 72' lang='grc' dir='ltr'><strong>2ίῖ</strong></span> 
     </span>
    </p>
   </div>
   <div class='ocr_carea' id='block_1_2' title="bbox 1373 373 2214 435">
    <p class='ocr_par' dir='ltr' id='par_1_2' title="bbox 1373 373 2214 435">
     <span class='ocr_line' id='line_1_2' title="bbox 1373 373 2214 435; baseline -0.008 0"><span class='ocrx_word' id='word_1_2' title='bbox 1373 375 1787 435; x_wconf 70' lang='grc' dir='ltr'><strong>(ῑιιῐιοΝιοοΝ.</strong></span> <span class='ocrx_word' id='word_1_3' title='bbox 1828 405 1896 416; x_wconf 89' lang='grc'><strong>--</strong></span> <span class='ocrx_word' id='word_1_4' title='bbox 1934 373 2108 431; x_wconf 63' lang='grc' dir='ltr'><strong>ειπερ.</strong></span> <span class='ocrx_word' id='word_1_5' title='bbox 2149 374 2214 429; x_wconf 80' lang='grc' dir='ltr'><strong>Χ.</strong></span> 
     </span>
    </p>
   </div>
   <div class='ocr_carea' id='block_1_3' title="bbox 3309 377 3413 433">
    <p class='ocr_par' dir='ltr' id='par_1_3' title="bbox 3309 377 3413 433">
     <span class='ocr_line' id='line_1_3' title="bbox 3309 377 3413 433; baseline 0.019 -2"><span class='ocrx_word' id='word_1_6' title='bbox 3309 377 3413 433; x_wconf 73' lang='lat'><strong>218</strong></span> 
     </span>
    </p>
   </div>
   <div class='ocr_carea' id='block_1_4' title="bbox 2492 465 2520 503">
    <p class='ocr_par' dir='ltr' id='par_1_4' title="bbox 2492 465 2520 503">
     <span class='ocr_line' id='line_1_4' title="bbox 2492 465 2520 503; baseline 0 -13"><span class='ocrx_word' id='word_1_7' title='bbox 2492 465 2520 503; x_wconf 61' lang='grc' dir='ltr'><strong>φ</strong></span> 
     </span>
    </p>
   </div>
   <div class='ocr_carea' id='block_1_5' title="bbox 1426 511 2087 571">
    <p class='ocr_par' dir='ltr' id='par_1_5' title="bbox 1426 511 2087 571">
     <span class='ocr_line' id='line_1_5' title="bbox 1426 511 2087 571; baseline -0.005 -3"><span class='ocrx_word' id='word_1_8' title='bbox 1426 513 1658 571; x_wconf 75' lang='lat' dir='ltr'><strong>CODEX</strong></span> <span class='ocrx_word' id='word_1_9' title='bbox 1696 511 2087 569; x_wconf 78' lang='lat' dir='ltr'><strong>AUGIENSIS.</strong></span> 
     </span>
    </p>
   </div>
   <div class='ocr_carea' id='block_1_6' title="bbox 235 616 3409 692">
    <p class='ocr_par' dir='ltr' id='par_1_6' title="bbox 235 616 3409 692">
     <span class='ocr_line' id='line_1_6' title="bbox 235 616 3409 692; baseline -0.002 -5"><span class='ocrx_word' id='word_1_10' title='bbox 235 632 332 687; x_wconf 77' lang='lat'><strong>953</strong></span> <span class='ocrx_word' id='word_1_11' title='bbox 359 628 484 685; x_wconf 86' lang='lat' dir='ltr'><strong>Otto</strong></span> <span class='ocrx_word' id='word_1_12' title='bbox 518 644 606 683; x_wconf 75' lang='lat' dir='ltr'><strong>rex</strong></span> <span class='ocrx_word' id='word_1_13' title='bbox 647 626 800 683; x_wconf 90' lang='lat' dir='ltr'><strong>fratri</strong></span> <span class='ocrx_word' id='word_1_14' title='bbox 833 620 1068 682; x_wconf 81' lang='lat' dir='ltr'><strong>Henrico</strong></span> <span class='ocrx_word' id='word_1_15' title='bbox 1099 623 1289 681; x_wconf 87' lang='lat' dir='ltr'><strong>favens</strong></span> <span class='ocrx_word' id='word_1_16' title='bbox 1328 624 1496 681; x_wconf 90' lang='lat' dir='ltr'><strong>ﬁlium</strong></span> <span class='ocrx_word' id='word_1_17' title='bbox 1536 616 1731 681; x_wconf 83' lang='lat' dir='ltr'><strong>contra</strong></span> <span class='ocrx_word' id='word_1_18' title='bbox 1759 627 1806 688; x_wconf 79' lang='grc' dir='ltr'><strong>Α</strong></span> <span class='ocrx_word' id='word_1_19' title='bbox 1834 623 2004 677; x_wconf 86' lang='lat' dir='ltr'><strong>armis</strong></span> <span class='ocrx_word' id='word_1_20' title='bbox 2060 623 2552 690; x_wconf 90' lang='lat' dir='ltr'><strong>circumstrepunt;</strong></span> <span class='ocrx_word' id='word_1_21' title='bbox 2608 620 2701 676; x_wconf 92' lang='lat' dir='ltr'><strong>scd</strong></span> <span class='ocrx_word' id='word_1_22' title='bbox 2728 658 2744 684; x_wconf 89' lang='lat'><strong>,</strong></span> <span class='ocrx_word' id='word_1_23' title='bbox 2807 623 3227 692; x_wconf 86' lang='lat' dir='ltr'><strong>superveniente</strong></span> <span class='ocrx_word' id='word_1_24' title='bbox 3285 640 3409 681; x_wconf 90' lang='lat' dir='ltr'><strong>cum</strong></span> 
     </span>
    </p>
   </div>
   <div class='ocr_carea' id='block_1_7' title="bbox 174 717 1727 787">
    <p class='ocr_par' dir='ltr' id='par_1_7' title="bbox 174 717 1727 787">
     <span class='ocr_line' id='line_1_7' title="bbox 174 717 1727 787; baseline -0.005 -9"><span class='ocrx_word' id='word_1_25' title='bbox 174 737 226 778; x_wconf 83' lang='lat' dir='ltr'><strong>se</strong></span> <span class='ocrx_word' id='word_1_26' title='bbox 251 718 811 781; x_wconf 87' lang='lat' dir='ltr'><strong>ineitavitLuitolfum,</strong></span> <span class='ocrx_word' id='word_1_27' title='bbox 840 731 1144 787; x_wconf 85' lang='lat' dir='ltr'><strong>magnaque</strong></span> <span class='ocrx_word' id='word_1_28' title='bbox 1166 717 1331 771; x_wconf 86' lang='lat' dir='ltr'><strong>totius</strong></span> <span class='ocrx_word' id='word_1_29' title='bbox 1358 717 1509 786; x_wconf 76' lang='lat' dir='ltr'><strong>regni</strong></span> <span class='ocrx_word' id='word_1_30' title='bbox 1540 717 1727 771; x_wconf 88' lang='lat' dir='ltr'><strong>turba-</strong></span> 
     </span>
    </p>
   </div>
   <div class='ocr_carea' id='block_1_8' title="bbox 173 802 1728 878">
    <p class='ocr_par' dir='ltr' id='par_1_8' title="bbox 173 802 1728 878">
     <span class='ocr_line' id='line_1_8' title="bbox 173 802 1728 878; baseline -0.006 -10"><span class='ocrx_word' id='word_1_31' title='bbox 173 813 240 868; x_wconf 89' lang='lat' dir='ltr'><strong>tio</strong></span> <span class='ocrx_word' id='word_1_32' title='bbox 266 812 594 867; x_wconf 83' lang='lat' dir='ltr'><strong>diversarum</strong></span> <span class='ocrx_word' id='word_1_33' title='bbox 614 808 811 863; x_wconf 87' lang='lat' dir='ltr'><strong>studiis</strong></span> <span class='ocrx_word' id='word_1_34' title='bbox 832 808 1068 878; x_wconf 88' lang='lat' dir='ltr'><strong>partium</strong></span> <span class='ocrx_word' id='word_1_35' title='bbox 1096 806 1239 861; x_wconf 86' lang='lat' dir='ltr'><strong>facta</strong></span> <span class='ocrx_word' id='word_1_36' title='bbox 1264 816 1366 862; x_wconf 89' lang='lat' dir='ltr'><strong>est.</strong></span> <span class='ocrx_word' id='word_1_37' title='bbox 1401 802 1525 877; x_wconf 76' lang='lat' dir='ltr'><strong>Reg.</strong></span> <span class='ocrx_word' id='word_1_38' title='bbox 1550 816 1728 871; x_wconf 80' lang='lat' dir='ltr'><strong>cont.,&#39;</strong></span> 
     </span>
    </p>
   </div>
   <div class='ocr_carea' id='block_1_9' title="bbox 177 896 1731 972">
    <p class='ocr_par' dir='ltr' id='par_1_9' title="bbox 177 896 1731 972">
     <span class='ocr_line' id='line_1_9' title="bbox 177 896 1731 972; baseline -0.005 -14"><span class='ocrx_word' id='word_1_39' title='bbox 177 901 459 959; x_wconf 72' lang='lat' dir='ltr'><strong>li&#39;iticliind.</strong></span> <span class='ocrx_word' id='word_1_40' title='bbox 515 931 585 941; x_wconf 88' lang='lat'><strong>—-</strong></span> <span class='ocrx_word' id='word_1_41' title='bbox 616 898 780 972; x_wconf 60' lang='lat'><strong>185</strong></span> <span class='ocrx_word' id='word_1_42' title='bbox 815 896 1072 953; x_wconf 78' lang='lat' dir='ltr'><strong>Arnolqu</strong></span> <span class='ocrx_word' id='word_1_43' title='bbox 1110 897 1255 953; x_wconf 82' lang='lat' dir='ltr'><strong>ﬁlius</strong></span> <span class='ocrx_word' id='word_1_44' title='bbox 1293 896 1520 959; x_wconf 81' lang='lat' dir='ltr'><strong>Arnolli,</strong></span> <span class='ocrx_word' id='word_1_45' title='bbox 1557 912 1731 968; x_wconf 82' lang='lat' dir='ltr'><strong>quon-</strong></span> 
     </span>
    </p>
   </div>
   <div class='ocr_carea' id='block_1_10' title="bbox 170 988 1728 1061">
    <p class='ocr_par' dir='ltr' id='par_1_10' title="bbox 170 988 1728 1061">
     <span class='ocr_line' id='line_1_10' title="bbox 170 988 1728 1061; baseline -0.005 -12"><span class='ocrx_word' id='word_1_46' title='bbox 170 995 277 1049; x_wconf 80' lang='lat' dir='ltr'><strong>dam</strong></span> <span class='ocrx_word' id='word_1_47' title='bbox 305 993 455 1047; x_wconf 90' lang='lat' dir='ltr'><strong>ducis</strong></span> <span class='ocrx_word' id='word_1_48' title='bbox 489 991 833 1053; x_wconf 76' lang='lat' dir='ltr'><strong>Noricorum,</strong></span> <span class='ocrx_word' id='word_1_49' title='bbox 883 989 1134 1061; x_wconf 86' lang='lat' dir='ltr'><strong>partibus</strong></span> <span class='ocrx_word' id='word_1_50' title='bbox 1188 1002 1248 1045; x_wconf 81' lang='lat' dir='ltr'><strong>se</strong></span> <span class='ocrx_word' id='word_1_51' title='bbox 1294 988 1508 1043; x_wconf 87' lang='lat' dir='ltr'><strong>Luitolﬁ</strong></span> <span class='ocrx_word' id='word_1_52' title='bbox 1538 995 1728 1043; x_wconf 86' lang='lat' dir='ltr'><strong>contra</strong></span> 
     </span>
    </p>
   </div>
   <div class='ocr_carea' id='block_1_11' title="bbox 168 1079 1732 1156">
    <p class='ocr_par' dir='ltr' id='par_1_11' title="bbox 168 1079 1732 1156">
     <span class='ocr_line' id='line_1_11' title="bbox 168 1079 1732 1156; baseline -0.003 -20"><span class='ocrx_word' id='word_1_53' title='bbox 168 1098 329 1156; x_wconf 85' lang='lat' dir='ltr'><strong>regem</strong></span> <span class='ocrx_word' id='word_1_54' title='bbox 352 1082 608 1153; x_wconf 73' lang='lat' dir='ltr'><strong>iungens,</strong></span> <span class='ocrx_word' id='word_1_55' title='bbox 632 1081 1024 1151; x_wconf 78' lang='lat' dir='ltr'><strong>Augustensem</strong></span> <span class='ocrx_word' id='word_1_56' title='bbox 1047 1080 1236 1135; x_wconf 88' lang='lat' dir='ltr'><strong>urbem</strong></span> <span class='ocrx_word' id='word_1_57' title='bbox 1251 1079 1732 1149; x_wconf 83' lang='lat' dir='ltr'><strong>episcopatumque</strong></span> 
     </span>
    </p>
   </div>
   <div class='ocr_carea' id='block_1_12' title="bbox 171 1169 1727 1244">
    <p class='ocr_par' dir='ltr' id='par_1_12' title="bbox 171 1169 1727 1244">
     <span class='ocr_line' id='line_1_12' title="bbox 171 1169 1727 1244; baseline -0.003 -17"><span class='ocrx_word' id='word_1_58' title='bbox 171 1174 510 1244; x_wconf 78' lang='lat' dir='ltr'><strong>depraedatur,</strong></span> <span class='ocrx_word' id='word_1_59' title='bbox 542 1182 595 1226; x_wconf 88' lang='lat' dir='ltr'><strong>et</strong></span> <span class='ocrx_word' id='word_1_60' title='bbox 629 1173 843 1228; x_wconf 88' lang='lat' dir='ltr'><strong>beatum</strong></span> <span class='ocrx_word' id='word_1_61' title='bbox 870 1169 1217 1226; x_wconf 68' lang='lat' dir='ltr'><strong>Vodalricum</strong></span> <span class='ocrx_word' id='word_1_62' title='bbox 1249 1170 1585 1240; x_wconf 89' lang='lat' dir='ltr'><strong>episcopum,</strong></span> <span class='ocrx_word' id='word_1_63' title='bbox 1613 1169 1727 1238; x_wconf 86' lang='lat' dir='ltr'><strong>regi</strong></span> 
     </span>
    </p>
   </div>
   <div class='ocr_carea' id='block_1_13' title="bbox 168 1261 1730 1334">
    <p class='ocr_par' dir='ltr' id='par_1_13' title="bbox 168 1261 1730 1334">
     <span class='ocr_line' id='line_1_13' title="bbox 168 1261 1730 1334; baseline -0.005 -13"><span class='ocrx_word' id='word_1_64' title='bbox 168 1266 335 1328; x_wconf 72' lang='lat' dir='ltr'><strong>ﬁdum,</strong></span> <span class='ocrx_word' id='word_1_65' title='bbox 377 1265 429 1319; x_wconf 91' lang='lat' dir='ltr'><strong>in</strong></span> <span class='ocrx_word' id='word_1_66' title='bbox 456 1263 683 1319; x_wconf 87' lang='lat' dir='ltr'><strong>castello</strong></span> <span class='ocrx_word' id='word_1_67' title='bbox 715 1262 1095 1334; x_wconf 82' lang='lat' dir='ltr'><strong>Mandichinga</strong></span> <span class='ocrx_word' id='word_1_68' title='bbox 1129 1261 1281 1332; x_wconf 73' lang='grc' dir='ltr'>(ιιι)</span> <span class='ocrx_word' id='word_1_69' title='bbox 1310 1261 1593 1316; x_wconf 84' lang='lat' dir='ltr'><strong>obsessum</strong></span> <span class='ocrx_word' id='word_1_70' title='bbox 1637 1276 1730 1314; x_wconf 84' lang='lat' dir='ltr'><strong>ca-</strong></span> 
     </span>
    </p>
   </div>
   <div class='ocr_carea' id='block_1_14' title="bbox 165 1352 1728 1427">
    <p class='ocr_par' dir='ltr' id='par_1_14' title="bbox 165 1352 1728 1427">
     <span class='ocr_line' id='line_1_14' title="bbox 165 1352 1728 1427; baseline -0.001 -20"><span class='ocrx_word' id='word_1_71' title='bbox 165 1370 279 1427; x_wconf 84' lang='lat' dir='ltr'><strong>pere</strong></span> <span class='ocrx_word' id='word_1_72' title='bbox 306 1355 385 1410; x_wconf 88' lang='lat' dir='ltr'><strong>vel</strong></span> <span class='ocrx_word' id='word_1_73' title='bbox 432 1355 692 1410; x_wconf 87' lang='lat' dir='ltr'><strong>occidere</strong></span> <span class='ocrx_word' id='word_1_74' title='bbox 736 1354 962 1420; x_wconf 85' lang='lat' dir='ltr'><strong>nititur;</strong></span> <span class='ocrx_word' id='word_1_75' title='bbox 1008 1353 1124 1418; x_wconf 90' lang='lat' dir='ltr'><strong>sed,</strong></span> <span class='ocrx_word' id='word_1_76' title='bbox 1157 1352 1576 1424; x_wconf 85' lang='lat' dir='ltr'><strong>superveniente</strong></span> <span class='ocrx_word' id='word_1_77' title='bbox 1604 1368 1728 1407; x_wconf 93' lang='lat' dir='ltr'><strong>cum</strong></span> 
     </span>
    </p>
   </div>
   <div class='ocr_carea' id='block_1_15' title="bbox 169 1440 1724 1512">
    <p class='ocr_par' dir='ltr' id='par_1_15' title="bbox 169 1440 1724 1512">
     <span class='ocr_line' id='line_1_15' title="bbox 169 1440 1724 1512; baseline -0.001 -17"><span class='ocrx_word' id='word_1_78' title='bbox 169 1442 321 1512; x_wconf 78' lang='lat' dir='ltr'><strong>copiis</strong></span> <span class='ocrx_word' id='word_1_79' title='bbox 347 1441 581 1495; x_wconf 89' lang='lat' dir='ltr'><strong>militum</strong></span> <span class='ocrx_word' id='word_1_80' title='bbox 614 1440 913 1512; x_wconf 84' lang='lat' dir='ltr'><strong>Adalperto</strong></span> <span class='ocrx_word' id='word_1_81' title='bbox 940 1443 1008 1497; x_wconf 88' lang='lat' dir='ltr'><strong>de</strong></span> <span class='ocrx_word' id='word_1_82' title='bbox 1037 1440 1304 1497; x_wconf 77' lang='lat' dir='ltr'><strong>Marbtale</strong></span> <span class='ocrx_word' id='word_1_83' title='bbox 1331 1440 1530 1496; x_wconf 86' lang='lat' dir='ltr'><strong>comite</strong></span> <span class='ocrx_word' id='word_1_84' title='bbox 1554 1440 1724 1511; x_wconf 72' lang='grc'>(472).</span> 
     </span>
    </p>
   </div>
   <div class='ocr_carea' id='block_1_16' title="bbox 164 1533 1728 1605">
    <p class='ocr_par' dir='ltr' id='par_1_16' title="bbox 164 1533 1728 1605">
     <span class='ocr_line' id='line_1_16' title="bbox 164 1533 1728 1605; baseline -0.003 -14"><span class='ocrx_word' id='word_1_85' title='bbox 164 1547 213 1591; x_wconf 82' lang='lat' dir='ltr'><strong>et</strong></span> <span class='ocrx_word' id='word_1_86' title='bbox 244 1533 592 1604; x_wconf 75' lang='lat' dir='ltr'><strong>Theodpaldo</strong></span> <span class='ocrx_word' id='word_1_87' title='bbox 640 1534 879 1605; x_wconf 77' lang='lat' dir='ltr'><strong>episcopi</strong></span> <span class='ocrx_word' id='word_1_88' title='bbox 918 1534 1091 1590; x_wconf 80' lang='lat' dir='ltr'><strong>fratre</strong></span> <span class='ocrx_word' id='word_1_89' title='bbox 1136 1533 1264 1590; x_wconf 90' lang='lat' dir='ltr'><strong>item</strong></span> <span class='ocrx_word' id='word_1_90' title='bbox 1313 1534 1513 1589; x_wconf 89' lang='lat' dir='ltr'><strong>comite</strong></span> <span class='ocrx_word' id='word_1_91' title='bbox 1551 1548 1728 1604; x_wconf 90' lang='lat' dir='ltr'><strong>pugna</strong></span> 
     </span>
    </p>
   </div>
   <div class='ocr_carea' id='block_1_17' title="bbox 164 1624 1729 1697">
    <p class='ocr_par' dir='ltr' id='par_1_17' title="bbox 164 1624 1729 1697">
     <span class='ocr_line' id='line_1_17' title="bbox 164 1624 1729 1697; baseline -0.002 -16"><span class='ocrx_word' id='word_1_92' title='bbox 164 1627 319 1681; x_wconf 78' lang='lat' dir='ltr'><strong>victus</strong></span> <span class='ocrx_word' id='word_1_93' title='bbox 363 1637 419 1682; x_wconf 89' lang='lat' dir='ltr'><strong>et</strong></span> <span class='ocrx_word' id='word_1_94' title='bbox 473 1626 711 1696; x_wconf 86' lang='lat' dir='ltr'><strong>turpiter</strong></span> <span class='ocrx_word' id='word_1_95' title='bbox 755 1625 1004 1697; x_wconf 86' lang='lat' dir='ltr'><strong>repulsus</strong></span> <span class='ocrx_word' id='word_1_96' title='bbox 1054 1633 1141 1681; x_wconf 87' lang='lat' dir='ltr'><strong>est</strong></span> <span class='ocrx_word' id='word_1_97' title='bbox 1192 1625 1483 1695; x_wconf 84' lang='lat' dir='ltr'><strong>divinaque</strong></span> <span class='ocrx_word' id='word_1_98' title='bbox 1523 1624 1729 1679; x_wconf 88' lang='lat' dir='ltr'><strong>ultione</strong></span> 
     </span>
    </p>
   </div>
   <div class='ocr_carea' id='block_1_18' title="bbox 162 1718 1728 1791">
    <p class='ocr_par' dir='ltr' id='par_1_18' title="bbox 162 1718 1728 1791">
     <span class='ocr_line' id='line_1_18' title="bbox 162 1718 1728 1791; baseline -0.004 -15"><span class='ocrx_word' id='word_1_99' title='bbox 162 1727 267 1776; x_wconf 81' lang='lat' dir='ltr'><strong>cuni</strong></span> <span class='ocrx_word' id='word_1_100' title='bbox 291 1720 502 1777; x_wconf 80' lang='lat' dir='ltr'><strong>cunctis</strong></span> <span class='ocrx_word' id='word_1_101' title='bbox 531 1720 839 1777; x_wconf 77' lang='lat' dir='ltr'><strong>fautoribus</strong></span> <span class='ocrx_word' id='word_1_102' title='bbox 865 1736 974 1776; x_wconf 91' lang='lat' dir='ltr'><strong>non</strong></span> <span class='ocrx_word' id='word_1_103' title='bbox 1016 1720 1189 1776; x_wconf 85' lang='lat' dir='ltr'><strong>multo</strong></span> <span class='ocrx_word' id='word_1_104' title='bbox 1216 1729 1338 1791; x_wconf 82' lang='lat' dir='ltr'><strong>post</strong></span> <span class='ocrx_word' id='word_1_105' title='bbox 1364 1720 1524 1790; x_wconf 89' lang='lat' dir='ltr'><strong>digne</strong></span> <span class='ocrx_word' id='word_1_106' title='bbox 1567 1718 1728 1789; x_wconf 91' lang='lat' dir='ltr'><strong>puni-</strong></span> 
     </span>
    </p>
   </div>
   <div class='ocr_carea' id='block_1_19' title="bbox 162 1809 1726 1883">
    <p class='ocr_par' dir='ltr' id='par_1_19' title="bbox 162 1809 1726 1883">
     <span class='ocr_line' id='line_1_19' title="bbox 162 1809 1726 1883; baseline -0.003 -18"><span class='ocrx_word' id='word_1_107' title='bbox 162 1820 252 1866; x_wconf 79' lang='lat' dir='ltr'><strong>tus.</strong></span> <span class='ocrx_word' id='word_1_108' title='bbox 280 1810 335 1865; x_wconf 90' lang='lat' dir='ltr'><strong>ln</strong></span> <span class='ocrx_word' id='word_1_109' title='bbox 387 1827 451 1867; x_wconf 89' lang='lat' dir='ltr'><strong>ea</strong></span> <span class='ocrx_word' id='word_1_110' title='bbox 504 1811 892 1883; x_wconf 70' lang='lat' dir='ltr'><strong>congressione</strong></span> <span class='ocrx_word' id='word_1_111' title='bbox 928 1809 1253 1881; x_wconf 84' lang='lat' dir='ltr'><strong>Adalpertus</strong></span> <span class='ocrx_word' id='word_1_112' title='bbox 1301 1823 1485 1863; x_wconf 89' lang='lat' dir='ltr'><strong>comes</strong></span> <span class='ocrx_word' id='word_1_113' title='bbox 1535 1822 1726 1878; x_wconf 88' lang='lat' dir='ltr'><strong>parum</strong></span> 
     </span>
    </p>
   </div>
   <div class='ocr_carea' id='block_1_20' title="bbox 162 1896 1727 1968">
    <p class='ocr_par' dir='ltr' id='par_1_20' title="bbox 162 1896 1727 1968">
     <span class='ocr_line' id='line_1_20' title="bbox 162 1896 1727 1968; baseline -0.003 -13"><span class='ocrx_word' id='word_1_114' title='bbox 162 1903 453 1957; x_wconf 85' lang='lat' dir='ltr'><strong>vulneratus</strong></span> <span class='ocrx_word' id='word_1_115' title='bbox 482 1901 720 1956; x_wconf 88' lang='lat' dir='ltr'><strong>moritur</strong></span> <span class='ocrx_word' id='word_1_116' title='bbox 767 1908 823 1955; x_wconf 86' lang='lat' dir='ltr'><strong>et</strong></span> <span class='ocrx_word' id='word_1_117' title='bbox 862 1914 891 1953; x_wconf 83' lang='grc' dir='ltr'><strong>ιι</strong></span> <span class='ocrx_word' id='word_1_118' title='bbox 940 1910 1132 1954; x_wconf 91' lang='lat' dir='ltr'><strong>sancto</strong></span> <span class='ocrx_word' id='word_1_119' title='bbox 1177 1898 1432 1968; x_wconf 88' lang='lat' dir='ltr'><strong>episcopo</strong></span> <span class='ocrx_word' id='word_1_120' title='bbox 1471 1896 1727 1966; x_wconf 66' lang='lat' dir='ltr'><strong>Angusta:</strong></span> 
     </span>
    </p>
   </div>
   <div class='ocr_carea' id='block_1_21' title="bbox 1828 712 3411 786">
    <p class='ocr_par' dir='ltr' id='par_1_21' title="bbox 1828 712 3411 786">
     <span class='ocr_line' id='line_1_21' title="bbox 1828 712 3411 786; baseline 0.001 -17"><span class='ocrx_word' id='word_1_121' title='bbox 1828 714 2073 770; x_wconf 76' lang='lat' dir='ltr'><strong>exercitu</strong></span> <span class='ocrx_word' id='word_1_122' title='bbox 2100 714 2297 771; x_wconf 87' lang='lat' dir='ltr'><strong>Ottonc</strong></span> <span class='ocrx_word' id='word_1_123' title='bbox 2329 730 2456 785; x_wconf 79' lang='lat' dir='ltr'><strong>rege</strong></span> <span class='ocrx_word' id='word_1_124' title='bbox 2499 729 2552 768; x_wconf 79' lang='lat' dir='ltr'><strong>tv</strong></span> <span class='ocrx_word' id='word_1_125' title='bbox 2592 712 2718 769; x_wconf 86' lang='lat' dir='ltr'><strong>ldus</strong></span> <span class='ocrx_word' id='word_1_126' title='bbox 2750 714 2977 785; x_wconf 81' lang='lat' dir='ltr'><strong>Augusti</strong></span> <span class='ocrx_word' id='word_1_127' title='bbox 3015 730 3191 786; x_wconf 84' lang='lat' dir='ltr'><strong>pugna</strong></span> <span class='ocrx_word' id='word_1_128' title='bbox 3236 716 3411 771; x_wconf 84' lang='lat' dir='ltr'><strong>valida</strong></span> 
     </span>
    </p>
   </div>
   <div class='ocr_carea' id='block_1_22' title="bbox 1830 806 3410 878">
    <p class='ocr_par' dir='ltr' id='par_1_22' title="bbox 1830 806 3410 878">
     <span class='ocr_line' id='line_1_22' title="bbox 1830 806 3410 878; baseline 0.002 -18"><span class='ocrx_word' id='word_1_129' title='bbox 1830 806 1995 861; x_wconf 88' lang='lat' dir='ltr'><strong>nimis</strong></span> <span class='ocrx_word' id='word_1_130' title='bbox 2023 808 2402 868; x_wconf 88' lang='lat' dir='ltr'><strong>committitur.</strong></span> <span class='ocrx_word' id='word_1_131' title='bbox 2433 806 2663 861; x_wconf 91' lang='lat' dir='ltr'><strong>multum</strong></span> <span class='ocrx_word' id='word_1_132' title='bbox 2714 807 2932 861; x_wconf 85' lang='lat' dir='ltr'><strong>humani</strong></span> <span class='ocrx_word' id='word_1_133' title='bbox 2976 808 3259 878; x_wconf 90' lang='lat' dir='ltr'><strong>sanguinis</strong></span> <span class='ocrx_word' id='word_1_134' title='bbox 3287 808 3410 863; x_wconf 82' lang='lat' dir='ltr'><strong>fun-</strong></span> 
     </span>
    </p>
   </div>
   <div class='ocr_carea' id='block_1_23' title="bbox 1830 896 3401 968">
    <p class='ocr_par' dir='ltr' id='par_1_23' title="bbox 1830 896 3401 968">
     <span class='ocr_line' id='line_1_23' title="bbox 1830 896 3401 968; baseline 0.001 -16"><span class='ocrx_word' id='word_1_135' title='bbox 1830 897 2007 961; x_wconf 88' lang='lat' dir='ltr'><strong>ditur,</strong></span> <span class='ocrx_word' id='word_1_136' title='bbox 2078 897 2252 951; x_wconf 69' lang='lat' dir='ltr'><strong>caedes</strong></span> <span class='ocrx_word' id='word_1_137' title='bbox 2314 896 2710 968; x_wconf 84' lang='lat' dir='ltr'><strong>ilungariorum</strong></span> <span class='ocrx_word' id='word_1_138' title='bbox 2780 897 3044 952; x_wconf 87' lang='lat' dir='ltr'><strong>immensa</strong></span> <span class='ocrx_word' id='word_1_139' title='bbox 3115 900 3401 968; x_wconf 81' lang='lat' dir='ltr'><strong>sequitur,</strong></span> 
     </span>
    </p>
   </div>
   <div class='ocr_carea' id='block_1_24' title="bbox 1835 988 3409 1060">
    <p class='ocr_par' dir='ltr' id='par_1_24' title="bbox 1835 988 3409 1060">
     <span class='ocr_line' id='line_1_24' title="bbox 1835 988 3409 1060; baseline 0.003 -18"><span class='ocrx_word' id='word_1_140' title='bbox 1835 988 1995 1060; x_wconf 73' lang='lat'><strong>185</strong></span> <span class='ocrx_word' id='word_1_141' title='bbox 2045 989 2232 1044; x_wconf 78' lang='lat' dir='ltr'><strong>alveus</strong></span> <span class='ocrx_word' id='word_1_142' title='bbox 2287 988 2527 1044; x_wconf 88' lang='lat' dir='ltr'><strong>ﬁumiuis</strong></span> <span class='ocrx_word' id='word_1_143' title='bbox 2586 989 2904 1060; x_wconf 77' lang='lat' dir='ltr'><strong>fugientium</strong></span> <span class='ocrx_word' id='word_1_144' title='bbox 2953 1001 3008 1045; x_wconf 87' lang='lat' dir='ltr'><strong>et</strong></span> <span class='ocrx_word' id='word_1_145' title='bbox 3059 992 3409 1047; x_wconf 78' lang='lat' dir='ltr'><strong>morientium</strong></span> 
     </span>
    </p>
   </div>
   <div class='ocr_carea' id='block_1_25' title="bbox 1833 1078 3411 1152">
    <p class='ocr_par' dir='ltr' id='par_1_25' title="bbox 1833 1078 3411 1152">
     <span class='ocr_line' id='line_1_25' title="bbox 1833 1078 3411 1152; baseline 0.003 -20"><span class='ocrx_word' id='word_1_146' title='bbox 1833 1078 2193 1133; x_wconf 81' lang='lat' dir='ltr'><strong>cadaveribus</strong></span> <span class='ocrx_word' id='word_1_147' title='bbox 2216 1078 2486 1149; x_wconf 86' lang='lat' dir='ltr'><strong>oppletur,</strong></span> <span class='ocrx_word' id='word_1_148' title='bbox 2523 1087 2579 1134; x_wconf 90' lang='lat' dir='ltr'><strong>et</strong></span> <span class='ocrx_word' id='word_1_149' title='bbox 2628 1079 2974 1149; x_wconf 84' lang='lat' dir='ltr'><strong>paucissimis</strong></span> <span class='ocrx_word' id='word_1_150' title='bbox 3020 1078 3143 1151; x_wconf 84' lang='lat' dir='ltr'><strong>fuga</strong></span> <span class='ocrx_word' id='word_1_151' title='bbox 3190 1082 3411 1152; x_wconf 77' lang='lat' dir='ltr'><strong>elapsis.</strong></span> 
     </span>
    </p>
   </div>
   <div class='ocr_carea' id='block_1_26' title="bbox 1831 1168 3412 1227">
    <p class='ocr_par' dir='ltr' id='par_1_26' title="bbox 1831 1168 3412 1227">
     <span class='ocr_line' id='line_1_26' title="bbox 1831 1168 3412 1227; baseline 0.002 -3"><span class='ocrx_word' id='word_1_152' title='bbox 1831 1168 2245 1224; x_wconf 89' lang='lat' dir='ltr'><strong>innumerabilis</strong></span> <span class='ocrx_word' id='word_1_153' title='bbox 2289 1183 2478 1224; x_wconf 89' lang='lat' dir='ltr'><strong>eorum</strong></span> <span class='ocrx_word' id='word_1_154' title='bbox 2532 1169 2808 1225; x_wconf 77' lang='lat' dir='ltr'><strong>exercitus</strong></span> <span class='ocrx_word' id='word_1_155' title='bbox 2861 1168 2927 1224; x_wconf 87' lang='lat' dir='ltr'><strong>ad</strong></span> <span class='ocrx_word' id='word_1_156' title='bbox 2986 1171 3412 1227; x_wconf 86' lang='lat' dir='ltr'><strong>internecionem</strong></span> 
     </span>
    </p>
   </div>
   <div class='ocr_carea' id='block_1_27' title="bbox 1830 1258 3417 1333">
    <p class='ocr_par' dir='ltr' id='par_1_27' title="bbox 1830 1258 3417 1333">
     <span class='ocr_line' id='line_1_27' title="bbox 1830 1258 3417 1333; baseline 0.003 -19"><span class='ocrx_word' id='word_1_157' title='bbox 1830 1258 2071 1325; x_wconf 88' lang='lat' dir='ltr'><strong>deletur;</strong></span> <span class='ocrx_word' id='word_1_158' title='bbox 2121 1259 2354 1330; x_wconf 87' lang='lat' dir='ltr'><strong>ipsique,</strong></span> <span class='ocrx_word' id='word_1_159' title='bbox 2403 1260 2495 1329; x_wconf 90' lang='lat' dir='ltr'><strong>qui</strong></span> <span class='ocrx_word' id='word_1_160' title='bbox 2543 1270 2675 1315; x_wconf 90' lang='lat' dir='ltr'><strong>tunc</strong></span> <span class='ocrx_word' id='word_1_161' title='bbox 2727 1260 2964 1332; x_wconf 79' lang='lat' dir='ltr'><strong>effugere</strong></span> <span class='ocrx_word' id='word_1_162' title='bbox 2994 1272 3285 1331; x_wconf 79' lang='lat' dir='ltr'><strong>poterant,</strong></span> <span class='ocrx_word' id='word_1_163' title='bbox 3320 1279 3417 1333; x_wconf 81' lang='lat' dir='ltr'><strong>per</strong></span> 
     </span>
    </p>
   </div>
   <div class='ocr_carea' id='block_1_28' title="bbox 1830 1351 3416 1424">
    <p class='ocr_par' dir='ltr' id='par_1_28' title="bbox 1830 1351 3416 1424">
     <span class='ocr_line' id='line_1_28' title="bbox 1830 1351 3416 1424; baseline 0.003 -19"><span class='ocrx_word' id='word_1_164' title='bbox 1830 1358 2002 1406; x_wconf 91' lang='lat' dir='ltr'><strong>totam</strong></span> <span class='ocrx_word' id='word_1_165' title='bbox 2038 1360 2226 1422; x_wconf 88' lang='lat' dir='ltr'><strong>postea</strong></span> <span class='ocrx_word' id='word_1_166' title='bbox 2279 1352 2480 1422; x_wconf 87' lang='lat' dir='ltr'><strong>passim</strong></span> <span class='ocrx_word' id='word_1_167' title='bbox 2509 1351 2814 1421; x_wconf 87' lang='lat' dir='ltr'><strong>Bajoariam</strong></span> <span class='ocrx_word' id='word_1_168' title='bbox 2857 1356 2999 1424; x_wconf 84' lang='lat' dir='ltr'><strong>capti</strong></span> <span class='ocrx_word' id='word_1_169' title='bbox 3047 1355 3416 1424; x_wconf 79' lang='lat' dir='ltr'><strong>trucidazique</strong></span> 
     </span>
    </p>
   </div>
   <div class='ocr_carea' id='block_1_29' title="bbox 1829 1442 3417 1517">
    <p class='ocr_par' dir='ltr' id='par_1_29' title="bbox 1829 1442 3417 1517">
     <span class='ocr_line' id='line_1_29' title="bbox 1829 1442 3417 1517; baseline 0.002 -20"><span class='ocrx_word' id='word_1_170' title='bbox 1829 1450 1995 1497; x_wconf 75' lang='lat' dir='ltr'><strong>sunt:</strong></span> <span class='ocrx_word' id='word_1_171' title='bbox 2046 1442 2188 1499; x_wconf 91' lang='lat' dir='ltr'><strong>inter</strong></span> <span class='ocrx_word' id='word_1_172' title='bbox 2211 1459 2348 1512; x_wconf 91' lang='lat' dir='ltr'><strong>quos</strong></span> <span class='ocrx_word' id='word_1_173' title='bbox 2376 1458 2533 1517; x_wconf 85' lang='lat' dir='ltr'><strong>reges</strong></span> <span class='ocrx_word' id='word_1_174' title='bbox 2582 1460 2769 1500; x_wconf 92' lang='lat' dir='ltr'><strong>eorum</strong></span> <span class='ocrx_word' id='word_1_175' title='bbox 2796 1447 3195 1515; x_wconf 89' lang='lat' dir='ltr'><strong>comprehensi,</strong></span> <span class='ocrx_word' id='word_1_176' title='bbox 3238 1446 3417 1500; x_wconf 72' lang='lat' dir='ltr'><strong>[latis-</strong></span> 
     </span>
    </p>
   </div>
   <div class='ocr_carea' id='block_1_30' title="bbox 1830 1534 3414 1611">
    <p class='ocr_par' dir='ltr' id='par_1_30' title="bbox 1830 1534 3414 1611">
     <span class='ocr_line' id='line_1_30' title="bbox 1830 1534 3414 1611; baseline 0.004 -22"><span class='ocrx_word' id='word_1_177' title='bbox 1830 1534 1988 1590; x_wconf 68' lang='lat' dir='ltr'><strong>bonae</strong></span> <span class='ocrx_word' id='word_1_178' title='bbox 2016 1534 2069 1589; x_wconf 91' lang='lat' dir='ltr'><strong>in</strong></span> <span class='ocrx_word' id='word_1_179' title='bbox 2124 1535 2381 1605; x_wconf 85' lang='lat' dir='ltr'><strong>patibulis</strong></span> <span class='ocrx_word' id='word_1_180' title='bbox 2431 1539 2675 1606; x_wconf 90' lang='lat' dir='ltr'><strong>suspensi</strong></span> <span class='ocrx_word' id='word_1_181' title='bbox 2723 1548 2866 1593; x_wconf 89' lang='lat' dir='ltr'><strong>sunt.</strong></span> <span class='ocrx_word' id='word_1_182' title='bbox 2900 1539 2954 1594; x_wconf 90' lang='lat' dir='ltr'><strong>In</strong></span> <span class='ocrx_word' id='word_1_183' title='bbox 2992 1540 3104 1609; x_wconf 88' lang='lat' dir='ltr'><strong>ipsa</strong></span> <span class='ocrx_word' id='word_1_184' title='bbox 3137 1554 3314 1611; x_wconf 82' lang='lat' dir='ltr'><strong>pugna</strong></span> <span class='ocrx_word' id='word_1_185' title='bbox 3348 1557 3414 1595; x_wconf 79' lang='lat' dir='ltr'><strong>ex</strong></span> 
     </span>
    </p>
   </div>
   <div class='ocr_carea' id='block_1_31' title="bbox 1830 1626 3411 1695">
    <p class='ocr_par' dir='ltr' id='par_1_31' title="bbox 1830 1626 3411 1695">
     <span class='ocr_line' id='line_1_31' title="bbox 1830 1626 3411 1695; baseline 0.002 -16"><span class='ocrx_word' id='word_1_186' title='bbox 1830 1634 2018 1681; x_wconf 87' lang='lat' dir='ltr'><strong>nostra</strong></span> <span class='ocrx_word' id='word_1_187' title='bbox 2053 1636 2209 1695; x_wconf 89' lang='lat' dir='ltr'><strong>parte</strong></span> <span class='ocrx_word' id='word_1_188' title='bbox 2233 1626 2379 1681; x_wconf 89' lang='lat' dir='ltr'><strong>inter</strong></span> <span class='ocrx_word' id='word_1_189' title='bbox 2404 1628 2542 1683; x_wconf 89' lang='lat' dir='ltr'><strong>alios</strong></span> <span class='ocrx_word' id='word_1_190' title='bbox 2566 1629 2763 1684; x_wconf 90' lang='lat' dir='ltr'><strong>multos</strong></span> <span class='ocrx_word' id='word_1_191' title='bbox 2803 1629 3082 1686; x_wconf 85' lang='lat' dir='ltr'><strong>Couradus</strong></span> <span class='ocrx_word' id='word_1_192' title='bbox 3112 1631 3223 1685; x_wconf 74' lang='lat' dir='ltr'><strong>dux</strong></span> <span class='ocrx_word' id='word_1_193' title='bbox 3255 1630 3411 1685; x_wconf 81' lang='lat' dir='ltr'><strong>belli-</strong></span> 
     </span>
    </p>
   </div>
   <div class='ocr_carea' id='block_1_32' title="bbox 1830 1717 3417 1789">
    <p class='ocr_par' dir='ltr' id='par_1_32' title="bbox 1830 1717 3417 1789">
     <span class='ocr_line' id='line_1_32' title="bbox 1830 1717 3417 1789; baseline 0.002 -18"><span class='ocrx_word' id='word_1_194' title='bbox 1830 1731 2012 1781; x_wconf 90' lang='lat' dir='ltr'><strong>cosus,</strong></span> <span class='ocrx_word' id='word_1_195' title='bbox 2052 1725 2108 1772; x_wconf 91' lang='lat' dir='ltr'><strong>et</strong></span> <span class='ocrx_word' id='word_1_196' title='bbox 2136 1717 2260 1787; x_wconf 90' lang='lat' dir='ltr'><strong>pius</strong></span> <span class='ocrx_word' id='word_1_197' title='bbox 2298 1732 2470 1786; x_wconf 81' lang='lat' dir='ltr'><strong>gener</strong></span> <span class='ocrx_word' id='word_1_198' title='bbox 2500 1717 2682 1788; x_wconf 79' lang='lat' dir='ltr'><strong>regius</strong></span> <span class='ocrx_word' id='word_1_199' title='bbox 2717 1718 2893 1789; x_wconf 73' lang='grc'>(474),</span> <span class='ocrx_word' id='word_1_200' title='bbox 2944 1727 3000 1776; x_wconf 90' lang='lat' dir='ltr'><strong>et</strong></span> <span class='ocrx_word' id='word_1_201' title='bbox 3036 1720 3210 1774; x_wconf 80' lang='lat' dir='ltr'><strong>sancti</strong></span> <span class='ocrx_word' id='word_1_202' title='bbox 3245 1719 3417 1774; x_wconf 81' lang='lat' dir='ltr'><strong>frater</strong></span> 
     </span>
    </p>
   </div>
   <div class='ocr_carea' id='block_1_33' title="bbox 1829 1807 3414 1882">
    <p class='ocr_par' dir='ltr' id='par_1_33' title="bbox 1829 1807 3414 1882">
     <span class='ocr_line' id='line_1_33' title="bbox 1829 1807 3414 1882; baseline 0.003 -21"><span class='ocrx_word' id='word_1_203' title='bbox 1829 1807 2093 1878; x_wconf 88' lang='lat' dir='ltr'><strong>episcopi,</strong></span> <span class='ocrx_word' id='word_1_204' title='bbox 2128 1823 2312 1864; x_wconf 86' lang='lat' dir='ltr'><strong>comes</strong></span> <span class='ocrx_word' id='word_1_205' title='bbox 2337 1809 2717 1881; x_wconf 87' lang='lat' dir='ltr'><strong>Thcodpaldus</strong></span> <span class='ocrx_word' id='word_1_206' title='bbox 2743 1809 2917 1882; x_wconf 74' lang='grc'>(475),</span> <span class='ocrx_word' id='word_1_207' title='bbox 2959 1811 3270 1881; x_wconf 88' lang='lat' dir='ltr'><strong>sororisque</strong></span> <span class='ocrx_word' id='word_1_208' title='bbox 3296 1810 3414 1876; x_wconf 88' lang='lat' dir='ltr'><strong>ejus</strong></span> 
     </span>
    </p>
   </div>
   <div class='ocr_carea' id='block_1_34' title="bbox 1832 1897 3412 1971">
    <p class='ocr_par' dir='ltr' id='par_1_34' title="bbox 1832 1897 3412 1971">
     <span class='ocr_line' id='line_1_34' title="bbox 1832 1897 3412 1971; baseline 0.004 -20"><span class='ocrx_word' id='word_1_209' title='bbox 1832 1897 1980 1970; x_wconf 66' lang='lat'><strong>(£76)</strong></span> <span class='ocrx_word' id='word_1_210' title='bbox 2022 1899 2166 1956; x_wconf 90' lang='lat' dir='ltr'><strong>ﬁlius</strong></span> <span class='ocrx_word' id='word_1_211' title='bbox 2214 1898 2583 1971; x_wconf 84' lang='lat' dir='ltr'><strong>Reginbaldus</strong></span> <span class='ocrx_word' id='word_1_212' title='bbox 2637 1917 2842 1966; x_wconf 88' lang='lat' dir='ltr'><strong>comes,</strong></span> <span class='ocrx_word' id='word_1_213' title='bbox 2896 1902 3031 1957; x_wconf 64' lang='lat' dir='ltr'><strong>aviae</strong></span> <span class='ocrx_word' id='word_1_214' title='bbox 3076 1902 3224 1971; x_wconf 70' lang='grc'>(477)</span> <span class='ocrx_word' id='word_1_215' title='bbox 3276 1919 3412 1957; x_wconf 64' lang='lat' dir='ltr'><strong>mea:</strong></span> 
     </span>
    </p>
   </div>
   <div class='ocr_carea' id='block_1_35' title="bbox 162 1979 3411 2061">
    <p class='ocr_par' dir='ltr' id='par_1_35' title="bbox 162 1979 3411 2061">
     <span class='ocr_line' id='line_1_35' title="bbox 162 1979 3411 2061; baseline -0 -15"><span class='ocrx_word' id='word_1_216' title='bbox 162 1990 435 2047; x_wconf 81' lang='lat' dir='ltr'><strong>honoriﬁce</strong></span> <span class='ocrx_word' id='word_1_217' title='bbox 484 1990 772 2061; x_wconf 85' lang='lat' dir='ltr'><strong>sepelitur.</strong></span> <span class='ocrx_word' id='word_1_218' title='bbox 837 1986 960 2043; x_wconf 82' lang='lat' dir='ltr'><strong>Vita</strong></span> <span class='ocrx_word' id='word_1_219' title='bbox 1006 1988 1064 2045; x_wconf 88' lang='lat' dir='ltr'><strong>S.</strong></span> <span class='ocrx_word' id='word_1_220' title='bbox 1105 1986 1366 2043; x_wconf 81' lang='lat' dir='ltr'><strong>Udalriei.</strong></span> <span class='ocrx_word' id='word_1_221' title='bbox 1415 2016 1487 2028; x_wconf 89' lang='lat'><strong><em>—</em></strong></span> <span class='ocrx_word' id='word_1_222' title='bbox 1527 1986 1727 2042; x_wconf 88' lang='lat' dir='ltr'><strong>Secuto</strong></span> <span class='ocrx_word' id='word_1_223' title='bbox 1762 1979 1805 2040; x_wconf 74' lang='lat' dir='ltr'><strong>ll</strong></span> <span class='ocrx_word' id='word_1_224' title='bbox 1832 1988 2044 2044; x_wconf 78' lang='lat' dir='ltr'><strong>Bertlue</strong></span> <span class='ocrx_word' id='word_1_225' title='bbox 2071 1998 2318 2060; x_wconf 87' lang='lat' dir='ltr'><strong>patruus,</strong></span> <span class='ocrx_word' id='word_1_226' title='bbox 2344 1990 2668 2047; x_wconf 88' lang='lat' dir='ltr'><strong>occubuere.</strong></span> <span class='ocrx_word' id='word_1_227' title='bbox 2694 1990 2819 2059; x_wconf 82' lang='lat' dir='ltr'><strong>Reg.</strong></span> <span class='ocrx_word' id='word_1_228' title='bbox 2844 2002 2983 2046; x_wconf 79' lang='lat' dir='ltr'><strong>cont.</strong></span> <span class='ocrx_word' id='word_1_229' title='bbox 3022 1990 3213 2061; x_wconf 83' lang='lat' dir='ltr'><strong>llepid.</strong></span> <span class='ocrx_word' id='word_1_230' title='bbox 3245 1989 3411 2046; x_wconf 84' lang='lat' dir='ltr'><strong>Frod.</strong></span> 
     </span>
    </p>
   </div>
   <div class='ocr_carea' id='block_1_36' title="bbox 161 2077 1726 2151">
    <p class='ocr_par' dir='ltr' id='par_1_36' title="bbox 161 2077 1726 2151">
     <span class='ocr_line' id='line_1_36' title="bbox 161 2077 1726 2151; baseline -0.001 -17"><span class='ocrx_word' id='word_1_231' title='bbox 161 2091 404 2151; x_wconf 85' lang='lat' dir='ltr'><strong>tempore,</strong></span> <span class='ocrx_word' id='word_1_232' title='bbox 456 2096 585 2136; x_wconf 91' lang='lat' dir='ltr'><strong>cum</strong></span> <span class='ocrx_word' id='word_1_233' title='bbox 634 2080 1007 2135; x_wconf 87' lang='lat' dir='ltr'><strong>invalescentc</strong></span> <span class='ocrx_word' id='word_1_234' title='bbox 1050 2078 1323 2135; x_wconf 82' lang='lat' dir='ltr'><strong>discordia</strong></span> <span class='ocrx_word' id='word_1_235' title='bbox 1371 2077 1499 2133; x_wconf 89' lang='lat' dir='ltr'><strong>Otto</strong></span> <span class='ocrx_word' id='word_1_236' title='bbox 1530 2093 1626 2133; x_wconf 78' lang='lat' dir='ltr'><strong>rex</strong></span> <span class='ocrx_word' id='word_1_237' title='bbox 1670 2084 1726 2133; x_wconf 87' lang='lat' dir='ltr'><strong>et</strong></span> 
     </span>
    </p>
   </div>
   <div class='ocr_carea' id='block_1_37' title="bbox 159 2170 1727 2241">
    <p class='ocr_par' dir='ltr' id='par_1_37' title="bbox 159 2170 1727 2241">
     <span class='ocr_line' id='line_1_37' title="bbox 159 2170 1727 2241; baseline 0 -16"><span class='ocrx_word' id='word_1_238' title='bbox 159 2172 280 2228; x_wconf 80' lang='lat' dir='ltr'><strong>ﬁlius</strong></span> <span class='ocrx_word' id='word_1_239' title='bbox 310 2171 431 2241; x_wconf 85' lang='lat' dir='ltr'><strong>ejus</strong></span> <span class='ocrx_word' id='word_1_240' title='bbox 453 2171 728 2227; x_wconf 86' lang='lat' dir='ltr'><strong>Luitollus</strong></span> <span class='ocrx_word' id='word_1_241' title='bbox 772 2172 903 2238; x_wconf 77' lang='lat' dir='ltr'><strong>dus,</strong></span> <span class='ocrx_word' id='word_1_242' title='bbox 942 2170 1424 2227; x_wconf 80' lang='lat' dir='ltr'><strong>collectis-contra</strong></span> <span class='ocrx_word' id='word_1_243' title='bbox 1475 2185 1536 2226; x_wconf 87' lang='lat' dir='ltr'><strong>se</strong></span> <span class='ocrx_word' id='word_1_244' title='bbox 1590 2170 1727 2225; x_wconf 85' lang='lat' dir='ltr'><strong>iuvi-</strong></span> 
     </span>
    </p>
   </div>
   <div class='ocr_carea' id='block_1_38' title="bbox 158 2260 1724 2333">
    <p class='ocr_par' dir='ltr' id='par_1_38' title="bbox 158 2260 1724 2333">
     <span class='ocr_line' id='line_1_38' title="bbox 158 2260 1724 2333; baseline 0 -16"><span class='ocrx_word' id='word_1_245' title='bbox 158 2277 256 2317; x_wconf 85' lang='lat' dir='ltr'><strong>cem</strong></span> <span class='ocrx_word' id='word_1_246' title='bbox 308 2262 687 2328; x_wconf 73' lang='lat' dir='ltr'><strong>exercitibus,</strong></span> <span class='ocrx_word' id='word_1_247' title='bbox 742 2261 898 2333; x_wconf 81' lang='lat' dir='ltr'><strong>juxta</strong></span> <span class='ocrx_word' id='word_1_248' title='bbox 959 2260 1180 2315; x_wconf 88' lang='lat' dir='ltr'><strong>ﬁuvium</strong></span> <span class='ocrx_word' id='word_1_249' title='bbox 1246 2260 1488 2315; x_wconf 75' lang='lat' dir='ltr'><strong>Hilarem</strong></span> <span class='ocrx_word' id='word_1_250' title='bbox 1540 2260 1724 2330; x_wconf 75' lang='grc'>(475),</span> 
     </span>
    </p>
   </div>
   <div class='ocr_carea' id='block_1_39' title="bbox 156 2349 1724 2422">
    <p class='ocr_par' dir='ltr' id='par_1_39' title="bbox 156 2349 1724 2422">
     <span class='ocr_line' id='line_1_39' title="bbox 156 2349 1724 2422; baseline -0.003 -14"><span class='ocrx_word' id='word_1_251' title='bbox 156 2362 200 2408; x_wconf 83' lang='lat' dir='ltr'><strong>et</strong></span> <span class='ocrx_word' id='word_1_252' title='bbox 233 2353 403 2409; x_wconf 87' lang='lat' dir='ltr'><strong>villam</strong></span> <span class='ocrx_word' id='word_1_253' title='bbox 455 2353 725 2409; x_wconf 82' lang='lat' dir='ltr'><strong>vocabulo</strong></span> <span class='ocrx_word' id='word_1_254' title='bbox 770 2351 1003 2408; x_wconf 82' lang='lat' dir='ltr'><strong>Tussam</strong></span> <span class='ocrx_word' id='word_1_255' title='bbox 1035 2392 1050 2415; x_wconf 94' lang='lat'><strong>,</strong></span> <span class='ocrx_word' id='word_1_256' title='bbox 1095 2349 1208 2420; x_wconf 86' lang='lat' dir='ltr'><strong>jam</strong></span> <span class='ocrx_word' id='word_1_257' title='bbox 1254 2349 1480 2422; x_wconf 87' lang='lat' dir='ltr'><strong>jamque</strong></span> <span class='ocrx_word' id='word_1_258' title='bbox 1536 2365 1724 2422; x_wconf 89' lang='lat' dir='ltr'><strong>pugna</strong></span> 
     </span>
    </p>
   </div>
   <div class='ocr_carea' id='block_1_40' title="bbox 156 2442 1728 2511">
    <p class='ocr_par' dir='ltr' id='par_1_40' title="bbox 156 2442 1728 2511">
     <span class='ocr_line' id='line_1_40' title="bbox 156 2442 1728 2511; baseline -0.003 -10"><span class='ocrx_word' id='word_1_259' title='bbox 156 2446 437 2501; x_wconf 81' lang='lat' dir='ltr'><strong>conﬁicturi</strong></span> <span class='ocrx_word' id='word_1_260' title='bbox 499 2445 921 2511; x_wconf 81' lang='lat' dir='ltr'><strong>consedissent,</strong></span> <span class='ocrx_word' id='word_1_261' title='bbox 976 2444 1470 2500; x_wconf 88' lang='lat' dir='ltr'><strong>intercurrentibus</strong></span> <span class='ocrx_word' id='word_1_262' title='bbox 1521 2442 1728 2498; x_wconf 87' lang='lat' dir='ltr'><strong>sanctis</strong></span> 
     </span>
    </p>
   </div>
   <div class='ocr_carea' id='block_1_41' title="bbox 156 2534 1729 2607">
    <p class='ocr_par' dir='ltr' id='par_1_41' title="bbox 156 2534 1729 2607">
     <span class='ocr_line' id='line_1_41' title="bbox 156 2534 1729 2607; baseline -0.001 -17"><span class='ocrx_word' id='word_1_263' title='bbox 156 2539 407 2607; x_wconf 84' lang='lat' dir='ltr'><strong>episcopis</strong></span> <span class='ocrx_word' id='word_1_264' title='bbox 453 2536 755 2592; x_wconf 83' lang='lat' dir='ltr'><strong>Vodalrico</strong></span> <span class='ocrx_word' id='word_1_265' title='bbox 782 2535 1112 2607; x_wconf 82' lang='lat' dir='ltr'><strong>Augustensi</strong></span> <span class='ocrx_word' id='word_1_266' title='bbox 1163 2545 1220 2590; x_wconf 89' lang='lat' dir='ltr'><strong>et</strong></span> <span class='ocrx_word' id='word_1_267' title='bbox 1270 2534 1576 2605; x_wconf 84' lang='lat' dir='ltr'><strong>Hardperto</strong></span> <span class='ocrx_word' id='word_1_268' title='bbox 1622 2535 1729 2589; x_wconf 84' lang='lat' dir='ltr'><strong>Cu-</strong></span> 
     </span>
    </p>
   </div>
   <div class='ocr_carea' id='block_1_42' title="bbox 159 2626 1726 2700">
    <p class='ocr_par' dir='ltr' id='par_1_42' title="bbox 159 2626 1726 2700">
     <span class='ocr_line' id='line_1_42' title="bbox 159 2626 1726 2700; baseline -0.002 -17"><span class='ocrx_word' id='word_1_269' title='bbox 159 2630 325 2695; x_wconf 88' lang='lat' dir='ltr'><strong>riensi,</strong></span> <span class='ocrx_word' id='word_1_270' title='bbox 361 2630 473 2684; x_wconf 87' lang='lat' dir='ltr'><strong>Deo</strong></span> <span class='ocrx_word' id='word_1_271' title='bbox 497 2632 766 2696; x_wconf 80' lang='lat' dir='ltr'><strong>donante,</strong></span> <span class='ocrx_word' id='word_1_272' title='bbox 795 2627 1065 2700; x_wconf 85' lang='lat' dir='ltr'><strong>paciﬁcati</strong></span> <span class='ocrx_word' id='word_1_273' title='bbox 1101 2636 1158 2683; x_wconf 92' lang='lat' dir='ltr'><strong>et</strong></span> <span class='ocrx_word' id='word_1_274' title='bbox 1190 2626 1549 2684; x_wconf 75' lang='lat' dir='ltr'><strong>conftederati</strong></span> <span class='ocrx_word' id='word_1_275' title='bbox 1581 2635 1726 2682; x_wconf 86' lang='lat' dir='ltr'><strong>sunt.</strong></span> 
     </span>
    </p>
   </div>
   <div class='ocr_carea' id='block_1_43' title="bbox 155 2720 604 2778">
    <p class='ocr_par' dir='ltr' id='par_1_43' title="bbox 155 2720 604 2778">
     <span class='ocr_line' id='line_1_43' title="bbox 155 2720 604 2778; baseline 0.004 -4"><span class='ocrx_word' id='word_1_276' title='bbox 155 2720 299 2775; x_wconf 73' lang='lat' dir='ltr'><strong>Frod.</strong></span> <span class='ocrx_word' id='word_1_277' title='bbox 341 2740 430 2776; x_wconf 86' lang='lat' dir='ltr'><strong>an.</strong></span> <span class='ocrx_word' id='word_1_278' title='bbox 465 2721 604 2778; x_wconf 77' lang='grc'><strong>954.</strong></span> 
     </span>
    </p>
   </div>
   <div class='ocr_carea' id='block_1_44' title="bbox 210 2808 1718 2883">
    <p class='ocr_par' dir='ltr' id='par_1_44' title="bbox 210 2808 1718 2883">
     <span class='ocr_line' id='line_1_44' title="bbox 210 2808 1718 2883; baseline -0.001 -16"><span class='ocrx_word' id='word_1_279' title='bbox 210 2811 303 2867; x_wconf 71' lang='grc'><strong>954</strong></span> <span class='ocrx_word' id='word_1_280' title='bbox 334 2811 605 2883; x_wconf 71' lang='lat' dir='ltr'><strong>Htingarii</strong></span> <span class='ocrx_word' id='word_1_281' title='bbox 646 2810 776 2867; x_wconf 88' lang='lat' dir='ltr'><strong>item</strong></span> <span class='ocrx_word' id='word_1_282' title='bbox 825 2810 1029 2881; x_wconf 76' lang='lat' dir='ltr'><strong>egressi</strong></span> <span class='ocrx_word' id='word_1_283' title='bbox 1058 2810 1373 2874; x_wconf 84' lang='lat' dir='ltr'><strong>Franciam,</strong></span> <span class='ocrx_word' id='word_1_284' title='bbox 1411 2808 1718 2879; x_wconf 84' lang='lat' dir='ltr'><strong>Bajoariam</strong></span> 
     </span>
    </p>
   </div>
   <div class='ocr_carea' id='block_1_45' title="bbox 156 2900 1369 2973">
    <p class='ocr_par' dir='ltr' id='par_1_45' title="bbox 156 2900 1369 2973">
     <span class='ocr_line' id='line_1_45' title="bbox 156 2900 1369 2973; baseline 0.001 -18"><span class='ocrx_word' id='word_1_285' title='bbox 156 2902 447 2972; x_wconf 88' lang='lat' dir='ltr'><strong>Italiamque</strong></span> <span class='ocrx_word' id='word_1_286' title='bbox 479 2905 797 2959; x_wconf 84' lang='lat' dir='ltr'><strong>devastant.</strong></span> <span class='ocrx_word' id='word_1_287' title='bbox 832 2901 961 2973; x_wconf 85' lang='lat' dir='ltr'><strong>Reg.</strong></span> <span class='ocrx_word' id='word_1_288' title='bbox 992 2912 1170 2967; x_wconf 87' lang='lat' dir='ltr'><strong>cont.;</strong></span> <span class='ocrx_word' id='word_1_289' title='bbox 1198 2900 1369 2957; x_wconf 80' lang='lat' dir='ltr'><strong>Frod.</strong></span> 
     </span>
    </p>
   </div>
   <div class='ocr_carea' id='block_1_46' title="bbox 211 2995 1728 3066">
    <p class='ocr_par' dir='ltr' id='par_1_46' title="bbox 211 2995 1728 3066">
     <span class='ocr_line' id='line_1_46' title="bbox 211 2995 1728 3066; baseline -0.004 -15"><span class='ocrx_word' id='word_1_290' title='bbox 211 2995 305 3051; x_wconf 81' lang='lat'><strong>955</strong></span> <span class='ocrx_word' id='word_1_291' title='bbox 338 2995 613 3066; x_wconf 80' lang='lat' dir='ltr'><strong>Hungarii</strong></span> <span class='ocrx_word' id='word_1_292' title='bbox 639 3010 766 3050; x_wconf 91' lang='lat' dir='ltr'><strong>cum</strong></span> <span class='ocrx_word' id='word_1_293' title='bbox 795 2996 963 3049; x_wconf 88' lang='lat' dir='ltr'><strong>tantis</strong></span> <span class='ocrx_word' id='word_1_294' title='bbox 993 3002 1053 3048; x_wconf 93' lang='lat' dir='ltr'><strong>ut</strong></span> <span class='ocrx_word' id='word_1_295' title='bbox 1089 3009 1367 3063; x_wconf 89' lang='lat' dir='ltr'><strong>nunquam</strong></span> <span class='ocrx_word' id='word_1_296' title='bbox 1422 3000 1583 3048; x_wconf 88' lang='lat' dir='ltr'><strong>antea</strong></span> <span class='ocrx_word' id='word_1_297' title='bbox 1636 3005 1728 3046; x_wconf 81' lang='lat' dir='ltr'><strong>co—</strong></span> 
     </span>
    </p>
   </div>
   <div class='ocr_carea' id='block_1_47' title="bbox 154 3085 1724 3157">
    <p class='ocr_par' dir='ltr' id='par_1_47' title="bbox 154 3085 1724 3157">
     <span class='ocr_line' id='line_1_47' title="bbox 154 3085 1724 3157; baseline -0.004 -12"><span class='ocrx_word' id='word_1_298' title='bbox 154 3086 240 3154; x_wconf 77' lang='lat' dir='ltr'><strong>piis</strong></span> <span class='ocrx_word' id='word_1_299' title='bbox 285 3102 553 3157; x_wconf 83' lang='lat' dir='ltr'><strong>percursa</strong></span> <span class='ocrx_word' id='word_1_300' title='bbox 602 3086 850 3157; x_wconf 88' lang='lat' dir='ltr'><strong>Bajoaria</strong></span> <span class='ocrx_word' id='word_1_301' title='bbox 906 3085 1096 3141; x_wconf 90' lang='lat' dir='ltr'><strong>Licum</strong></span> <span class='ocrx_word' id='word_1_302' title='bbox 1165 3086 1364 3141; x_wconf 86' lang='lat' dir='ltr'><strong>ﬁumen</strong></span> <span class='ocrx_word' id='word_1_303' title='bbox 1425 3092 1724 3149; x_wconf 88' lang='lat' dir='ltr'><strong>transeunt,</strong></span> 
     </span>
    </p>
   </div>
   <div class='ocr_carea' id='block_1_48' title="bbox 154 3176 1725 3250">
    <p class='ocr_par' dir='ltr' id='par_1_48' title="bbox 154 3176 1725 3250">
     <span class='ocr_line' id='line_1_48' title="bbox 154 3176 1725 3250; baseline -0.001 -19"><span class='ocrx_word' id='word_1_304' title='bbox 154 3176 405 3234; x_wconf 75' lang='lat' dir='ltr'><strong>basilicam</strong></span> <span class='ocrx_word' id='word_1_305' title='bbox 426 3187 643 3234; x_wconf 80' lang='lat' dir='ltr'><strong>sanctae</strong></span> <span class='ocrx_word' id='word_1_306' title='bbox 671 3178 817 3233; x_wconf 77' lang='lat' dir='ltr'><strong>Afrze</strong></span> <span class='ocrx_word' id='word_1_307' title='bbox 845 3179 1102 3250; x_wconf 60' lang='lat' dir='ltr'><strong>Augustae</strong></span> <span class='ocrx_word' id='word_1_308' title='bbox 1130 3179 1441 3244; x_wconf 86' lang='lat' dir='ltr'><strong>incendunt,</strong></span> <span class='ocrx_word' id='word_1_309' title='bbox 1475 3186 1725 3231; x_wconf 90' lang='lat' dir='ltr'><strong>sanctum</strong></span> 
     </span>
    </p>
   </div>
   <div class='ocr_carea' id='block_1_49' title="bbox 153 3269 1723 3340">
    <p class='ocr_par' dir='ltr' id='par_1_49' title="bbox 153 3269 1723 3340">
     <span class='ocr_line' id='line_1_49' title="bbox 153 3269 1723 3340; baseline 0.001 -20"><span class='ocrx_word' id='word_1_310' title='bbox 153 3270 442 3340; x_wconf 81' lang='lat' dir='ltr'><strong>episcopum</strong></span> <span class='ocrx_word' id='word_1_311' title='bbox 497 3270 882 3333; x_wconf 74' lang='lat' dir='ltr'><strong>Vodalricum,</strong></span> <span class='ocrx_word' id='word_1_312' title='bbox 944 3270 1111 3324; x_wconf 86' lang='lat' dir='ltr'><strong>multa</strong></span> <span class='ocrx_word' id='word_1_313' title='bbox 1167 3269 1426 3325; x_wconf 87' lang='lat' dir='ltr'><strong>instantia</strong></span> <span class='ocrx_word' id='word_1_314' title='bbox 1483 3269 1723 3324; x_wconf 79' lang='lat' dir='ltr'><strong>divinum</strong></span> 
     </span>
    </p>
   </div>
   <div class='ocr_carea' id='block_1_50' title="bbox 1830 2079 3414 2152">
    <p class='ocr_par' dir='ltr' id='par_1_50' title="bbox 1830 2079 3414 2152">
     <span class='ocr_line' id='line_1_50' title="bbox 1830 2079 3414 2152; baseline 0.002 -18"><span class='ocrx_word' id='word_1_315' title='bbox 1830 2079 2049 2135; x_wconf 82' lang='lat' dir='ltr'><strong>Witich.</strong></span> <span class='ocrx_word' id='word_1_316' title='bbox 2077 2111 2150 2122; x_wconf 92' lang='lat'><strong>—-</strong></span> <span class='ocrx_word' id='word_1_317' title='bbox 2196 2079 2381 2135; x_wconf 57' lang='lat' dir='ltr'><strong>Romae</strong></span> <span class='ocrx_word' id='word_1_318' title='bbox 2417 2080 2655 2137; x_wconf 81' lang='lat' dir='ltr'><strong>Joannes</strong></span> <span class='ocrx_word' id='word_1_319' title='bbox 2693 2081 2808 2147; x_wconf 83' lang='lat' dir='ltr'><strong>XII,</strong></span> <span class='ocrx_word' id='word_1_320' title='bbox 2850 2083 3025 2152; x_wconf 89' lang='lat' dir='ltr'><strong>quiet</strong></span> <span class='ocrx_word' id='word_1_321' title='bbox 3064 2081 3414 2147; x_wconf 85' lang='lat' dir='ltr'><strong>Octavianus,</strong></span> 
     </span>
    </p>
   </div>
   <div class='ocr_carea' id='block_1_51' title="bbox 1827 2172 3413 2244">
    <p class='ocr_par' dir='ltr' id='par_1_51' title="bbox 1827 2172 3413 2244">
     <span class='ocr_line' id='line_1_51' title="bbox 1827 2172 3413 2244; baseline 0.002 -19"><span class='ocrx_word' id='word_1_322' title='bbox 1827 2186 1963 2243; x_wconf 88' lang='lat' dir='ltr'><strong>papa</strong></span> <span class='ocrx_word' id='word_1_323' title='bbox 1988 2172 2203 2237; x_wconf 75' lang='lat' dir='ltr'><strong>CXXX,</strong></span> <span class='ocrx_word' id='word_1_324' title='bbox 2231 2173 2372 2229; x_wconf 90' lang='lat' dir='ltr'><strong>sedit</strong></span> <span class='ocrx_word' id='word_1_325' title='bbox 2391 2174 2548 2229; x_wconf 91' lang='lat' dir='ltr'><strong>annis</strong></span> <span class='ocrx_word' id='word_1_326' title='bbox 2573 2190 2690 2235; x_wconf 84' lang='grc' dir='ltr'>νιιι.</span> <span class='ocrx_word' id='word_1_327' title='bbox 2723 2175 2997 2229; x_wconf 89' lang='lat' dir='ltr'><strong>mensibus</strong></span> <span class='ocrx_word' id='word_1_328' title='bbox 3018 2189 3072 2229; x_wconf 79' lang='lat' dir='ltr'><strong>tv</strong></span> <span class='ocrx_word' id='word_1_329' title='bbox 3097 2192 3110 2227; x_wconf 91' lang='lat'><strong>:</strong></span> <span class='ocrx_word' id='word_1_330' title='bbox 3143 2175 3234 2244; x_wconf 88' lang='lat' dir='ltr'><strong>qui</strong></span> <span class='ocrx_word' id='word_1_331' title='bbox 3272 2175 3413 2228; x_wconf 88' lang='lat' dir='ltr'><strong>tanti</strong></span> 
     </span>
    </p>
   </div>
   <div class='ocr_carea' id='block_1_52' title="bbox 1826 2262 3413 2333">
    <p class='ocr_par' dir='ltr' id='par_1_52' title="bbox 1826 2262 3413 2333">
     <span class='ocr_line' id='line_1_52' title="bbox 1826 2262 3413 2333; baseline 0.001 -17"><span class='ocrx_word' id='word_1_332' title='bbox 1826 2262 2060 2327; x_wconf 86' lang='lat' dir='ltr'><strong>ordinis,</strong></span> <span class='ocrx_word' id='word_1_333' title='bbox 2092 2263 2196 2317; x_wconf 89' lang='lat' dir='ltr'><strong>heu</strong></span> <span class='ocrx_word' id='word_1_334' title='bbox 2227 2262 2363 2333; x_wconf 88' lang='lat' dir='ltr'><strong>proh</strong></span> <span class='ocrx_word' id='word_1_335' title='bbox 2396 2262 2580 2318; x_wconf 85' lang='lat' dir='ltr'><strong>dolor!</strong></span> <span class='ocrx_word' id='word_1_336' title='bbox 2605 2263 2825 2326; x_wconf 86' lang='lat' dir='ltr'><strong>oblitus,</strong></span> <span class='ocrx_word' id='word_1_337' title='bbox 2848 2264 3071 2318; x_wconf 85' lang='lat' dir='ltr'><strong>vanitati</strong></span> <span class='ocrx_word' id='word_1_338' title='bbox 3105 2274 3159 2318; x_wconf 90' lang='lat' dir='ltr'><strong>et</strong></span> <span class='ocrx_word' id='word_1_339' title='bbox 3198 2264 3413 2333; x_wconf 84' lang='lat' dir='ltr'><strong>spurci-</strong></span> 
     </span>
    </p>
   </div>
   <div class='ocr_carea' id='block_1_53' title="bbox 1830 2353 3409 2423">
    <p class='ocr_par' dir='ltr' id='par_1_53' title="bbox 1830 2353 3409 2423">
     <span class='ocr_line' id='line_1_53' title="bbox 1830 2353 3409 2423; baseline 0.001 -15"><span class='ocrx_word' id='word_1_340' title='bbox 1830 2353 1920 2409; x_wconf 67' lang='lat' dir='ltr'><strong>tiae</strong></span> <span class='ocrx_word' id='word_1_341' title='bbox 1944 2354 2112 2408; x_wconf 88' lang='lat' dir='ltr'><strong>vitam</strong></span> <span class='ocrx_word' id='word_1_342' title='bbox 2143 2369 2298 2408; x_wconf 91' lang='lat' dir='ltr'><strong>suam</strong></span> <span class='ocrx_word' id='word_1_343' title='bbox 2331 2354 2547 2409; x_wconf 86' lang='lat' dir='ltr'><strong>deditus</strong></span> <span class='ocrx_word' id='word_1_344' title='bbox 2586 2355 2760 2410; x_wconf 81' lang='lat' dir='ltr'><strong>duxit.</strong></span> <span class='ocrx_word' id='word_1_345' title='bbox 2807 2355 2893 2410; x_wconf 82' lang='grc' dir='ltr'><strong>ΑΙ.</strong></span> <span class='ocrx_word' id='word_1_346' title='bbox 2930 2373 3020 2410; x_wconf 82' lang='lat' dir='ltr'><strong>an.</strong></span> <span class='ocrx_word' id='word_1_347' title='bbox 3047 2372 3152 2423; x_wconf 83' lang='lat' dir='ltr'><strong>seq.</strong></span> <span class='ocrx_word' id='word_1_348' title='bbox 3195 2386 3268 2397; x_wconf 89' lang='lat'><strong>-—</strong></span> <span class='ocrx_word' id='word_1_349' title='bbox 3296 2354 3409 2410; x_wconf 83' lang='lat' dir='ltr'><strong>Mo-</strong></span> 
     </span>
    </p>
   </div>
   <div class='ocr_carea' id='block_1_54' title="bbox 1829 2442 3413 2515">
    <p class='ocr_par' dir='ltr' id='par_1_54' title="bbox 1829 2442 3413 2515">
     <span class='ocr_line' id='line_1_54' title="bbox 1829 2442 3413 2515; baseline 0.004 -24"><span class='ocrx_word' id='word_1_350' title='bbox 1829 2443 2030 2513; x_wconf 74' lang='lat' dir='ltr'><strong>guntiae</strong></span> <span class='ocrx_word' id='word_1_351' title='bbox 2090 2442 2401 2498; x_wconf 84' lang='lat' dir='ltr'><strong>Fridericns</strong></span> <span class='ocrx_word' id='word_1_352' title='bbox 2473 2444 2917 2515; x_wconf 83' lang='lat' dir='ltr'><strong>archiepiscopus</strong></span> <span class='ocrx_word' id='word_1_353' title='bbox 2968 2445 3202 2499; x_wconf 87' lang='lat' dir='ltr'><strong>decessit</strong></span> <span class='ocrx_word' id='word_1_354' title='bbox 3250 2445 3413 2515; x_wconf 79' lang='lat' dir='ltr'><strong>eique</strong></span> 
     </span>
    </p>
   </div>
   <div class='ocr_carea' id='block_1_55' title="bbox 1830 2535 3416 2606">
    <p class='ocr_par' dir='ltr' id='par_1_55' title="bbox 1830 2535 3416 2606">
     <span class='ocr_line' id='line_1_55' title="bbox 1830 2535 3416 2606; baseline 0.001 -17"><span class='ocrx_word' id='word_1_355' title='bbox 1830 2535 1993 2591; x_wconf 80' lang='lat' dir='ltr'><strong>llallo</strong></span> <span class='ocrx_word' id='word_1_356' title='bbox 2017 2535 2168 2606; x_wconf 69' lang='grc'>(478)</span> <span class='ocrx_word' id='word_1_357' title='bbox 2208 2536 2491 2592; x_wconf 90' lang='lat' dir='ltr'><strong>successit.</strong></span> <span class='ocrx_word' id='word_1_358' title='bbox 2517 2535 2784 2593; x_wconf 83' lang='lat' dir='ltr'><strong>Henricus</strong></span> <span class='ocrx_word' id='word_1_359' title='bbox 2826 2551 3041 2606; x_wconf 89' lang='lat' dir='ltr'><strong>quoque</strong></span> <span class='ocrx_word' id='word_1_360' title='bbox 3069 2535 3241 2591; x_wconf 89' lang='lat' dir='ltr'><strong>frater</strong></span> <span class='ocrx_word' id='word_1_361' title='bbox 3270 2537 3416 2605; x_wconf 80' lang='lat' dir='ltr'><strong>regis</strong></span> 
     </span>
    </p>
   </div>
   <div class='ocr_carea' id='block_1_56' title="bbox 1827 2626 3413 2699">
    <p class='ocr_par' dir='ltr' id='par_1_56' title="bbox 1827 2626 3413 2699">
     <span class='ocr_line' id='line_1_56' title="bbox 1827 2626 3413 2699; baseline 0.001 -18"><span class='ocrx_word' id='word_1_362' title='bbox 1827 2626 2091 2699; x_wconf 67' lang='lat' dir='ltr'><strong>Bajoaria:</strong></span> <span class='ocrx_word' id='word_1_363' title='bbox 2133 2629 2241 2683; x_wconf 81' lang='lat' dir='ltr'><strong>dux</strong></span> <span class='ocrx_word' id='word_1_364' title='bbox 2292 2628 2536 2683; x_wconf 90' lang='lat' dir='ltr'><strong>moriens</strong></span> <span class='ocrx_word' id='word_1_365' title='bbox 2584 2627 2754 2682; x_wconf 87' lang='lat' dir='ltr'><strong>ﬁlium</strong></span> <span class='ocrx_word' id='word_1_366' title='bbox 2808 2628 3147 2698; x_wconf 72' lang='lat' dir='ltr'><strong>acquivocum</strong></span> <span class='ocrx_word' id='word_1_367' title='bbox 3192 2641 3413 2683; x_wconf 57' lang='lat' dir='ltr'><strong>succes-</strong></span> 
     </span>
    </p>
   </div>
   <div class='ocr_carea' id='block_1_57' title="bbox 1828 2718 2618 2790">
    <p class='ocr_par' dir='ltr' id='par_1_57' title="bbox 1828 2718 2618 2790">
     <span class='ocr_line' id='line_1_57' title="bbox 1828 2718 2618 2790; baseline -0.003 -16"><span class='ocrx_word' id='word_1_368' title='bbox 1828 2734 2009 2774; x_wconf 85' lang='lat' dir='ltr'><strong>sorem</strong></span> <span class='ocrx_word' id='word_1_369' title='bbox 2042 2718 2279 2788; x_wconf 89' lang='lat' dir='ltr'><strong>reliquit.</strong></span> <span class='ocrx_word' id='word_1_370' title='bbox 2314 2718 2444 2790; x_wconf 87' lang='lat' dir='ltr'><strong>Reg.</strong></span> <span class='ocrx_word' id='word_1_371' title='bbox 2475 2728 2618 2773; x_wconf 86' lang='lat' dir='ltr'><strong>cont.</strong></span> 
     </span>
    </p>
   </div>
   <div class='ocr_carea' id='block_1_58' title="bbox 1899 2806 3415 2872">
    <p class='ocr_par' dir='ltr' id='par_1_58' title="bbox 1899 2806 3415 2872">
     <span class='ocr_line' id='line_1_58' title="bbox 1899 2806 3415 2872; baseline -0.003 -8"><span class='ocrx_word' id='word_1_372' title='bbox 1899 2808 2006 2865; x_wconf 85' lang='lat'><strong>956</strong></span> <span class='ocrx_word' id='word_1_373' title='bbox 2063 2808 2328 2863; x_wconf 88' lang='lat' dir='ltr'><strong>Luitolfus</strong></span> <span class='ocrx_word' id='word_1_374' title='bbox 2399 2811 2507 2864; x_wconf 78' lang='lat' dir='ltr'><strong>dux</strong></span> <span class='ocrx_word' id='word_1_375' title='bbox 2566 2808 2778 2863; x_wconf 87' lang='lat' dir='ltr'><strong>Italiam</strong></span> <span class='ocrx_word' id='word_1_376' title='bbox 2840 2807 3115 2863; x_wconf 90' lang='lat' dir='ltr'><strong>hostiliter</strong></span> <span class='ocrx_word' id='word_1_377' title='bbox 3181 2806 3415 2872; x_wconf 88' lang='lat' dir='ltr'><strong>invasit,</strong></span> 
     </span>
    </p>
   </div>
   <div class='ocr_carea' id='block_1_59' title="bbox 1828 2898 3415 2973">
    <p class='ocr_par' dir='ltr' id='par_1_59' title="bbox 1828 2898 3415 2973">
     <span class='ocr_line' id='line_1_59' title="bbox 1828 2898 3415 2973; baseline -0.001 -18"><span class='ocrx_word' id='word_1_378' title='bbox 1828 2900 2123 2973; x_wconf 87' lang='lat' dir='ltr'><strong>fugatoque</strong></span> <span class='ocrx_word' id='word_1_379' title='bbox 2152 2901 2471 2972; x_wconf 87' lang='lat' dir='ltr'><strong>Beringario</strong></span> <span class='ocrx_word' id='word_1_380' title='bbox 2498 2909 2555 2956; x_wconf 89' lang='lat' dir='ltr'><strong>et</strong></span> <span class='ocrx_word' id='word_1_381' title='bbox 2585 2901 2696 2954; x_wconf 89' lang='lat' dir='ltr'><strong>ﬁlio</strong></span> <span class='ocrx_word' id='word_1_382' title='bbox 2739 2898 2877 2969; x_wconf 89' lang='lat' dir='ltr'><strong>ejus,</strong></span> <span class='ocrx_word' id='word_1_383' title='bbox 2928 2899 3092 2970; x_wconf 86' lang='lat' dir='ltr'><strong>Papia</strong></span> <span class='ocrx_word' id='word_1_384' title='bbox 3123 2901 3258 2954; x_wconf 87' lang='lat' dir='ltr'><strong>urbe</strong></span> <span class='ocrx_word' id='word_1_385' title='bbox 3283 2914 3415 2968; x_wconf 87' lang='lat' dir='ltr'><strong>pro-</strong></span> 
     </span>
    </p>
   </div>
   <div class='ocr_carea' id='block_1_60' title="bbox 1830 2991 2843 3063">
    <p class='ocr_par' dir='ltr' id='par_1_60' title="bbox 1830 2991 2843 3063">
     <span class='ocr_line' id='line_1_60' title="bbox 1830 2991 2843 3063; baseline -0.001 -17"><span class='ocrx_word' id='word_1_386' title='bbox 1830 2994 2117 3063; x_wconf 90' lang='lat' dir='ltr'><strong>vinciaquc</strong></span> <span class='ocrx_word' id='word_1_387' title='bbox 2150 2994 2354 3063; x_wconf 88' lang='lat' dir='ltr'><strong>potitus</strong></span> <span class='ocrx_word' id='word_1_388' title='bbox 2391 3001 2495 3048; x_wconf 88' lang='lat' dir='ltr'><strong>est.</strong></span> <span class='ocrx_word' id='word_1_389' title='bbox 2550 2991 2673 3063; x_wconf 87' lang='lat' dir='ltr'><strong>Reg.</strong></span> <span class='ocrx_word' id='word_1_390' title='bbox 2700 3001 2843 3046; x_wconf 86' lang='lat' dir='ltr'><strong>cont.</strong></span> 
     </span>
    </p>
   </div>
   <div class='ocr_carea' id='block_1_61' title="bbox 1904 3086 3411 3159">
    <p class='ocr_par' dir='ltr' id='par_1_61' title="bbox 1904 3086 3411 3159">
     <span class='ocr_line' id='line_1_61' title="bbox 1904 3086 3411 3159; baseline -0.005 -11"><span class='ocrx_word' id='word_1_391' title='bbox 1904 3093 2004 3148; x_wconf 82' lang='lat'><strong>957</strong></span> <span class='ocrx_word' id='word_1_392' title='bbox 2037 3091 2307 3147; x_wconf 86' lang='lat' dir='ltr'><strong>Luitolfus</strong></span> <span class='ocrx_word' id='word_1_393' title='bbox 2353 3089 2460 3145; x_wconf 80' lang='lat' dir='ltr'><strong>dux</strong></span> <span class='ocrx_word' id='word_1_394' title='bbox 2506 3089 2800 3145; x_wconf 87' lang='lat' dir='ltr'><strong>commissa</strong></span> <span class='ocrx_word' id='word_1_395' title='bbox 2830 3102 3008 3159; x_wconf 87' lang='lat' dir='ltr'><strong>pugna</strong></span> <span class='ocrx_word' id='word_1_396' title='bbox 3057 3086 3411 3156; x_wconf 86' lang='lat' dir='ltr'><strong>Adalpertum</strong></span> 
     </span>
    </p>
   </div>
   <div class='ocr_carea' id='block_1_62' title="bbox 1830 3177 3417 3253">
    <p class='ocr_par' dir='ltr' id='par_1_62' title="bbox 1830 3177 3417 3253">
     <span class='ocr_line' id='line_1_62' title="bbox 1830 3177 3417 3253; baseline -0.003 -17"><span class='ocrx_word' id='word_1_397' title='bbox 1830 3184 1982 3247; x_wconf 84' lang='lat' dir='ltr'><strong>vicit,</strong></span> <span class='ocrx_word' id='word_1_398' title='bbox 2016 3183 2339 3253; x_wconf 88' lang='lat' dir='ltr'><strong>cunctisque</strong></span> <span class='ocrx_word' id='word_1_399' title='bbox 2378 3182 2481 3237; x_wconf 89' lang='lat' dir='ltr'><strong>sibi</strong></span> <span class='ocrx_word' id='word_1_400' title='bbox 2529 3182 2690 3252; x_wconf 76' lang='lat'><strong>186</strong></span> <span class='ocrx_word' id='word_1_401' title='bbox 2729 3196 2836 3234; x_wconf 90' lang='lat' dir='ltr'><strong>una</strong></span> <span class='ocrx_word' id='word_1_402' title='bbox 2886 3195 3011 3234; x_wconf 81' lang='lat' dir='ltr'><strong>eum</strong></span> <span class='ocrx_word' id='word_1_403' title='bbox 3060 3177 3417 3249; x_wconf 73' lang='lat' dir='ltr'><strong>rcgnnltalize</strong></span> 
     </span>
    </p>
   </div>
   <div class='ocr_carea' id='block_1_63' title="bbox 1831 3270 3409 3345">
    <p class='ocr_par' dir='ltr' id='par_1_63' title="bbox 1831 3270 3409 3345">
     <span class='ocr_line' id='line_1_63' title="bbox 1831 3270 3409 3345; baseline -0.003 -16"><span class='ocrx_word' id='word_1_404' title='bbox 1831 3274 2151 3345; x_wconf 70' lang='lat' dir='ltr'><strong>sulijugatis.</strong></span> <span class='ocrx_word' id='word_1_405' title='bbox 2184 3274 2301 3342; x_wconf 89' lang='lat' dir='ltr'><strong>ipse</strong></span> <span class='ocrx_word' id='word_1_406' title='bbox 2332 3274 2520 3328; x_wconf 80' lang='lat' dir='ltr'><strong>eodem</strong></span> <span class='ocrx_word' id='word_1_407' title='bbox 2566 3287 2707 3325; x_wconf 88' lang='lat' dir='ltr'><strong>anno</strong></span> <span class='ocrx_word' id='word_1_408' title='bbox 2740 3272 2879 3341; x_wconf 89' lang='lat' dir='ltr'><strong>apud</strong></span> <span class='ocrx_word' id='word_1_409' title='bbox 2910 3270 3209 3325; x_wconf 87' lang='lat' dir='ltr'><strong>Plumhiam</strong></span> <span class='ocrx_word' id='word_1_410' title='bbox 3259 3270 3409 3340; x_wconf 60' lang='lat'><strong>($79)</strong></span> 
     </span>
    </p>
   </div>
   <div class='ocr_carea' id='block_1_64' title="bbox 154 3359 3409 3454">
    <p class='ocr_par' dir='ltr' id='par_1_64' title="bbox 154 3359 3409 3433">
     <span class='ocr_line' id='line_1_64' title="bbox 154 3359 3409 3433; baseline 0 -21"><span class='ocrx_word' id='word_1_411' title='bbox 154 3359 510 3432; x_wconf 85' lang='lat' dir='ltr'><strong>implorantem</strong></span> <span class='ocrx_word' id='word_1_412' title='bbox 548 3362 836 3429; x_wconf 77' lang='lat' dir='ltr'><strong>auxilium,</strong></span> <span class='ocrx_word' id='word_1_413' title='bbox 866 3363 1125 3433; x_wconf 65' lang='lat' dir='ltr'><strong>Augusta:</strong></span> <span class='ocrx_word' id='word_1_414' title='bbox 1150 3379 1272 3418; x_wconf 93' lang='lat' dir='ltr'><strong>cum</strong></span> <span class='ocrx_word' id='word_1_415' title='bbox 1304 3362 1418 3417; x_wconf 89' lang='lat' dir='ltr'><strong>suis</strong></span> <span class='ocrx_word' id='word_1_416' title='bbox 1444 3362 1723 3418; x_wconf 89' lang='lat' dir='ltr'><strong>obsessum</strong></span> <span class='ocrx_word' id='word_1_417' title='bbox 1754 3365 1799 3426; x_wconf 88' lang='lat' dir='ltr'><strong><em>C</em></strong></span> <span class='ocrx_word' id='word_1_418' title='bbox 1833 3363 2127 3417; x_wconf 87' lang='lat' dir='ltr'><strong>immaturo</strong></span> <span class='ocrx_word' id='word_1_419' title='bbox 2155 3360 2305 3415; x_wconf 87' lang='lat' dir='ltr'><strong>obitu</strong></span> <span class='ocrx_word' id='word_1_420' title='bbox 2358 3361 2466 3415; x_wconf 90' lang='lat' dir='ltr'><strong>vita</strong></span> <span class='ocrx_word' id='word_1_421' title='bbox 2518 3360 2754 3416; x_wconf 83' lang='lat' dir='ltr'><strong>decessit</strong></span> <span class='ocrx_word' id='word_1_422' title='bbox 2780 3368 2837 3414; x_wconf 88' lang='lat' dir='ltr'><strong>et</strong></span> <span class='ocrx_word' id='word_1_423' title='bbox 2877 3374 3075 3431; x_wconf 88' lang='lat' dir='ltr'><strong>magno</strong></span> <span class='ocrx_word' id='word_1_424' title='bbox 3112 3359 3409 3414; x_wconf 90' lang='lat' dir='ltr'><strong>multorum</strong></span> 
     </span>
    </p>
   </div>
   <div class='ocr_carea' id='block_1_65' title="bbox 1131 3469 2395 3529">
    <p class='ocr_par' dir='ltr' id='par_1_65' title="bbox 1131 3469 2395 3529">
     <span class='ocr_line' id='line_1_65' title="bbox 1131 3469 2395 3529; baseline -0.003 0"><span class='ocrx_word' id='word_1_425' title='bbox 1131 3471 1583 3529; x_wconf 74' lang='lat' dir='ltr'><strong>COMPENDIUM</strong></span> <span class='ocrx_word' id='word_1_426' title='bbox 1624 3469 1717 3526; x_wconf 82' lang='lat' dir='ltr'><strong>EX</strong></span> <span class='ocrx_word' id='word_1_427' title='bbox 1746 3471 1993 3528; x_wconf 87' lang='lat' dir='ltr'><strong>CODlCE</strong></span> <span class='ocrx_word' id='word_1_428' title='bbox 2031 3470 2395 3526; x_wconf 78' lang='lat' dir='ltr'><strong>BERNOLDI.</strong></span> 
     </span>
    </p>
   </div>
   <div class='ocr_carea' id='block_1_66' title="bbox 208 3583 1722 3657">
    <p class='ocr_par' dir='ltr' id='par_1_66' title="bbox 208 3583 1722 3657">
     <span class='ocr_line' id='line_1_66' title="bbox 208 3583 1722 3657; baseline -0.002 -17"><span class='ocrx_word' id='word_1_429' title='bbox 208 3583 302 3641; x_wconf 78' lang='lat'><strong>953</strong></span> <span class='ocrx_word' id='word_1_430' title='bbox 324 3583 595 3657; x_wconf 81' lang='lat' dir='ltr'><strong>Luitolfus</strong></span> <span class='ocrx_word' id='word_1_431' title='bbox 623 3584 735 3639; x_wconf 81' lang='lat' dir='ltr'><strong>dua:</strong></span> <span class='ocrx_word' id='word_1_432' title='bbox 778 3583 958 3639; x_wconf 84' lang='lat' dir='ltr'><strong>Ottoni</strong></span> <span class='ocrx_word' id='word_1_433' title='bbox 1001 3584 1141 3654; x_wconf 88' lang='lat' dir='ltr'><strong>patri</strong></span> <span class='ocrx_word' id='word_1_434' title='bbox 1165 3601 1262 3639; x_wconf 91' lang='lat' dir='ltr'><strong>suo</strong></span> <span class='ocrx_word' id='word_1_435' title='bbox 1291 3583 1527 3649; x_wconf 85' lang='lat' dir='ltr'><strong>rebellat,</strong></span> <span class='ocrx_word' id='word_1_436' title='bbox 1553 3584 1643 3638; x_wconf 83' lang='lat' dir='ltr'><strong>sed</strong></span> <span class='ocrx_word' id='word_1_437' title='bbox 1668 3601 1722 3637; x_wconf 91' lang='lat' dir='ltr'><strong>a.</strong></span> 
     </span>
    </p>
   </div>
   <div class='ocr_carea' id='block_1_67' title="bbox 152 3675 1128 3745">
    <p class='ocr_par' dir='ltr' id='par_1_67' title="bbox 152 3675 1128 3745">
     <span class='ocr_line' id='line_1_67' title="bbox 152 3675 1128 3745; baseline -0.001 -17"><span class='ocrx_word' id='word_1_438' title='bbox 152 3678 320 3731; x_wconf 81' lang='lat' dir='ltr'><strong>sanctis</strong></span> <span class='ocrx_word' id='word_1_439' title='bbox 346 3676 609 3745; x_wconf 80' lang='lat' dir='ltr'><strong>episcOpis</strong></span> <span class='ocrx_word' id='word_1_440' title='bbox 640 3675 964 3729; x_wconf 82' lang='lat' dir='ltr'><strong>reconciliati</strong></span> <span class='ocrx_word' id='word_1_441' title='bbox 984 3684 1128 3728; x_wconf 87' lang='lat' dir='ltr'><strong>sunt.</strong></span> 
     </span>
    </p>
   </div>
   <div class='ocr_carea' id='block_1_68' title="bbox 205 3766 1058 3839">
    <p class='ocr_par' dir='ltr' id='par_1_68' title="bbox 205 3766 1058 3839">
     <span class='ocr_line' id='line_1_68' title="bbox 205 3766 1058 3839; baseline -0.004 -17"><span class='ocrx_word' id='word_1_442' title='bbox 205 3766 298 3822; x_wconf 65' lang='lat'><strong>954</strong></span> <span class='ocrx_word' id='word_1_443' title='bbox 325 3767 629 3839; x_wconf 80' lang='lat' dir='ltr'><strong>Hangarii,</strong></span> <span class='ocrx_word' id='word_1_444' title='bbox 660 3774 801 3831; x_wconf 87' lang='lat' dir='ltr'><strong>etc.,</strong></span> <span class='ocrx_word' id='word_1_445' title='bbox 838 3774 899 3820; x_wconf 85' lang='lat' dir='ltr'><strong>ut</strong></span> <span class='ocrx_word' id='word_1_446' title='bbox 920 3766 1058 3836; x_wconf 78' lang='lat' dir='ltr'><strong>Aug.</strong></span> 
     </span>
    </p>
   </div>
   <div class='ocr_carea' id='block_1_69' title="bbox 207 3856 1724 3931">
    <p class='ocr_par' dir='ltr' id='par_1_69' title="bbox 207 3856 1724 3931">
     <span class='ocr_line' id='line_1_69' title="bbox 207 3856 1724 3931; baseline -0.002 -17"><span class='ocrx_word' id='word_1_447' title='bbox 207 3859 301 3914; x_wconf 78' lang='lat'><strong>955</strong></span> <span class='ocrx_word' id='word_1_448' title='bbox 317 3859 514 3931; x_wconf 83' lang='lat' dir='ltr'><strong>Runga</strong></span> <span class='ocrx_word' id='word_1_449' title='bbox 524 3858 593 3912; x_wconf 88' lang='lat' dir='ltr'><strong>rii</strong></span> <span class='ocrx_word' id='word_1_450' title='bbox 602 3899 617 3923; x_wconf 81' lang='lat'><strong>,</strong></span> <span class='ocrx_word' id='word_1_451' title='bbox 646 3868 812 3912; x_wconf 87' lang='lat' dir='ltr'><strong>totam</strong></span> <span class='ocrx_word' id='word_1_452' title='bbox 828 3856 1137 3927; x_wconf 87' lang='lat' dir='ltr'><strong>Bajoariam</strong></span> <span class='ocrx_word' id='word_1_453' title='bbox 1157 3856 1549 3926; x_wconf 84' lang='lat' dir='ltr'><strong>depopulantes.</strong></span> <span class='ocrx_word' id='word_1_454' title='bbox 1564 3856 1724 3926; x_wconf 77' lang='lat' dir='ltr'><strong>juxta</strong></span> 
     </span>
    </p>
   </div>
   <div class='ocr_carea' id='block_1_70' title="bbox 153 3946 1724 4021">
    <p class='ocr_par' dir='ltr' id='par_1_70' title="bbox 153 3946 1724 4021">
     <span class='ocr_line' id='line_1_70' title="bbox 153 3946 1724 4021; baseline 0.001 -19"><span class='ocrx_word' id='word_1_455' title='bbox 153 3950 413 4021; x_wconf 77' lang='lat' dir='ltr'><strong>Augustam</strong></span> <span class='ocrx_word' id='word_1_456' title='bbox 451 3950 790 4008; x_wconf 73' lang='lat' dir='ltr'><strong>Alemanniw</strong></span> <span class='ocrx_word' id='word_1_457' title='bbox 819 3948 1021 4013; x_wconf 82' lang='lat' dir='ltr'><strong>urbem,</strong></span> <span class='ocrx_word' id='word_1_458' title='bbox 1053 3947 1160 4002; x_wconf 89' lang='lat' dir='ltr'><strong>Deo</strong></span> <span class='ocrx_word' id='word_1_459' title='bbox 1181 3948 1420 4019; x_wconf 75' lang='lat' dir='ltr'><strong>jurante,</strong></span> <span class='ocrx_word' id='word_1_460' title='bbox 1445 3947 1509 4001; x_wconf 87' lang='lat' dir='ltr'><strong>ab</strong></span> <span class='ocrx_word' id='word_1_461' title='bbox 1533 3946 1724 4003; x_wconf 86' lang='lat' dir='ltr'><strong>Ottone</strong></span> 
     </span>
    </p>
   </div>
   <div class='ocr_carea' id='block_1_71' title="bbox 153 4041 1719 4115">
    <p class='ocr_par' dir='ltr' id='par_1_71' title="bbox 153 4041 1719 4115">
     <span class='ocr_line' id='line_1_71' title="bbox 153 4041 1719 4115; baseline 0 -21"><span class='ocrx_word' id='word_1_462' title='bbox 153 4058 252 4111; x_wconf 79' lang='lat' dir='ltr'><strong>rege</strong></span> <span class='ocrx_word' id='word_1_463' title='bbox 270 4062 437 4115; x_wconf 85' lang='lat' dir='ltr'><strong>pugna</strong></span> <span class='ocrx_word' id='word_1_464' title='bbox 469 4044 595 4099; x_wconf 80' lang='lat' dir='ltr'><strong>victi</strong></span> <span class='ocrx_word' id='word_1_465' title='bbox 622 4043 878 4095; x_wconf 85' lang='lat' dir='ltr'><strong>immensa</strong></span> <span class='ocrx_word' id='word_1_466' title='bbox 905 4041 1045 4095; x_wconf 62' lang='lat' dir='ltr'><strong>ca’de</strong></span> <span class='ocrx_word' id='word_1_467' title='bbox 1087 4051 1341 4095; x_wconf 84' lang='lat' dir='ltr'><strong>necantur</strong></span> <span class='ocrx_word' id='word_1_468' title='bbox 1361 4057 1416 4095; x_wconf 84' lang='lat' dir='ltr'><strong>Iv</strong></span> <span class='ocrx_word' id='word_1_469' title='bbox 1447 4041 1579 4096; x_wconf 87' lang='lat' dir='ltr'><strong>Idus</strong></span> <span class='ocrx_word' id='word_1_470' title='bbox 1607 4041 1719 4094; x_wconf 83' lang='lat' dir='ltr'><strong>Au-</strong></span> 
     </span>
    </p>
   </div>
   <div class='ocr_carea' id='block_1_72' title="bbox 1821 3578 3411 3659">
    <p class='ocr_par' dir='ltr' id='par_1_72' title="bbox 1821 3578 3411 3659">
     <span class='ocr_line' id='line_1_72' title="bbox 1821 3578 3411 3659; baseline 0 -16"><span class='ocrx_word' id='word_1_471' title='bbox 1821 3597 2081 3659; x_wconf 83' lang='lat' dir='ltr'><strong>poteranl,</strong></span> <span class='ocrx_word' id='word_1_472' title='bbox 2121 3604 2214 3658; x_wconf 88' lang='lat' dir='ltr'><strong>per</strong></span> <span class='ocrx_word' id='word_1_473' title='bbox 2248 3597 2414 3641; x_wconf 89' lang='lat' dir='ltr'><strong>totam</strong></span> <span class='ocrx_word' id='word_1_474' title='bbox 2454 3585 2764 3656; x_wconf 88' lang='lat' dir='ltr'><strong>Bajoariam</strong></span> <span class='ocrx_word' id='word_1_475' title='bbox 2788 3588 3037 3642; x_wconf 78' lang='lat' dir='ltr'><strong>trucidati</strong></span> <span class='ocrx_word' id='word_1_476' title='bbox 3064 3597 3209 3643; x_wconf 88' lang='lat' dir='ltr'><strong>sunt.</strong></span> <span class='ocrx_word' id='word_1_477' title='bbox 3240 3578 3411 3659; x_wconf 49' lang='lat' dir='ltr'><strong>Reges</strong></span> 
     </span>
    </p>
   </div>
   <div class='ocr_carea' id='block_1_73' title="bbox 1824 3677 3412 3748">
    <p class='ocr_par' dir='ltr' id='par_1_73' title="bbox 1824 3677 3412 3748">
     <span class='ocr_line' id='line_1_73' title="bbox 1824 3677 3412 3748; baseline 0.001 -16"><span class='ocrx_word' id='word_1_478' title='bbox 1824 3695 2005 3733; x_wconf 84' lang='lat' dir='ltr'><strong>eorum</strong></span> <span class='ocrx_word' id='word_1_479' title='bbox 2034 3677 2413 3732; x_wconf 71' lang='lat' dir='ltr'><strong>Ratisbonwin</strong></span> <span class='ocrx_word' id='word_1_480' title='bbox 2457 3678 2706 3748; x_wconf 77' lang='lat' dir='ltr'><strong>patibulis</strong></span> <span class='ocrx_word' id='word_1_481' title='bbox 2750 3679 2989 3748; x_wconf 79' lang='lat' dir='ltr'><strong>suspensi</strong></span> <span class='ocrx_word' id='word_1_482' title='bbox 3037 3687 3180 3733; x_wconf 87' lang='lat' dir='ltr'><strong>sunt.</strong></span> <span class='ocrx_word' id='word_1_483' title='bbox 3226 3677 3412 3734; x_wconf 79' lang='lat' dir='ltr'><strong>Roma:</strong></span> 
     </span>
    </p>
   </div>
   <div class='ocr_carea' id='block_1_74' title="bbox 1822 3768 3118 3839">
    <p class='ocr_par' dir='ltr' id='par_1_74' title="bbox 1822 3768 3118 3839">
     <span class='ocr_line' id='line_1_74' title="bbox 1822 3768 3118 3839; baseline -0.001 -14"><span class='ocrx_word' id='word_1_484' title='bbox 1822 3768 2125 3825; x_wconf 78' lang='lat' dir='ltr'><strong>Joannes...</strong></span> <span class='ocrx_word' id='word_1_485' title='bbox 2152 3770 2371 3823; x_wconf 78' lang='lat' dir='ltr'><strong>vanitati</strong></span> <span class='ocrx_word' id='word_1_486' title='bbox 2403 3778 2449 3822; x_wconf 85' lang='lat' dir='ltr'><strong>et</strong></span> <span class='ocrx_word' id='word_1_487' title='bbox 2472 3768 2742 3839; x_wconf 85' lang='lat' dir='ltr'><strong>spurcitiei</strong></span> <span class='ocrx_word' id='word_1_488' title='bbox 2760 3769 2863 3838; x_wconf 77' lang='lat' dir='ltr'><strong>fuit</strong></span> <span class='ocrx_word' id='word_1_489' title='bbox 2891 3770 3118 3824; x_wconf 85' lang='lat' dir='ltr'><strong>deditus.</strong></span> 
     </span>
    </p>
   </div>
   <div class='ocr_carea' id='block_1_75' title="bbox 1896 3860 3418 3930">
    <p class='ocr_par' dir='ltr' id='par_1_75' title="bbox 1896 3860 3418 3930">
     <span class='ocr_line' id='line_1_75' title="bbox 1896 3860 3418 3930; baseline 0 -13"><span class='ocrx_word' id='word_1_490' title='bbox 1896 3862 2002 3917; x_wconf 80' lang='lat'><strong>956</strong></span> <span class='ocrx_word' id='word_1_491' title='bbox 2048 3860 2315 3930; x_wconf 77' lang='lat' dir='ltr'><strong>Luitolfus</strong></span> <span class='ocrx_word' id='word_1_492' title='bbox 2363 3862 2474 3915; x_wconf 79' lang='lat' dir='ltr'><strong>dua:</strong></span> <span class='ocrx_word' id='word_1_493' title='bbox 2521 3860 2737 3914; x_wconf 85' lang='lat' dir='ltr'><strong>Italiam</strong></span> <span class='ocrx_word' id='word_1_494' title='bbox 2790 3860 3050 3916; x_wconf 80' lang='lat' dir='ltr'><strong>hostiliter</strong></span> <span class='ocrx_word' id='word_1_495' title='bbox 3093 3862 3329 3929; x_wconf 81' lang='lat' dir='ltr'><strong>invadit,</strong></span> <span class='ocrx_word' id='word_1_496' title='bbox 3368 3874 3418 3917; x_wconf 90' lang='lat' dir='ltr'><strong>et</strong></span> 
     </span>
    </p>
   </div>
   <div class='ocr_carea' id='block_1_76' title="bbox 1825 3950 2868 4022">
    <p class='ocr_par' dir='ltr' id='par_1_76' title="bbox 1825 3950 2868 4022">
     <span class='ocr_line' id='line_1_76' title="bbox 1825 3950 2868 4022; baseline -0.002 -15"><span class='ocrx_word' id='word_1_497' title='bbox 1825 3952 2199 4022; x_wconf 85' lang='lat' dir='ltr'><strong>Beringarium</strong></span> <span class='ocrx_word' id='word_1_498' title='bbox 2223 3968 2341 4005; x_wconf 87' lang='lat' dir='ltr'><strong>cum</strong></span> <span class='ocrx_word' id='word_1_499' title='bbox 2368 3950 2484 4019; x_wconf 80' lang='lat' dir='ltr'><strong>ﬁlio</strong></span> <span class='ocrx_word' id='word_1_500' title='bbox 2506 3951 2620 4021; x_wconf 87' lang='lat' dir='ltr'><strong>ejus</strong></span> <span class='ocrx_word' id='word_1_501' title='bbox 2644 3951 2868 4021; x_wconf 79' lang='lat' dir='ltr'><strong>fugavit.</strong></span> 
     </span>
    </p>
   </div>
   <div class='ocr_carea' id='block_1_77' title="bbox 1895 4040 3419 4114">
    <p class='ocr_par' dir='ltr' id='par_1_77' title="bbox 1895 4040 3419 4114">
     <span class='ocr_line' id='line_1_77' title="bbox 1895 4040 3419 4114; baseline -0.002 -14"><span class='ocrx_word' id='word_1_502' title='bbox 1895 4045 1998 4100; x_wconf 77' lang='lat'><strong>957</strong></span> <span class='ocrx_word' id='word_1_503' title='bbox 2030 4044 2289 4114; x_wconf 78' lang='lat' dir='ltr'><strong>Luitolfus</strong></span> <span class='ocrx_word' id='word_1_504' title='bbox 2338 4044 2450 4098; x_wconf 74' lang='lat' dir='ltr'><strong>dux</strong></span> <span class='ocrx_word' id='word_1_505' title='bbox 2479 4043 2820 4098; x_wconf 82' lang='lat' dir='ltr'><strong>Adalbertum</strong></span> <span class='ocrx_word' id='word_1_506' title='bbox 2874 4040 3008 4097; x_wconf 90' lang='lat' dir='ltr'><strong>bello</strong></span> <span class='ocrx_word' id='word_1_507' title='bbox 3051 4041 3192 4107; x_wconf 77' lang='lat' dir='ltr'><strong>vicit,</strong></span> <span class='ocrx_word' id='word_1_508' title='bbox 3231 4051 3279 4097; x_wconf 91' lang='lat' dir='ltr'><strong>et</strong></span> <span class='ocrx_word' id='word_1_509' title='bbox 3308 4040 3419 4114; x_wconf 75' lang='lat' dir='ltr'><strong>ipse</strong></span> 
     </span>
    </p>
   </div>
   <div class='ocr_carea' id='block_1_78' title="bbox 153 4131 3421 4203">
    <p class='ocr_par' dir='ltr' id='par_1_78' title="bbox 153 4131 3421 4203">
     <span class='ocr_line' id='line_1_78' title="bbox 153 4131 3421 4203; baseline 0 -17"><span class='ocrx_word' id='word_1_510' title='bbox 153 4135 287 4199; x_wconf 78' lang='lat' dir='ltr'><strong>gusti.</strong></span> <span class='ocrx_word' id='word_1_511' title='bbox 340 4134 424 4200; x_wconf 73' lang='lat' dir='ltr'><strong>Ea;</strong></span> <span class='ocrx_word' id='word_1_512' title='bbox 485 4134 685 4189; x_wconf 85' lang='lat' dir='ltr'><strong>nostris</strong></span> <span class='ocrx_word' id='word_1_513' title='bbox 733 4133 890 4186; x_wconf 87' lang='lat' dir='ltr'><strong>etiam</strong></span> <span class='ocrx_word' id='word_1_514' title='bbox 940 4131 1219 4187; x_wconf 81' lang='lat' dir='ltr'><strong>Conradus</strong></span> <span class='ocrx_word' id='word_1_515' title='bbox 1267 4134 1379 4187; x_wconf 80' lang='lat' dir='ltr'><strong>dua:</strong></span> <span class='ocrx_word' id='word_1_516' title='bbox 1427 4150 1546 4188; x_wconf 87' lang='lat' dir='ltr'><strong>cum</strong></span> <span class='ocrx_word' id='word_1_517' title='bbox 1600 4134 1722 4190; x_wconf 86' lang='lat' dir='ltr'><strong>aliis</strong></span> <span class='ocrx_word' id='word_1_518' title='bbox 1822 4135 2003 4189; x_wconf 86' lang='lat' dir='ltr'><strong>eodem</strong></span> <span class='ocrx_word' id='word_1_519' title='bbox 2037 4151 2176 4189; x_wconf 90' lang='lat' dir='ltr'><strong>anno</strong></span> <span class='ocrx_word' id='word_1_520' title='bbox 2216 4133 2366 4200; x_wconf 88' lang='lat' dir='ltr'><strong>obiit,</strong></span> <span class='ocrx_word' id='word_1_521' title='bbox 2413 4143 2463 4189; x_wconf 90' lang='lat' dir='ltr'><strong>et</strong></span> <span class='ocrx_word' id='word_1_522' title='bbox 2490 4132 2836 4187; x_wconf 79' lang='lat' dir='ltr'><strong>Burchardus</strong></span> <span class='ocrx_word' id='word_1_523' title='bbox 2875 4132 3127 4186; x_wconf 85' lang='lat' dir='ltr'><strong>ducatum</strong></span> <span class='ocrx_word' id='word_1_524' title='bbox 3169 4132 3282 4203; x_wconf 88' lang='lat' dir='ltr'><strong>ejus</strong></span> <span class='ocrx_word' id='word_1_525' title='bbox 3327 4149 3421 4186; x_wconf 84' lang='lat' dir='ltr'><strong>ac-</strong></span> 
     </span>
    </p>
   </div>
   <div class='ocr_carea' id='block_1_79' title="bbox 154 4221 1979 4297">
    <p class='ocr_par' dir='ltr' id='par_1_79' title="bbox 154 4221 1979 4297">
     <span class='ocr_line' id='line_1_79' title="bbox 154 4221 1979 4297; baseline 0.003 -22"><span class='ocrx_word' id='word_1_526' title='bbox 154 4224 308 4281; x_wconf 76' lang='lat' dir='ltr'><strong>multis</strong></span> <span class='ocrx_word' id='word_1_527' title='bbox 340 4226 610 4280; x_wconf 84' lang='lat' dir='ltr'><strong>occubuit.</strong></span> <span class='ocrx_word' id='word_1_528' title='bbox 663 4221 931 4294; x_wconf 82' lang='lat' dir='ltr'><strong>Hungarii</strong></span> <span class='ocrx_word' id='word_1_529' title='bbox 969 4223 1154 4291; x_wconf 72' lang='lat' dir='ltr'><strong>etiam,</strong></span> <span class='ocrx_word' id='word_1_530' title='bbox 1195 4224 1286 4294; x_wconf 87' lang='lat' dir='ltr'><strong>qui</strong></span> <span class='ocrx_word' id='word_1_531' title='bbox 1310 4233 1436 4279; x_wconf 87' lang='lat' dir='ltr'><strong>tunc</strong></span> <span class='ocrx_word' id='word_1_532' title='bbox 1492 4225 1721 4297; x_wconf 69' lang='lat' dir='ltr'><strong>e/j‘ugere</strong></span> <span class='ocrx_word' id='word_1_533' title='bbox 1825 4226 1979 4297; x_wconf 84' lang='lat' dir='ltr'><strong>cepit.</strong></span> 
     </span>
    </p>
   </div>
   <div class='ocr_carea' id='block_1_80' title="bbox 1657 4337 1893 4396">
    <p class='ocr_par' dir='ltr' id='par_1_80' title="bbox 1657 4337 1893 4396">
     <span class='ocr_line' id='line_1_80' title="bbox 1657 4337 1893 4396; baseline 0.004 -2"><span class='ocrx_word' id='word_1_534' title='bbox 1657 4337 1893 4396; x_wconf 78' lang='lat' dir='ltr'><strong>NOT/E.</strong></span> 
     </span>
    </p>
   </div>
   <div class='ocr_carea' id='block_1_81' title="bbox 211 4444 2985 4520">
    <p class='ocr_par' dir='ltr' id='par_1_81' title="bbox 211 4444 2985 4520">
     <span class='ocr_line' id='line_1_81' title="bbox 211 4444 2985 4520; baseline -0.001 -16"><span class='ocrx_word' id='word_1_535' title='bbox 211 4450 348 4520; x_wconf 67' lang='lat' dir='ltr'><strong>(Nl)</strong></span> <span class='ocrx_word' id='word_1_536' title='bbox 375 4450 674 4509; x_wconf 86' lang='lat' dir='ltr'><strong>Castellum</strong></span> <span class='ocrx_word' id='word_1_537' title='bbox 701 4450 811 4520; x_wconf 76' lang='lat' dir='ltr'><strong>hoc</strong></span> <span class='ocrx_word' id='word_1_538' title='bbox 843 4447 895 4502; x_wconf 93' lang='lat' dir='ltr'><strong>in</strong></span> <span class='ocrx_word' id='word_1_539' title='bbox 924 4445 1058 4520; x_wconf 13' lang='lat' dir='ltr'><strong>rVita</strong></span> <span class='ocrx_word' id='word_1_540' title='bbox 1104 4444 1163 4520; x_wconf 81' lang='lat' dir='ltr'><strong>S.</strong></span> <span class='ocrx_word' id='word_1_541' title='bbox 1196 4445 1432 4520; x_wconf 83' lang='lat' dir='ltr'><strong>Udalrici</strong></span> <span class='ocrx_word' id='word_1_542' title='bbox 1464 4446 1576 4520; x_wconf 76' lang='lat' dir='ltr'><strong>t._ll</strong></span> <span class='ocrx_word' id='word_1_543' title='bbox 1609 4446 1717 4504; x_wconf 85' lang='lat' dir='ltr'><strong>Jul.</strong></span> <span class='ocrx_word' id='word_1_544' title='bbox 1826 4446 1998 4520; x_wconf 86' lang='lat' dir='ltr'><strong>nioris</strong></span> <span class='ocrx_word' id='word_1_545' title='bbox 2026 4448 2359 4520; x_wconf 66' lang='lat' dir='ltr'><strong>Alamanniae</strong></span> <span class='ocrx_word' id='word_1_546' title='bbox 2381 4447 2534 4504; x_wconf 89' lang='lat' dir='ltr'><strong>ducis</strong></span> <span class='ocrx_word' id='word_1_547' title='bbox 2561 4446 2751 4520; x_wconf 69' lang='lat' dir='ltr'><strong>primte</strong></span> <span class='ocrx_word' id='word_1_548' title='bbox 2774 4446 2985 4520; x_wconf 80' lang='lat' dir='ltr'><strong>uxoris.</strong></span> 
     </span>
    </p>
   </div>
   <div class='ocr_carea' id='block_1_82' title="bbox 156 4512 3417 4593">
    <p class='ocr_par' dir='ltr' id='par_1_82' title="bbox 156 4512 3417 4593">
     <span class='ocr_line' id='line_1_82' title="bbox 156 4512 3417 4593; baseline -0.001 -20"><span class='ocrx_word' id='word_1_549' title='bbox 156 4512 475 4593; x_wconf 61' lang='lat' dir='ltr'><strong>bolland..p.</strong></span> <span class='ocrx_word' id='word_1_550' title='bbox 522 4524 647 4583; x_wconf 73' lang='lat'><strong>108,</strong></span> <span class='ocrx_word' id='word_1_551' title='bbox 696 4518 1069 4593; x_wconf 64' lang='lat' dir='ltr'><strong>Manicningen</strong></span> <span class='ocrx_word' id='word_1_552' title='bbox 1101 4518 1338 4593; x_wconf 60' lang='lat' dir='ltr'><strong>dicitur,</strong></span> <span class='ocrx_word' id='word_1_553' title='bbox 1386 4518 1530 4593; x_wconf 83' lang='lat' dir='ltr'><strong>quod</strong></span> <span class='ocrx_word' id='word_1_554' title='bbox 1561 4518 1723 4593; x_wconf 78' lang='lat' dir='ltr'><strong>hodie</strong></span> <span class='ocrx_word' id='word_1_555' title='bbox 1896 4519 2328 4593; x_wconf 67' lang='lat' dir='ltr'><strong>(477)__Primam</strong></span> <span class='ocrx_word' id='word_1_556' title='bbox 2378 4520 2473 4593; x_wconf 79' lang='lat' dir='ltr'><strong>hic</strong></span> <span class='ocrx_word' id='word_1_557' title='bbox 2507 4512 2835 4593; x_wconf 71' lang='lat' dir='ltr'><strong>mentionem</strong></span> <span class='ocrx_word' id='word_1_558' title='bbox 2889 4518 3021 4593; x_wconf 77' lang='lat' dir='ltr'><strong>facit</strong></span> <span class='ocrx_word' id='word_1_559' title='bbox 3074 4512 3417 4593; x_wconf 60' lang='lat' dir='ltr'><strong>Hermannus</strong></span> 
     </span>
    </p>
   </div>
   <div class='ocr_carea' id='block_1_83' title="bbox 158 4585 3410 4663">
    <p class='ocr_par' dir='ltr' id='par_1_83' title="bbox 158 4585 3410 4663">
     <span class='ocr_line' id='line_1_83' title="bbox 158 4585 3410 4663; baseline -0.002 -19"><span class='ocrx_word' id='word_1_560' title='bbox 158 4585 706 4663; x_wconf 65' lang='lat' dir='ltr'><strong>Schwahmunchingen</strong></span> <span class='ocrx_word' id='word_1_561' title='bbox 728 4585 1027 4662; x_wconf 81' lang='lat' dir='ltr'><strong>appellatur</strong></span> <span class='ocrx_word' id='word_1_562' title='bbox 1050 4587 1118 4643; x_wconf 92' lang='lat' dir='ltr'><strong>ad</strong></span> <span class='ocrx_word' id='word_1_563' title='bbox 1135 4589 1268 4644; x_wconf 89' lang='lat' dir='ltr'><strong>lines</strong></span> <span class='ocrx_word' id='word_1_564' title='bbox 1289 4585 1552 4655; x_wconf 71' lang='lat' dir='ltr'><strong>Bavariac,</strong></span> <span class='ocrx_word' id='word_1_565' title='bbox 1576 4589 1719 4644; x_wconf 87' lang='lat' dir='ltr'><strong>haud</strong></span> <span class='ocrx_word' id='word_1_566' title='bbox 1821 4585 1939 4663; x_wconf 75' lang='lat' dir='ltr'><strong>suae</strong></span> <span class='ocrx_word' id='word_1_567' title='bbox 1951 4585 2184 4663; x_wconf 69' lang='lat' dir='ltr'><strong>familiae.</strong></span> <span class='ocrx_word' id='word_1_568' title='bbox 2206 4592 2272 4663; x_wconf 84' lang='lat' dir='ltr'><strong>de</strong></span> <span class='ocrx_word' id='word_1_569' title='bbox 2295 4604 2397 4663; x_wconf 81' lang='lat' dir='ltr'><strong>qua</strong></span> <span class='ocrx_word' id='word_1_570' title='bbox 2423 4590 2670 4663; x_wconf 77' lang='lat' dir='ltr'><strong>pluribus</strong></span> <span class='ocrx_word' id='word_1_571' title='bbox 2695 4588 2832 4642; x_wconf 89' lang='lat' dir='ltr'><strong>infra</strong></span> <span class='ocrx_word' id='word_1_572' title='bbox 2850 4591 2916 4663; x_wconf 68' lang='lat' dir='ltr'><strong>ad</strong></span> <span class='ocrx_word' id='word_1_573' title='bbox 2935 4587 3181 4663; x_wconf 79' lang='lat' dir='ltr'><strong>ejusdem</strong></span> <span class='ocrx_word' id='word_1_574' title='bbox 3210 4585 3410 4663; x_wconf 67' lang='lat' dir='ltr'><strong>Yitam.</strong></span> 
     </span>
    </p>
   </div>
   <div class='ocr_carea' id='block_1_84' title="bbox 157 4656 3415 4732">
    <p class='ocr_par' dir='ltr' id='par_1_84' title="bbox 157 4656 3415 4732">
     <span class='ocr_line' id='line_1_84' title="bbox 157 4656 3415 4732; baseline -0.002 -16"><span class='ocrx_word' id='word_1_575' title='bbox 157 4656 629 4732; x_wconf 58' lang='grc' dir='ltr'>ιιιολειιΙΑιιςιιειειῘ</span> <span class='ocrx_word' id='word_1_576' title='bbox 766 4656 817 4732; x_wconf 56' lang='grc' dir='ltr'><strong>’ί</strong></span> <span class='ocrx_word' id='word_1_577' title='bbox 910 4730 943 4732; x_wconf 85' lang='lat'>__</span> <span class='ocrx_word' id='word_1_578' title='bbox 1245 4728 1276 4732; x_wconf 92' lang='lat'>_</span> <span class='ocrx_word' id='word_1_579' title='bbox 1375 4728 1387 4732; x_wconf 29' lang='grc' dir='ltr'><strong>Α</strong></span> <span class='ocrx_word' id='word_1_580' title='bbox 1571 4729 1581 4732; x_wconf 91' lang='lat'>_</span> <span class='ocrx_word' id='word_1_581' title='bbox 1894 4660 2042 4729; x_wconf 64' lang='grc'>(478)</span> <span class='ocrx_word' id='word_1_582' title='bbox 2071 4656 2543 4732; x_wconf 80' lang='lat' dir='ltr'><strong>Anachronisinus</strong></span> <span class='ocrx_word' id='word_1_583' title='bbox 2573 4659 2660 4713; x_wconf 92' lang='lat' dir='ltr'><strong>hic</strong></span> <span class='ocrx_word' id='word_1_584' title='bbox 2704 4670 2825 4732; x_wconf 74' lang='lat' dir='ltr'><strong>est;</strong></span> <span class='ocrx_word' id='word_1_585' title='bbox 2857 4659 3136 4732; x_wconf 69' lang='lat' dir='ltr'><strong>Friderico</strong></span> <span class='ocrx_word' id='word_1_586' title='bbox 3159 4658 3301 4710; x_wconf 83' lang='lat' dir='ltr'><strong>enim</strong></span> <span class='ocrx_word' id='word_1_587' title='bbox 3343 4656 3415 4732; x_wconf 81' lang='lat' dir='ltr'><strong>ad</strong></span> 
     </span>
    </p>
   </div>
   <div class='ocr_carea' id='block_1_85' title="bbox 216 4727 3414 4803">
    <p class='ocr_par' dir='ltr' id='par_1_85' title="bbox 216 4727 3414 4803">
     <span class='ocr_line' id='line_1_85' title="bbox 216 4727 3414 4803; baseline -0.002 -18"><span class='ocrx_word' id='word_1_588' title='bbox 216 4732 348 4803; x_wconf 63' lang='lat'><strong>(572)</strong></span> <span class='ocrx_word' id='word_1_589' title='bbox 380 4727 611 4788; x_wconf 79' lang='lat' dir='ltr'><strong>Videtur</strong></span> <span class='ocrx_word' id='word_1_590' title='bbox 640 4746 767 4787; x_wconf 87' lang='lat' dir='ltr'><strong>esse</strong></span> <span class='ocrx_word' id='word_1_591' title='bbox 793 4730 1063 4803; x_wconf 68' lang='lat' dir='ltr'><strong>Adelbero</strong></span> <span class='ocrx_word' id='word_1_592' title='bbox 1086 4727 1227 4803; x_wconf 73' lang='lat' dir='ltr'><strong>ﬁlius</strong></span> <span class='ocrx_word' id='word_1_593' title='bbox 1244 4728 1545 4803; x_wconf 78' lang='lat' dir='ltr'><strong>Bertlioldi,</strong></span> <span class='ocrx_word' id='word_1_594' title='bbox 1563 4729 1717 4803; x_wconf 64' lang='lat' dir='ltr'><strong>juxta</strong></span> <span class='ocrx_word' id='word_1_595' title='bbox 1821 4727 1911 4784; x_wconf 79' lang='lat' dir='ltr'><strong>an.</strong></span> <span class='ocrx_word' id='word_1_596' title='bbox 1929 4732 2032 4785; x_wconf 72' lang='grc'><strong>954</strong></span> <span class='ocrx_word' id='word_1_597' title='bbox 2055 4730 2310 4803; x_wconf 77' lang='lat' dir='ltr'><strong>defuncto</strong></span> <span class='ocrx_word' id='word_1_598' title='bbox 2334 4729 2761 4803; x_wconf 32' lang='lat' dir='ltr'><strong>nonAHatto‘,_sed</strong></span> <span class='ocrx_word' id='word_1_599' title='bbox 2787 4728 3107 4803; x_wconf 74' lang='lat' dir='ltr'><strong>Gnillclmns</strong></span> <span class='ocrx_word' id='word_1_600' title='bbox 3128 4727 3414 4803; x_wconf 70' lang='lat' dir='ltr'><strong>successit,</strong></span> 
     </span>
    </p>
   </div>
   <div class='ocr_carea' id='block_1_86' title="bbox 160 4795 3418 4872">
    <p class='ocr_par' dir='ltr' id='par_1_86' title="bbox 160 4795 3418 4872">
     <span class='ocr_line' id='line_1_86' title="bbox 160 4795 3418 4872; baseline -0.002 -18"><span class='ocrx_word' id='word_1_601' title='bbox 160 4795 513 4872; x_wconf 64' lang='lat' dir='ltr'><strong>llepillannum</strong></span> <span class='ocrx_word' id='word_1_602' title='bbox 557 4804 589 4858; x_wconf 89' lang='lat' dir='ltr'><strong>h</strong></span> <span class='ocrx_word' id='word_1_603' title='bbox 642 4819 695 4856; x_wconf 88' lang='lat' dir='ltr'><strong>a.</strong></span> <span class='ocrx_word' id='word_1_604' title='bbox 724 4802 957 4872; x_wconf 80' lang='lat' dir='ltr'><strong>occisus.</strong></span> <span class='ocrx_word' id='word_1_605' title='bbox 1008 4799 1356 4872; x_wconf 30' lang='lat' dir='ltr'><strong>Be‘rtholdum</strong></span> <span class='ocrx_word' id='word_1_606' title='bbox 1399 4816 1531 4855; x_wconf 83' lang='lat' dir='ltr'><strong>vero</strong></span> <span class='ocrx_word' id='word_1_607' title='bbox 1558 4795 1720 4853; x_wconf 67' lang='lat' dir='ltr'><strong>Adal-</strong></span> <span class='ocrx_word' id='word_1_608' title='bbox 1755 4860 1798 4872; x_wconf 37' lang='lat' dir='ltr'><strong>ﬁ</strong></span> <span class='ocrx_word' id='word_1_609' title='bbox 1826 4810 1885 4872; x_wconf 85' lang='lat' dir='ltr'><strong>ut</strong></span> <span class='ocrx_word' id='word_1_610' title='bbox 1938 4802 2052 4869; x_wconf 84' lang='lat' dir='ltr'><strong>ipse</strong></span> <span class='ocrx_word' id='word_1_611' title='bbox 2094 4802 2293 4855; x_wconf 86' lang='lat' dir='ltr'><strong>fatetur</strong></span> <span class='ocrx_word' id='word_1_612' title='bbox 2341 4802 2393 4872; x_wconf 87' lang='lat' dir='ltr'><strong>in</strong></span> <span class='ocrx_word' id='word_1_613' title='bbox 2442 4800 2548 4854; x_wconf 88' lang='lat' dir='ltr'><strong>ﬁne</strong></span> <span class='ocrx_word' id='word_1_614' title='bbox 2579 4799 2881 4872; x_wconf 10' lang='lat' dir='ltr'><strong>fChronicir</strong></span> <span class='ocrx_word' id='word_1_615' title='bbox 2916 4797 3204 4872; x_wconf 77' lang='lat' dir='ltr'><strong>Augieusis</strong></span> <span class='ocrx_word' id='word_1_616' title='bbox 3258 4805 3322 4866; x_wconf 81' lang='grc' dir='ltr'><strong>(ι.</strong></span> <span class='ocrx_word' id='word_1_617' title='bbox 3365 4795 3418 4872; x_wconf 85' lang='lat' dir='ltr'><strong>_l,</strong></span> 
     </span>
    </p>
   </div>
   <div class='ocr_carea' id='block_1_87' title="bbox 160 4860 3417 4943">
    <p class='ocr_par' dir='ltr' id='par_1_87' title="bbox 160 4860 3417 4943">
     <span class='ocr_line' id='line_1_87' title="bbox 160 4860 3417 4943; baseline -0.002 -18"><span class='ocrx_word' id='word_1_618' title='bbox 160 4860 279 4943; x_wconf 63' lang='lat' dir='ltr'><strong>[terti</strong></span> <span class='ocrx_word' id='word_1_619' title='bbox 304 4884 509 4943; x_wconf 87' lang='lat' dir='ltr'><strong>patrem</strong></span> <span class='ocrx_word' id='word_1_620' title='bbox 528 4872 828 4943; x_wconf 72' lang='lat' dir='ltr'><strong>Eclthartt.</strong></span> <span class='ocrx_word' id='word_1_621' title='bbox 852 4871 890 4924; x_wconf 92' lang='lat' dir='ltr'>II</span> <span class='ocrx_word' id='word_1_622' title='bbox 910 4870 1490 4943; x_wconf 65' lang='lat' dir='ltr'><strong>Rer.Fr:tnq._t)rietit_.,</strong></span> <span class='ocrx_word' id='word_1_623' title='bbox 1517 4885 1570 4940; x_wconf 93' lang='lat' dir='ltr'><strong>p.</strong></span> <span class='ocrx_word' id='word_1_624' title='bbox 1595 4872 1722 4943; x_wconf 74' lang='lat'><strong>815,</strong></span> <span class='ocrx_word' id='word_1_625' title='bbox 1753 4860 1801 4919; x_wconf 77' lang='grc' dir='ltr'>Ι)</span> <span class='ocrx_word' id='word_1_626' title='bbox 1830 4860 2064 4943; x_wconf 58' lang='lat' dir='ltr'><strong>Misce“.</strong></span> <span class='ocrx_word' id='word_1_627' title='bbox 2081 4872 2308 4943; x_wconf 79' lang='lat' dir='ltr'><strong>Baluzii)</strong></span> <span class='ocrx_word' id='word_1_628' title='bbox 2336 4871 2419 4943; x_wconf 86' lang='lat' dir='ltr'><strong>his</strong></span> <span class='ocrx_word' id='word_1_629' title='bbox 2441 4871 2641 4943; x_wconf 72' lang='lat' dir='ltr'><strong>verbis,</strong></span> <span class='ocrx_word' id='word_1_630' title='bbox 2663 4885 2787 4943; x_wconf 62' lang='lat' dir='ltr'><strong>qua;</strong></span> <span class='ocrx_word' id='word_1_631' title='bbox 2813 4871 2975 4924; x_wconf 89' lang='lat' dir='ltr'><strong>etiam</strong></span> <span class='ocrx_word' id='word_1_632' title='bbox 3001 4860 3417 4943; x_wconf 66' lang='lat' dir='ltr'><strong>ad_i_|_|_ustra_nda</strong></span> 
     </span>
    </p>
   </div>
   <div class='ocr_carea' id='block_1_88' title="bbox 160 4936 3413 5012">
    <p class='ocr_par' dir='ltr' id='par_1_88' title="bbox 160 4936 3413 5012">
     <span class='ocr_line' id='line_1_88' title="bbox 160 4936 3413 5012; baseline -0.002 -19"><span class='ocrx_word' id='word_1_633' title='bbox 160 4936 456 4997; x_wconf 62' lang='lat' dir='ltr'><strong>ﬁlium&#39;facit</strong></span> <span class='ocrx_word' id='word_1_634' title='bbox 481 4943 724 5006; x_wconf 82' lang='lat' dir='ltr'><strong>Heurici,</strong></span> <span class='ocrx_word' id='word_1_635' title='bbox 752 4941 935 5012; x_wconf 83' lang='lat' dir='ltr'><strong>fratris</strong></span> <span class='ocrx_word' id='word_1_636' title='bbox 957 4940 1232 5012; x_wconf 79' lang='lat' dir='ltr'><strong>Adalberti</strong></span> <span class='ocrx_word' id='word_1_637' title='bbox 1258 4936 1724 5012; x_wconf 73' lang='lat' dir='ltr'><strong>Babenhei‘geusis</strong></span> <span class='ocrx_word' id='word_1_638' title='bbox 1830 4944 2013 5012; x_wconf 87' lang='lat' dir='ltr'><strong>priora</strong></span> <span class='ocrx_word' id='word_1_639' title='bbox 2044 4941 2248 4997; x_wconf 88' lang='lat' dir='ltr'><strong>faciunt</strong></span> <span class='ocrx_word' id='word_1_640' title='bbox 2279 4936 2297 4996; x_wconf 77' lang='grc' dir='ltr'><strong>ε’</strong></span> <span class='ocrx_word' id='word_1_641' title='bbox 2338 4960 2356 4992; x_wconf 80' lang='grc' dir='ltr'><strong>ι</strong></span> <span class='ocrx_word' id='word_1_642' title='bbox 2395 4941 2557 4994; x_wconf 82' lang='lat' dir='ltr'><strong>Anno</strong></span> <span class='ocrx_word' id='word_1_643' title='bbox 2582 4936 2734 4994; x_wconf 86' lang='lat' dir='ltr'><strong>Dom.</strong></span> <span class='ocrx_word' id='word_1_644' title='bbox 2764 4939 3034 5012; x_wconf 66' lang='lat' dir='ltr'><strong>Incarnat.</strong></span> <span class='ocrx_word' id='word_1_645' title='bbox 3054 4937 3196 5012; x_wconf 9' lang='lat' dir='ltr'><strong>r954,</strong></span> <span class='ocrx_word' id='word_1_646' title='bbox 3222 4936 3413 4989; x_wconf 85' lang='lat' dir='ltr'><strong>iudtct.</strong></span> 
     </span>
    </p>
   </div>
   <div class='ocr_carea' id='block_1_89' title="bbox 162 5010 3420 5082">
    <p class='ocr_par' dir='ltr' id='par_1_89' title="bbox 162 5010 3420 5082">
     <span class='ocr_line' id='line_1_89' title="bbox 162 5010 3420 5082; baseline -0.001 -20"><span class='ocrx_word' id='word_1_647' title='bbox 162 5013 342 5082; x_wconf 12' lang='lat'><strong>9.7905</strong></span> <span class='ocrx_word' id='word_1_648' title='bbox 377 5013 680 5068; x_wconf 78' lang='lat' dir='ltr'><strong>decollati:</strong></span> <span class='ocrx_word' id='word_1_649' title='bbox 747 5012 837 5082; x_wconf 89' lang='lat' dir='ltr'><strong>qui</strong></span> <span class='ocrx_word' id='word_1_650' title='bbox 873 5011 1137 5082; x_wconf 76' lang='lat' dir='ltr'><strong>Henricus</strong></span> <span class='ocrx_word' id='word_1_651' title='bbox 1183 5011 1484 5082; x_wconf 90' lang='lat' dir='ltr'><strong>principem</strong></span> <span class='ocrx_word' id='word_1_652' title='bbox 1536 5010 1719 5065; x_wconf 80' lang='lat' dir='ltr'><strong>sedem</strong></span> <span class='ocrx_word' id='word_1_653' title='bbox 1826 5010 1925 5076; x_wconf 73' lang='lat' dir='ltr'><strong>5m,</strong></span> <span class='ocrx_word' id='word_1_654' title='bbox 1984 5015 2153 5067; x_wconf 59' lang='lat' dir='ltr'><strong>beatae</strong></span> <span class='ocrx_word' id='word_1_655' title='bbox 2204 5013 2480 5082; x_wconf 69' lang='lat' dir='ltr'><strong>memoriae</strong></span> <span class='ocrx_word' id='word_1_656' title='bbox 2532 5010 3164 5082; x_wconf 68' lang='lat' dir='ltr'><strong>domnusFrithuricus</strong></span> <span class='ocrx_word' id='word_1_657' title='bbox 3213 5015 3420 5082; x_wconf 66' lang='lat' dir='ltr'><strong>sanctae</strong></span> 
     </span>
    </p>
   </div>
   <div class='ocr_carea' id='block_1_90' title="bbox 162 5074 3449 5152">
    <p class='ocr_par' dir='ltr' id='par_1_90' title="bbox 162 5074 3449 5152">
     <span class='ocr_line' id='line_1_90' title="bbox 162 5074 3449 5152; baseline 0 -22"><span class='ocrx_word' id='word_1_658' title='bbox 162 5077 377 5152; x_wconf 74' lang='lat' dir='ltr'><strong>habuerit</strong></span> <span class='ocrx_word' id='word_1_659' title='bbox 412 5084 719 5146; x_wconf 82' lang='lat' dir='ltr'><strong>Martalam,</strong></span> <span class='ocrx_word' id='word_1_660' title='bbox 753 5074 835 5138; x_wconf 68' lang='lat' dir='ltr'><strong>vel</strong></span> <span class='ocrx_word' id='word_1_661' title='bbox 866 5080 1144 5135; x_wconf 83' lang='lat' dir='ltr'><strong>Mertelam</strong></span> <span class='ocrx_word' id='word_1_662' title='bbox 1180 5074 1272 5135; x_wconf 79' lang='lat' dir='ltr'><strong>aut</strong></span> <span class='ocrx_word' id='word_1_663' title='bbox 1304 5074 1485 5152; x_wconf 66' lang='lat' dir='ltr'><strong>potius</strong></span> <span class='ocrx_word' id='word_1_664' title='bbox 1522 5082 1722 5135; x_wconf 82' lang='lat' dir='ltr'><strong>Amar-</strong></span> <span class='ocrx_word' id='word_1_665' title='bbox 1825 5074 2291 5152; x_wconf 67' lang='lat' dir='ltr'><strong>Moguntiancnsis</strong></span> <span class='ocrx_word' id='word_1_666' title='bbox 2338 5079 2596 5135; x_wconf 66' lang='lat' dir='ltr'><strong>Ecclesia:</strong></span> <span class='ocrx_word' id='word_1_667' title='bbox 2644 5078 3091 5152; x_wconf 61' lang='lat' dir='ltr'><strong>archiepiscopus</strong></span> <span class='ocrx_word' id='word_1_668' title='bbox 3141 5092 3236 5131; x_wconf 80' lang='lat' dir='ltr'><strong>\‘lll</strong></span> <span class='ocrx_word' id='word_1_669' title='bbox 3293 5074 3449 5134; x_wconf 79' lang='lat' dir='ltr'><strong>Ka|.,</strong></span> 
     </span>
    </p>
   </div>
   <div class='ocr_carea' id='block_1_91' title="bbox 163 5148 3417 5222">
    <p class='ocr_par' dir='ltr' id='par_1_91' title="bbox 163 5148 3417 5222">
     <span class='ocr_line' id='line_1_91' title="bbox 163 5148 3417 5222; baseline -0.001 -19"><span class='ocrx_word' id='word_1_670' title='bbox 163 5148 336 5222; x_wconf 79' lang='lat' dir='ltr'><strong>delam,</strong></span> <span class='ocrx_word' id='word_1_671' title='bbox 383 5153 652 5209; x_wconf 85' lang='lat' dir='ltr'><strong>Sulzbaco</strong></span> <span class='ocrx_word' id='word_1_672' title='bbox 705 5153 1105 5222; x_wconf 83' lang='lat' dir='ltr'><strong>propinquam;</strong></span> <span class='ocrx_word' id='word_1_673' title='bbox 1156 5148 1377 5207; x_wconf 52' lang='lat' dir='ltr'><strong>umle&#39;et</strong></span> <span class='ocrx_word' id='word_1_674' title='bbox 1411 5151 1528 5220; x_wconf 87' lang='lat' dir='ltr'><strong>ejus</strong></span> <span class='ocrx_word' id='word_1_675' title='bbox 1551 5167 1720 5222; x_wconf 85' lang='lat' dir='ltr'><strong>nepos</strong></span> <span class='ocrx_word' id='word_1_676' title='bbox 1824 5148 1959 5207; x_wconf 73' lang='lat' dir='ltr'><strong>Nov.</strong></span> <span class='ocrx_word' id='word_1_677' title='bbox 1990 5154 2146 5208; x_wconf 82' lang='lat' dir='ltr'><strong>obiit.</strong></span> <span class='ocrx_word' id='word_1_678' title='bbox 2176 5153 2374 5207; x_wconf 85' lang='lat' dir='ltr'><strong>Eodem</strong></span> <span class='ocrx_word' id='word_1_679' title='bbox 2406 5166 2533 5222; x_wconf 80' lang='lat' dir='ltr'><strong>vero</strong></span> <span class='ocrx_word' id='word_1_680' title='bbox 2563 5163 2716 5222; x_wconf 76' lang='lat' dir='ltr'><strong>anno</strong></span> <span class='ocrx_word' id='word_1_681' title='bbox 2749 5162 2851 5217; x_wconf 81' lang='lat' dir='ltr'><strong>ego</strong></span> <span class='ocrx_word' id='word_1_682' title='bbox 2893 5148 3218 5214; x_wconf 83' lang='lat' dir='ltr'><strong>Willelmus,</strong></span> <span class='ocrx_word' id='word_1_683' title='bbox 3250 5156 3417 5222; x_wconf 60' lang='lat' dir='ltr'><strong>tanta;</strong></span> 
     </span>
    </p>
   </div>
   <div class='ocr_carea' id='block_1_92' title="bbox 163 5216 3418 5292">
    <p class='ocr_par' dir='ltr' id='par_1_92' title="bbox 163 5216 3418 5292">
     <span class='ocr_line' id='line_1_92' title="bbox 163 5216 3418 5292; baseline -0.007 1"><span class='ocrx_word' id='word_1_684' title='bbox 163 5216 458 5292; x_wconf 17' lang='lat' dir='ltr'><strong>“iumentis</strong></span> <span class='ocrx_word' id='word_1_685' title='bbox 479 5240 661 5279; x_wconf 80' lang='lat' dir='ltr'><strong>comes</strong></span> <span class='ocrx_word' id='word_1_686' title='bbox 682 5216 752 5275; x_wconf 72' lang='lat' dir='ltr'><strong>de</strong></span> <span class='ocrx_word' id='word_1_687' title='bbox 780 5216 1044 5292; x_wconf 71' lang='lat' dir='ltr'><strong>Marlitale</strong></span> <span class='ocrx_word' id='word_1_688' title='bbox 1075 5223 1370 5292; x_wconf 79' lang='lat' dir='ltr'><strong>sitdictus.</strong></span> <span class='ocrx_word' id='word_1_689' title='bbox 1438 5216 1454 5220; x_wconf 56' lang='grc'>⁷</span> <span class='ocrx_word' id='word_1_690' title='bbox 1486 5291 1493 5292; x_wconf 17' lang='grc' dir='ltr'><em>γ</em></span> <span class='ocrx_word' id='word_1_691' title='bbox 1624 5216 1638 5222; x_wconf 76' lang='grc'><em>’</em></span> <span class='ocrx_word' id='word_1_692' title='bbox 1824 5223 2190 5277; x_wconf 85' lang='lat' dir='ltr'><strong>successionis</strong></span> <span class='ocrx_word' id='word_1_693' title='bbox 2222 5224 2492 5292; x_wconf 84' lang='lat' dir='ltr'><strong>indignus,</strong></span> <span class='ocrx_word' id='word_1_694' title='bbox 2524 5221 2643 5275; x_wconf 83' lang='lat' dir='ltr'><strong>loco</strong></span> <span class='ocrx_word' id='word_1_695' title='bbox 2671 5216 2801 5292; x_wconf 80' lang='lat' dir='ltr'><strong>ejus</strong></span> <span class='ocrx_word' id='word_1_696' title='bbox 2823 5235 2947 5274; x_wconf 89' lang='lat' dir='ltr'><strong>cum</strong></span> <span class='ocrx_word' id='word_1_697' title='bbox 2979 5234 3248 5292; x_wconf 85' lang='lat' dir='ltr'><strong>consensu</strong></span> <span class='ocrx_word' id='word_1_698' title='bbox 3281 5216 3418 5270; x_wconf 89' lang='lat' dir='ltr'><strong>cleri</strong></span> 
     </span>
    </p>
   </div>
   <div class='ocr_carea' id='block_1_93' title="bbox 217 5288 3422 5342">
    <p class='ocr_par' dir='ltr' id='par_1_93' title="bbox 217 5288 3422 5342">
     <span class='ocr_line' id='line_1_93' title="bbox 217 5288 3422 5342; baseline -0.001 0"><span class='ocrx_word' id='word_1_699' title='bbox 217 5290 351 5342; x_wconf 67' lang='grc'>(475)</span> <span class='ocrx_word' id='word_1_700' title='bbox 380 5292 570 5342; x_wconf 79' lang='lat' dir='ltr'><strong>Ili/am</strong></span> <span class='ocrx_word' id='word_1_701' title='bbox 598 5310 695 5342; x_wconf 73' lang='lat' dir='ltr'><strong>seu</strong></span> <span class='ocrx_word' id='word_1_702' title='bbox 726 5293 902 5342; x_wconf 85' lang='lat' dir='ltr'><strong>llarus</strong></span> <span class='ocrx_word' id='word_1_703' title='bbox 928 5290 1358 5342; x_wconf 70' lang='lat' dir='ltr'><strong>Suevizeﬂuvins-</strong></span> <span class='ocrx_word' id='word_1_704' title='bbox 1388 5291 1532 5342; x_wconf 84' lang='lat' dir='ltr'><strong>unde</strong></span> <span class='ocrx_word' id='word_1_705' title='bbox 1552 5307 1720 5342; x_wconf 76' lang='lat' dir='ltr'><strong>uacus</strong></span> <span class='ocrx_word' id='word_1_706' title='bbox 1823 5304 1879 5342; x_wconf 79' lang='lat' dir='ltr'><strong>et</strong></span> <span class='ocrx_word' id='word_1_707' title='bbox 1913 5293 2090 5342; x_wconf 86' lang='lat' dir='ltr'><strong>nnnnli</strong></span> <span class='ocrx_word' id='word_1_708' title='bbox 2120 5288 2360 5342; x_wconf 73' lang='lat' dir='ltr'><strong>eiusdem</strong></span> <span class='ocrx_word' id='word_1_709' title='bbox 2394 5302 2599 5342; x_wconf 67' lang='lat' dir='ltr'><strong>sanctae</strong></span> <span class='ocrx_word' id='word_1_710' title='bbox 2624 5288 2772 5342; x_wconf 85' lang='lat' dir='ltr'><strong>sedis</strong></span> <span class='ocrx_word' id='word_1_711' title='bbox 2803 5306 2894 5342; x_wconf 74' lang='lat' dir='ltr'><strong>xv:</strong></span> <span class='ocrx_word' id='word_1_712' title='bbox 2923 5290 3422 5342; x_wconf 79' lang='lat' dir='ltr'><strong>Kal..lan.iosnuu0</strong></span> 
     </span>
    </p>
   </div>
  </div>
