3970 5406
461 242 565 299 1‘23

1313 244 1673 301 IIERMANNI
1712 245 2109 305 CONTHACTI
2147 249 2520 307 AUGIENSIS
2562 248 2871 309 MON-ICIII

3632 252 3749 310 2’23

1763 362 1993 418 CODEX
2034 366 2073 418 A
2087 363 2419 421 UGIENSIS.
2486 354 2487 357 8

459 471 710 542 migravit
738 472 804 526 ad
834 470 1143 533 Dominum,
1174 480 1231 525 et
1278 487 1334 526 ιιι
1378 472 1606 528 basilica
1654 484 1855 528 sancta:
1895 472 2038 529 Afrae
2071 468 2112 519 Α
2150 452 2160 463 ’
2212 477 2315 532 979
2354 479 2681 535 Οοηειιιιιιίίρ
2700 480 3051 538 Gamenoll’us
3078 483 3365 555 episcopus
3387 482 3544 550 obiit,
3574 488 3753 557 eique

460 563 717 633 martyris
756 577 787 615 a
816 561 1114 617 venerabili
1145 560 1468 634 Wolfgango
1512 563 1897 619 Hatisboucnsi
1931 564 2044 633 cpi--

458 669 622 724 scopo
670 654 966 709 tumulatus
998 655 1295 710 innumeris
1337 670 1508 725 usque
1547 656 1707 711 hodie
1737 655 1907 710 claret
1939 655 2043 708 mi-

458 746 696 810 raculis;
760 755 879 814 post
933 760 1094 814 quem
1148 745 1414 800 Ilenricns
1457 746 1712 816 Augusta:
1758 745 2045 816 episcopus

460 835 637 891 factus
662 836 877 906 praefuit
899 837 1055 890 anuis
1084 852 1160 890 ut.
1193 836 1540 893 Burcbardus
1568 838 1717 909 (494)
1748 839 1912 891 etiam
1937 839 2044 891 dux

457 928 790 983 Alamanniae
842 916 1130 983 defunctus
1180 930 1473 999 Augimque
1520 930 1572 983 in
1623 930 1823 998 capella
1874 930 2045 984 sancti

459 1022 675 1076 Erasmi
703 1022 953 1077 conditus
983 1031 1089 1087 cst,
1120 1031 1174 1076 et
1202 1021 1329 1078 Otto
1357 1022 1496 1076 ﬁlius
1518 1021 1733 1076 Luitolﬁ
1758 1032 2043 1093 paternum

459 1128 560 1183 pro
580 1127 646 1167 eo
681 1114 934 1168 ducatum
970 1114 1195 1183 recepit.

466 1212 471 1217 '
532 1202 636 1258 974
679 1203 866 1257 Romae
892 1202 1218 1258 Benedictus
1240 1218 1401 1274 papa,
1427 1203 1752 1258 criminatus
1779 1219 1807 1257 a
1849 1203 2050 1257 Roma-

460 1293 547 1349 nis
575 1286 628 1348 ct
655 1310 683 1346 a
713 1292 1032 1348 Crescentio
1062 1292 1359 1349 Theodorus
1382 1293 1490 1348 lilio
1525 1294 1575 1347 in
1613 1292 1838 1347 castello
1873 1293 2049 1348 sancti

460 1383 651 1455 Angeli
680 1383 937 1438 custodiae
970 1384 1305 1453 mancipatus
1329 1383 1508 1452 ibique
1546 1383 1916 1453 strangulatus
1943 1394 2048 1447 est,

460 1485 516 1529 et
541 1490 606 1529 eo
631 1476 841 1530 vivente
865 1474 1173 1530 Bonifacius
1202 1475 1442 1530 Ferrucii
1478 1475 1644 1537 illius,
1669 1490 1803 1544 papa
1830 1476 2052 1530 ordina-

461 1575 553 1621 tus
584 1575 641 1622 et
669 1577 791 1638 post
835 1583 999 1621 IIllllm
1048 1583 1288 1623 mensem
1342 1567 1621 1638 expulsus,
1667 1567 2051 1622 Constantiano

459 1656 626 1726 polim
661 1666 848 1727 postea
892 1658 1066 1727 petiit,
1095 1666 1149 1711 et
1179 1656 1503 1719 Benedictus
1538 1657 1652 1724 VII,
1680 1658 1878 1712 Sutriae
1903 1657 2053 1726 prius

2146 565 2496 622 Gebehardus
2527 571 2723 627 nobilis
2751 582 2805 625 et
2841 574 3164 628 venerabilis
3201 575 3395 642 praesul
3436 580 3755 631 succedens

2146 674 2235 713 xvr
2269 661 2425 715 annis
2454 662 2751 718 Ecclesium
2780 665 2946 728 rexit;
2972 667 3061 735 qui
3092 666 3372 721 basilicam
3402 670 3580 724 sancti
3609 669 3757 725 Gre-

2147 752 2281 821 gorii
2331 752 2384 806 in
2437 755 2550 823 ripa
2601 754 2770 810 llbcni
2820 756 3204 828 abbatiamque
3253 759 3368 814 suis
3414 775 3478 814 ex
3516 761 3757 831 praediis

2147 847 2456 900 construxit
2483 847 2654 917 (501).

2190 935 2317 1026 ,981
2364 936 2490 991 Otto
2530 939 2844 1007 imperator,
2862 950 3147 1011 peragrata
3183 941 3355 1007 Italia,
3382 941 3757 1015 Campaniam

2148 1023 2515 1096 Galabrosque
2548 1029 2682 1082 lines
2712 1044 2835 1083 cum
2859 1032 3099 1085 exercitu
3135 1033 3460 1103 ingreditur.

2220 1115 2325 1170 982
2359 1117 2530 1172 Graeci
2578 1135 2698 1173 cum
2757 1122 2966 1192 magnis
3011 1122 3201 1192 copiis,
3246 1125 3534 1181 conductis
3578 1126 3756 1181 etiam

2150 1207 2326 1277 pretio
2350 1207 2691 1277 Sarraceuis,
2727 1211 3033 1268 Calabriam
3060 1224 3247 1270 contra
3277 1216 3534 1274 Ottonem
3569 1220 3758 1288 impe-

2152 1310 2386 1355 ratorem
2434 1302 2724 1359 defendere
2761 1306 3021 1375 aggressi,
3055 1310 3262 1380 magnis
3299 1311 3554 1381 utrinque
3586 1312 3759 1383 192

2150 1390 2359 1446 viribus
2398 1403 2647 1449 conserta
2681 1394 2851 1467 (502),
2887 1399 3062 1467 primo
3093 1400 3245 1465 victi,
3276 1411 3331 1455 et
3366 1402 3565 1457 deinde
3609 1419 3758 1457 nova

2151 1501 2314 1540 manu
2346 1489 2791 1544 succurrentibus
2820 1491 3105 1559 Agareuis,
3145 1496 3444 1550 exercitum
3490 1506 3756 1551 nostrum

2150 1578 2447 1647 perimunt,
2480 1577 2562 1633 vel
2609 1581 2851 1650 capiunt.
2898 1583 3121 1653 Ipseque
3159 1585 3454 1656 imperator
3496 1587 3552 1640 in
3609 1587 3758 1641 mari

2152 1669 2393 1724 natando
2423 1670 2655 1740 fugiens.
2684 1672 2754 1726 ab
2776 1674 3021 1729 hostibus
3046 1686 3258 1746 captus,
3285 1691 3408 1731 cum
3433 1693 3542 1732 non
3571 1693 3757 1748 agno-

462 1747 781 1817 episcopus,
824 1764 962 1819 papa
1003 1747 1315 1805 CXXXVIII
1363 1748 1684 1814 ordinatus,
1727 1749 1868 1803 sedit
1894 1748 2053 1803 annis

2177 1771 2416 1831 ceretur,
2462 1763 2531 1819 ab
2569 1764 2651 1819 eis
2690 1765 2759 1820 ad
2807 1767 3076 1836 quoddam
3122 1778 3360 1824 castrum
3405 1747 3755 1824 Inaritimum

462 1853 518 1894 lx
567 1838 736 1909 (495).
771 1837 1120 1901 Constanti-.e,
1167 1848 1370 1894 sancta:
1416 1839 1690 1894 memoriae
1743 1838 2048 1901 Conradus,

2177 1875 2256 1914 II‘O
2292 1860 2486 1929 pretio,
2524 1869 2585 1917 ut
2617 1860 2861 1931 rogabat,
2901 1862 3188 1927 adductus,
3218 1877 3247 1917 a
3279 1863 3393 1918 suis
3432 1864 3758 1933 redemptus

464 1931 755 2001 episcopus
798 1947 848 1986 vt
892 1931 1010 1985 Kal.
1059 1931 1343 1987 Decembr.
1394 1931 1498 1985 bac
1530 1931 1636 1985 vita
1674 1931 1828 2002 191
1868 1931 2054 1986 deces-

463 2022 580 2085 sit,
634 2031 690 2075 et
729 2036 826 2090 pro
878 2036 943 2077 eo
997 2021 1347 2078 Gamenolfus
1401 2021 1561 2077 annis
1607 2023 1726 2093 plus
1778 2023 1958 2078 minus
2001 2036 2053 2075 tv

466 2113 681 2183 pmf‘uit
710 2114 895 2189 (496).¹
1914 2186 1915 2189 η
1964 2186 1969 2189 ι

540 2203 642 2259 976
682 2203 725 2258 D
748 2190 959 2261 ssensio
986 2206 1126 2261 inter
1158 2219 1337 2277 regem
1369 2205 1625 2262 Ottonem
1664 2213 1718 2259 et
1748 2205 2051 2276 patruelem

467 2293 586 2364 ejus
625 2295 916 2352 Hernicum
945 2298 1135 2353 ducem
1163 2297 1428 2368 Bajoarim
1455 2306 1724 2352 commota
1752 2306 1832 2353 est
1883 2297 2050 2369 (497).

539 2386 643 2442 977
681 2389 836 2457 Apud
885 2398 1132 2444 sanctum
1168 2389 1379 2445 Gallum
1424 2389 1594 2444 Immo
1625 2388 1792 2444 abbas
1843 2388 2057 2459 przefuit

469 2479 631 2532 annis
655 2495 774 2542 vm,
811 2480 901 2550 qui
947 2480 1201 2551 templum
1230 2480 1446 2551 patroni
1481 2480 1564 2535 sui
1599 2496 1697 2550 pro
1728 2481 1935 2535 viribus
1963 2481 2057 2534 ad-

470 2583 669 2625 oruare
692 2572 893 2625 studuit
913 2570 1066 2641 juxta
1092 2572 1378 2642 distyehou
1410 2571 1537 2626 illud
1566 2574 1618 2625 in
1650 2587 1780 2625 arcu
1812 2571 2057 2626 ecclesia:

472 2664 735 2733 scriptum
806 2664 973 2735 (498).
1029 2665 1307 2721 Discordia
1374 2665 1516 2720 inter
1562 2664 1811 2721 Ottonem
1865 2665 2057 2719 ducem

472 2754 685 2810 Sueviae
733 2754 901 2827 (499),
945 2766 1000 2811 et
1046 2756 1339 2812 Henricum
1382 2756 1646 2828 Bajoarite
1693 2758 1889 2813 ducem
1946 2758 2059 2828 agi-

472 2854 606 2899 tata.

546 2937 650 2993 978
688 2937 814 2994 Otto
862 2938 1159 3010 imperator
1202 2954 1392 2998 contra
1431 2941 1748 2997 Lotbarium
1783 2956 1962 3012 regem
2004 2941 2058 2994 in

475 3026 678 3083 Gallias
702 3031 858 3086 duxit
887 3034 1207 3088 exercitum.
1247 3034 1514 3090 Henricus
1544 3035 1652 3089 dux
1689 3032 1971 3103 Bajoariaa,
2005 3044 2061 3086 et

475 3113 616 3180 alius
658 3126 921 3184 Henricus
950 3129 1057 3183 dux
1089 3130 1262 3202 (500).
1306 3130 1665 3202 Augustcnsis
1702 3146 1919 3203 quoque
1946 3130 2060 3201 epi-

2156 1959 2261 2008 est.
2297 1951 2352 2006 lu
2380 1966 2447 2006 eo
2472 1951 2725 2008 conﬂictu
2764 1953 2969 2008 nostris
3002 1953 3395 2009 infaustissimo
3429 1954 3575 2011 inter
3617 1955 3758 2010 alios

2157 2045 2472 2101 innumeros
2503 2044 2770 2102 Henricus
2797 2046 2963 2100 etiam
3006 2046 3365 2117 Augustensis
3407 2047 3758 2117 interceptus

2157 2138 2425 2209 disparuit
2457 2138 2627 2209 (503),
2658 2138 2818 2208 eique
2849 2138 3001 2194 Eticb
3036 2139 3087 2194 in
3123 2140 3433 2209 episcopatu
3458 2140 3756 2196 successit.

2155 2258 2227 2271 -—
2248 2230 2367 2299 Ipso
2385 2244 2529 2284 attno
2550 2229 2676 2285 Otto
2702 2232 2806 2286 dux
2832 2229 3131 2285 Suevorum
3160 2241 3213 2285 et
3240 2229 3564 2286 Noricorum
3589 2231 3757 2295 obiit,

2160 2332 2215 2377 ct
2254 2330 2534 2393 postcum
2573 2322 2852 2376 Conradus
2887 2321 3036 2392 (504)
3067 2322 3177 2376 dux
3207 2322 3539 2376 Alamanniae
3572 2321 3758 2376 factus

2160 2423 2261 2476 est,
2300 2414 2670 2484 Ilenricusque
2700 2411 2956 2468 ducatum
2995 2411 3259 2481 Bajoaritc
3290 2412 3517 2482 recepit.
3546 2410 3754 2466 Annal.

2160 2504 2335 2632 8ηὲἕέ
2373 2576 2500 2632 Οιιο
2530 2576 2822 2645 imperator
2861 2574 3047 2630 Romae
3089 2583 3395 2629 murmatns
3423 2589 3474 2627 γι
3499 2572 3633 2627 ldus
3654 2572 3759 2626 De-

2160 2669 2335 2724 cemb.
2372 2667 2629 2732 moritur;
2677 2666 2859 2738 ibique
2898 2665 3192 2721 honoriﬁce
3234 2665 3286 2719 in
3330 2666 3540 2736 porticu
3579 2662 3757 2719 sancti

2160 2759 2306 2814 Petri
2337 2757 2650 2813 tumulatur.
2683 2757 2878 2811 Annal.
2909 2755 3076 2812 Saxo.

2231 2851 2335 2908 984
2376 2850 2502 2907 Otto
2544 2848 2752 2914 tertius,
2799 2848 3020 2904 secundi
3056 2847 3273 2904 Ottonis
3301 2861 3366 2903 ex
3399 2846 3588 2902 Graaca
3627 2862 3759 2902 con—

2154 2945 2281 3018 juge
2312 2945 2472 3010 lilius,
2505 2944 2684 2998 adhuc
2722 2940 3056 2996 infantilibus
3097 2942 3255 2994 annis
3295 2954 3388 2993 rex
3431 2954 3530 3008 pro
3573 2949 3754 3008 patre,

2161 3036 2484 3109 quibusdam
2537 3032 2866 3105 primoribus
2912 3032 3116 3096 invitis,
3171 3032 3502 3086 constitutus
3543 3040 3655 3096 est,
3705 3037 3760 3084 et

2163 3144 2356 3201 magna
2380 3143 2508 3184 cura
2531 3128 2802 3181 educatus
2824 3140 3032 3180 summa
3060 3123 3238 3179 indole
3258 3124 3448 3178 crevit.
3471 3154 3544 3164 —
3570 3123 3760 3176 Romae

474 3230 670 3285 scapus
692 3216 957 3275 Henricus
986 3221 1309 3277 rebellantes
1335 3223 1647 3294 imperatori
1670 3226 1811 3294 capti
1843 3234 1899 3279 et
1922 3225 2058 3279 exsiv
2089 3217 2134 3279 C
2163 3219 2398 3275 Joannes
2429 3217 2568 3280 XIV,
2598 3217 2690 3286 qui
2733 3224 2786 3270 et
2812 3215 3028 3277 Petrus,
3056 3214 3235 3286 Papiae
3261 3213 3412 3283 prius
3438 3213 3754 3284 episcopus,

473 3302 549 3359 lio
595 3309 882 3377 mancipati
912 3320 1056 3374 sunt,
1087 3312 1453 3385 dueatumque
1481 3314 1746 3384 Bajoariae
1787 3316 1914 3371 Otto
1952 3318 2061 3371 dux

479 3394 782 3453 Suevorum
809 3402 1041 3471 accepit.

2162 3325 2299 3381 papa
2331 3305 2620 3371 CXXXIX,
2648 3307 2789 3361 sedit
2819 3304 3097 3360 mensibus
3121 3319 3248 3370 vnt;
3273 3318 3507 3374 eumque
3532 3301 3757 3358 Bonifa-

2162 3402 2279 3458 cius
2317 3398 2563 3456 Ferrucii
2596 3397 2760 3465 Illius,
2790 3397 2943 3467 prius
2990 3395 3230 3468 relegato
3260 3395 3576 3461 Benedicto,
3618 3391 3759 3447 male

1478 3542 1930 3600 COMPENDIUM
1970 3541 2063 3598 EX
2097 3538 2343 3598 CODICE
2375 3535 2740 3592 BERNOLDI.

549 3667 653 3723 974
700 3666 879 3724 Roma:
915 3669 1225 3726 Benedictus
1265 3689 1401 3744 papa
1438 3675 1742 3729 criminatus
1785 3694 1816 3729 a
1870 3675 2062 3730 Roma-

480 3759 561 3813 nis
589 3761 948 3830 strangulatus
976 3774 1074 3829 est,
1120 3773 1167 3818 et
1196 3781 1254 3818 eo
1282 3765 1477 3820 vivente
1512 3765 1823 3837 Bonifacius
1853 3786 2060 3839 papa...

477 3851 610 3905 sedit
642 3855 794 3907 annis
823 3871 1020 3908 novem.
1056 3854 1399 3922 Constantiw,
1428 3867 1560 3923 etc.,
1595 3867 1654 3912 ut
1689 3858 1834 3930 Aug.

552 3943 657 3997 976
696 3943 961 4000 Dissensio
1006 3947 1141 4001 inter
1172 3963 1340 4019 regem
1374 3947 1641 4014 Ottonem,
1669 3960 1715 4005 et
1750 3948 2060 4017 Henricum,

482 4043 590 4089 CIC.

554 4125 657 4183 977
700 4127 1060 4185 Discordia...
1101 4130 1327 4201 agitata,
1356 4140 1416 4186 ut
1448 4132 1502 4186 in
1533 4133 1673 4207 Aug.

551 4219 656 4275 978
698 4218 819 4274 Otto
858 4222 1161 4291 imperator.
1183 4260 1229 4277 ..
1260 4224 1411 4277 duxit
1441 4225 1746 4278 erercitum.

552 4310 656 4366 979
695 4310 1039 4378 Constantina,
1067 4322 1175 4369 etc.
1205 4322 1264 4369 ut
1293 4315 1346 4368 in
1372 4314 1509 4385 Aug.

553 4402 650 4458 981
697 4400 820 4458 Otto
853 4404 1152 4474 imperator,
1201 4414 1479 4475 peragrata
1537 4403 1727 4470 Italia,
1763 4405 2065 4461 Calabrtam

2165 3687 2282 3725 cum
2314 3670 2543 3724 exercitu
2570 3668 2881 3738 ingreditur.

2235 3761 2341 3817 982
2381 3759 2505 3814 Otto
2535 3774 2626 3813 rea:
2654 3759 2796 3828 apud
2824 3756 3157 3821 Calabriam,
3198 3757 3368 3812 occiso
3409 3773 3441 3810 a
3480 3755 3683 3812 Cra’cis
3709 3764 3755 3810 et

2170 3853 2480 3910 Sarracenis
2527 3851 2778 3915 exercitu,
2810 3850 2874 3905 de
2902 3851 3020 3904 navi
3053 3850 3316 3912 exsiliens,
3355 3850 3407 3902 in
3437 3866 3539 3919 qua
3572 3859 3755 3919 captus

2165 3956 2303 4011 erat,
2333 3943 2562 4013 aufugit.
2594 3942 2719 3996 Otto
2749 3942 2860 3995 dua:
2896 3941 3188 3996 Sueuorum
3223 3942 3369 4008 obiit,
3404 3951 3450 3993 et
3479 3939 3754 3994 Conradus

2166 4038 2266 4093 sibi
2292 4037 2559 4091 successit.
2856 4044 2860 4048 '

2240 4128 2343 4182 98⁵5
2385 4126 2507 4181 Otto
2529 4127 2831 4196 imperator,
2858 4133 2964 4181 etc.
3004 4134 3061 4181 ut
3098 4120 3149 4179 iu
3186 4124 3323 4196 Aug.

2238 4219 2343 4275 984
2380 4218 2562 4273 Roma?
2586 4219 2902 4273 Joannes...
2931 4218 3092 4289 papa]
3112 4219 3325 4272 invasit.
3373 4215 3497 4271 Otto
3524 4215 3649 4281 Ill,
3672 4231 3752 4270 se-

2168 4311 2325 4364 cundi
2354 4306 2563 4364 Ottonis
2582 4326 2647 4364 ex
2666 4306 2852 4365 (ἔνατα
2880 4310 3101 4381 conjuge
3123 4307 3291 4379 ﬁlius,
3313 4308 3487 4361 adhuc
3508 4324 3640 4377 puer
3666 4320 3754 4360 rex

2168 4420 2261 4475 pro
2285 4412 2432 4475 patre
2457 4412 2664 4474 regnat.

1987 4516 2220 4574 NOTAE.

556 4608 704 4679 (494)
738 4608 900 4664 Manu
947 4610 1225 4664 recentiore
1272 4610 1488 4664 additur
1516 4625 1535 4663 :
1577 4610 2053 4666 Iste'Burchardus
2087 4616 2131 4673 D

484 4681 586 4736 fuit
640 4680 890 4735 fundator
922 4682 1237 4735 monasterii
1270 4683 1470 4735 montis
1517 4682 1704 4743 Dnclli,
1753 4683 1947 4735 deinde
1998 4698 2052 4735 a.

485 4750 625 4806 1005
656 4751 784 4806 illud
827 4752 1210 4805 monasterium
1238 4768 1265 4803 a
1297 4752 1420 4805 divo
1445 4750 1675 4807 Henrico
1700 4751 1856 4807 Rom.
1887 4752 2057 4819 impe-

485 4832 669 4878 ratore
712 4821 778 4876 ad
819 4821 967 4876 Stcin
1025 4830 1389 4890 nuncupatum
1430 4822 1748 4876 translatum
1797 4832 1899 4875 est.
1937 4823 2054 4875 γίιι.

483 4892 551 4963 de
580 4893 1022 4963 hoeillnrcbardo
1049 4908 1212 4963 supra
1254 4892 1322 4946 ad
1352 4907 1553 4946 annum
1593 4894 1697 4947 957
1725 4901 1781 4948 et
1816 4890 1958 4946 infra
1987 4892 2055 4947 ad

489 4960 664 5016 Vitam
694 4962 1008 5017 Hermanni.

561 5031 708 5100 (495)
743 5032 932 5102 Pagius
961 5049 1082 5089 cum
1110 5032 1232 5087 aliis
1261 5031 1434 5087 eidem
1465 5030 1670 5086 Donum
1702 5032 1743 5087 11
1775 5032 2059 5103 praeponit,

486 5103 676 5172 eodem
725 5103 900 5156 adhuc
941 5118 1084 5157 anno
1129 5114 1249 5172 post
1296 5111 1406 5172 tres
1457 5104 1806 5171 pontiﬁcatus
1850 5119 2065 5158 menses

487 5170 820 5237 defunctum,
848 5172 933 5226 cui
972 5170 1293 5229 Benedictus
1324 5171 1408 5227 VII
1439 5170 1722 5228 successit.

557 5240 707 5312 (496)
728 5241 900 5314 Vitam
923 5242 1040 5312 ejus
1055 5243 1269 5314 scripsit
1292 5241 1575 5298 Udalricus
1596 5243 1612 5296 I
1634 5246 1918 5314 episcopus
1940 5244 2066 5297 item

482 5307 1228 5406 Ερὶξειεξὶιϋεξιεξξς
1254 5307 1899 5406 ιηετξῑιξξξεδοίιηξέ.θξξίτξι,
1929 5314 2070 5397 κενεά

2226 4608 2373 4678 (498)
2416 4608 2591 4664 Habet
2619 4608 2724 4663 hoc
2756 4607 3103 4662 Burekardus
3130 4607 3196 4661 de
3223 4605 3457 4678 Casibus
3476 4610 3750 4678 Amonaste.

2167 4674 2317 4737 rii'S.
2350 4674 2486 4734 Galli
2517 4678 2811 4750 (Gocms'r.
2843 4688 2881 4732 t.
2923 4679 2964 4742 l,
2996 4694 3048 4748 p.
3086 4680 3213 4744 66):
3246 4675 3362 4729 [Ioc
3397 4675 3557 4728 abbas
3584 4674 3749 4728 Immo

2166 4751 2383 4828 pic_tu_ris
2412 4752 2703 4828 cgmpsitet
2731 4764 2889 4828 au_ro._
2954 4818 3005 4828 η
3079 4819 3091 4828 _
3231 4816 3244 4828 Δ
3267 4817 3279 4828 _
3489 4815 3501 4828 .
3628 4813 3687 4828 “-

2238 4822 2387 4890 (499)
2425 4813 2552 4875 Otto
2605 4820 2745 4875 lilius
2796 4818 3007 4873 Luitolli
3059 4819 3168 4872 dux
3218 4815 3573 4872 Alamanniae.
3628 4813 3746 4868 Vid.

2169 4909 2258 4947 an.
2291 4891 2414 4944 975.

2243 4961 2406 5033 (500)
2431 4958 2693 5033 Henricus
2708 4967 3070 5033 cognomento
3087 4956 3285 5033 Μένων,
3307 4954 3598 5012 Carentani
3623 4954 3746 5016 dux,

2170 5027 2412 5088 Bri-toldi
2449 5041 2503 5085 et
2534 5030 2660 5084 Eilae
2690 5027 2851 5082 ﬁlius.
2888 5030 3084 5083 Annal.
3119 5027 3281 5082 Saxo.

2245 5103 2395 5174 (501)
2431 5101 2550 5155 Alio
2573 5104 2789 5174 nomine
2810 5099 2955 5154 Petri
2988 5101 3206 5174 Domus,
3237 5113 3328 5174 seu
3359 5096 3745 5174 Petersbauseu

2172 5166 2538 5241 nuncupatur,
2580 5170 2733 5231 cuius
2777 5170 3089 5223 monasterii
3123 5169 3419 5222 cbronicon
3458 5166 3596 5221 infra
3633 5170 3748 5235 post

2172 5240 2540 5298 llcrmannum
2567 5240 2833 5293 dabimus.

2247 5312 2396 5381 (502)
2436 5310 2741 5381 Legendum
2773 5318 3012 5362 conserta
3037 5324 3234 5381 pugna.

2249 5372 2395 5406 ἶνηῖί
2442 5372 2540 5406 ΙΙΛ-
2579 5382 2677 5406 ιιι-ιιι
2744 5372 3060 5406 ΛΜΙΛ-ιηιίιιὲι
3110 5372 3359 5406 νιιηῖΑΔΑηῖ
3423 5375 3574 5406 ἷοίῖιιβ
