3970 5406
192 262 294 321 ευ

1403 243 1819 301 CIIRONICON.
1863 273 1931 284 —-
1970 239 2149 298 δβνερ.
2194 241 2280 295 XI.

3357 233 3468 291 250

1498 379 1730 437 CODEX
1767 375 2153 434 AUGIENSIS.

192 525 317 597 ipsis
363 523 552 578 invitis
602 520 914 592 przeposuit.
989 514 1142 573 Unde
1193 512 1466 568 nonnullis
1516 527 1585 567 ex
1639 511 1769 582 ipsis
1796 516 1844 574 Α
1874 516 2161 576 susceptus
2208 504 2407 597 fratres
2457 504 2745 597 dispersos
2794 502 2957 575 198
3002 503 3294 597 recolligit,
3344 514 3399 561 et
3436 521 3468 560 ι

188 624 374 685 sponte
404 615 579 667 locum
603 612 753 665 illum
787 604 1580 678 relutquentibus,quibusdam
1599 603 1765 658 etiam

189 704 253 757 ab
280 718 344 758 eo
359 702 605 773 jejuniis,
636 700 793 771 197
844 698 1164 754 verberibus
1193 693 1497 763 exsilioque
1530 694 1773 763 graviter

189 793 420 858 afﬂictis,
452 792 633 847 nobile
656 791 1044 846 monasterium
1095 790 1149 844 in
1200 785 1415 858 magnis
1445 786 1594 847 viris,
1621 783 1774 839 libris

190 895 243 939 et
267 884 518 939 ecclesiae
560 883 833 938 thesauris
881 896 1068 951 grave,
1124 883 1363 950 peccatis
1403 876 1773 947 exigentibus,

191 976 413 1045 pertulit
444 975 855 1038 detrimentum,
899 972 1058 1026 sicuti
1102 970 1444 1041 Ruotlpertus
1476 967 1774 1023 tttonat'hus

189 1067 381 1122 nobilis
408 1077 468 1121 et
498 1068 654 1122 docte
687 1065 918 1130 facetus,
971 1065 1165 1119 matris
1202 1079 1336 1119 mea:
1371 1071 1597 1133 patruus
1620 1059 1773 1131 (59.1)

186 1174 361 1229 prosa,
393 1160 674 1230 rhythmo.
710 1168 994 1229 metroque
1017 1156 1271 1212 ﬂebiliter
1299 1155 1571 1225 deplangit
1597 1154 1767 1224 (522).

187 1250 365 1305 [toruae
395 1250 635 1306 Joannes
676 1250 844 1316 XVII,
896 1250 988 1320 qui
1032 1259 1087 1305 et
1127 1248 1393 1313 Fasanus,
1425 1263 1563 1318 papa
1587 1245 1771 1301 CXLV

185 1343 464 1396 ordinatur
485 1343 657 1414 (525).

252 1433 387 1487 1007
428 1432 698 1490 Henricus
747 1448 845 1489 rex
898 1447 1112 1489 summo
1150 1432 1328 1489 studio
1354 1433 1492 1503 apud
1523 1444 1769 1489 castrum

185 1537 333 1578 suum
384 1521 703 1595 Babenberg
758 1523 995 1578 nobilem
1025 1531 1078 1579 et
1116 1525 1342 1579 divitem
1394 1524 1770 1596 episcopatum

184 1618 511 1684 construxit,
543 1619 861 1689 primusque
906 1620 980 1676 ibi
1031 1621 1136 1676 hoc
1166 1635 1309 1675 anno
1336 1619 1623 1692 episc0pus
1647 1636 1774 1691 pro-

185 1714 356 1780 motus
386 1716 479 1761 est
509 1707 877 1763 Eberhardus.

252 1794 385 1850 1008
424 1795 664 1851 Luitoll'o
692 1798 810 1852 viro
838 1799 998 1853 docto
1025 1797 1333 1854 Trevircnsi
1361 1800 1772 1870 archiepiscopo

1874 599 2169 666 Lanlperto
2216 596 2615 652 Constantiensi
2665 596 2920 666 episcopo
2974 596 3145 652 abbas
3189 597 3312 666 ejus
3364 597 3471 654 loci

1874 688 2050 743 XXIX
2078 697 2452 753 consecratus,
2507 702 2702 758 magna
2748 686 2979 757 insignis
3008 686 3235 743 scientia
3261 698 3317 744 et
3354 690 3471 759 pie-

1881 788 1990 835 tate
2010 781 2224 851 praal‘uit
2242 781 2400 835 annis
2426 797 2513 835 XL.

1960 871 2101 926 1009
2138 869 2483 925 Wolferadus
2538 884 2721 923 comes
2770 867 3071 923 Ililtrudem
3103 869 3370 941 Piligrini,
3414 882 3471 926 et

1876 964 2193 1018 Berhlrada:
2260 963 2425 1016 ﬁliam
2488 963 2638 1032 (5'28)
2709 977 2934 1016 uxorem
2997 962 3177 1025 duxit,
3240 980 3307 1016 ex
3364 980 3473 1031 qna

1879 1064 2089 1124 postea,
2125 1070 2211 1108 me
2242 1054 2578 1108 Herimanno
2611 1062 2993 1114 aunnmerato.
3021 1069 3089 1106 xv
3117 1052 3319 1111 liberos
3345 1071 3469 1125 pro-

1874 1145 2103 1203 creavit.

1950 1241 2094 1298 1020
2134 1238 2331 1293 Senior
2380 1236 2724 1292 Woll‘eradus
2778 1251 2982 1301 comes,
3031 1246 3291 1306 paternus
3337 1254 3470 1293 avus

1877 1349 2050 1400 meus,
2108 1331 2354 1390 clemens
2409 1338 2466 1384 et
2508 1327 2734 1395 justitia)
2801 1338 2983 1393 tenax,
3038 1330 3179 1383 inter
3237 1346 3471 1400 suosque

1874 1416 2192 1501 pncclariis,
2226 1442 2280 1484 tv
2310 1425 2449 1485 Non.
2481 1423 2658 1479 Martii
2681 1425 2796 1494 jam
2839 1440 3007 1479 senex
3037 1425 3268 1480 moritur
3289 1426 3463 1496 (529}.

1951 1523 2084 1577 1011
2115 1522 2415 1593 Willigisus
2433 1516 2830 1586 Mogunticnsis
2847 1517 3291 1587 archiepiscopus
3306 1519 3465 1580 obiit,

1875 1615 2033 1685 eique
2090 1614 2495 1670 Erchenbaltltts
2550 1610 3313 1668 successit.~Theudoricus
3358 1612 3467 1667 duc

1858 1708 2047 1776 partis
2075 1706 2223 1776 (550)
2256 1705 2714 1775 Lotharingorum
2738 1703 2839 1759 sub
2867 1702 2986 1774 ipsa
3013 1716 3151 1770 pene
3178 1703 3464 1771 przcsemia

1876 1798 2022 1867 regis
2044 1812 2072 1850 a
2097 1795 2330 1852 Henrico
2350 1794 2619 1864 Bajoaria}
2642 1795 2842 1850 dudum
2873 1797 3030 1860 duce,
3055 1802 3110 1850 et
3137 1791 3466 1861 quibusdam

190 1883 465 1951 defuncto,
491 1886 880 1958 Megingaudns
901 1904 997 1959 pro
1024 1904 1088 1944 eo
1107 1890 1552 1960 archiepiscopus
1581 1907 1610 1944 a
1644 1907 1771 1962 rege
1803 1884 1846 1945 Β
1876 1889 2219 1960 Lotharingis
2269 1899 2457 1958 captus
2511 1898 2564 1945 et
2622 1888 2892 1944 abductus
2941 1899 3058 1954 est;
3111 1901 3221 1958 quo
3274 1897 3459 1939 tamen

128 1988 135 1993 ‘
185 1986 563 2045 promovetur;
610 1979 704 2033 sed
749 1978 1018 2033 Adalhero
1063 1979 1316 2045 clericus,
1350 1983 1550 2051 reginae
1592 1980 1771 2037 Cunc-

187 2067 372 2136 gundis
400 2068 557 2139 (521)
589 2084 900 2136 germanus,
947 2070 1274 2140 quibusdam
1330 2071 1660 2134 faventibus,
1704 2074 1769 2127 ad

186 2158 687 2227 archipraesulatum
716 2160 874 2230 quasi
905 2175 970 2215 ex
999 2161 1145 2231 regio
1184 2162 1454 2232 promisso
1483 2163 1584 2217 sibi
1617 2163 1769 2218 debi-

188 2254 293 2299 tttm
324 2248 567 2311 adnisus,
596 2248 919 2304 Trevirense
941 2250 1201 2320 palatium
1227 2251 1497 2320 praesidiis
1517 2261 1767 2322 occupat,

186 2344 380 2391 etcum
426 2336 696 2394 fratribus
742 2341 857 2394 suis
907 2339 1242 2397 Theoderico
1290 2341 1516 2397 Metensi
1557 2343 1769 2412 cpisco-

189 2442 251 2497 po
278 2439 332 2483 et
367 2430 609 2486 Henrico
657 2432 806 2503 (2325)
851 2433 1117 2505 Bajoariae
1166 2434 1337 2500 duce,
1387 2436 1771 2505 Fridericoque

189 2523 375 2578 comite
401 2523 578 2595 (526),
612 2526 893 2582 adnitente
919 2528 1082 2582 etiam
1124 2544 1247 2583 cum
1274 2529 1395 2584 aliis
1426 2529 1610 2584 multis
1632 2529 1770 2583 Ger-

190 2613 351 2669 hardo
372 2615 514 2670 item
542 2616 744 2672 comite
775 2618 946 2690 (527),
974 2628 1162 2673 contra
1215 2635 1396 2689 regem
1456 2621 1766 2687 rebellavit;

193 2705 274 2773 qui
298 2713 481 2761 tamen
511 2723 704 2763 omnes
734 2725 762 2763 a
795 2725 919 2781 rege
945 2720 1066 2779 post
1112 2711 1331 2781 aliquod
1364 2713 1622 2782 temporis
1648 2728 1771 2780 spa-

194 2795 315 2849 tium
339 2798 555 2852 subacti
587 2810 733 2865 sunt,
756 2810 808 2855 et
836 2800 1103 2857 Henricus
1133 2802 1247 2871 ipse
1290 2802 1549 2874 Bajoarire
1571 2804 1769 2856 ducatu

194 2888 448 2956 privatur.
505 2889 871 2963 Ditm.—lpso
913 2909 1057 2948 anno
1100 2893 1367 2949 Henricus
1415 2910 1531 2958 rex,
1557 2895 1770 2964 cognita

196 2980 396 3034 tandem
420 2982 697 3051 postduos
722 2998 895 3038 annos
913 2983 1173 3039 Immonis
1198 2985 1541 3047 crudelitate,
1559 2993 1770 3038 remoto

196 3081 276 3133 eo,
304 3069 643 3125 Bernardum
671 3073 847 3127 virum
879 3076 1096 3129 doctum
1120 3084 1176 3130 et
1198 3076 1369 3144 piunt,
1392 3072 1770 3128 Prnmiensem

197 3163 538 3229 monachum,
553 3164 740 3237 Augite
759 3168 1044 3223 constituit
1063 3167 1347 3231 abbatem;
1370 3166 1461 3234 qui
1486 3176 1769 3235 gratanter

1880 1989 2064 2049 postea
2108 1979 2369 2045 relaxato,
2416 1979 2683 2036 Henricus
2708 1981 2824 2049 ipse
2847 1980 3078 2050 gratiam
3111 1980 3253 2052 regis
3282 1981 3457 2035 duca-

1880 2081 2101 2142 tumque
2125 2088 2278 2127 suum
2306 2071 2531 2142 recepit.
2560 2071 2792 2125 Ditmar.

1948 2165 2085 2219 I012
2123 2163 2406 2219 Conradus
2428 2163 2534 2216 dux
2557 2162 2874 2227 Carentani,
2908 2161 3053 2216 ﬁlius
3075 2161 3294 2216 Ottonis
3314 2161 3467 2215 ducis

1875 2256 2149 2324 fraterque
2176 2255 2448 2309 Brunonis
2471 2253 2618 2325 (551)
2649 2255 2850 2307 dudum
2876 2268 3044 2323 νίψω,
3078 2254 3236 2317 obiit,
3267 2262 3323 2308 et
3350 2257 3467 2322 pri-

1873 2356 1998 2399 vato
2045 2346 2155 2399 lilio
2201 2345 2318 2415 ejus
2361 2360 2529 2414 puero
2560 2344 2829 2406 Conrado,
2868 2344 3139 2399 A'aialbero
3181 2342 3332 2412 (559.)
3368 2344 3468 2396 du-

1873 2449 2053 2495 catum
2108 2439 2334 2508 accepit.
2403 2436 2487 2489 At.
2535 2453 2624 2489 an.
2675 2436 3204 2506 pr.-—Ilerimannus
3251 2451 3466 2505 quoque

1872 2530 2063 2585 Junior
2100 2530 2209 2584 (lux
2266 2527 2428 2598 199
2477 2527 2813 2582 Alemannia:
2844 2527 2993 2597 (555)
3040 2527 3330 2582 defunctus
3360 2528 3458 2580 Er-

1875 2631 2091 2675 nustum
2137 2620 2343 2674 sororis
2392 2633 2503 2673 suze
2537 2617 2735 2673 Gisela:
2778 2619 3035 2672 maritum
3083 2634 3454 2673 successorem

1874 2715 2099 2784 accepit.
2134 2714 2364 2766 Ditmar.

1946 2803 2080 2857 1015
2104 2802 2286 2855 Romae
2308 2800 2563 2855 defuncto
2590 2801 2779 2869 Sergio
2802 2816 2958 2871 papa,
2984 2800 3305 2856 Benedictus
3324 2799 3455 2861 VIII,

1874 2910 2011 2965 papa
2052 2892 2311 2956 CXLVII,
2344 2893 2483 2947 sedit
2521 2894 2679 2946 annis
2715 2893 2885 2947 ferme
2928 2908 3024 2945 xtl.
3071 2890 3138 2943 ΑΙ
3181 2910 3269 2944 an.
3301 2908 3462 2960 pra'c.

1876 2987 2241 3040 llerimanuus
2269 2999 2368 3054 ego
2396 2998 2465 3037 xv
2508 2981 2626 3037 Kal.
2661 2983 2799 3055 Aug.
2839 2995 2998 3038 natus
3026 3000 3167 3039 Sltltl.
3199 2981 3465 3037 Henricus

1878 3094 1969 3133 rex
1996 3076 2205 3132 Italiam
2232 3093 2354 3132 cum
2385 3077 2629 3133 exercitu
2662 3078 2816 3147 petit.

1195 3305 1648 3363 COMPENDIUM
1684 3304 1779 3360 EX
1815 3302 2063 3359 CODICE
2099 3300 2464 3358 BERNOLDI.

262 3456 391 3513 1007
432 3458 768 3515 Henricus...
790 3462 1145 3530 episcopatum
1172 3462 1229 3515 in
1251 3461 1449 3515 honore
1474 3457 1533 3514 S.
1560 3457 1768 3529 Georgii
1796 3464 1841 3526 (ζ
1872 3458 2237 3511 consobrinam
2268 3455 2486 3511 Henrici
2531 3456 2689 3526 regis,
2735 3453 3072 3527 Hedewigam
3126 3458 3355 3523 nomine,
3399 3459 3463 3511 de

203 3551 436 3618 martyris
461 3554 824 3607 construxit...
850 3551 1210 3606 Eberltardus.

264 3639 395 3696 1008
434 3643 622 3710 Augite
645 3649 861 3697 'remoto
890 3643 1126 3697 Immone
1174 3644 1358 3697 abbate
1389 3642 1611 3706 crudeli,
1643 3641 1772 3696 Ber-

205 3730 386 3785 nartius
418 3733 499 3785 vir
527 3734 710 3787 doctus
735 3745 782 3787 et
812 3734 951 3803 pius,
980 3733 1304 3788 Prumiensis
1328 3735 1634 3797 monac/tus,
1660 3735 1770 3786 Au-

205 3822 293 3889 gia:
335 3825 497 3879 abbas
541 3827 912 3892 constituitur;
953 3828 1061 3897 qui,
1114 3838 1382 3897 gratanter
1406 3837 1697 3895 susceptus,
1739 3845 1771 3880 ιι

206 3910 581 3971 Canstantiensi
597 3919 837 3987 episcopo
864 3917 1140 3972 Lamberto
1156 3918 1314 3972 abbas
1335 3919 1449 3988 ejus
1466 3918 1567 3971 loci
1580 3916 1769 3970 XXIX

208 4018 546 4074 cameratas,
593 4011 787 4079 pietate
837 4019 886 4063 et
930 4010 1148 4064 scientia
1202 4010 1380 4064 clarus
1417 4010 1635 4079 praefuit
1678 4025 1776 4062 an-

210 4109 281 4150 πη
313 4113 399 4152 ιι.

275 4191 404 4248 1009
446 4192 544 4249 His
574 4194 896 4265 temporibus
931 4194 1077 4251 Ebbo
1118 4215 1288 4253 comes
1338 4199 1402 4254 de
1434 4197 1775 4267 Nellemburg

1876 3550 2025 3603 curia
2050 3549 2182 3618 regis
2209 3549 2358 3602 duxit
2383 3564 2598 3602 uxorem
2638 3548 2807 3616 (551).

1949 3642 2088 3696 1010
2126 3641 2304 3696 Rouue
2334 3641 2552 3712 Sergius
2582 3639 2609 3694 I
2630 3640 2688 3705 V,
2715 3658 2852 3711 papa
2879 3641 3130 3707 CXLVI,
3161 3645 3457 3696 ordinatus.

1876 3733 1961 3786 Al.
1998 3750 2086 3786 an.
2114 3748 2278 3802 pncc.

1948 3824 2080 3879 1011
2124 3824 2484 3895 Willigisns...
2514 3826 2783 3880 successit.

1956 3916 2092 3970 1019.
2130 3915 2405 3970 Conradus
2433 3916 2543 3969 dua:
2571 3914 2856 3969 Carentani
2886 3920 3111 3971 moriens
3143 3916 3459 3970 Adulbcroni

1881 4007 2132 4060 ducatum
2164 4007 2393 4076 reliquit.
2425 4005 2793 4060 Ilerentannus
2822 4007 2932 4062 dua:
2960 4007 3283 4073 Alemanniw
3310 4008 3458 4073 obiit,

1881 4101 2032 4171 cujus
2060 4101 2307 4154 ducatum
2334 4100 2512 4155 Ernist
2536 4100 2753 4170 accepit.

1956 4192 2093 4247 1015
2128 4191 2307 4246 Romw
2332 4192 2601 4263 defuncto.
2637 4232 2650 4246 .
2687 4232 2702 4246 .
2743 4193 2907 4262 ferme
2933 4207 3026 4248 xu.

1726 4328 1931 4385 NOTAE
1943 4370 1957 4384 .

276 4482 415 4555 (5‘21)
447 4485 521 4541 De
544 4488 650 4542 hoc
674 4485 787 4541 vid.
822 4485 961 4541 infra
995 4488 1114 4543 Vita
1147 4488 1465 4543 Hermanni.

276 4554 414 4624 (δ’ἐξ)
442 4556 650 4612 Titulus
679 4557 864 4626 operis
891 4559 1153 4626 tIepcrditi
1177 4570 1296 4614 erat
1328 4577 1342 4612 :
1375 4560 1450 4613 De
1480 4559 1633 4612 ruina
1659 4576 1775 4613 mo-

218 4627 411 4698 nasterii
437 4627 713 4698 Augiensis
747 4644 812 4681 ea:
839 4629 1099 4685 incendio.

279 4693 418 4765 (5‘23)
445 4693 741 4770 Ordinatus
793 4709 873 4751 est
928 4699 999 4753 26
1046 4702 1172 4755 Dec.
1208 4716 1299 4755 an.
1334 4700 1495 4766 1005,
1525 4700 1775 4770 seditque

218 4768 645 4839 annpsquinque,
678 4783 894 4839 menses
922 4772 1182 4839 quinque.

280 4834 419 4910 (524)
443 4834 813 4910 Cunegnndis,
842 4834 1144 4895 Hetirici'll
1176 4857 1333 4906 uxor,
1358 4842 1463 4897 ﬁlia
1498 4844 1598 4897 fuit
1620 4841 1775 4910 Sige-

1954 4486 2102 4555 (529)
2140 4486 2239 4543 Hic
2286 4487 2400 4557 ipse
2442 4489 2657 4545 videtur
2699 4501 2822 4541 esse
2872 4485 3229 4557 Wolverarlus
3275 4501 3462 4557 eomes

1880 4558 2091 4628 legatus
2115 4560 2458 4626 imperatoris
2482 4562 2533 4615 in
2560 4559 2827 4614 electione
2854 4559 3184 4628 successoris
3209 4556 3265 4611 S.
3298 4556 3457 4628 [idal-

1881 4626 1979 4699 riCi
2012 4646 2099 4683 an.
2120 4630 2244 4693 975,
2269 4629 2420 4699 cujus
2445 4646 2512 4686 ex
2534 4645 2722 4685 sorore
2749 4629 2922 4699 neptis
2945 4637 3067 4699 erat
3092 4626 3459 4699 Bertlia__\yol-

1878 4698 2048 4753 {eradi
2082 4699 2240 4768 huius
2268 4695 2424 4764 uxor,
2452 4699 2748 4757 Ilerntanui
2800 4695 2938 4754 avia.
2975 4696 3093 4751 Viti.
3129 4714 3218 4751 an.
3256 4695 3378 4759 955,
3406 4708 3461 4751 et.

1878 4770 2015 4823 infra
2048 4773 2097 4823 in
2127 4771 2268 4823 Vita.

1909 4895 1912 4898 ,
1946 4841 2094 4910 (550)
2121 4839 2450 4910 Superioris.

221 4898 556 4985 [ridicotliitis
579 4898 1081 4985 Curtemburgensis
1110 4921 1163 4967 et
1195 4898 1485 4984 llediivigis.
1509 4913 1628 4969 Vid.
1654 4898 1772 4968 Bvol-
1802 4917 1851 4975 D
1879 4898 2098 4985 ’(551)
2129 4911 2179 4964 Is
2201 4898 2345 4985 'erat
2382 4912 2688 4985 Gregorius
2715 4910 2934 4985 Villius
2961 4906 3177 4985 Qllqnis
3218 4903 3465 4985 Francis

221 4970 349 5029 land.
381 4987 416 5030 t.
438 4978 477 5040 l,
508 4979 690 5033 Martii
717 4979 803 5032 die
830 4979 883 5032 5.

283 5045 420 5116 (525)
469 5050 740 5104 Henricus
789 5048 982 5104 llezelo
1010 5054 1078 5107 ob
1104 5068 1345 5109 sororem
1392 5071 1543 5110 suam
1593 5056 1775 5112 Cune-

222 5118 429 5240 gusnldleni
456 5137 543 5174 an.
570 5118 716 5173 1001
742 5118 1001 5187 Bajoarite
1020 5124 1219 5178 ducatu
1243 5126 1488 5192 donatus,
1507 5137 1559 5182 et
1584 5138 1774 5196 postea

248 5198 273 5236 Β
322 5203 334 5239 Ι
361 5204 389 5239 ll
418 5206 495 5240 US.

248 5198 495 5243 CSlIllllUS.

284 5254 415 5329 (526)
452 5260 988 5336 Fridertcusﬂcomes
1013 5264 1334 5321 Mosellanus
1363 5274 1417 5322 et
1446 5277 1620 5336 patris
1651 5281 1774 5322 sne-

225 5328 415 5406 frssor.
458 5332 709 5406 ejusdem
765 5328 1103 5406 Cunegumlis
1164 5348 1226 5387 ac
1279 5328 1773 5406 suprascriptornm

1879 4976 2155 5035 Rlienaine
2205 4990 2261 5034 et
2303 4976 2605 5040 Carintiiize
2660 4982 2831 5044 ducis,
2885 4995 2947 5034 ac
2995 4976 3298 5044 Luitgardae
3338 4977 3465 5032 tiliae

1879 5052 2093 5110 Ottonis
2124 5051 2141 5103 l
2171 5050 2535 5118 imperatoris,
2569 5065 2631 5107 nt
2660 5068 2824 5119 supra
2859 5052 2921 5101 az!
2953 5065 3042 5101 an.
3077 5047 3177 5100 997
3206 5047 3429 5119 dictum.

1951 5121 2330 5201 (5b‘2)_Comes
2349 5123 2417 5177 de
2445 5120 2683 5182 Murztal
2713 5133 2768 5175 et
2813 5120 3039 5181 Alnenz,
3068 5127 3255 5175 postea
3294 5118 3463 5173 etiam

1878 5195 2394 5333 dui‘sgsi’iiliiernestus
2428 5268 2446 5320 l
2479 5260 2823 5324 Alemanniaa
2867 5261 3209 5333 duspurem
3237 5254 3476 5333 habebat

1878 5324 2482 5406 Leopolijumprimum
2522 5339 2769 5393 Austris:
2826 5328 3216 5386 marchionem.
3273 5324 3472 5378 Annal.
