3970 5406
535 341 636 396 231

1431 341 1793 398 llEllMANNl
1830 342 2226 401 CONTRACTI
2271 342 2638 400 AUGIENSIS
2684 347 2987 406 MONACHI

3702 354 3801 409 231'.

1868 456 2099 514 CODEX
2137 456 2527 513 AUGIENSIS.

611 582 748 638 1014
789 581 1055 638 Henricus
1106 598 1199 636 rex
1257 583 1440 638 Romae
1473 584 1739 653 imperiali
1771 600 1803 639 a
1830 585 2123 640 Benedicto
2151 577 2198 634 Α
2226 603 2534 658 θριεειῳυε,
2566 589 2651 645 vir
2673 605 2882 662 magna:
2912 594 3246 655 sanctitatis,
3272 594 3376 648 hac
3408 591 3517 647 vita
3553 592 3803 652 decedens

537 691 677 748 papa
708 685 1006 731 coronatur
1033 676 1429 731 benedictione.
1466 677 1693 732 Ditmar.

607 768 747 824 1015
786 768 988 822 Eruust
1016 767 1127 822 dux
1150 767 1483 823 Alemanuia:
1515 768 1570 823 in
1594 777 1791 825 venatu
1814 770 1885 825 ab
1903 769 2133 827 Adalbe-

535 876 670 916 rone
683 862 881 916 comite
894 859 1065 914 feram
1089 869 1377 930 appetente
1403 861 1601 931 sagitta
1625 862 1939 917 vulneratus
1963 862 2132 916 inter-

537 957 636 1019 iit,
677 966 733 1009 et
777 954 1036 1008 ducatum
1081 951 1197 1020 ejus
1226 951 1368 1006 filius
1396 953 1734 1022 aequivocus,
1758 953 1974 1009 viduam
2004 968 2132 1010 vero

535 1046 775 1101 Giselam
806 1043 1089 1099 Conradus
1116 1041 1259 1097 ﬁlius
1301 1042 1517 1097 Henrici
1563 1042 1658 1098 filii
1700 1042 1915 1099 Ottonis
1955 1043 2130 1110 ducis,

537 1135 753 1191 futurus
787 1144 975 1206 postea
1001 1134 1318 1205 imperator,
1340 1135 1570 1203 accepit.
1600 1134 1896 1190 Ditmarus.
1926 1135 2134 1206 Megiu-

538 1226 742 1295 guudns
764 1222 1112 1278 Trevirorum
1135 1223 1577 1294 archiepiscOpus
1598 1224 1732 1279 obiit
1752 1224 1910 1294 eique
1928 1224 2133 1295 Poppo,

536 1317 624 1370 vir
670 1317 1018 1382 venerabilis,
1066 1314 1239 1370 frater
1293 1315 1463 1388 ipsius
1518 1314 1673 1373 ducis
1699 1316 1919 1373 Ernusti
1955 1318 2131 1391 (555),

540 1408 827 1462 successit.
1010 1456 1013 1463 .

528 1546 535 1549 .
608 1476 745 1551 1b17
792 1495 1121 1553 Godefridus
1146 1495 1256 1551 dux
1287 1496 1457 1568 partis
1486 1495 1943 1569 Lotharmgorum
1980 1498 2131 1571 (556)

537 1586 880 1644 Gerhardum
911 1589 1165 1645 comitem
1197 1588 1372 1661 (537),
1398 1587 1655 1656 Conradi,
1677 1599 1863 1660 postea
1898 1591 2134 1662 impera-

544 1681 705 1747 toris,
738 1681 1103 1736 avuncunlum
1133 1682 1427 1739 commisso
1452 1682 1638 1752 praelia
1672 1682 1818 1737 vicit.
1849 1682 2018 1738 Ditm.

606 1775 746 1832 1018
783 1775 1114 1831 Constantiae
1165 1774 1467 1845 Lanlperto
1523 1776 1778 1846 episcopo
1834 1775 2130 1843 defuncto,

536 1866 900 1922 Ruodbardus
929 1865 1276 1936 praesulatum
1327 1865 1566 1937 accepit,
1595 1867 1861 1938 annisque
1894 1864 2065 1923 ferme
2095 1882 2129 1921 v

534 1956 772 2028 puduit.
807 1956 1102 2011 Ditmarus.

605 2047 743 2102 1019
780 2046 1063 2101 Conradus
1079 2045 1419 2113 adolescens,
1435 2046 1577 2102 filius
1599 2046 1831 2102 Conradi
1856 2047 2130 2118 quondam

536 2141 692 2194 ducis
718 2139 1046 2203 Carcutani,
1073 2139 1373 2193 auxiliante
1406 2138 1650 2209 patruele
1679 2138 1828 2209 (558)
1861 2154 1958 2194 suo
1986 2138 2133 2207 Con-

536 2230 698 2295 rndo,
732 2237 922 2298 postea
955 2229 1314 2299 imperatore,
1342 2227 1742 2283 Adalberonem
1795 2238 1922 2283 tunc
1968 2228 2132 2300 200

535 2322 725 2377 ducem
738 2320 1209 2392 Careutani,apud
1230 2319 1443 2377 Ulmam
1469 2336 1648 2391 pugna
1670 2320 1873 2376 victum
1897 2318 2125 2391 fugavit.

543 2409 664 2466 th.
687 2428 847 2481 supra
870 2430 923 2464 a.
958 2411 1115 2466 1012.

605 2501 745 2556 1020
784 2501 1107 2557 Benedictus
1125 2517 1263 2573 papa
1293 2501 1362 2557 ab
1387 2501 1712 2574 imperatore
1741 2500 2000 2556 invitatus
2026 2498 2130 2555 Ba-

534 2593 775 2662 benberg
810 2592 956 2646 \euit
986 2593 1171 2664 ibique
1201 2593 1489 2649 ecclesiam
1533 2594 1705 2649 sancti
1738 2584 1999 2676 Stepbatii
2036 2593 2130 2649 de-

533 2684 733 2738 dicavit
790 2682 963 2757 (559).
1021 2682 1401 2741 Werinbarius
1448 2686 1762 2756 Argentinae
1817 2686 2125 2756 episcopus;

540 2776 929 2834 auxiliantibus
954 2776 1273 2848 quibusdam
1301 2778 1513 2844 Suevis,
1547 2778 1956 2851 Burgundiones
1979 2778 2131 2832 inva-

540 2868 615 2922 sit
655 2876 709 2923 et
760 2880 1013 2925 conserto
1040 2868 1228 2939 praelia
1272 2868 1420 2924 vicit.
1451 2868 1645 2923 Annal.
1695 2866 1840 2923 Saxo
1880 2886 1934 2923 a.
1966 2866 2125 2924 1019.

542 2963 652 3035 Ego
707 2962 1073 3020 Herimannus
1123 2964 1322 3021 litteris
1369 2964 1597 3020 traditus
1649 2979 1770 3020 sum
1834 2980 1948 3021 xm
2002 2963 2125 3019 Kal.

532 3056 758 3113 Octobr.
1171 3049 1180 3055 ’

603 3148 733 3202 1021
782 3147 963 3202 Terra:
994 3155 1173 3203 motus
1201 3162 1429 3219 magnus
1460 3164 1512 3203 tv
1541 3148 1665 3204 ldus
1694 3147 1841 3212 Maii,
1884 3146 2019 3203 feria
2047 3163 2122 3213 vl,

532 3236 729 3293 factus.
767 3238 1088 3294 lleribertus
1123 3237 1274 3305 (540)
1315 3237 1552 3293 Colonia:
1598 3238 1907 3308 Aggripinze
1949 3237 2126 3292 archi-

2235 678 2423 734 multis
2454 679 2728 735 miraculis
2762 682 2987 743 claruit,
3034 685 3192 753 eique
3219 683 3507 755 Piligrinus
3533 686 3801 742 successit.

2233 767 2609 824 Ercbenbaldo
2629 769 3426 841 defunctoAriboarcbipraesul
3444 771 3691 828 efﬁcitur.
3707 773 3804 828 Ne-

2233 858 2364 915 crol.
2380 857 2543 913 Fuld.
2560 890 2631 900 —
2643 859 2770 916 Post
2783 860 2935 916 Wolf
2934 878 2999 932 po
3007 871 3183 919 tonent
3208 860 3648 937 [Wolbodonem]
3667 862 3802 936 (511)

2234 964 2449 1019 quoque
2475 948 2864 1006 Leodicensem
2892 952 3174 1009 Durandus
3201 955 3431 1010 antistes
3449 964 3803 1025 promovetur.
3836 986 3840 990 -

2234 1039 2605 1095 lrmendrudis
2625 1042 2787 1095 etiam
2813 1042 3273 1112 Buochaugiensis
3292 1046 3565 1100 abbatissa
3594 1061 3793 1101 venera-

2234 1128 2356 1184 bilis
2401 1146 2433 1183 x
2465 1128 2586 1184 Kal.
2615 1129 2793 1185 Martii
2824 1132 2960 1187 obiit
2985 1173 3001 1199 ,
3037 1135 3195 1203 eique
3232 1134 3496 1190 Abarbild
3546 1136 3804 1191 abbatissa

2234 1221 2521 1275 successit.
2544 1220 2622 1275 Ex
2645 1237 2751 1291 quo
2777 1235 3037 1294 tempore,
3061 1223 3212 1280 locus
3235 1224 3326 1280 ille
3351 1226 3522 1295 magis
3544 1226 3805 1297 magisque

2235 1311 2291 1367 in
2348 1313 2589 1368 deterius
2638 1312 2872 1369 deﬂuere
2901 1316 3083 1386 coepit.
3123 1315 3388 1371 Henricus
3428 1317 3725 1386 imperator
3757 1319 3804 1374 in

2234 1402 2439 1458 Italiam
2496 1405 2899 1474 expeditionem
2954 1405 3144 1461 movit.
3211 1405 3597 1462 Weriultarius
3653 1406 3805 1463 frater

2235 1508 2391 1551 meus
2414 1494 2638 1549 Kalend.
2670 1493 2896 1552 Novem.
2927 1498 3186 1552 nascitur.

2307 1584 2445 1638 1022
2480 1584 2744 1641 Henricus
2805 1587 3131 1657 imperator,
3187 1586 3542 1659 Campaniam
3599 1597 3805 1657 petens,

2232 1673 2600 1731 Beneventum
2646 1677 2883 1742 intravit,
2930 1678 3145 1747 Trojam
3191 1681 3522 1750 oppugnavit
3562 1681 3802 1751 etcepit,

2233 1766 2536 1837 Neapolim,
2572 1767 2835 1838 Capuam,
2887 1767 3172 1825 Salernum
3203 1770 3446 1841 aliasque
3483 1787 3552 1826 eo
3583 1772 3804 1827 locorum

2233 1860 2485 1915 civitates
2507 1860 2559 1914 in
2594 1860 2922 1934 deditionem
2959 1876 3150 1918 onmes
3172 1864 3398 1933 accepit,
3427 1872 3483 1919 et
3512 1862 3804 1920 Nordman-

2155 1955 2204 2015 B
2233 1953 2317 2007 nis
2359 1952 2679 2022 quibusdam
2700 1993 2715 2017 ,
2751 1953 2843 2022 qui
2880 1961 3122 2024 tempore
3149 1952 3264 2022 ejus
3297 1954 3388 2009 illo
3412 1954 3801 2021 conﬂuxerant,

2232 2042 2535 2111 quoddam,
2588 2051 2647 2096 ut
2687 2041 2883 2109 fertur,
2927 2042 3034 2099 illis
3080 2044 3135 2099 in
3176 2044 3421 2115 partibus
3484 2046 3802 2101 territorium

2231 2131 2534 2197 concessit;
2569 2131 2757 2200 sicque
2812 2146 2911 2202 per
2944 2133 3134 2187 urbem
3191 2134 3461 2189 transiens
3519 2134 3802 2190 Romanam

2229 2223 2403 2278 victor
2432 2222 2597 2277 rediit
2642 2223 2693 2277 in
2723 2221 3096 2278 Germaniam.
3128 2221 3350 2294 Hepid.,-
3374 2222 3481 2278 Leo
3516 2223 3631 2280 0st.
3685 2225 3721 2280 ι.
3749 2240 3800 2279 ιι.

2229 2314 2544 2370 Pestilentia
2581 2315 2635 2368 in
2666 2317 2909 2370 exercitu
2940 2325 3060 2371 orta
3108 2315 3307 2372 multos
3344 2316 3641 2385 exstinxit;
3677 2317 3804 2372 inter

2228 2420 2366 2477 quos
2397 2406 2761 2463 Ruodbardus
2787 2404 3120 2462 Constantia:
3146 2406 3432 2477 episcopus
3459 2416 3517 2461 et
3547 2407 3804 2462 Burebar-

2230 2499 2331 2553 dus
2356 2500 2524 2554 abbas
2549 2500 2615 2555 de
2640 2499 2890 2555 coenobio
2917 2499 3087 2554 sancti
3116 2497 3253 2554 Galli
3279 2499 3553 2554 obierunt.
3603 2498 3799 2555 Necrol.

2229 2588 2423 2657 Fuld.;
2472 2590 2698 2662 Ilepid.,°
2745 2591 3047 2646 Bnrclmrd.
3097 2592 3162 2646 de
3196 2590 3436 2647 Casibus.
3469 2592 3541 2647 Et
3594 2607 3688 2662 pro
3727 2593 3801 2647 bis

2231 2681 2425 2737 Heimo
2453 2682 2740 2754 episcOpus
2768 2682 2927 2752 201
2963 2681 3122 2737 annis
3147 2681 3319 2738 ferme
3356 2697 3444 2749 tv,
3478 2680 3802 2738 Tbeodebal-

2231 2775 2440 2845 dusque
2469 2776 2639 2831 abbas
2669 2791 2724 2829 χι
2770 2763 2928 2830 annis
2976 2772 3329 2845 prtefuerunt.
3372 2773 3642 2830 Notkerus
3669 2772 3799 2846 (512)

2226 2851 2442 2939 quoque
2467 2868 2745 2937 magister,
2794 2877 2849 2923 et
2895 2867 2988 2922 alii
3039 2876 3360 2938 praestantes
3408 2866 3639 2935 fratres,
3670 2865 3798 2939 apud

2225 2970 2475 3017 sanctum
2496 2959 2709 3016 Gallum
2738 2961 3112 3015 decesserunt.

2298 3052 2436 3108 1025
2473 3050 2783 3107 Ratisbona:
2816 3059 2938 3121 post
2969 3049 3345 3107 Gebehardum
3384 3050 3695 3122 episcopum
3722 3064 3798 3103 ca-

2225 3154 2370 3201 stum
2407 3144 2584 3199 virum
2604 3183 2619 3210 ,
2659 3151 2715 3198 et
2742 3142 3110 3214 singularibus
3139 3142 3462 3214 quibusdam
3493 3142 3728 3198 moribus
3751 3147 3798 3194 et

2225 3236 2619 3292 munditiarum
2678 3245 3011 3307 ornatusque
3070 3236 3284 3291 insueto
3337 3234 3576 3305 quodam
3627 3243 3798 3289 amore

1532 3368 1988 3428 COMPENDIUM
2027 3369 2118 3426 EX
2155 3369 2403 3428 CODlCE
2440 3368 2805 3426 BERNOLDI.

609 3464 744 3520 1014
784 3463 1064 3529 Henricus,
1091 3472 1224 3531 etc.,
1265 3472 1324 3519 ut
1354 3462 1492 3534 Aug.

608 3556 749 3611 1015
790 3555 985 3611 Ernust
1012 3556 1142 3611 dux.
1171 3594 1186 3610 .
1218 3587 1231 3609 ι
1255 3556 1474 3626 accepit.
1500 3553 1905 3627 Hegingaudus.
1935 3594 1951 3611 .
1986 3596 2000 3611 .
2026 3572 2122 3627 pro

535 3664 638 3720 quo
670 3645 871 3717 I’oppo.

604 3740 740 3795 1017
780 3737 1101 3808 Godefridus
1141 3739 1252 3793 dua:
1293 3738 1461 3809 partis
1503 3737 1942 3810 Lotharingorum
1989 3736 2122 3794 Cer-

530 3831 758 3885 lutrdnm
788 3831 1028 3884 comitem
1055 3828 1188 3884 bello
1225 3829 1366 3884 vicit.

601 3920 741 3976 1018
776 3917 1119 3985 Constantina,
1152 3929 1281 3986 etc.,
1311 3927 1370 3974 ut
1399 3918 1536 3991 Aug.

603 4010 742 4064 1019
777 4008 1075 4063 Conratlus.
1096 4049 1110 4063 .
1130 4047 1144 4063 .
1179 4009 1331 4064 ducis
1363 4007 1650 4065 Carentant
1671 4008 2118 4065 Adalberonem...

516 4101 723 4156 rt'ictum
750 4100 966 4171 fugavit.

606 4189 745 4244 1020
782 4189 1095 4245 Benedictus
1121 4206 1278 4261 papa.
1313 4229 1329 4247 .
1363 4229 1379 4245 .
1403 4191 1682 4246 dedicavit.

607 4280 737 4335 1021
788 4279 1114 4335 lleribertus.
1142 4321 1156 4334 .
1183 4317 1201 4336 .
1224 4266 1566 4350 arcliiprwsnl
1591 4282 1832 4353 efﬁcitur.
1860 4280 2121 4340 Henricus

533 4370 662 4440 imp.
693 4370 748 4422 in
780 4369 997 4423 Italiam
1033 4371 1412 4441 expeditionem
1445 4371 1623 4425 movit.

607 4461 747 4515 1022
791 4460 1048 4515 Henricus
1100 4464 1226 4532 imp.
1273 4460 1620 4531 Campaniam
1664 4473 1841 4533 petens
1872 4463 2120 4535 Trojam,

534 4551 816 4623 Neapolim
845 4593 861 4618 ,
937 4550 1173 4623 Capuam
1227 4555 1482 4608 civitates.
1513 4592 1528 4607 .
1561 4591 1577 4607 .

534 4643 880 4700 ﬂuat/tardus
932 4644 1347 4700 Constantiensis
1399 4647 1671 4717 episcopus
1711 4646 1867 4713 obiit,
1893 4666 1989 4719 pro
2015 4667 2119 4721 quo

2144 3477 2189 3540 ρ
2224 3464 2412 3520 Heimo
2444 3464 2607 3535 ferme
2634 3466 2788 3519 annis
2816 3480 2870 3520 tv
2901 3463 3138 3535 praefuit.
3171 3461 3435 3535 Notgerus
3459 3477 3664 3534 quoque
3696 3475 3795 3516 nta-

2225 3559 2390 3629 gister
2409 3558 2475 3612 de
2497 3557 2556 3613 S.
2582 3556 2734 3611 Gallo
2758 3557 2883 3611 obiit

2299 3651 2441 3708 1025
2479 3650 2783 3706 Ratisbonte
2826 3660 2943 3721 post
2994 3648 3389 3716 Gebeltardum,
3437 3651 3605 3706 virum
3651 3648 3795 3704 laude

2224 3745 2622 3815 dignissimum,
2672 3740 2805 3797 alter
2852 3741 3188 3797 Gebeltardus
3235 3741 3643 3796 inthronizatur.
3692 3737 3795 3795 Hoc

2225 3851 2366 3890 anno
2388 3834 2624 3888 convenit
2649 3831 2880 3903 synodus
2933 3830 3220 3903 Moguntina
3248 3830 3397 3904 (545)
3414 3872 3429 3897 ,
3469 3834 3524 3885 in
3553 3849 3653 3903 qua
3680 3847 3793 3885 con-

2224 3927 2463 3981 stitutum
2478 3936 2554 3979 est
2573 3936 2627 3978 ut
2655 3925 2798 3995 plebs
2819 3923 3121 3979 Christiana
3147 3924 3538 3996 quatuordecim
3564 3925 3671 3979 dies
3686 3930 3793 3979 ants

2224 4018 2417 4088 festum
2445 4014 2502 4071 S.
2531 4015 2757 4070 Joannis
2779 4015 3033 4085 Baptista:
3065 4031 3097 4069 a
3128 4031 3284 4069 carne
3312 4025 3360 4069 et
3398 4016 3653 4085 sanguine
3680 4012 3786 4067 abs-

2224 4111 2416 4173 tineat,
2470 4108 2570 4162 nisi
2608 4106 2915 4176 inﬁrmitate
2944 4115 3155 4176 cogente
3175 4147 3191 4172 ,
3232 4115 3322 4160 aut
3354 4106 3658 4173 festivitate,
3686 4116 3790 4171 qua

2222 4202 2277 4254 in
2310 4198 2404 4254 illo
2431 4198 2686 4268 episcopio
2722 4195 2934 4251 celebris
2981 4197 3235 4263 habetur;
3276 4197 3517 4251 similiter
3558 4206 3790 4268 quatuor-

2224 4292 2392 4345 decim
2426 4290 2536 4343 dies
2570 4299 2692 4341 ante
2720 4285 2915 4341 Natale
2941 4287 3177 4342 Domini.
3221 4286 3357 4342 Item
3377 4288 3447 4341 ibi
3471 4287 3787 4341 constitutum

2224 4393 2297 4434 est
2326 4389 2380 4433 ut
2411 4378 2586 4449 vigilia
2613 4377 2950 4447 Epipltania',
2983 4378 3160 4447 vigilia
3191 4382 3423 4433 omnium
3455 4376 3783 4432 Sanctorum.

2225 4470 2403 4541 vigilia
2446 4470 2830 4537 Assumptionis
2873 4465 2931 4522 S.
2979 4466 3188 4533 Μανία»,
3226 4468 3400 4539 vigilia
3432 4467 3493 4522 S.
3538 4461 3785 4519 Laurentii

1651 4556 1706 4608 in
1761 4554 2122 4612 Germaniam.
2214 4563 2508 4634 jejunetur,
2540 4565 2613 4617 ita
2641 4574 2694 4617 ut
2728 4580 2832 4618 una
2860 4562 3153 4619 refectionis
3176 4563 3307 4619 hora
3335 4563 3658 4618 admittatur.

607 4852 756 4923 (555)
788 4852 1032 4908 Senioris
1058 4852 1269 4908 scilicet
1306 4862 1361 4908 et
1389 4852 1662 4920 Junioris,
1701 4870 1796 4910 seu
1831 4763 2276 4926 ErnestiNliyi‘fIi’:
2306 4856 2394 4910 89.

538 4934 784 4980 υκαι-ειυς.

606 4993 753 5065 (550)
784 4993 1108 5049 Gndel‘ridus
1129 4993 1194 5047 111
1227 4993 1334 5047 dux
1364 4991 1732 5065 Lotharingtte
1755 4996 2045 5050 inferioris.

606 5064 1059 5133 (557)Gerardus
1108 5078 1291 5118 comes
1335 5065 1400 5117 de
1451 5064 1735 5132 Egeslteim
1787 5066 1839 5120 in
1890 5066 2119 5130 Alsatia,

533 5133 690 5206 Cujus
716 5135 820 5206 lilia
850 5135 1162 5206 Atlelbaitlis
1180 5135 1610 5206 ConradiSalici
1636 5136 2123 5206 intperatm'isima-

523 5212 619 5257 ~ler
657 5204 757 5258 fuit
800 5220 868 5259 ex
901 5204 1132 5259 Henrico
1179 5203 1497 5260 Frauconim
1536 5203 1943 5261 duceCCalmet
1974 5205 2121 5262 Hist.

494 5330 499 5336 _
535 5272 755 5328 Lothur.
790 5274 825 5327 Ι.
852 5289 1008 5339 xvut,
1041 5289 1092 5329 c.
1122 5276 1211 5331 69.
1254 5274 1315 5329 Ρ.
1349 5276 1596 5331 Clement
1636 5276 1988 5331 Adelbaidem
2020 5275 2124 5330 Ge-

534 5345 681 5397 rardi
713 5358 954 5398 sororem
989 5346 1138 5406 dicit,
1172 5347 1336 5401 tiliam
1371 5348 1672 5403 Eberhardi
1702 5348 1767 5403 ιν
1799 5346 2119 5406 Nordgavia:

515 5006 529 5061 .'

2295 4928 2443 5051 (£56259)
2472 4925 2590 4981 V’id.
2626 4927 2743 4983 Vita
2789 4923 2848 4980 S.
2880 4924 3121 4990 lienrtci,
3150 4934 3205 4980 et
3232 4922 3343 4980 Leo
3381 4922 3613 5009 Ostiens.
3643 4923 3678 4975 1.
3716 4934 3777 4985 ιι,

2224 5015 2274 5053 C.
2305 5015 2393 5051 4D.

2294 5068 2441 5138 (540)
2470 5067 2648 5138 Vitam
2678 5066 2734 5120 S.
2770 5064 3038 5138 Heriberti
3065 5064 3399 5138 Coloniensis
3433 5062 3645 5138 scripsit
3667 5059 3778 5138 Alia:

2224 5132 2736 5208 peitus'Tuitiensis
2767 5137 2960 5208 abbas,
2990 5151 3158 5208 quam
3179 5136 3438 5208 exhibent
3464 5132 3775 5188 Bollandiani

2227 5205 2577 5284 hagiqgraplii
2608 5208 2747 5284 ιλιι,
2779 5207 2932 5259 Mart.
2959 5214 3025 5259 ad
3058 5205 3227 5284 d.‘16.
3259 5273 3292 5284 κ
3351 5272 3372 5284 _

2298 5269 2597 5350 (541)7Vid.
2632 5269 2895 5350 Reinerus
2921 5276 3220 5350 monachus
3257 5269 3773 5350 S.__Lattretitii_Leq-

2223 5336 2440 5406 die‘nsis'
2457 5349 2511 5403 in
2535 5349 2651 5406 eius
2676 5348 2816 5406 Vita.
2840 5346 2980 5406 apud
3006 5346 3243 5400 Bollat::!.
3268 5354 3278 5398 ε
3312 5343 3375 5406 1!,
3396 5344 3567 5406 April.
3593 5340 3673 5396 die
3695 5336 3769 5391 2|.
