3970 5406
189 397 282 458 235

1385 375 1800 447 CIIRONICON.
1843 417 1907 426 —
1950 386 2120 444 SeEC.
2161 382 2255 442 XI.

3313 380 3424 439 25b

1453 521 1683 582 CODEX
1721 518 2105 579 AUGIENSIS.

190 647 448 712 famosum,
478 651 531 700 et
559 640 614 698 in
665 640 866 698 divinis
904 639 1093 699 ofﬁciis
1133 640 1295 697 nimis
1322 639 1626 697 studiosum
1662 639 1731 694 ab
1758 650 1808 709 Α
1835 634 2001 691 abbas
2029 631 2193 699 obiit,
2222 633 2381 703 eique
2411 628 2744 706 Rhenaugia:
2770 634 2998 689 Pirhtilo
3026 636 3194 692 abbas
3226 635 3426 692 substi-

188 741 273 796 bac
299 736 407 793 luce
436 735 766 792 subtractum
791 776 806 801 ,
837 734 974 790 alter
1002 736 1130 791 item
1173 733 1524 791 Gcbehardus
1555 734 1737 803 Augu—

187 828 361 887 steusis
384 828 673 884 canonicus
701 826 963 884 successit
995 825 1166 901 (544).

243 916 366 977 1οἊ
400 914 583 975 Romae
655 917 909 975 defuncto
984 914 1307 985 Benedicto,
1385 916 1554 974 frater
1620 915 1739 986 ejus

181 1008 389 1071 Joannes
412 1002 579 1068 XVIII
610 1026 678 1066 ex
707 1009 847 1066 laico
872 1025 1009 1081 papa
1055 1008 1308 1065 CXLVIII
1337 1009 1619 1065 ordinatus
1653 1022 1739 1064 se-

184 1100 251 1160 dit
270 1103 415 1159 annis
459 1102 631 1158 ferme
678 1119 753 1157 ιχ.
777 1133 848 1144 --
871 1103 1138 1158 Ilenricus
1162 1116 1379 1172 quoque
1414 1102 1734 1173 imperator,

183 1213 235 1253 ιιι
259 1195 371 1252 Idus
391 1192 516 1250 Julii
550 1195 755 1265 absque
785 1193 910 1249 ﬁliis
940 1194 1082 1250 diem
1105 1194 1327 1260 obiens,
1358 1194 1499 1265 apud
1528 1192 1739 1265 episco‘

182 1301 339 1361 palum
389 1288 918 1359 Babenbergcnsem,
965 1303 994 1341 a
1053 1302 1114 1343 se
1155 1296 1738 1357 constructum,quetn

182 1381 394 1436 omnium
423 1380 751 1449 praediorum
775 1387 830 1435 et
858 1379 1236 1433 thesaurorum
1264 1392 1482 1432 suorum
1506 1376 1740 1445 relique-

183 1470 553 1536 rat-haeredem,
579 1471 631 1525 in
662 1469 887 1525 basilica
920 1468 1103 1524 Sancti
1128 1468 1269 1524 Petri
1292 1467 1571 1539 sepelitur.
1597 1464 1737 1521 Vita.

179 1595 240 1610 --
271 1566 463 1621 Deinde
496 1581 622 1620 cum
657 1564 939 1621 Conradus
976 1563 1175 1620 Seuior
1206 1561 1356 1635 (545)
1377 1605 1390 1627 ,
1424 1563 1565 1617 ﬁlius
1596 1560 1741 1616 Hen-

179 1659 263 1715 riei
288 1667 338 1714 et
360 1657 700 1721 Αὐριιιρίἀω,
755 1666 809 1711 et
844 1657 1104 1727 patruelis
1133 1656 1250 1726 ejus
1286 1655 1568 1712 Conradus
1600 1656 1742 1710 ﬁlius

178 1750 383 1807 Conradi
416 1750 572 1805 ducis
604 1748 753 1822 (546)
801 1763 870 1803 ex
914 1747 1172 1804 Matiiilde
1198 1748 1348 1820 (547)
1393 1746 1462 1802 ad
1518 1763 1739 1817 regnum

178 1840 316 1911 202
370 1840 643 1910 praecipue
685 1839 1091 1903 minitarentur,
1140 1838 1324 1893 habito
1371 1838 1512 1907 apud
1560 1836 1740 1891 vitiant

178 1929 411 1986 Kambam
463 1928 617 2002 (548)
653 1930 958 2001 principum
990 1937 1281 1985 conventu.
1317 1927 1512 1984 Senior
1539 1926 1741 1982 Conra-

1846 724 2036 781 tuitur.
2062 723 2209 779 Brun
2250 724 2608 793 Augustensis
2630 726 2918 796 episcopus
2946 736 3001 782 et
3030 725 3222 799 Welph
3244 743 3428 785 comes

1842 818 2040 890 prmdis
2068 825 2123 873 et
2159 816 2427 873 incendiis
2467 817 2611 874 inter
2657 833 2717 874 se
2764 827 2952 875 mutuo
2997 818 3428 878 debacchantur.

1846 909 2059 981 Wippo.

1919 1003 2053 1059 1027
2091 1002 2374 1061 Conradus
2422 1019 2517 1060 rex
2541 1044 2559 1071 ,
2591 1016 2715 1060 acto
2744 1003 3027 1077 Yporegiae
3072 1005 3221 1077 (559.)
3252 1005 3429 1065 Natali

1843 1092 2079 1162 Domini,
2114 1096 2167 1150 in
2192 1096 2446 1152 ulteriora
2479 1096 2639 1170 203
2666 1112 3009 1169 progressus,
3036 1097 3269 1154 Luecam
3305 1114 3428 1154 cum

1845 1187 2153 1259 chinhero
2202 1187 2515 1245 Marchione
2561 1189 2616 1244 in
2666 1189 2993 1246 deditionem
3045 1190 3293 1262 accepit,
3326 1192 3434 1246 Ro-

1844 1295 2096 1351 mamque
2135 1281 2458 1351 perveniens
2504 1297 2535 1336 a
2584 1280 2794 1337 Joanne
2824 1298 2959 1355 papa
3005 1282 3061 1338 in
3115 1283 3201 1339 die
3242 1293 3435 1339 sancto

1844 1369 2069 1428 Pascha:
2104 1375 2401 1444 imperator
2434 1383 2725 1430 coronatus
2766 1384 2877 1441 est,
2915 1376 3248 1447 subactaque
3278 1378 3434 1433 Italia

1845 1473 1959 1519 tota
1991 1480 2263 1531 reversus,
2306 1482 2359 1521 In
2400 1465 2721 1521 Alemannia
2753 1468 2893 1536 apud
2934 1467 3145 1523 Ulmam
3174 1468 3434 1541 placitum

1844 1552 2036 1609 habuit
2060 1554 2241 1624 ibique
2264 1556 2330 1610 ad
2352 1555 2678 1611 deditionem
2720 1557 3013 1613 Ernustum
3045 1560 3236 1615 ducem
3268 1560 3435 1631 privi-

1845 1660 2009 1716 gnum
2062 1660 2218 1700 suum
2259 1654 2316 1699 et
2342 1645 2535 1716 Welpb
2566 1647 2820 1702 comitem
2850 1664 2971 1704 cum
3007 1648 3131 1705 aliis
3152 1650 3430 1720 accipiens

1843 1749 1943 1805 per
1970 1734 2185 1806 aliquod
2215 1744 2427 1808 tempus
2452 1736 2645 1792 exsilio
2672 1738 2965 1809 deputavit.
2995 1738 3218 1811 Wippo;
3240 1739 3437 1806 (lepid.

1846 1828 2067 1902 Kyburg
2092 1840 2332 1887 castrum
2356 1831 2700 1887 Werenharii
2725 1835 2941 1890 comitis
2959 1835 3135 1892 adhuc
3153 1838 3441 1894 renitentis

1847 1922 2062 1994 aliaque
2087 1924 2343 1980 nonnulla
2367 1924 2648 1981 rebellium
2672 1935 2853 1981 castra
2879 1935 3037 1998 capta
3062 1937 3211 1983 sunt.
3234 1927 3443 1985 Conra-

179 2025 263 2079 dus
283 2040 368 2080 rex
391 2033 709 2094 promotus,
735 2034 788 2079 et
817 2024 886 2079 ab
920 2024 1159 2079 Aribone
1194 2023 1605 2094 archiepiscOpo
1634 2020 1745 2077 Mo.
1775 2004 1823 2065 Β
1853 2014 1954 2071 dus
1985 2017 2150 2071 ctiam
2178 2017 2440 2084 patruelis
2475 2015 2593 2087 ejus
2626 2032 2746 2073 sese
2777 2018 3096 2089 imperatori
3128 2020 3347 2077 tradens
3382 2021 3440 2075 in

178 2114 393 2183 guntiaci
438 2123 642 2169 unctus
687 2123 771 2169 est
811 2130 863 2169 vi
913 2114 1036 2169 Idus
1087 2113 1389 2184 Septembr.
1426 2114 1536 2169 Nec
1575 2112 1747 2169 multo

175 2214 281 2276 post
316 2221 450 2261 uxor
490 2205 613 2275 ejus
638 2204 820 2262 Gisela
848 2222 878 2261 a
910 2206 1173 2277 Piligrino
1204 2206 1615 2279 archiepiscopo
1640 2208 1747 2264 Co-

177 2297 314 2354 loniae
349 2300 502 2371 (549)
557 2300 744 2373 regina
780 2301 1139 2358 nihilominus
1187 2302 1470 2359 benedicta
1524 2318 1577 2358 ιι
1624 2301 1745 2357 Kal.

177 2390 343 2448 Octob.
369 2393 589 2465 Wippo.

235 2480 363 2537 I025
392 2482 644 2541 Rebellio
684 2494 740 2541 et
795 2485 1069 2542 discordia
1099 2484 1266 2542 multa
1312 2494 1504 2544 contra
1548 2485 1749 2544 Conra~

176 2573 285 2627 dum
310 2566 493 2646 regem
512 2576 803 2647 apatruele
830 2577 948 2649 ejus
969 2578 1221 2635 Conrado
1251 2587 1307 2635 et
1350 2579 1587 2637 Ernusto
1612 2581 1752 2638 duce

173 2662 511 2735 Alamanniae,
537 2666 788 2739 privigno
812 2668 960 2741 (550)
981 2668 1117 2740 ejus;
1145 2670 1340 2742 Welph
1365 2671 1512 2744 (551)
1537 2667 1750 2744 quoque

174 2752 460 2827 Suevigena
496 2760 726 2826 comite,
754 2772 808 2815 et
837 2761 959 2818 aliis
987 2761 1233 2832 pluribus
1263 2762 1423 2818 facta.
1448 2754 1642 2834 Παρία.

234 2848 359 2905 1026
392 2849 518 2907 Rex
551 2850 864 2917 Conradus,
899 2853 1103 2908 sedatis
1140 2869 1206 2909 ex
1238 2863 1391 2925 parte
1433 2854 1746 2922 rebellibus,

175 2939 301 2995 circa
332 2951 556 3014 tempus
586 2942 1033 3017 Quadragesimm
1075 2962 1200 3001 cum
1247 2947 1491 3003 exercitu
1539 2946 1749 3003 Italiam

172 3031 287 3086 adiit
315 3043 393 3099 et,
435 3034 656 3091 Pascha
686 3034 948 3093 Vercellis
977 3046 1117 3103 acto,
1148 3046 1315 3094 totam
1334 3080 1349 3105 ,
1377 3048 1575 3111 praeter
1612 3040 1751 3098 Luc-

172 3137 273 3177 cam
300 3126 498 3183 urbem
530 3128 763 3196 Tusciae,
798 3128 1007 3184 Italiam
1036 3131 1088 3184 in
1123 3131 1203 3187 cis
1225 3130 1487 3188 Romanis
1507 3134 1752 3203 partibus

171 3215 257 3270 sibi
283 3217 617 3292 subjugavit.
657 3220 857 3276 Ernust
880 3222 985 3276 dux
1016 3222 1371 3288 Alemanniae,
1401 3237 1522 3277 cum
1547 3239 1613 3280 eo
1635 3224 1752 3296 ipso

170 3321 314 3374 anno,
343 3310 737 3382 interpellante
774 3326 967 3380 matre,
995 3314 1336 3385 paciﬁcatus,
1358 3314 1753 3387 Campidonen—

1852 2108 2103 2163 exsilium
2154 2109 2508 2167 nihilominus
2538 2112 2790 2168 mittitur.
2830 2111 3024 2182 Uepid.
3062 2113 3343 2171 αη.1055.
3368 2143 3440 2155 —-

1851 2198 2234 2257 Werinbarius
2258 2202 2567 2273 Argentinaa
2587 2205 2786 2275 praesul
2816 2204 3341 2279 Constantinopolim
3368 2206 3439 2264 ab

1851 2295 2177 2367 imperatore
2202 2294 2411 2367 legatus
2436 2296 2713 2368 dirigitur,
2741 2299 2922 2371 ibique
2962 2301 3269 2373 insequenti
3293 2316 3439 2357 anno

1851 2385 2137 2442 defunctus
2164 2386 2533 2444 Wilihelmum
2578 2404 2950 2448 suecessorem
2995 2394 3223 2464 accepit.
3270 2394 3443 2451 Hilte-

1852 2489 1974 2552 gart
2004 2481 2365 2553 Buochaugia:
2385 2482 2658 2541 abbatissa
2681 2486 2934 2543 elﬁcitur.

1923 2572 2062 2629 1028
2088 2573 2352 2630 Henricus
2378 2574 2521 2631 ﬁlius
2547 2576 2890 2649 imperatoris
2913 2579 3239 2652 Aquisgrani
3271 2583 3324 2638 in
3355 2584 3447 2641 die

1853 2676 2042 2724 sancto
2070 2665 2293 2723 Pascha:
2318 2683 2409 2723 rex
2435 2683 2464 2723 a
2490 2668 2825 2740 principibus
2849 2674 3060 2728 cunctis
3103 2674 3281 2731 adhuc
3302 2691 3441 2746 puer

1853 2759 2080 2829 electus,
2110 2776 2141 2816 a
2163 2759 2424 2833 Piligrino
2457 2760 2781 2819 Coloniense
2814 2765 3221 2838 archiepiscopo
3245 2776 3443 2824 unctus

1851 2861 1936 2909 est
1964 2850 2133 2923 (553).
2163 2852 2374 2923 Wippo.

1926 2942 2064 2999 I029
2076 2943 2284 3015 Impera
2292 2953 2408 2999 tore
2422 2942 2728 3011 Batisbonte
2740 2948 2993 3018 paschale
3009 2947 3203 3003 festum
3219 2957 3411 3020 agente
3428 2990 3449 3015 ,

1851 3029 1999 3086 Brun
2025 3031 2380 3103 Augustensis
2401 3033 2705 3104 episcopus,
2730 3051 2975 3093 summus
3006 3038 3289 3109 symmista
3327 3039 3446 3109 ejus

1852 3121 1964 3177 vita
2008 3121 2138 3178 inibi
2192 3123 2445 3191 decessit,
2495 3125 2857 3197 Angustaque
2901 3130 2953 3182 in
2994 3129 3228 3200 incoepta
3275 3132 3449 3188 sancti

1854 3213 2100 3269 Mauricii
2131 3214 2385 3285 sepultus
2422 3216 2646 3273 basilica
2679 3218 3049 3276 Eherhardum
3083 3222 3292 3293 accepit
3318 3238 3449 3279 suc-

1855 3322 2123 3364 cesurem.
2153 3307 2366 3379 Wippo.

169 3409 271 3453 sem
298 3399 418 3457 loco
451 3380 713 3459 beneﬁcii
746 3380 1020 3461 abbatiam
1054 3407 1265 3479 accepit
1304 3380 1527 3478 suisque
1563 3409 1752 3465 militi-
1779 3380 1825 3445 ο
1931 3400 2071 3456 1050
2097 3400 2299 3456 Ernusl
2327 3402 2457 3468 dux,
2494 3418 2618 3459 cum
2659 3406 2853 3462 exsilio
2890 3406 3165 3464 relaxatus
3192 3408 3448 3466 ducatum

170 3487 258 3545 bus
283 3492 606 3559 distribuit,
646 3511 747 3551 nec
778 3497 951 3552 multo
976 3508 1120 3567 post,
1141 3515 1307 3569 pravo
1329 3515 1554 3556 aversus
1575 3501 1752 3557 consi-

172 3575 254 3645 lio,
275 3583 477 3639 iterum
504 3584 809 3641 rebellavit.
842 3586 1143 3658 Wippo.—
1168 3589 1288 3661 Ipso
1317 3606 1460 3647 anno
1490 3591 1755 3648 Constan-

174 3672 248 3730 tize
265 3676 453 3734 IIeimo
480 3679 772 3752 cpiscopus
797 3682 975 3737 subita
1000 3691 1176 3738 morte
1196 3683 1432 3754 pleuresi
1463 3692 1641 3740 tactus
1662 3685 1756 3740 de—

174 3770 338 3837 cessit,
363 3773 533 3843 eique
556 3772 929 3830 Warmaunus
959 3777 1247 3841 successit,
1274 3777 1432 3833 annis
1453 3775 1625 3834 ferme
1638 3792 1754 3833 \‘lll.

172 3854 511 3916 Ilurcbardus
534 3878 751 3935 quoque
772 3862 1223 3935 Campidonensis
1246 3875 1298 3922 et
1328 3866 1760 3936 Rhenaugiensis

1859 3510 2018 3551 suum
2046 3495 2360 3567 recepisset,
2387 3511 2678 3566 pravorum
2722 3498 2951 3555 consilio
2981 3514 3131 3567 usus,
3165 3508 3221 3555 et
3268 3501 3450 3556 denuo

1860 3590 2177 3660 imperatori
2210 3590 2511 3660 refragatus
2541 3592 2739 3646 ducatu
2767 3593 3030 3661 privatur,
3060 3602 3117 3648 et
3146 3594 3317 3650 frater
3336 3595 3454 3666 ejus

1859 3677 2056 3737 Junior
2082 3682 2465 3747 Herimannus,
2492 3683 2601 3738 dux
2630 3682 2931 3738 Suevorum
2978 3683 3225 3738 eIIicitur.
3257 3683 3450 3751 Hepid.

1861 3802 1933 3814 —-
1964 3772 2245 3829 Conradus
2274 3774 2594 3845 imperator,
2633 3774 2746 3844 jam
2772 3775 2975 3830 dudum
3002 3774 3300 3831 inimicitiis
3329 3792 3454 3831 cum

1867 3863 2145 3934 Stephano
2197 3863 2557 3936 Ungariorum
2600 3878 2728 3935 rege
2775 3864 3061 3928 conﬂatis,
3111 3864 3454 3921 Pannoniam

1177 3976 1629 4034 COMPENDIUM
1671 3977 1765 4033 EX
1796 3974 2042 4033 CODICE
2082 3973 2446 4030 BERNOLDI.

235 4062 369 4118 1024
408 4063 595 4119 Romae
621 4064 889 4136 defuncto.
925 4106 940 4121 .
974 4105 990 4122 .
1037 4068 1201 4139 ferme
1239 4084 1443 4124 novem.
1498 4067 1763 4125 Henricus

170 4170 426 4227 quoque...
462 4154 527 4211 S.
558 4153 705 4211 Petri
732 4158 1004 4229 sepelitur,
1035 4160 1314 4230 habitoque
1335 4170 1588 4214 conventu
1620 4159 1764 4230 apud

174 4241 335 4298 villam
368 4242 645 4298 Kambam
673 4241 954 4300 Conradus
981 4245 1199 4313 Senior,
1226 4245 1371 4315 ﬁlius
1402 4245 1644 4313 Henrici,
1673 4261 1765 4299 rex

172 4347 432 4404 promotus
466 4337 534 4390 ab
563 4336 807 4395 Aribone.
840 4377 855 4393 .
884 4379 897 4391 .
936 4339 1206 4395 benedicta
1237 4354 1291 4395 χι
1327 4339 1446 4396 Kal.
1493 4340 1681 4396 Octob.

237 4427 375 4482 1025
409 4428 649 4484 Rebellio
673 4440 860 4485 contra
895 4429 1200 4486 Couradum
1245 4448 1411 4503 regem
1452 4451 1483 4487 α
1528 4433 1767 4505 patruele

178 4516 277 4585 ejus
296 4518 551 4574 Conrado
575 4528 623 4574 et
641 4518 860 4575 Ernisto
886 4521 1019 4576 duce
1047 4520 1373 4578 Alamanniae
1396 4532 1445 4578 et
1466 4522 1586 4579 aliis
1604 4523 1766 4594 pluri-

181 4605 262 4660 bus
286 4608 433 4678 facta
456 4618 552 4663 est.

246 4698 385 4754 1026
423 4699 540 4756 Rea:
582 4702 864 4759 Conradus
908 4703 1128 4760 Italiam
1177 4715 1356 4776 petens
1382 4746 1397 4770 ,
1454 4716 1615 4761 totam
1668 4707 1770 4762 sibi

181 4803 300 4856 pene
323 4790 618 4864 subjugavil
645 4813 711 4851 ea:
736 4798 839 4850 hac
864 4808 1014 4867 parte
1056 4797 1257 4853 Romae.
1302 4797 1626 4855 Conslantire
1653 4810 1767 4869 post

186 4876 486 4937 Heimoucm
550 4889 854 4958 episcopum
928 4888 1287 4944 Wnrmannus
1335 4890 1549 4960 pra’fuit
1613 4892 1767 4946 annis

189 4970 343 5039 ferme
381 4990 497 5032 octo
525 4980 693 5050 (554).

1939 4064 2077 4119 I027
2119 4064 2395 4119 Conradus
2421 4082 2539 4131 rex,
2573 4064 2794 4120 Romam
2820 4067 3121 4137 perveniens
3140 4108 3155 4133 ,
3186 4083 3219 4121 a
3243 4066 3454 4123 Joanne

1866 4171 2004 4227 papa
2031 4155 2085 4208 in
2114 4155 2199 4208 die
2226 4165 2410 4209 sancto
2433 4154 2657 4210 Pascha:
2685 4156 2970 4224 imperator
2993 4166 3297 4214 coronatur.
3324 4157 3460 4214 lude

1868 4249 1928 4302 in
1951 4246 2321 4304 Alemanniam
2347 4264 2605 4314 reversus,
2630 4249 2769 4319 apud
2793 4247 3003 4303 Ulmum
3046 4249 3321 4305 Ernistum
3351 4252 3454 4306 du-

1868 4357 1977 4395 cem
2009 4351 2056 4396 et
2081 4340 2384 4395 Conradum
2413 4358 2467 4396 se
2490 4340 2570 4395 illi
2591 4341 2833 4398 dedentes
2862 4342 3047 4398 exsilio
3073 4343 3359 4413 deputavit.
3428 4344 3434 4353 ⁴

1941 4429 2079 4488 1028
2119 4431 2382 4488 Henricus
2411 4432 2623 4503 ﬁlius...
2677 4449 2768 4488 rex
2795 4434 2987 4489 electus
3000 4473 3014 4500 ,
3049 4451 3081 4489 η
3115 4433 3448 4508 Piligrino...

1865 4537 2054 4580 unctus
2081 4538 2175 4580 εει.
2723 4542 2730 4549 ’

1937 4618 2076 4674 1029
2096 4617 2279 4673 Bruno
2301 4619 2645 4690 Augustensis
2666 4620 2936 4691 episcopus
2958 4620 3106 4688 obiit,
3129 4631 3176 4675 et
3190 4617 3461 4675 Eberhar-

1862 4711 1989 4767 dant
2012 4713 2208 4781 accepit
2239 4728 2608 4767 successorem.

1944 4800 2083 4858 1050
2121 4800 2305 4857 Ernist
2331 4803 2442 4857 dua:
2464 4802 2649 4858 exsilio
2691 4802 2959 4859 relaxatus
2987 4805 3277 4873 iterumque
3297 4802 3460 4871 impe-

1874 4897 2041 4952 ratori
2071 4895 2354 4963 rebellans,
2396 4913 2515 4950 cum
2558 4897 2739 4952 multis
2763 4896 2885 4950 aliis
2911 4898 3173 4952 occiditur
3194 4910 3285 4949 xvr
3332 4893 3458 4951 Kal.

1876 4989 2020 5061 Sept.

1702 5096 1940 5160 NOTAE.
