3970 5406
533 374 642 457 ζῦὕ

1441 378 1796 437 IIERMANNI
1839 382 2232 440 CONTRACTI
2266 385 2638 444 AUGIENSIS
2680 383 3000 447 MONACIII

1857 494 2087 551 CODEX
2130 495 2519 554 AUGIENSIS.

531 601 712 677 petiit,
740 608 817 666 et,
851 609 1111 672 quantum
1144 599 1455 661 ﬂuminibus
1482 615 1539 662 et
1584 607 1867 678 paludibus
1903 626 2006 665 non
2036 612 2131 668 ob-
2161 618 2204 677 Α
2235 623 2565 682 coarctatur,
2594 617 2762 674 donec
2779 618 2917 674 idem
2944 619 3126 694 (Bern.
3145 622 3345 694 supp'et
3371 640 3390 677 :
3416 638 3539 679 cum
3562 626 3805 687 sandaliis

532 694 806 753 stantibus
839 703 1072 765 poterat,
1106 693 1312 750 Rabam
1339 712 1511 767 usque
1551 698 1875 755 devastavit.
1913 700 2122 773 Wippo.

530 820 597 833 -
638 788 859 846 Interim
902 788 956 844 in
1002 787 1321 844 Alemannia
1365 806 1487 846 cum
1536 790 1734 848 Ernust
1766 795 1963 849 dudum
1997 796 2125 859 dux,

531 881 756 954 ejusque
781 880 1072 953 eomplices
1098 881 1279 952 parvis
1306 882 1511 937 viribus
1537 892 1723 939 cunlt‘a
1748 885 2125 954 imperatorem

531 974 822 1053 agitantes,
853 971 1050 1043 praedis
1077 972 1224 1028 circa
1256 972 1448 1028 silvam
1497 973 1818 1031 Martianam
1852 975 1999 1047 (555)
2034 993 2131 1047 po-

530 1065 751 1138 pulares
779 1063 944 1138 205.
972 1063 1315 1130 infestarent,
1347 1080 1375 1119 a
1408 1064 1723 1136 Manegoldo
1752 1066 1898 1139 (556)
1931 1068 2129 1124 comite

529 1177 598 1218 ex
632 1159 886 1231 Angiensi
922 1158 1109 1213 militia
1151 1158 1456 1226 observati,
1488 1168 1544 1215 et
1571 1176 1658 1215 xvi
1691 1158 1808 1215 Kal.
1845 1161 2124 1232 Septemb.

531 1258 783 1307 conserto
805 1249 991 1321 prmlio
1013 1247 1138 1303 victi
1165 1257 1311 1303 sunt.
1338 1248 1567 1320 Ipsoque
1590 1248 1904 1321 Manegoldo
1927 1251 2125 1307 ibidem

529 1350 832 1417 perempto,
864 1340 1066 1395 Ernust
1102 1340 1311 1409 pridem
1348 1341 1477 1408 dux,
1506 1350 1560 1395 et
1593 1339 1921 1397 Werinhere
1946 1357 2128 1398 comes

530 1442 695 1504 caput
732 1430 1058 1497 rebellionis,
1100 1429 1426 1485 Adalbertus
1453 1447 1668 1501 quoque
1707 1431 1978 1503 etIWerin
2030 1448 2126 1489 no-

532 1524 667 1580 biles
695 1523 893 1578 milites
927 1537 1050 1577 cum
1082 1520 1202 1577 aliis
1250 1522 1602 1589 ceciderunt;
1637 1532 1691 1580 ct
1744 1523 1943 1578 Erimst
1986 1523 2125 1580 Con-

531 1615 760 1677 stantiam,
802 1612 1152 1685 Manegoldus
1182 1629 1308 1669 vero
1347 1612 1532 1686 Augiae
1559 1616 1753 1685 sepulti
1786 1626 1928 1671 sunt.
1978 1615 2123 1687 Wip.

526 1738 600 1751 --
625 1705 970 1767 Burchardus
1000 1699 1288 1775 Augicnsis
1312 1705 1608 1760 monachus
1638 1705 1948 1761 Ratisbonae
1983 1706 2125 1778 apud

529 1809 775 1858 sanctum
805 1799 1265 1854 Emmerammum
1297 1799 1467 1854 abbas
1502 1808 1870 1869 promovetur.

601 1894 733 1951 1051
772 1893 879 1948 Pax
907 1907 1030 1949 cum
1060 1891 1339 1963 Stephano
1369 1908 1495 1975 rege
1537 1893 1917 1965 Ilungarorum
1943 1894 2124 1951 redin-

2231 705 2570 776 privilcgium
2606 708 2704 778 ipsl
2728 709 2982 779 episcopo
3006 712 3270 782 traderet,
3297 713 3509 782 publice
3538 714 3590 770 in
3615 723 3805 786 synodo

2230 811 2354 862 sua,
2380 798 2432 852 id
2479 798 2585 872 est]
2618 801 2671 854 in
2704 800 2867 856 C(ena
2919 802 3132 857 Domini
3169 805 3448 875 sequentis
3477 809 3604 863 anni
3634 809 3807 866 ineena

2230 889 2480 943 dandum.
2510 891 2628 960 Ipso
2656 884 2803 947 anno
2820 892 3260 964 Buochangieuse
3285 896 3595 952 emnobium
3616 912 3675 953 ιιι
3693 898 3809 956 Idus

2228 977 2470 1035 Januarii
2520 982 2771 1037 incendio
2813 982 3026 1055 ﬂagrat.
3071 984 3265 1040 Bertha
3298 986 3418 1042 axia
3468 1001 3586 1043 mea
3620 988 3806 1047 femina

2230 1070 2365 1127 satis
2394 1072 2643 1142 religiosa
2670 1090 2805 1130 χχιιι
2843 1074 3124 1132 viduitatis
3152 1092 3327 1146 anno,
3349 1095 3404 1134 χι
3429 1078 3550 1136 Kal.
3574 1078 3699 1137 Jan.
3722 1083 3807 1139 dc-

2229 1162 2415 1217 cessit.
2628 1238 2633 1241 Δ
3450 1238 3457 1243 _

2301 1258 2439 1313 1035
2467 1259 2767 1330 Imperator
2793 1270 2913 1333 post
2942 1261 3183 1319 Natalem
3220 1266 3430 1322 Domini
3452 1267 3810 1340 Burgundiam

2228 1352 2418 1420 pztiit,
2463 1353 2764 1409 Murtenam
2813 1355 3066 1423 obsedit;
3120 1360 3236 1425 sed,
3270 1360 3602 1432 impediente
3631 1363 3815 1419 hiemis

2231 1443 2435 1515 algore,
2466 1445 2600 1500 nihil
2643 1446 2775 1502 inibi
2813 1463 2871 1502 se
2916 1448 3134 1520 dignum
3186 1451 3359 1521 potuit
3401 1451 3639 1509 edicere.
3675 1438 3816 1510 Unde

2230 1551 2447 1593 rursum
2483 1547 2675 1593 aestate
2722 1539 2891 1609 ipsam
2924 1538 3125 1598 Odonis
3169 1543 3525 1615 provinciam,
3555 1544 3814 1603 Gallicam

2229 1626 2488 1683 invadens
2516 1629 2885 1701 Campaniam,
2908 1633 3102 1702 praedis
3127 1642 3182 1689 et
3207 1635 3470 1692 incendiis
3487 1639 3810 1703 devastavit,

2229 1718 2400 1775 donec
2427 1721 2542 1792 ipse
2568 1720 2684 1777 Odo
2715 1722 2939 1794 supplex
2965 1726 3032 1781 ad
3053 1739 3175 1780 eum
3207 1727 3415 1784 veniret
3443 1736 3500 1786 et
3528 1728 3818 1787 clementer

2227 1820 2512 1879 susceptus
2563 1811 3034 1879 satisfactionem,
3079 1814 3206 1871 licet
3250 1816 3402 1883 Iicte,
3454 1820 3814 1892 promitteret.

2228 1893 2459 1967 Hepid.;
2484 1898 2625 1970 Wip.
2650 1930 2719 1940 -—
2736 1899 2943 1967 Romae,
2963 1901 3219 1960 defuncto
3241 1904 3471 1974 Joanne,
3500 1908 3819 1965 Benedictus

523 1989 777 2058 ‘tegratur
797 1982 1149 2057 (557).Aribo
1173 1980 1495 2055 Moguntina:
1508 1983 2120 2054 sedisarehiepiscopus,
2152 2005 2200 2065 Β
2227 1984 2317 2052 IX,
2347 1987 2437 2057 qui
2464 1996 2520 2044 et
2551 1988 2987 2063 Theuphylactus
3010 2034 3024 2059 ,
3067 2009 3202 2066 papa
3245 1996 3459 2052 CXLIX
3513 1999 3819 2063 ordinatus,

528 2076 761 2135 Romam
801 2073 992 2131 orandi
1021 2075 1193 2145 gratia
1229 2083 1442 2145 petens,
1474 2075 1579 2131 hac
1602 2076 1713 2131 vita
1745 2075 1983 2132 decessit
2003 2075 2125 2143 ;oei-

531 2185 635 2241 que
659 2169 716 2235 in
746 2166 1192 2238 archiprtesulatu
1224 2165 1403 2222 Bardo
1440 2166 1550 2222 vita
1599 2175 1655 2223 et
1701 2167 1893 2223 habitu
1933 2183 2123 2224 mona-

529 2263 615 2318 chi
647 2259 992 2317 venerandus
1020 2258 1305 2314 successit.
1345 2258 1557 2329 Wippo.

528 2358 533 2371 '
601 2351 740 2408 1052
764 2348 1027 2406 Rodoll‘us
1061 2349 1288 2422 ignavus
1334 2349 1656 2423 Bnrgundia:
1705 2351 1926 2424 regulus
1969 2353 2121 2419 obiit,

523 2453 584 2501 ‘ct
615 2444 861 2501 dia‘dema
902 2441 1020 2511 ejus
1046 2442 1308 2513 regnique
1341 2441 1573 2513 insignia
1602 2442 1856 2500 Conrado
1893 2444 2127 2517 impera-

533 2534 636 2589 tori
671 2547 770 2604 per
808 2531 1109 2604 Seligerum
1140 2530 1300 2587 allata
1329 2540 1475 2587 sunt.
1508 2533 1952 2606 imperatoreque
1995 2535 2126 2607 ipsis

522 2627 719 2684 'diebus
743 2634 934 2683 contra
966 2626 1278 2682 Misiconem
1311 2625 1623 2683 Selavorum
1644 2669 1660 2695 ,
1691 2627 1781 2699 qui
1814 2628 2000 2686 Boioni
2027 2645 2123 2686 vo-

524 2724 741 2784 eantur,
764 2732 947 2791 regem
975 2717 1273 2773 exercitum
1304 2717 1578 2784 ductante,
1603 2716 1739 2788 Odn,
1756 2723 1961 2779 sororis
1980 2723 2125 2794 ejus-

524 2813 650 2868 dem
699 2808 966 2881 Rodolphi
1005 2808 1168 2875 filius,
1226 2809 1477 2881 princeps
1523 2809 1743 2867 Gallica:
1790 2813 2121 2886 Campania},

525 2918 749 2974 regnum
776 2899 1104 2971 Burgundia:
1138 2900 1337 2956 ἰιιγίιείι
1358 2942 1371 2965 ,
1415 2902 1699 2973 captisque
1748 2901 2040 2978 Nuenburg
2068 2915 2124 2963 et

526 2993 771 3048 lilurtena
799 2990 1017 3057 castris,
1045 3006 1141 3046 sua
1169 2991 1220 3045 in
1248 2991 1324 3046 eis
1348 2992 1597 3061 prtesidia
1622 2992 1899 3063 imposuit.
1926 2995 2119 3069 Ilepfd.

531 3086 671 3156 Wip.
700 3115 771 3124 —
794 3083 955 3138 Bern.
994 3082 1180 3154 Angia:
1208 3082 1399 3152 abbas,
1428 3084 1609 3140 missis
1632 3084 1861 3143 Romam
1891 3091 2121 3147 coenobii

525 3177 606 3231 sui
632 3173 953 3248 privilegiis,
984 3190 1013 3228 a
1035 3188 1172 3243 papa
1198 3188 1406 3229 aoanne
1432 3175 1559 3230 item
1588 3176 1928 3249 privilegium
1948 3179 2119 3252 (558),

522 3283 647 3323 eam
684 3266 944 3323 sandaliis
988 3273 1047 3320 ut
1086 3265 1483 3336 episcopalibus
1539 3266 1873 3324 indumentis
1924 3274 2120 3328 missas

2228 2079 2354 2136 licet
2389 2081 2622 2155 indignis
2654 2091 2806 2141 tanto
2836 2086 3011 2141 ordini
3065 2089 3307 2146 moribus
3339 2100 3396 2145 et
3441 2089 3631 2162 factis,
3681 2093 3822 2149 sedet

2228 2174 2386 2230 annis
2421 2174 2542 2245 plus
2569 2191 2669 2231 xu.
2716 2176 2945 2248 Eelipsis
2988 2178 3118 2236 solis
3155 2196 3214 2236 ιιι
3264 2181 3384 2238 Kal.
3412 2180 3541 2241 Julii
3572 2186 3725 2244 circa
3754 2202 3821 2243 vn

2228 2263 2333 2321 diei
2368 2266 2556 2322 horam
2591 2267 2737 2323 facta
2769 2268 2942 2341 (559).

2307 2358 2443 2413 1051
2472 2358 2792 2431 Imperator,
2823 2364 3013 2419 itermn
3051 2365 3413 2441 Burgundiam
3457 2383 3586 2426 cum
3620 2375 3824 2445 magnis

2228 2463 2423 2525 petens
2448 2456 2642 2528 copiis,
2669 2459 2849 2514 omnia
2879 2460 2957 2515 cis
2976 2460 3261 2518 Rodanum
3295 2465 3519 2521 castella
3549 2467 3784 2539 subjecit
3808 2484 3821 2532 ;

2228 2546 2529 2603 IInrtcnam
2564 2549 2773 2616 diruit,
2811 2549 3153 2608 Genuensem
3183 2553 3610 2631 [Genevensem]
3642 2560 3822 2615 urbem

2228 2640 2470 2721 intravit,
2496 2640 2913 2713 Lugdunensem
2944 2647 3410 2721 archiepiscopum
3446 2649 3824 2707 Bureharduzn

2227 2715 2399 2806 (560),
2427 2735 2700 2792 hominem
2739 2740 2936 2810 genere
2989 2715 3222 2797 nobilem
3270 2715 3327 2798 et
3374 2752 3690 2812 strenuum,
3739 2748 3824 2802 sed

2225 2839 2327 2894 per
2355 2826 2539 2881 omnia
2594 2827 2882 2884 scelestum
2913 2840 2967 2886 et
2994 2830 3316 2904 sacrilegum
3343 2850 3465 2890 cum
3492 2836 3688 2893 multis
3713 2836 3827 2892 aliis

2223 2916 2561 2989 principibus
2588 2917 2642 2974 in
2660 2919 2989 2977 deditionem
3014 2924 3243 2994 accepit,
3269 2925 3675 2998 subjugatoque
3698 2928 3828 2983 Bur-

2226 3009 2437 3081 gundite
2481 3026 2648 3083 regno
2692 3014 2870 3069 rediit.
2924 3014 3251 3086 Wippo-—
3298 3014 3419 3088 Ipso
3475 3034 3630 3075 anno
3675 3021 3831 3076 War‘

2227 3117 2425 3156 manno
2466 3101 2867 3160 Conslantiensi
2904 3106 3156 3178 episcopo
3208 3117 3422 3165 mortuo
3454 3108 3608 3182 (561)
3661 3110 3830 3165 frater

2225 3192 2343 3263 cjus
2375 3193 2722 3250 Eberltardus
2760 3196 2924 3268 206
2966 3198 3262 3255 succedens
3308 3197 3427 3270 plus
3478 3215 3553 3254 Sll
3613 3201 3831 3271 prmisit

2226 3288 2402 3341 annis.
2446 3287 2804 3358 Mcgenhardo
2844 3305 3059 3362 quoque
3102 3290 3333 3362 prtesule
3365 3290 3831 3366 Wirzeburgense

529 3360 691 3432 205
713 3368 920 3430 ageret,
943 3358 1172 3428 accepit.
1191 3357 1601 3428 Undepermoto
1624 3358 1959 3420 Warmanno
1983 3365 2121 3421 Con-
2152 3390 2196 3450 ρ
2228 3376 2506 3442 defuncto,
2536 3357 2702 3444 Ilrun,
2736 3357 2993 3451 patruelis
3020 3357 3387 3452 imperatoris,
3414 3357 3557 3439 ﬁlius
3607 3357 3823 3441 scilicet

526 3451 806 3508 stantieusi
835 3450 1089 3521 episcopo
1119 3448 1261 3519 apud
1282 3450 1682 3520 imperatorem,
1708 3455 1860 3524 quasi
1890 3457 1969 3511 sui
2002 3472 2123 3528 per-

528 3560 689 3600 vasor
704 3542 869 3599 ofﬁcii
884 3550 938 3599 ct
952 3541 1198 3609 honoris,
1212 3551 1521 3611 accusatus,
1542 3558 1787 3616 eousque
1799 3546 2120 3621 abutrisque

2227 3481 2291 3520 ex
2319 3466 2572 3524 Mathilde
2599 3469 2828 3527 Conradi
2861 3472 3033 3537 ducis,
3066 3474 3436 3545 episcopatum
3467 3474 3558 3529 die
3593 3475 3829 3533 Pascha:

2216 3558 2453 3633 accepit.
2486 3593 2557 3603 —~
2579 3563 2734 3634 Apud
2774 3575 3020 3621 sanctum
3050 3566 3262 3623 Gallum
3293 3567 3459 3624 etiam
3504 3566 3832 3641 Theopaldo

1533 3675 1987 3738 COMPENDIUM
2027 3683 2122 3739 EX
2160 3689 2408 3751 CODICE
2447 3695 2812 3753 BERNOLDI.

599 3797 730 3854 1051
773 3796 934 3851 Aribo
977 3792 1359 3865 .llognntiensis
1399 3793 1822 3866 archiepiscopus
1846 3795 2004 3864 obiit,
2031 3800 2119 3854 cui

523 3894 706 3949 Bardo
736 3890 1026 3947 monachus
1052 3888 1156 3944 vita
1181 3898 1229 3943 et
1251 3887 1435 3943 habitu
1477 3888 1806 3945 uenerandus
1842 3893 2113 3947 successit.

597 3988 737 4044 1052
764 3986 925 4042 Bern.
964 3985 1215 4057 Augiw...
1259 3982 1658 4039 incendendum.
1688 3983 1813 4055 Ipso
1839 4001 1979 4040 anno
2005 3986 2117 4041 Bu-

525 4081 839 4151 chaug'ense
878 4078 1168 4133 coenobium
1212 4092 1252 4131 ιι
1297 4075 1429 4131 Idus
1467 4076 1644 4130 Julias
1696 4075 1846 4149 (562)
1874 4078 2114 4132 incendio

525 4173 739 4242 ﬂagrat.
784 4168 1090 4239 Rodolplius
1127 4184 1218 4223 rex
1247 4166 1572 4239 Burgundio:
1602 4166 1829 4237 ignavus
1872 4169 1997 4223 obiit
2019 4209 2035 4236 ,
2064 4178 2112 4224 et

518 4263 773 4318 .(Jonrodo
790 4262 915 4333 imp.
932 4261 1176 4315 diadema
1198 4276 1353 4316 suum
1375 4259 1663 4314 transmisit
1681 4275 1700 4324 ;
1724 4259 1876 4330 cujus
1894 4276 2112 4331 regnum

527 4353 643 4407 Udo
675 4354 871 4409 sororis
914 4368 1026 4409 sua:
1070 4351 1216 4421 ﬁlius
1258 4351 1499 4422 princeps
1543 4347 1764 4404 Gallica:
1808 4348 2113 4413 Campania:

523 4442 739 4499 invasit.
1372 4504 1377 4507 1

592 4534 732 4591 1053
775 4543 1070 4606 .mperator
1102 4531 1303 4588 Orionis
1337 4530 1695 4600 provinciam,
1737 4527 1999 4586 Gallicam
2039 4531 2113 4587 in-

2222 3810 2414 3865 uadens
2453 3808 2832 3882 Campaniam,
2860 3813 3045 3867 tandiu
3074 3816 3295 3870 vastavit
3336 3818 3500 3873 donec
3548 3820 3671 3891 ipse
3710 3822 3831 3879 θέο

2221 3900 2441 3971 supplex
2477 3902 2756 3957 adveniens
2795 3904 3211 3974 satisfactionem
3231 3947 3246 3973 ,
3278 3908 3395 3964 licet
3414 3910 3564 3979 ﬁcte,
3597 3917 3831 3985 promit-

2222 4003 2371 4049 teret.
2402 3993 2650 4051 Roma’...
2678 3995 2794 4051 licet
2820 4007 2966 4051 tanto
2994 3998 3177 4054 ordine
3197 4001 3465 4075 indignus,
3487 4006 3628 4061 sedit
3651 4024 3830 4065 annos

2216 4084 2336 4155 plus
2373 4101 2471 4140 xu.

2291 4175 2428 4231 1054
2444 4174 2742 4247 Imperator
2756 4175 3124 4249 Burgundioni
3138 4190 3313 4251 petens
3325 4183 3426 4237 sibi
3435 4201 3552 4240 eam
3564 4188 3830 4259 subjecit.

2218 4264 2541 4342 Qanstantiaz
2581 4264 2909 4322 Warmanno
2967 4270 3206 4342 episcopo
3253 4271 3503 4342 defuncto
3557 4282 3831 4335 successit

2217 4334 2576 4412 iiber/tardus.
2596 4355 2940 4429 Meginliardo
2958 4334 3045 4414 Wi
3055 4334 3355 4434 rzb‘urgensi
3378 4367 3627 4437 episcopo
3643 4370 3825 4438 Brun,

2217 4445 2365 4515 ﬁlius
2389 4448 2723 4518 Maclttildis,
2755 4454 3028 4508 successit.

2062 4645 2293 4703 NOTAE.

595 4763 745 4835 (555)
774 4759 1123 4830 Hepidannus
1150 4756 1215 4810 ad
1236 4771 1329 4839 an.
1357 4754 1495 4812 1056
1514 4764 1752 4813 castrum
1779 4756 1848 4839 ab
1889 4757 2117 4815 Ernesto
2146 4764 2198 4824 ι)
2223 4758 2661 4886 cessi‘iprivi'legii
2693 4760 3020 4844 exemplum.

595 4846 849 4886 eunattnu
920 4828 1285 4883 Flackcnslem
1325 4838 1537 4886 evocat.
1598 4829 1741 4886 quod
1798 4844 1971 4886 losum
2030 4840 2116 4886 est
2292 4831 2383 4886 (55
2425 4832 2440 4886 )
2483 4829 2603 4886 th.
2630 4832 2877 4886 Bernoldl
2905 4832 3020 4886 Chn

512 4828 872 4898 occupatum
920 4828 1285 4898 Flackenslein
1325 4838 1537 4894 evocat,
1598 4829 1741 4898 quod
1798 4828 1971 4898 ipsum
2030 4840 2116 4886 est

528 4850 658 4890 necu
702 4850 849 4887 attint
920 4850 1285 4883 t'tacuenstem
1325 4850 1497 4883 vocat
1521 4867 1537 4894 ,
1598 4850 1741 4898 quoa
1798 4850 1971 4898 Ipsum
2030 4850 2113 4886 BSt

528 4850 915 4965 Falcgenstein,
946 4898 1101 4968 cujus
1130 4897 1325 4953 rudera
1356 4900 1534 4958 adhuc
1562 4898 1616 4954 in
1645 4898 1949 4956 conﬁnibus
1973 4899 2113 4954 Mar-

526 4976 716 5040 cianas,
747 4988 840 5029 seu
875 4971 1053 5043 Nigrae
1079 4969 1241 5025 Silvae
1268 4969 1537 5034 visuntur,
1563 4971 1630 5026 de
1650 4984 1758 5041 quo
1782 4970 1836 5025 in
1865 4969 2109 5041 ejusdem

526 5045 690 5100 Silvae
730 5044 953 5099 historia
985 5052 1187 5096 actum.

2285 4829 2440 4957 i85,59)
2483 4829 2877 4887 VidIBernoldi
2905 4832 3213 4887 Chrimicon
3256 4832 3399 4889 infra
3434 4850 3490 4906 p.
3530 4852 3571 4890 ιι
3610 4841 3690 4894 ad
3729 4860 3828 4899 an.

2216 4900 2571 5047 llic
2616 4986 2735 5047 non.
2763 4973 2830 5028 de
2870 4972 3186 5047 Burcbardo
3213 4976 3630 5047 archiepiscopo
3664 4984 3828 5040 circa

2211 5041 2303 5099 an.
2327 5041 2897 5125 lOEljamuefuncto
2925 5042 3343 5125 (Gali..CItt‘lsl.,
3390 5041 3427 5100 ί.
3476 5041 3575 5125 IV,-
3607 5066 3674 5121 p.
3723 5055 3825 5125 85)

600 5114 752 5184 (556)
793 5112 1286 5188 ῃριιςεοιᾳιιεέὶειβ
1314 5125 1498 5188 comes
1545 5109 1895 5188 Vgringensis
1943 5110 2107 5188 [uisse
2211 5128 2392 5188 sermo
2411 5109 2518 5179 est,
2548 5112 2642 5169 sed
2670 5113 2737 5188 de
2757 5109 3035 5188 tequivoco
3070 5114 3190 5188 eju_s
3218 5109 3436 5187 nepetc,
3460 5109 3576 5188 qui,
3607 5109 3841 5182 relicto

525 5181 762 5249 videtur,
795 5181 1089 5237 \Volleradi
1139 5182 1383 5239 Senioris
1432 5183 1547 5236 sive
1590 5181 1758 5236 frater
1795 5183 1911 5238 sive
1939 5181 2101 5238 ﬁlius.

536 5251 845 5340 fidumque
865 5268 920 5340 al.
938 5250 1093 5340 i910.
1121 5254 1324 5340 §uadet
1337 5252 1404 5340 id
1427 5252 1576 5340 lpcus
1595 5254 1886 5340 ξςμιιῐιιιιςςς
1909 5254 2100 5340 Angia.

532 5323 570 5340 l\
630 5338 635 5339 γ
660 5322 681 5340 .I
723 5337 736 5340 -
788 5322 853 5340 9...-
882 5321 1049 5340 I‘-‘I--
1133 5324 1149 5340 Δ
1279 5325 1290 5340 I
1337 5324 1375 5340 ,Ἴ
1446 5324 1458 5340 I
1537 5332 1549 5340 ι
1596 5321 1669 5340 17-
1772 5321 1873 5340 nnn

2214 5185 2473 5255 Augustae
2494 5184 2760 5256 praetoria:
2781 5185 3123 5254 episcopatu,
3146 5184 3560 5256 Lugdunensem
3587 5192 3829 5251 invase-

2212 5252 2330 5340 rat;
2354 5270 2439 5340 ac,
2479 5252 2594 5335 post
2622 5252 3172 5340 multus'perp'etratas
3221 5252 3504 5340 nequitias,
3551 5275 3760 5334 captus
3788 5286 3825 5322 α
