3970 5406
170 312 263 367 237

1388 299 1806 361 CHRONICON.
1841 332 1915 344 -—
1952 300 2130 361 SEC.
2182 300 2274 358 XI.
2310 296 2313 301 ’

3317 302 3430 364 233

794 489 800 494 δ
1036 498 1039 499 ί
1449 411 1681 497 contax
1713 414 2104 474 AUGIENSIS.

167 520 346 577 abbate
395 512 726 577 decedente,
788 507 1126 579 Nordpertus
1187 503 1468 562 successit.
1526 503 1728 578 Pagani
1756 512 1809 574 Α
1835 506 1935 564 rici
1964 507 2400 579 Sclegerililium
2453 507 2595 566 bello
2637 516 2866 581 peteret,
2895 512 2960 566 ab
2988 511 3105 582 ipso
3152 511 3327 570 victus
3371 520 3432 572 et

168 608 355 680 Sclavi,
399 605 606 664 Leutizi
654 600 809 667 dicti,
857 597 1112 655 Samnite
1155 595 1418 653 terminos
1445 593 1727 652 infestant.

169 700 348 759 Annal.
385 697 627 753 IIildeslt.

226 794 356 850 1055
397 792 455 848 In
500 789 650 846 Italia
693 800 932 843 minores
981 779 1179 840 milites
1206 824 1221 850 ,
1259 792 1448 838 contra
1484 781 1734 839 dominos

161 904 276 949 suos
302 888 645 957 insurgentes
665 890 721 938 et
757 881 870 937 suis
915 878 1123 951 legibus
1170 876 1353 960 vivere
1394 888 1596 946 eosque
1638 876 1734 945 op-

160 985 378 1059 primere
406 978 673 1041 volentes,
700 972 929 1030 validam
956 969 1387 1040 coniurationem
1416 965 1620 1023 fecere.
1651 965 1734 1022 Ad

158 1096 283 1152 quos
311 1073 643 1135 coercendos
671 1086 793 1126 cum
825 1068 1090 1140 primores
1116 1063 1340 1120 adunati
1366 1075 1603 1135 pugnam
1631 1059 1737 1116 ini-

158 1180 287 1236 rent,
334 1166 490 1224 multi
523 1164 779 1233 utrinque
824 1159 1177 1217 ceciderunt:
1203 1157 1345 1212 inter
1389 1152 1526 1226 quas
1570 1152 1734 1208 etiam

155 1260 383 1319 Astensis
432 1257 720 1330 episcopus
769 1252 1086 1307 vulneratus
1144 1246 1377 1304 interiit.
1426 1244 1620 1316 IIepid.
1664 1272 1736 1284 ——

155 1355 431 1413 Adelberto
455 1352 568 1409 dux
598 1346 887 1415 Carentani
915 1352 971 1402 et
995 1344 1238 1409 Histriae,
1268 1341 1469 1397 amissa
1489 1349 1737 1410 tmpera-

158 1449 278 1505 toris
301 1447 499 1521 gratia,
532 1446 732 1502 ducatu
765 1454 980 1513 quoque
1004 1438 1250 1511 privatus
1274 1444 1359 1493 est
1395 1433 1566 1508 (565).
1594 1432 1735 1488 Leu-

157 1539 237 1596 tizi
281 1536 590 1594 Wirbinam
640 1531 924 1591 castellum
976 1529 1117 1585 clam
1175 1526 1449 1601 proditum
1515 1522 1740 1594 capiunt

156 1629 444 1703 multosque
473 1636 786 1686 nostrorum
834 1623 1108 1688 occidunt,
1159 1620 1246 1676 vel
1291 1618 1538 1691 captivos
1565 1615 1739 1673 abdu-

155 1732 290 1780 eunt.
310 1721 636 1795 Imperatbr,
670 1717 724 1773 vi
765 1715 995 1771 transito
1025 1712 1183 1769 Albia
1221 1711 1464 1776 ﬂumine,
1514 1707 1736 1779 provin-

157 1816 284 1874 ciam
311 1827 500 1871 eorum
533 1808 846 1879 ingrediens
874 1806 983 1862 late
1012 1811 1210 1860 vastat.
1256 1799 1450 1856 Annal.
1487 1796 1732 1853 Hildesli.

1833 606 2047 669 captus,
2077 597 2501 670 imperatorique
2528 598 2811 666 adductus,
2845 599 2988 656 ferro
3010 603 3349 674 compeditus
3370 611 3430 661 et

1832 687 2095 745 custodite
2122 688 2462 761 mancipatus
2491 688 2674 744 multis
2712 690 2871 745 annis
2904 690 3177 746 detinetur
3203 693 3259 747 in
3304 693 3421 749 vin-

1833 780 1992 851 culis.
2022 778 2235 838 Glaber.
2264 782 2656 857 —‘Imperator
2680 783 2857 839 hieme
2881 784 3088 840 Italiam
3111 786 3265 857 petit.
3292 785 3429 842 Sau-

1834 872 2178 932 ctimoniales
2211 890 2243 929 a
2280 852 2480 931 domne
2508 875 2865 948 lrmingarda,
2903 876 3053 932 Welf
3093 852 3307 935 comitis
3350 881 3434 935 vi-
3486 917 3497 927 .

1835 963 1941 1022 dua
1971 964 2112 1054 apud
2133 963 2315 1022 Altorf
2335 981 2434 1039 pro
2463 966 2676 1024 clericis
2702 967 2945 1024 collecta:
2966 977 3094 1024 sunt
3114 969 3287 1043 (566.)

1909 1058 2039 1117 1057
2067 1058 2385 1130 Imperator,
2409 1058 2681 1117 celebrato
2695 1058 2922 1117 Verona:
2955 1059 3144 1120 Natale
3176 1063 3422 1132 Domini,

1834 1166 1933 1224 per
1984 1150 2227 1207 Brixiam
2275 1159 2331 1209 et
2375 1151 2700 1209 Cremonam
2746 1151 3104 1210 Mediolanum
3148 1156 3426 1225 pervenit;

1836 1236 1963 1302 inde
2003 1245 2218 1317 Papiam
2273 1245 2505 1313 adiens,
2554 1244 2916 1302 Herebertum
2971 1246 3427 1304 Mediolauensem

1838 1337 2330 1409 archiepiscopum,
2383 1336 2717 1394 inﬁdelitatis
2744 1348 3058 1395 accusatum
3091 1340 3430 1412 apprehendi

1831 1431 2020 1504 jussit,
2048 1448 2282 1505 eumque
2309 1431 2549 1505 Popponi
2575 1433 2899 1504 patriarchae
2947 1433 3277 1504 Aquileiensi
3332 1449 3431 1489 cu-

1839 1524 2180 1583 stodiendum
2211 1523 2639 1592 commendavit;
2668 1525 2762 1595 qui
2797 1523 2923 1596 fuga
2965 1525 3181 1594 elapsus
3204 1512 3425 1583 cunctis

1841 1618 2049 1674 viribus
2072 1617 2249 1674 eidem
2272 1615 2586 1689 imperatori
2616 1615 2879 1672 rebellare
2909 1617 3208 1673 contendit.
3243 1616 3425 1688 Wip.;

1843 1706 1967 1763 Otto
1994 1706 2044 1762 F
2050 1698 2541 1778 ria—Imperator,
2555 1707 2794 1778 paschali
2819 1706 2956 1763 festo
2982 1707 3254 1764 Ravennae
3280 1716 3427 1775 acto,

1843 1798 2179 1855 territorium
2235 1797 2639 1855 Mediolanense
2687 1798 2923 1870 repetiit,
2955 1799 3144 1854 urbem
3193 1800 3429 1866 obsedit,

157 1913 286 1984 Wip.
310 1940 381 1953 ——
411 1908 670 1982 Synodus
697 1919 891 1976 magna
935 1901 1079 1974 apud
1107 1897 1418 1955 Triburiam
1466 1901 1536 1954 ab
1571 1894 1742 1965 impe-
1770 1890 1818 1953 Β
1845 1889 2089 1958 castella,
2116 1889 2272 1947 villas
2304 1890 2598 1962 omniaque
2649 1889 2855 1946 circum
2905 1890 2974 1946 ad
3010 1890 3241 1948 rebelles
3264 1890 3434 1962 perti-

158 2017 323 2064 ratore
350 2004 582 2061 collecta
607 2009 693 2058 est
719 1998 896 2072 (564).

218 2101 348 2159 I036
365 2098 667 2171 Piligrinus
687 2092 1025 2152 Coloniensis
1046 2088 1486 2161 archiepiscopus
1506 2082 1741 2141 decessit

156 2194 300 2264 eique
325 2189 696 2247 Herimannus
722 2184 940 2243 Ottonis
967 2180 1189 2240 secundi
1220 2175 1562 2250 imperatoris
1584 2189 1652 2230 ex
1678 2171 1740 2227 li-

156 2262 406 2355 lianepos
446 2279 739 2337 successit.
777 2277 1049 2348 Wipo.—-
1075 2269 1429 2330 Gehehardus
1468 2262 1741 2323 secundus

157 2371 564 2432 Ratisbonensis
598 2357 887 2442 episcopus
914 2381 1001 2422 xv:
1041 2363 1161 2420 Kal.
1198 2360 1374 2419 Martii
1418 2357 1592 2423 obiit;
1641 2369 1741 2428 pro

155 2483 249 2540 quo
296 2467 492 2526 lenius
554 2460 905 2520 Gebehardus
931 2500 948 2528 ,
995 2455 1231 2516 Conradi
1284 2449 1627 2526 imperatoris
1673 2462 1741 2503 ex

156 2571 314 2618 matre
336 2558 644 2617 Adelheide
664 2555 855 2622 frater,
884 2552 1172 2625 episcopus
1206 2547 1509 2606 ordinatur.
1539 2541 1737 2598 Chron.

153 2656 359 2726 August.
387 2671 403 2721 ;
437 2652 541 2709 alii
567 2668 658 2706 an.
685 2665 769 2721 pr.
797 2676 866 2688 -—
897 2645 1163 2702 Henricus
1191 2655 1306 2705 rex,
1339 2638 1480 2694 illius
1501 2635 1740 2706 impera-

155 2749 293 2815 toris,
318 2745 706 2805 Chunihildem
740 2738 1029 2804 Cnutonis,
1055 2736 1329 2791 Danorum
1363 2738 1419 2787 et
1442 2728 1738 2801 Anglorum

152 2843 280 2914 regis
308 2841 500 2903 tiliam,
530 2835 809 2909 regalibus
835 2832 941 2888 sibi
961 2828 1104 2902 apud
1121 2825 1512 2896 Noviomagum
1540 2818 1741 2891 nuptiis

150 2934 405 3008 copulavit
432 2944 692 2988 uxorem.
725 2924 923 2982 Annal.
953 2920 1195 2977 Hildeslt.
1223 2949 1292 2960 --
1316 2915 1598 3008 Conradus
1646 2927 1741 2984 pa-

154 3004 325 3082 truelis
356 3018 719 3094 imperatoris
744 3016 915 3090 patris
943 3012 1030 3070 sui
1059 3012 1317 3067 ducatum
1350 3007 1403 3062 in
1431 3004 1740 3061 Carentauo

150 3127 199 3172 ct
230 3117 278 3172 in
308 3114 551 3178 Histria,
581 3124 743 3180 quem
774 3106 1044 3163 Adelhero
1073 3101 1357 3164 habuerat,
1407 3096 1476 3153 ab
1504 3096 1738 3165 impera-

150 3219 253 3264 tore
274 3207 496 3278 recepit.
532 3204 732 3259 Iidem.
753 3229 825 3241 —
850 3197 1227 3254 Heremannus
1249 3203 1465 3263 quoque
1487 3187 1595 3242 dux
1619 3186 1745 3241 Ale-

1840 1984 2025 2041 nentia
2072 1984 2326 2040 vastavit.
2378 1984 2793 2055 (Ionjuratorum
2819 1998 2951 2040 vero
3007 1999 3228 2040 manum
3276 1984 3434 2042 facile

1840 2075 2195 2148 compescuit,
2221 2076 2409 2147 eisque
2429 2074 2626 2147 legem,
2656 2090 2817 2146 quam
2843 2084 2897 2130 et
2922 2075 3193 2146 prioribus
3218 2075 3428 2134 habue-

1842 2174 1967 2223 rant
1996 2166 2355 2238 temporibus,
2388 2165 2594 2236 scripto
2623 2163 2920 2221 roboravit.
2965 2162 3156 2236 Hepid.
3188 2195 3261 2205 —
3284 2163 3433 2235 Papa

1840 2256 2170 2314 Benedictus
2220 2255 2545 2313 Cremonam
2580 2255 2648 2310 ad
2696 2254 3081 2326 imperatorem
3110 2254 3274 2317 venit.
3301 2255 3432 2327 Epi-

1842 2350 1992 2423 scepi
2020 2348 2395 2417 Placentinus,
2425 2347 2810 2405 Cremonensis
2862 2356 2917 2404 et
2951 2344 3309 2404 Vercellensis
3343 2348 3431 2404 in-
3485 2355 3489 2359 '

1841 2442 2017 2500 eusati
2046 2443 2115 2498 ab
2160 2441 2510 2514 imperatore,
2549 2439 2804 2512 captique
2829 2447 2880 2495 et
2910 2438 2963 2493 in
2990 2438 3245 2494 exsilium
3276 2438 3431 2495 missi

1842 2543 1989 2593 sunt.
2020 2533 2214 2590 Annal.
2254 2532 2489 2600 Hildes.,'
2533 2530 2888 2604 Wip.—Ipso
2914 2546 3058 2588 anno
3082 2546 3259 2604 pugna
3290 2531 3437 2587 inter

1842 2630 2084 2689 Odonem
2130 2629 2348 2688 Gallica:
2382 2628 2691 2700 Campania:
2738 2627 3059 2698 principem,
3087 2635 3143 2682 et
3189 2624 3437 2683 Gozzilo—

1843 2739 1970 2781 nem
2010 2722 2157 2793 (567)
2191 2721 2644 2791 Lotharingorum
2700 2720 2892 2775 ducem
2954 2719 3267 2787 commissa,
3317 2710 3437 2776 Odo

1841 2817 2021 2872 victus
2050 2825 2106 2872 et
2158 2830 2281 2869 cum
2311 2813 2424 2869 suis
2462 2811 2680 2883 fugatus
2711 2811 2765 2866 in
2797 2811 2911 2882 ipsa
2942 2810 3067 2883 fuga
3118 2820 3436 2882 peremptus

1844 2908 2074 2965 interiit.
2101 2906 2237 2962 Rod.
2275 2906 2487 2962 Glaber.
2518 2906 2641 2961 his'.
2667 2905 2704 2961 I.
2735 2921 2817 2970 tn,
2853 2922 2901 2960 c.
2935 2904 2989 2961 9.
3422 2896 3427 2903 ’

1915 3000 2081 3071 208
2112 2998 2250 3055 1058
2275 2998 2409 3054 Cum
2447 2998 2745 3068 imperator
2779 2995 3028 3053 Natalem
3058 2995 3271 3054 Domini
3300 2999 3434 3053 Par-

1846 3109 1949 3149 mae
1971 3101 2179 3166 ageret,
2207 3100 2329 3148 orto
2360 3090 2503 3147 inter
2529 3089 2853 3147 Parmenses
2882 3091 3028 3147 cives
3056 3100 3111 3147 et
3134 3072 3434 3149 exercitum

1848 3187 2100 3254 tumultu,
2118 3185 2271 3241 multi
2284 3184 2616 3250 ceciderunt,
2631 3192 2685 3238 et
2703 3182 2951 3256 pluribus
2966 3182 3165 3240 civium
3194 3174 3435 3240 trucida-

149 3258 687 3357 mannim‘rrnarcham
718 3291 891 3350 soceri
920 3288 1003 3347 sui
1047 3258 1349 3357 Meginfridi
1377 3258 1530 3353 l565)
1557 3278 1609 3333 in
1641 3278 1740 3333 lta-
1766 3258 1813 3322 Ο
1845 3280 1934 3346 tis,
1966 3279 2081 3350 ipsa
2112 3276 2308 3334 civitas
2337 3275 2585 3332 incendio
2605 3283 2923 3344 consumpta
2954 3273 3285 3348 est.Wippo;
3312 3273 3437 3331 Otto

148 3390 209 3446 lia
236 3391 301 3447 ab
325 3390 539 3460 impera
557 3396 673 3442 tore
698 3381 930 3455 accepit.
959 3378 1167 3435 Leutizi
1211 3374 1390 3431 Sclavi
1421 3368 1737 3442 imperatori

147 3479 422 3553 vectigales
454 3477 615 3535 facti.
655 3475 816 3547 307
844 3470 1213 3535 Burchacdus,
1234 3463 1611 3538 Lugdunens's
1649 3475 1738 3515 ar-

151 3572 542 3645 chiepiscopus,
596 3568 709 3623 imo
744 3574 1032 3638 tyrannus,
1064 3570 1121 3617 et
1148 3558 1445 3629 sacrilegus
1481 3554 1736 3612 ecclesia-

152 3676 255 3719 rum
293 3663 667 3736 depraedator,
699 3658 929 3723 adulter,
982 3656 1341 3716 ineestuosus,
1386 3663 1509 3705 cum
1543 3646 1738 3704 Vodal-

1843 3371 2075 3427 Fris.—
2102 3369 2248 3440 Papa
2283 3368 2754 3439 archiepiscopum
2781 3366 3240 3422 Merliolanensem
3267 3366 3440 3438 impe—

1842 3465 2014 3523 ratori
2039 3465 2214 3521 adhuc
2248 3462 2603 3521 rebellantem
2638 3460 3093 3537 excommunicat.
3129 3459 3340 3529 Wippo.
3367 3488 3442 3502 —-

1841 3559 2144 3631 Imperator
2156 3573 2276 3613 cum
2305 3563 2444 3612 ultra
2458 3555 2932 3625 Romanas'partes
2963 3561 3323 3625 peragrasset,
3352 3551 3437 3608 in-

1842 3651 2017 3724 deque
2042 3664 2141 3722 per
2165 3648 2425 3705 Adriatici
2442 3646 2608 3703 maris
2627 3661 2755 3701 oras
2769 3654 3055 3710 remearet,
3086 3659 3271 3701 mense
3294 3642 3440 3701 Iulio

1082 3762 1539 3825 COMPENDIUM
1578 3763 1671 3820 EX
1708 3764 1955 3825 CODICE
1994 3762 2362 3821 BERNOLDI.

216 3896 346 3952 1055
368 3893 630 3967 Synodus
643 3905 832 3962 magna
851 3886 994 3959 apud
1019 3883 1322 3940 Triburiam
1335 3880 1400 3937 ab
1420 3881 1737 3951 imperatore

154 3988 353 4044 collecta
379 3996 482 4044 est.
514 3984 610 4040 Al.
645 3999 734 4037 an.
769 3995 889 4051 seq.

215 4078 345 4137 1056
358 4077 635 4149 Piligrino
647 4070 945 4129 Coloniensi
960 4068 1344 4139 archiepiscopo
1357 4064 1404 4120 II
1412 4065 1737 4128 erimannus,

157 4170 415 4228 Ceblzardo
433 4167 674 4227 secundo
700 4162 1071 4220 Ratisbonensi
1093 4162 1334 4233 episcopo
1360 4158 1609 4229 defuncto
1632 4166 1740 4211 ter-

158 4268 248 4323 tius
275 4265 623 4324 Cebchardus
651 4259 925 4317 successit.
969 4257 1232 4312 Henricus
1276 4271 1439 4311 rex...
1479 4253 1741 4326 capulavit

159 4372 375 4412 uxorem.
400 4355 682 4412 Leutizi...
710 4348 985 4421 vectigales
1014 4348 1176 4419 facti,
1199 4356 1260 4402 ut
1278 4346 1417 4417 Aug.
1445 4344 1742 4416 Imperator

161 4447 308 4503 hieme
334 4446 561 4502 Italiam
588 4442 738 4515 petit.

223 4540 348 4595 1037
366 4539 689 4611 Imperator,
708 4535 932 4606 Papiam
946 4534 1154 4599 adiens,
1179 4530 1516 4586 Ileribertum
1539 4529 1746 4586 Medio-

1841 3873 2121 3931 Cossilone
2136 3872 2577 3943 Lotlmringorum
2594 3872 2725 3925 duce
2735 3886 2909 3941 pugna
2924 3868 3086 3925 victus
3102 3869 3436 3941 fugiensque,

1840 3985 1872 4023 a
1901 3966 2131 4040 quodam
2154 3964 2317 4019 milite
2341 3964 2618 4018 occiditur.
3233 4012 3236 4015 .

1903 4062 2041 4119 1058
2056 4061 2372 4133 Imperator,
2387 4075 2505 4114 cum
2522 4058 2769 4114 Natalem
2789 4056 2999 4113 Domini
3014 4057 3228 4113 Parma:
3240 4067 3438 4129 ageret,

1841 4168 1954 4214 orto
1982 4157 2211 4211 tunmltu
2245 4156 2381 4209 inter
2407 4153 2718 4208 Parmenses
2757 4162 2805 4207 et
2844 4151 3150 4218 exercitum,
3193 4150 3440 4223 utrinque

1842 4249 2015 4317 multi,
2045 4249 2135 4304 sed
2160 4264 2226 4303 ea:
2272 4244 2653 4301 Parmensilms
2676 4245 2875 4316 plures,
2902 4242 3223 4307 ceciderunt,
3251 4251 3303 4297 et
3322 4242 3438 4313 ipsa

1845 4342 2027 4397 civitas
2050 4337 2292 4394 incendio
2336 4346 2645 4406 consumpta
2675 4344 2775 4390 est.
2809 4332 2963 4404 Papa
2988 4333 3436 4403 archiepiscopum

1847 4430 2294 4487 Mediolanensem
2340 4428 2645 4498 imperatori
2684 4425 2922 4481 rebellem
2948 4425 3441 4481 excommunicauit.

1848 4521 2182 4579 Chunihildis
2199 4519 2346 4592 (568)
2365 4520 2569 4587 regina,
2584 4534 2718 4572 uxor
2744 4515 2959 4571 llenrici
2987 4515 3144 4586 regis,
3161 4529 3269 4568 xvn
3287 4511 3438 4585 (569)

163 4631 406 4688 lanensem
449 4605 911 4701 archiepiscopum
955 4624 1286 4696 inﬁdelitatis
1334 4632 1639 4677 accusatum
1689 4620 1747 4675 in
1850 4614 1978 4669 Kal.
2004 4615 2163 4685 Aug.,
2185 4621 2233 4667 et
2264 4611 2599 4701 Hermannus
2620 4611 2731 4701 dua:
2750 4609 3078 4701 Alemannia:
3094 4622 3128 4661 v
3149 4605 3277 4660 Kal.
3298 4605 3440 4701 fug.

164 4726 439 4781 custodiam
487 4692 657 4789 misit,
694 4692 809 4794 qui,
861 4718 988 4790 fuga
1012 4692 1265 4789 elapsus,
1306 4715 1507 4770 cunctis
1549 4713 1750 4770 viribus
1781 4707 1828 4769 D
1853 4723 1971 4763 cum
1993 4705 2171 4759 multis
2197 4702 2318 4757 aliis
2346 4701 2400 4755 in
2423 4699 2589 4794 Italia
2610 4700 2798 4794 obiere.
2828 4695 3126 4794 Stephanus
3163 4710 3256 4749 rex
3289 4692 3443 4750 Hnn-

161 4815 448 4885 imperatori
463 4812 724 4870 rebellare
747 4809 1035 4874 contendit,
1060 4807 1357 4878 Imperator
1377 4804 1738 4862 Mediolanum

163 4904 359 4972 obsedit,
381 4916 429 4961 et
447 4907 865 4977 circumquaque
887 4899 1126 4971 quwlibet
1148 4900 1217 4952 ad
1243 4894 1454 4953 rebelles
1476 4899 1744 4967 pertinen-

1846 4814 2094 4871 garornm
2128 4796 2276 4850 bonte
2316 4793 2580 4848 memoriae
2614 4791 2760 4854 obiit,
2790 4789 2880 4861 qui
2931 4789 3158 4860 seipsum
3184 4802 3301 4840 cum
3332 4794 3444 4840 tota

1851 4900 1999 4963 gente
2036 4890 2100 4944 ab
2123 4888 2281 4958 ﬁdem
2310 4884 2506 4939 Christi
2537 4883 2821 4946 convertit;
2858 4896 2956 4950 pro
2981 4897 3085 4954 quo
3123 4877 3316 4934 Petrus
3358 4894 3443 4933 rc-

159 4996 222 5051 tia
270 4996 577 5054 devastavit.
620 4995 741 5053 0do
788 4992 1049 5061 princeps,
1076 4987 1294 5045 Gallicae
1342 4984 1647 5055 Campania:
1713 5001 1748 5039 a
1853 4983 2051 5055 gnavit.

1689 5074 1922 5134 NOTIE.

207 5181 344 5256 se)
378 5179 502 5256 vid.
532 5198 727 5256 supra
754 5196 846 5235 an-
888 5176 1047 5256 ίοιξς

210 5239 345 5322 iseti
378 5239 884 5311 Concit-'cerm..
922 5258 960 5303 ι.
1004 5247 1096 5312 lll,
1143 5263 1197 5319 ι).
1239 5244 1374 5322 10}.
1414 5258 1489 5322 _ex
1542 5239 1742 5322 Annal.

1851 5165 1920 5222 ad
1979 5165 2180 5221 Vincas
2233 5169 2417 5231 postea
2454 5167 2832 5231 gnomnatum.
2885 5160 3052 5219 Circa
3096 5159 3217 5215 haec
3264 5164 3449 5231 autem

1849 5248 2093 5305 tempora
2104 5227 2426 5305 _sedes_suas
2453 5229 2683 5305 invicem
2709 5240 3121 5305 permutarunt;
3147 5231 3290 5300 quod
3312 5227 3453 5285 Hess

154 5298 904 5406 ξιίῗῖῑοέλῖἒξιῖ..ξιινθῖίίιύὶῖι
924 5298 1273 5388 sequentem}
1286 5298 1498 5385 'Pagius
1522 5298 1653 5373 vero
1676 5311 1738 5367 ad

1849 5298 2044 5362 Proilr.
2070 5303 2214 5358 Mon.
2262 5298 2439 5357 Guelf.
2481 5299 2550 5353 ad
2576 5298 2777 5356 annum
2806 5300 2945 5359 1047
2966 5298 3269 5373 consignat.

1923 5375 2071 5406 ηαξ-η
2100 5373 2287 5406 Πηυιῖιη
2334 5385 2428 5406 non
2468 5368 2698 5406 Cnllvnln
2721 5371 2741 5406 1
2768 5374 3055 5406 ualui-nun".
3080 5372 3269 5406 ῐηιιι-ιι

1923 5375 2071 5406 [ξιξἽῖ
2100 5373 2287 5406 Πηυιῖιη
2334 5385 2428 5406 non
2468 5368 2698 5406 ΠΛΙΙιΩΙΛ
2721 5371 2741 5406 1
2768 5374 3055 5406 “Iasio-anna
3080 5367 3451 5406 Ῑῖὶίιι-ὶνῖηηῖτὶ
