3970 5406
496 388 610 452 εει)

1394 377 1753 438 IIERMANNI
1791 377 2190 439 CONTBACTI
2226 375 2593 436 AlYGlENSlS
2635 374 2941 435 MONACHI

3668 372 3778 432 2ιο

1808 494 2043 556 CODEX
2078 490 2472 554 AUGIENSIS.

489 634 678 701 Ingens
739 622 1035 681 exercitum
1091 617 1403 690 pestilentia
1456 614 1676 681 invasit,
1700 624 1753 671 et
1804 612 2070 685 plurimos
2107 617 2151 675 Α
2181 620 2282 664 nos
2313 607 2463 679 regni
2492 605 2572 701 sui
2604 604 2885 701 invadens,
2916 603 3137 675 praedis,
3169 602 3430 660 incendiis
3453 611 3517 660 "et
3552 604 3785 674 captivi-

486 719 690 792 passim
742 713 1030 779 exstinxit;
1095 711 1238 765 inter
1292 726 1429 780 quos
1482 708 1820 765 Chuniltildis
1869 706 2078 778 regina,

488 810 707 869 Henrici
768 806 911 878 regis
940 821 1076 861 uxor
1106 820 1215 858 xvu
1270 800 1391 857 Kal.
1446 803 1584 873 Aug.
1630 798 2078 873 (570)deluneta,

487 912 539 960 et
566 903 632 958 ad
659 911 899 957 castrum
928 896 1209 966 Lindburg
1238 893 1495 950 translata
1525 894 1708 964 ibique
1736 890 1946 962 sepulta
1976 898 2079 944 est.

489 994 635 1064 Wip.
670 1022 741 1032 ——
770 990 1141 1045 llerimannus
1169 1001 1384 1056 quoque
1440 985 1546 1040 dux
1580 983 1914 1039 Alemannis:
1969 979 2082 1036 suis

489 1086 780 1144 admodum
806 1082 971 1139 ﬂebili
1001 1089 1176 1137 morte
1194 1097 1222 1134 ιι
1254 1079 1370 1134 Kal.
1397 1078 1533 1150 Aug.
1557 1076 1884 1134 occumbens
1907 1074 2079 1148 (571),

490 1180 736 1234 Tridenti
768 1175 1063 1231 tumulatus
1101 1183 1205 1229 est.
1245 1163 1369 1226 Ott‘o
1422 1168 1593 1236 Fris.;
1638 1169 1783 1241 ‘Wip.
1811 1198 1882 1208 —
1908 1167 2083 1237 Impe-

490 1280 661 1333 rator,
693 1270 759 1324 tle
792 1267 943 1323 Italia
975 1279 1242 1331 reversus,
1292 1262 1539 1319 Solodori
1570 1260 1840 1331 colloquio
1870 1259 2080 1323 habito,

489 1365 752 1435 plurimos
809 1360 1245 1430 Burgundionum
1298 1357 1566 1429 primores
1626 1364 1733 1410 tam
1766 1353 1867 1410 sibi
1919 1367 2081 1422 quam

490 1456 602 1511 lilio
631 1471 729 1511 suo
764 1453 1155 1523 subjectionem
1186 1457 1530 1507 sacramento
1566 1449 1784 1502 lit-mare
1809 1445 2084 1517 coegit.—

489 1546 614 1618 lpso
662 1560 827 1609 anno,
857 1543 1164 1613 Stephanus
1202 1539 1580 1612 llungarorum
1616 1552 1732 1602 rex,
1781 1550 1905 1591 cum
1956 1542 2085 1591 ante

492 1636 756 1709 plurimos
780 1650 951 1691 annos
978 1650 1035 1690 se
1066 1648 1189 1689 cum
1222 1641 1331 1686 tota
1362 1641 1522 1703 gente
1550 1645 1647 1685 sua
1692 1629 1758 1684 ad
1787 1627 1990 1684 Christi
2021 1625 2083 1681 ll-

491 1728 616 1785 dem
648 1728 1030 1792 convertisset,
1057 1724 1428 1795 ecelesiasque
1451 1722 1645 1778 multas
1666 1730 1719 1777 et
1741 1720 2083 1792 episcopatus

489 1823 856 1879 contraxisset
877 1818 997 1893 [leg.
1026 1814 1533 1888 construxisset],et
1556 1812 1657 1887 [in]
1680 1826 1901 1885 regnum
1925 1825 2083 1867 suum

488 1914 675 1985 probis
705 1913 821 1986 (sic)
851 1911 1169 1967 mitissimus
1201 1906 1422 1979 operam
1451 1904 2079 1978 impendisset,Petrum,

2189 705 2296 753 tate
2324 694 2700 767 de‘potmla‘ttIr.
2732 694 2817 749 ΑΙ.
2849 710 2938 751 an.
2961 705 3069 765 seq.

2255 792 2393 851 10350
2419 795 2682 852 llenricus
2709 812 2827 860 rex,
2850 793 3222 850 Boemiensem
3250 792 3438 850 ducem
3466 788 3670 850 lterum
3694 804 3788 849 re-

2184 886 2475 943 bellantem
2502 895 2713 957 petens,
2755 886 2821 941 ad
2854 884 3319 956 praestructioncm
3375 899 3471 941 seu
3520 885 3785 941 munitio-

2191 992 2312 1035 nem
2353 978 2502 1034 silva:
2539 979 2675 1033 citra
2707 985 2763 1033 et
2819 977 2959 1033 ultra
2985 976 3417 1047 expugnandam,
3443 985 3657 1049 partem
3685 987 3787 1035 e‘x-

2183 1072 2422 1143 peditam
2465 1071 2740 1129 exercitus
2770 1081 2867 1141 per
2914 1070 3071 1129 devia
3131 1070 3299 1125 saltus
3334 1070 3387 1124 in
3445 1069 3789 1140 provinciam

2196 1161 2372 1228 misit;
2404 1161 2502 1216 sed
2521 1177 2642 1217 cum
2666 1176 2719 1215 ιιι
2748 1159 2867 1216 Kal.
2899 1159 3050 1230 Sept».
3083 1157 3244 1226 istac,
3276 1156 3518 1214 crastina
3542 1172 3678 1218 vero
3698 1160 3791 1216 die

2188 1252 2317 1309 illac
2346 1252 2566 1319 milites,
2597 1251 2793 1308 silvosa
2827 1249 3063 1307 dillicilia
3116 1260 3172 1306 et
3225 1251 3503 1307 obstructa
3542 1250 3664 1307 loca
3707 1253 3791 1307 in—

2190 1344 2388 1415 gressi,
2421 1360 2578 1401 casso
2628 1343 2814 1401 labore
2861 1343 2974 1415 jam
3026 1343 3382 1415 fatigabundi,
3413 1344 3791 1415 ﬁrmissimam

2185 1438 2475 1506 quamdam
2532 1435 2840 1492 machinam
2884 1443 3253 1507 oppugnatum
3301 1437 3521 1509 aggredi
3573 1437 3788 1491 frustra

2188 1537 2483 1593 tentarent,
2511 1526 2846 1584 irruentibus
2872 1528 3110 1599 undique
3138 1526 3426 1584 Boemanis
3449 1528 3599 1594 cassi,
3622 1527 3784 1599 capti

2186 1620 2467 1694 fugatique
2496 1629 2648 1690 sunt;
2679 1629 2735 1677 et
2759 1621 2850 1691 qui
2885 1621 2938 1676 in
2964 1621 3245 1692 provincia
3278 1622 3454 1678 adhuc
3482 1636 3553 1677 ex
3573 1622 3788 1678 nostris

2187 1722 2587 1780 remanserant,
2615 1713 3013 1770 interveniente
3041 1712 3345 1770 Gunthario
3365 1714 3606 1769 Ercmita
3630 1714 3786 1787 (575)

2189 1806 2492 1862 incolumes
2513 1805 2693 1861 educti
2721 1805 3020 1862 redierunt.
3047 1804 3162 1859 Rex
3188 1820 3318 1860 vero
3334 1804 3789 1877 210,plurimis

2189 1897 2419 1952 militum
2441 1908 2496 1953 et
2522 1911 2808 1967 procerum
2834 1896 3068 1961 amissis,
3095 1893 3298 1951 infecto
3323 1895 3541 1950 interim
3564 1895 3789 1966 negotio

490 2006 693 2063 sororis
724 2020 835 2060 sua:
876 2003 1066 2067 lilium,
1094 2002 1159 2057 de
1192 2001 1433 2066 Venetia,
1465 1997 1613 2071 (572)
1640 2005 1828 2053 natum
1884 2011 1985 2068 pro
2028 2007 2087 2051 se
2121 1989 2164 2049 Β
2193 1989 2462 2046 discessit.
2496 1988 2689 2043 Annal.
2732 1987 2899 2055 Saxo;
2933 1986 3548 2059 llepid.—-Eberhardus
3564 1986 3789 2044 Baben-

489 2115 669 2171 regem
697 2097 1051 2161 constituens,
1081 2094 1235 2149 obiit.
1266 2091 1491 2163 Wippo;
1531 2088 1721 2145 Annal.
1756 2087 1919 2144 Saxo.

561 2189 726 2261 209
763 2187 897 2244 l039
933 2186 1218 2242 Conradus
1243 2184 1560 2254 imperator,
1599 2180 1740 2252 apud
1772 2178 2083 2251 Trajectum

488 2281 691 2338 Ft'esiu‘
730 2280 919 2336 urbem
978 2278 1336 2333 Pentecosten
1380 2290 1570 2346 agens,
1624 2290 1685 2329 ιιι
1721 2272 1870 2345 (575)
1903 2270 2083 2327 Nonas

486 2372 630 2426 .lnnii
663 2372 936 2442 inopinata
971 2380 1144 2426 morte
1174 2368 1354 2424 subito
1405 2367 1659 2431 decessit,
1688 2373 1744 2420 et
1795 2362 2081 2419 Nemetum

487 2464 685 2537 allatus
715 2462 895 2532 ibique
935 2460 1175 2532 sepultus
1201 2467 1315 2525 est;
1348 2466 1402 2513 et
1425 2456 1567 2512 illius
1595 2454 1712 2525 ejus
1739 2468 1836 2509 rex
1885 2451 2083 2533 Hemi-7

487 2536 584 2610 ens
646 2555 1009 2625 gubernacula
1078 2552 1226 2625 regni
1298 2550 1657 2621 suscepit.—
1714 2536 2080 2619 lieginbaldus

485 2663 701 2718 quoque
751 2646 1087 2703 Nemetensis
1142 2644 1449 2716 episcopus,
1480 2643 1561 2697 vir
1613 2642 1721 2696 vita
1771 2651 1825 2696 et
1889 2639 2077 2695 habitu

488 2739 808 2795 monachico
841 2739 1131 2801 verendus,
1162 2753 1220 2792 ιιι
1266 2737 1388 2791 ldus
1413 2733 1606 2790 Octob.
1640 2731 1787 2805 (574)
1816 2732 2075 2798 decessit,

486 2831 647 2903 eique
677 2829 899 2885 Sibielto
926 2828 1065 2883 fama
1117 2827 1273 2898 longe
1322 2825 1601 2881 dissimilis
1629 2823 1909 2879 successit.
1939 2822 2078 2879 Con-

485 2931 652 2985 radus
700 2928 865 2984 etiam
913 2928 1018 2983 dux
1067 2925 1385 2991 Carcntani,
1424 2935 1476 2981 et
1528 2924 1795 2981 Atlelbero
1851 2918 2077 2979 romulus

484 3021 625 3091 ejus,
652 3022 743 3090 qui
793 3030 921 3076 ante
983 3035 1106 3075 cum
1143 3019 1397 3074 ducatum
1457 3026 1725 3085 tenuerat,
1758 3018 1876 3087 ipso
1934 3032 2077 3072 anno

484 3115 758 3171 obierunt.
812 3106 1006 3167 Annal.
1048 3110 1256 3167 Hiltles.
1281 3142 1354 3151 —
1405 3108 1670 3167 Henricus
1704 3126 1817 3177 rex,
1850 3120 1993 3165 tuota
2022 3112 2074 3165 in

483 3202 758 3259 Boemiam
786 3202 1151 3272 expeditione,
1183 3216 1304 3256 eum
1336 3202 1441 3255 dux
1474 3201 1652 3270 gentis
1677 3200 1989 3255 Brezizlaus
2016 3202 2077 3254 li-

483 3291 616 3347 lium
656 3308 811 3353 suum
843 3292 891 3347 ei
927 3292 1171 3347 obsidem
1203 3292 1465 3356 misisset,
1491 3307 1657 3362 seque
1683 3291 1855 3362 ipsum
1888 3302 2078 3347 ventu-

2185 2080 2474 2153 bergensis
2521 2079 2785 2136 Ecclesim
2816 2080 3027 2151 primus
3069 2080 3354 2150 episcopus
3393 2094 3537 2134 anno
3565 2094 3789 2150 promoe

2187 2174 2349 2231 tionis
2374 2190 2546 2230 xxxm
2580 2174 2834 2239 decessit,
2865 2174 2953 2229 cui
2979 2173 3332 2245 Suidegerus,
3366 2173 3587 2228 natione
3613 2172 3785 2239 Saxo,

2182 2264 2268 2320 vir
2294 2262 2580 2321 laudabilis
2603 2263 2887 2320 successit.
2924 2261 3149 2318 Neci-ot.
3186 2260 3353 2316 Fnld.

2258 2377 2389 2433 10H
2422 2377 2688 2433 llenricus
2734 2393 2849 2446 rex,
2880 2376 3094 2433 reddito
3131 2376 3403 2432 Boentano
3434 2375 3553 2431 duci
3594 2375 3787 2431 obside

2186 2469 2296 2526 lilio
2323 2485 2440 2537 suo,
2472 2469 2714 2541 captivos
2738 2470 2789 2523 in
2821 2468 2957 2523 silva
2991 2477 3178 2538 captos
3206 2467 3456 2533 redemit,
3484 2475 3785 2536 secutaque

2184 2569 2374 2616 testate
2403 2559 2630 2615 collecto
2654 2560 2844 2629 grandi
2860 2560 3100 2614 exercitu
3127 2557 3459 2628 provinciam
3490 2558 3665 2628 ipsam
3685 2570 3785 2627 per

2184 2650 2339 2707 devia
2368 2651 2648 2721 ingressus
2677 2649 2877 2723 praedis
2901 2658 2956 2705 et
2978 2650 3243 2706 incendiis
3287 2659 3482 2705 cuncta
3509 2650 3781 2715 devastat,

2183 2743 2354 2802 donec
2394 2746 2503 2802 dux
2534 2744 2690 2801 malis
2721 2746 2977 2801 subactus
2999 2759 3187 2815 pacem
3224 2743 3544 2814 postularet,
3578 2743 3666 2799 sui
3688 2744 3782 2798 tle-

2182 2836 2443 2892 ditionem
2471 2844 2526 2891 et
2559 2852 2681 2891 cum
2727 2844 2837 2890 tota
2877 2844 3036 2907 gente
3074 2834 3485 2904 subiectionem,
3523 2834 3781 2891 Ratisbc—

2184 2942 2420 2998 namque
2450 2943 2508 2982 se
2547 2928 2613 2983 ad
2664 2941 2844 2997 regem
2884 2936 3196 2992 venturum,
3221 2937 3274 2982 et
3304 2925 3565 2997 imperata
3605 2925 3781 2982 factu-

2183 3036 2325 3084 rum,
2360 3013 2606 3075 fidelibus
2636 3020 2775 3089 regis
2804 3018 2868 3072 ad
2890 3033 2949 3074 se
2981 3019 3210 3086 vocatis,
3242 3020 3606 3089 promitteret,
3634 3018 3781 3089 quod

2181 3111 2343 3164 etiam
2386 3124 2510 3181 rege
2563 3109 2877 3167 discedente
2917 3124 3041 3164 mox
3077 3107 3237 3164 factis
3281 3107 3546 3179 implevit.
3578 3107 3775 3177 Hepid.

2180 3230 2251 3240 —
2299 3201 2419 3271 lpso
2466 3215 2608 3254 anno
2668 3200 2905 3269 llungari
2952 3200 3167 3271 perﬁdi,
3202 3198 3447 3256 Ovonem
3483 3201 3777 3271 quemdam

2182 3307 2362 3362 regem
2390 3292 2490 3347 sibi
2521 3294 2936 3355 constituentes,
2966 3291 3189 3347 Petrum
3231 3308 3415 3363 regem
3446 3307 3605 3348 suum
3632 3292 3780 3348 occi-

483 3397 609 3440 rum
645 3392 699 3439 et
726 3384 988 3453 imperata
1029 3381 1319 3446 facturum,
1362 3383 1487 3438 licet
1517 3361 1661 3447 ficte,
1701 3361 2062 3453 promisisset,
2100 3361 2146 3422 (ἶ
2181 3361 2314 3440 dere
2365 3384 2680 3438 moliuntur.
2720 3385 2863 3451 Qui,
2918 3385 3004 3439 vix
3064 3385 3187 3456 fuga
3245 3361 3454 3456 lapsus,
3487 3384 3669 3457 primo
3711 3385 3780 3440 ad

483 3470 670 3531 statim
704 3474 882 3530 rediit.
910 3472 1106 3530 Petrus
1130 3490 1224 3529 rex
1253 3474 1631 3545 Hungarorutn
1669 3475 1845 3529 hieme
1879 3476 2066 3530 termi-

2179 3477 2547 3533 marchionem
2578 3486 2822 3548 nostrum
2870 3478 3217 3535 Adelbertutn
3242 3478 3447 3535 sororis
3474 3494 3589 3537 suae
3612 3478 3780 3534 mari.

1558 3625 2012 3684 COMPENDIUM
2052 3630 2146 3685 EX
2187 3629 2434 3689 CODIGE
2474 3629 2841 3688 BEllNOLDl.

489 3858 493 3862 ,
556 3795 696 3854 1059
722 3794 998 3851 Conradus
1017 3792 1301 3863 imperator
1330 3810 1390 3849 ιιι
1417 3793 1601 3850 Nonas
1624 3793 1776 3850 Junii
1802 3796 1949 3862 obiit,
1975 3813 2071 3869 pro

483 3906 585 3961 quo
624 3878 886 3943 Henricus
910 3900 1001 3940 rea:
1028 3883 1174 3954 ﬁlius
1201 3887 1316 3955 ejus
1346 3886 1597 3956 regnavit.

558 3980 698 4039 1οἱ0
726 3977 988 4033 Henricus
1013 3994 1104 4032 rea:
1133 3977 1313 4031 ducem
1342 3975 1572 4031 Boemiae
1617 3976 1750 4032 bello
1778 3979 1927 4049 petit,
1957 3980 2047 4034 sed
2059 4013 2085 4044 ,

484 4075 664 4130 multis
689 4074 989 4144 proceribus
1020 4083 1065 4127 et
1098 4072 1349 4127 militibus
1374 4073 1428 4127 in
1481 4076 1878 4143 prwstructione
1925 4073 2069 4129 silete

484 4169 618 4223 citra
638 4176 684 4221 et
708 4166 847 4221 ultra
886 4166 1071 4221 occisis
1095 4164 1171 4220 vel
1216 4166 1402 4236 captis,
1427 4164 1501 4218 nil
1523 4165 1737 4234 dignum
1762 4166 1958 4236 efficere
1980 4182 2067 4233 po-

482 4258 582 4312 tuit
616 4256 785 4330 (576).
818 4255 1126 4313 Eberharth
1178 4256 1348 4325 primo
1396 4256 1811 4328 Babenbergensi
1834 4258 2085 4327 episcopo.

483 4348 733 4421 defuncto
767 4348 1060 4420 Suidgcrus
1088 4349 1362 4403 successit.

556 4441 691 4500 10H
724 4440 990 4514 llungari,
1017 4441 1295 4516 quemdam
1319 4441 1548 4498 Ovonem
1569 4442 1668 4497 sibi
1696 4458 1864 4514 regem
1884 4443 2079 4498 consti-

2174 3808 2397 3862 tuentes,
2438 3798 2651 3854 Petrum
2686 3815 2853 3869 regem
2883 3814 3033 3853 suum
3064 3798 3349 3870 expellunt.
3375 3797 3481 3864 Qui
3516 3798 3776 3871 profugus

2175 3901 2221 3945 et
2244 3890 2391 3945 exsul
2415 3889 2631 3945 Henrici
2654 3891 2784 3961 regis
2810 3907 2903 3962 θνα
2929 3892 3057 3958 iam,
3086 3892 3170 3946 cui
3202 3893 3368 3962 priori
3392 3909 3533 3947 anno
3554 3894 3779 3948 rebella-

2177 3996 2337 4048 vcrat,
2360 3986 2547 4055 quwrit
2578 3993 2624 4038 et
2656 3984 2875 4039 invenit.
2906 3982 3169 4039 Henricus
3201 4001 3313 4050 rex,
3338 3983 3612 4039 Boemiam
3654 4002 3772 4040 cum

2176 4073 2405 4132 exercitu
2445 4076 2729 4147 ingressus,
2757 4078 2876 4147 igne
2907 4077 3191 4149 prtedaque
3220 4087 3411 4131 cuncta
3439 4076 3701 4144 devastat,
3726 4088 3773 4132 et

2178 4168 2415 4224 rebellem
2465 4170 2648 4223 ducent
2678 4169 2881 4224 obsides
2911 4169 3059 4235 dare,
3086 4178 3137 4224 et
3171 4170 3345 4239 ipsum
3376 4181 3489 4239 post
3512 4185 3572 4225 se
3596 4169 3776 4224 Halis-

2177 4261 2366 4316 bonam
2390 4262 2458 4315 atl
2482 4260 2795 4315 deditionem
2822 4260 3096 4315 humiliter
3113 4261 3311 4325 venire,
3336 4258 3537 4332 sibique
3549 4260 3774 4331 jureju-

2178 4352 2343 4406 rando
2372 4352 2674 4422 ﬁdelitatem
2723 4352 3090 4423 servitiumque
3152 4350 3470 4422 conﬁrmare
3510 4359 3773 4408 coarctat.

2177 4442 2253 4497 lla
2284 4452 2335 4499 et
2366 4442 2501 4499 Mur.
2538 4458 2602 4499 ac
2630 4441 2830 4500 Gottw.

2013 4597 2240 4657 NOTAE.

478 4795 503 4836 ε
556 4762 704 4836 (570)
736 4759 952 4836 Wippo
979 4760 1145 4836 habet
1196 4775 1278 4836 xv_
1302 4757 1417 4813 Kal.
1466 4758 1630 4836 Aug.,
1668 4766 1904 4836 castrum
1939 4771 2073 4836 vero
2102 4761 2154 4823 Ι)
2179 4759 2451 4836 sitortus,
2485 4768 2542 4836 nt
2570 4760 2765 4836 asserit
2794 4761 3137 4836 llermannus
3181 4769 3237 4816 et
3268 4777 3402 4836 msc.
3425 4760 3770 4836 blelljeense.

483 4830 769 4917 Lintburg,
782 4830 924 4903 quod
940 4831 1030 4889 hic
1054 4830 1465 4904 prmposituram
1493 4831 1646 4896 dicit,
1669 4844 1834 4899 prope
1860 4830 2073 4899 Spiram

490 4916 919 5047 tu("Sill'lgbl'l‘idem
943 4973 1241 5030 Hermanni
1267 4973 1356 5028 hic
1385 4967 1714 5047 labefactare
1746 4978 1918 5023 lentat
1942 4969 2073 5025 Gni-

489 5041 731 5111 cltenon,
760 5046 1056 5100 llermanni
1082 5047 1236 5101 ducis
1269 5054 1497 5097 mortem
1531 5041 1856 5111 anticipans,
1886 5055 2075 5110 perpe-

483 5133 601 5172 ram
640 5127 839 5173 tatnen.
872 5124 930 5170 ut
961 5117 1029 5170 ad
1064 5130 1265 5171 annum
1322 5114 1458 5169 1092
1510 5113 1562 5166 in
1614 5110 1878 5166 Bernoldo
1929 5112 2074 5165 dice-

484 5204 704 5342 ἪΞΫΞ)
737 5250 1796 5342 “mihii'l.9ll"°“l¢9_'.'§“£,§‘5’R““"§
1827 5266 2069 5342 εριτξιῖεπη

2179 4830 2299 4903 ΧῖἰιΙζ
2333 4830 2471 4903 Pray
2496 4831 2688 4903 Annal.
2721 4846 2832 4901 reg.
2863 4832 3062 4902 lluug.,
3092 4849 3144 4903 p.
3176 4848 3212 4896 ι,
3239 4832 3385 4902 ρ.40.
3409 4833 3515 4887 Alii
3544 4833 3771 4889 Petrum

2173 4917 2239 4955 ex
2262 4900 2548 4973 Guillelmo
2572 4900 2862 4973 Burgttmlo
2887 4911 2943 4973 et
2956 4900 3012 4973 δ’.
3036 4900 3295 4973 Stephani
3321 4917 3509 4973 sorore
3537 4920 3775 4973 progna-

2172 4980 2287 5024 tum
2305 4971 2652 5032 contendunt,
2680 4972 2819 5027 unde
2836 4980 2891 5025 et
2911 4971 3231 5027 Alemannus
3248 4973 3318 5028 sit
3332 4972 3526 5027 dictus.
3543 4971 3771 5041 Calles.,

2171 5040 2369 5096 Annal.
2400 5040 2569 5104 Eccl.,
2603 5052 2641 5094 t.
2666 5057 2719 5105 v,
2742 5057 2796 5111 p.
2821 5043 2945 5097 551.

2244 5112 2392 5184 (575)
2417 5110 2916 5184 Ωιιιοοιιοεξςδαςο
2952 5113 3144 5169 melius
3168 5130 3208 5169 ιι
3234 5112 3371 5169 Non.
3401 5110 3553 5180 Jun.,
3585 5116 3667 5171 uti
3716 5123 3771 5170 et

2177 5183 2412 5238 Annales
2437 5182 2883 5254 lliltlestippo.

2422 5254 3171 5342 guttas-Sasernmtn,.Kal.
3200 5255 3385 5342 Sept.
3542 5340 3583 5341 Π
3666 5339 3675 5341 Α
3725 5325 3737 5336 .

2249 5326 2291 5342 ΙΝ
