3970 5406
218 307 321 365 241

1476 323 1893 382 CllllONlCON.
1934 359 2001 368 ——
2042 328 2217 384 δεῖς.
2270 326 2358 382 XI.

3396 328 3503 385 ω

1542 434 1774 492 CODEX
1808 436 2198 496 AUGUZNSIS.

215 542 335 596 tum
364 538 515 611 (577)
546 542 801 615 profugus
834 545 1002 612 venit,
1035 546 1267 618 indeque
1295 546 1363 601 ad
1403 560 1585 620 regem
1614 547 1807 604 Henri-
1840 557 1884 616 Α
1909 550 2062 622 juxta
2096 549 2351 604 maritum
2385 547 2770 619 imperatorem
2801 546 3008 617 sepulta
3041 554 3142 602 est.
3172 545 3355 602 .Estas
3382 547 3501 618 plu-

213 644 343 687 cum
375 634 619 701 veniens,
655 636 987 709 pedibusque
1008 638 1124 709 ejus
1152 640 1465 711 provolutus
1492 640 1704 695 veniam
1759 650 1815 697 et

212 724 450 792 gratiam
509 725 820 803 imploravit
878 740 933 785 et
988 732 1316 802 impetravit.
1351 731 1811 803 Hepid.;Annal.

215 812 437 870 Hildes.

294 909 441 964 1042
486 908 758 970 llenricus
811 928 902 970 rex
955 914 1133 971 hieme
1195 916 1559 989 Burgundiam
1619 917 1815 973 invasit

210 1002 528 1072 multosque
561 1006 867 1078 principum
921 1022 979 1063 se
1036 1009 1114 1064 illi
1162 1010 1509 1079 subjicientes
1551 1010 1808 1080 suscepit,

210 1094 592 1166 nonnullaque
607 1096 844 1169 legitime
869 1099 1410 1175 dijudicavit.—Ovo
1435 1102 1813 1173 lluugarorum

209 1193 487 1257 tyrannus
509 1187 581 1242 ob
608 1199 919 1261 susceptum
951 1207 979 1245 a
1006 1208 1131 1264 rege
1156 1204 1342 1249 nostro
1380 1193 1608 1249 Petrum
1629 1192 1816 1248 divisit

207 1275 469 1331 bifariam
494 1279 798 1333 exercitum
830 1293 1017 1346 somn;
1049 1282 1185 1337 lines
1213 1282 1472 1353 Bujoariu:
1494 1296 1559 1339 ex
1587 1292 1813 1352 utraque

207 1365 451 1423 Danubii
484 1378 642 1440 parte
669 1369 988 1441 depratdans
1036 1382 1093 1427 et
1144 1373 1441 1430 incendens
1490 1374 1810 1446 populatur;

206 1460 307 1517 sed
355 1476 470 1516 una
502 1477 630 1532 pars
681 1463 957 1519 exercitus
986 1463 1105 1534 ejus
1138 1480 1170 1520 a
1212 1467 1621 1535 septentrionali
1658 1476 1815 1537 parte

206 1550 450 1607 Danubii
494 1554 654 1624 211
684 1554 752 1609 ab
778 1554 1073 1611 Adclberto
1105 1557 1442 1623 tnarchione,
1471 1567 1525 1613 et
1556 1557 1667 1613 tilio
1696 1558 1814 1628 ejus

203 1643 508 1715 Lu'tpoldo
526 1645 594 1727 ad
618 1647 1045 1703 internecionem
1069 1665 1211 1706 ctcsa
1239 1659 1341 1706 est.
1367 1648 1560 1705 Chron.
1586 1651 1811 1721 August.

203 1769 277 1780 —
326 1737 603 1795 Henricus
641 1756 879 1812 quoque,
934 1749 1195 1798 autumno
1243 1743 1552 1798 Pannonias
1602 1754 1811 1814 petens,

207 1828 592 1903 lleimenburg
623 1841 678 1887 et
707 1832 1049 1905 Brczesburg
1077 1837 1294 1903 evertit,
1337 1836 1811 1907 septentrionalem

1916 639 2063 694 viosa
2086 638 2299 711 frugum
2323 646 2377 693 et
2399 639 2791 693 vindemiarum
2820 637 3099 708 penuriam
3124 635 3321 693 eh‘eeit.
3358 636 3500 692 llen-

1916 733 2064 790 rieus
2093 749 2208 797 rex,
2239 734 2435 788 iterum
2484 731 2790 787 Pannonias
2833 740 3042 801 petens,
3074 730 3142 785 ab
3190 718 3372 786 0vone
3404 732 3494 785 vix

1916 825 2238 894 impetrante
2268 832 2506 893 paetum,
2537 822 2980 886 satisfactionem,
3006 822 3247 887 obsides,
3266 810 3491 876 munera

1916 915 2178 986 regnique
2205 914 2465 984 usquead
2511 913 2670 969 Litba
2715 913 2913 967 ﬂumen
2963 923 3173 982 partem
3225 912 3499 982 accipiens

1917 1007 2191 1063 discessit.
2255 1006 2384 1063 Inde
2408 1006 2462 1060 in
2515 1004 2888 1060 Alemanniam
2921 1003 3167 1066 veniens,
3212 1004 3266 1057 in
3295 1003 3501 1074 synodo

1915 1097 2337 1163 Coustantiensi,
2405 1097 2616 1153 eunetis
2661 1096 2752 1165 qui
2802 1104 2988 1149 contra
3050 1107 3111 1147 se
3158 1093 3503 1163 deliquerant

1915 1192 2149 1263 primum
2178 1190 2292 1261 ipse
2317 1188 2555 1244 debitum
2582 1202 2743 1241 omne
2773 1185 3010 1250 dimisit;
3037 1184 3235 1239 deinde
3250 1182 3502 1252 precibus

1915 1294 1971 1339 et
2014 1280 2487 1338 adhortationibus
2534 1294 2726 1334 omnes
2773 1284 3069 1347 praesentes
3132 1274 3500 1345 Suevigenas,

1916 1374 2079 1446 212
2115 1382 2342 1445 postea,
2394 1372 2449 1426 in
2507 1369 2629 1426 aliis
2670 1369 2820 1440 regni
2861 1367 2941 1423 sui
3007 1364 3301 1437 provinciis
3357 1364 3501 1420 idem

1915 1476 2096 1529 actum
2118 1466 2182 1521 iri
2200 1475 2473 1536 satagens,
2499 1463 2739 1519 dimissis
2761 1461 2954 1517 debitis
2982 1469 3038 1515 et
3071 1458 3369 1514 inimicitiis
3398 1458 3501 1514 sibi

1918 1558 2148 1613 invicem
2190 1554 2581 1620 reconciliavit,
2615 1567 2913 1624 pacemque
2943 1551 3127 1605 multis
3170 1548 3386 1606 saeculis
3413 1549 3499 1604 in-

1919 1648 2155 1705 auditam
2208 1646 2448 1702 cﬂicieus
2497 1660 2593 1716 per
2629 1644 2866 1699 edictum
2933 1639 3295 1697 continuavit.
3361 1639 3500 1694 Exin

1920 1740 2248 1797 Willchclmi
2284 1737 2640 1795 Pictaviensis
2687 1735 2849 1790 tiliam
2886 1746 3139 1807 sponsam
3178 1745 3333 1786 suam
3362 1729 3504 1785 acci-

1918 1834 2092 1905 piens,
2122 1840 2178 1887 et
2216 1829 2538 1901 Mogontiaci
2584 1826 2826 1898 reginam
2859 1824 2985 1895 ungi
3019 1822 3257 1885 faciens,
3296 1820 3503 1891 regales

210 1920 450 1977 Danubii
485 1932 721 1993 partem,
754 1924 879 1993 quia
932 1922 1149 1981 ﬂumina
1184 1926 1478 1981 australem
1510 1936 1564 1980 et
1593 1924 1814 1994 paludes
1847 1927 1890 1986 Β
1918 1926 2058 1995 apud
2087 1922 2452 1995 lngeleubeim
2486 1919 2703 1990 nuptias
2731 1916 3046 1980 celebravit,
3071 1926 3144 1981 et,
3182 1915 3235 1985 in
3263 1930 3400 1968 vano
3423 1914 3504 1968 lti-

205 2015 552 2081 niunicrant,
579 2031 752 2086 usque
786 2018 851 2071 ad
895 2015 1073 2073 Grana
1110 2018 1305 2073 ﬂumen
1338 2018 1590 2074 vastavit.
1619 2034 1715 2073 seu
1760 2019 1813 2073 in

210 2108 549 2164 deditionem
580 2110 821 2181 accepit;
876 2120 933 2166 et
977 2126 1105 2181 pars
1136 2111 1424 2175 exercitus,
1460 2112 1543 2167 bis
1589 2125 1814 2166 numero

204 2198 546 2271 llungariam
564 2201 966 2259 incursantibus
981 2204 1358 2274 cerzgrediens,
1371 2212 1581 2276 strages
1594 2217 1814 2275 magnas

205 2291 419 2358 effecit,
443 2303 499 2349 et
529 2294 773 2350 subactis
802 2297 1039 2367 partium
1092 2296 1308 2378 illarum
1340 2296 1635 2368 Ilungaris,
1690 2312 1812 2351 cum

205 2380 438 2443 Petrum
496 2388 742 2460 recipere
794 2389 1017 2455 nollent,
1049 2391 1342 2462 quemdam
1400 2391 1564 2446 alium
1594 2406 1658 2446 cx
1686 2390 1811 2455 illis,

203 2479 356 2548 apud
385 2477 694 2536 Boemanos
718 2481 844 2537 item
870 2482 1236 2549 exsulantem,
1272 2484 1461 2539 ducem
1508 2482 1587 2538 eis
1610 2482 1815 2539 consti-

205 2570 341 2635 tuit;
389 2583 554 2640 quem
604 2579 782 2627 tamen
821 2572 936 2630 Ovo
966 2574 1149 2629 statim
1181 2584 1303 2645 post
1332 2575 1634 2630 discessum
1672 2575 1815 2647 regis

210 2663 482 2718 resistere
512 2678 619 2718 non
650 2664 919 2721 valentem
957 2666 1009 2721 in
1063 2665 1337 2722 Boemiam
1369 2666 1585 2738 repulit.
1613 2666 1811 2722 Annal.

207 2754 428 2810 Hildes.
453 2786 528 2797 -—
560 2755 746 2829 Poppo
771 2758 1084 2829 patriarcha
1113 2760 1482 2831 Aquileiensis
1507 2761 1639 2817 obiit
1663 2802 1678 2828 ,
1735 2760 1813 2816 ei-

206 2863 323 2919 que
349 2848 702 2905 Eberhardus
746 2850 1104 2923 Auguslensis
1130 2843 1424 2911 canonicos
1454 2870 1484 2909 a
1540 2870 1665 2927 rege
1693 2870 1816 2927 pro-

207 2952 397 2999 motus
426 2944 716 3001 successit.

281 3031 427 3088 1045
459 3032 644 3089 Gisela
673 3036 989 3094 imneratrix
1021 3039 1160 3109 apud
1201 3039 1448 3107 Goslarc,
1483 3041 1749 3112 quamvis,
1782 3055 1813 3095 a

209 3125 491 3198 sortilegis
540 3144 931 3200 nonnunquam
975 3146 1105 3187 vera
1151 3133 1254 3188 sibi
1283 3134 1699 3204 prtedicentibus
1724 3134 1814 3189 de-

210 3224 391 3287 cepta,
425 3217 537 3274 lilio
563 3220 674 3291 regi
708 3236 768 3277 se
818 3224 1253 3294 supervieturam
1311 3227 1581 3291 crederet,
1612 3225 1811 3296 dysen-

208 3304 370 3362 teria:
398 3308 592 3365 morbo
628 3325 716 3364 xvt
746 3309 862 3365 Kal.
915 3311 1096 3368 Martii
1141 3313 1396 3377 decessit,
1425 3324 1482 3369 et
1541 3314 1809 3370 Nemetim

1918 2012 2396 2079 strioaumfavore
2425 2011 2577 2066 nihili
2612 2006 3293 2081 pcndendo,utile,cunctis
3318 2020 3505 2075 exeni-

1919 2108 2085 2179 plum,
2118 2120 2316 2161 vacuos
2350 2120 2445 2161 cos
2472 2114 2527 2160 et
2558 2110 2854 2158 mmrentes
2906 2100 3253 2163 dimittendo,
3303 2113 3502 2169 propo-

1917 2199 2045 2257 suit.
2087 2198 2285 2253 Chron.
2315 2192 2738 2269 August.—Ubi
2767 2195 2930 2250 etiam
2980 2192 3298 2263 Luitpaldus
3345 2191 3507 2245 Adel-

1916 2290 2057 2348 berti
2097 2289 2431 2345 marcbionis
2477 2288 2642 2353 filius,
2695 2301 2903 2356 magna:
2954 2285 3167 2340 virtutis
3210 2292 3265 2337 et
3291 2282 3508 2355 pietatis

1920 2383 2257 2449 adolescens,
2285 2383 2355 2437 ab
2383 2381 2500 2453 ipso
2535 2396 2662 2452 rege
2714 2378 2959 2435 marcbio
2989 2384 3268 2448 promotus
3294 2383 3349 2431 et
3384 2386 3509 2446 post

1916 2492 2119 2549 paucos
2143 2476 2260 2532 dies
2286 2474 2573 2531 defunctus
2602 2473 2815 2530 Treviri
2846 2488 2875 2527 a
2901 2480 3094 2543 patruo
3126 2485 3223 2526 suo
3249 2467 3505 2542 Poppone

1918 2569 2329 2641 archiepiscopo
2354 2567 2597 2638 sepultus
2623 2575 2726 2622 est.
2762 2565 2957 2637 Hepid.
3018 2572 3029 2581 '

1925 2718 1929 2725 ,
1992 2661 2131 2716 1044
2170 2660 2247 2715 Μ.
2301 2659 2367 2715 G.
2413 2658 2659 2717 Maxima.
2692 2659 2860 2729 pestis
2906 2658 3170 2728 pecudum
3203 2673 3219 2712 :
3249 2664 3307 2713 et
3331 2656 3507 2713 hiems

1916 2756 2057 2812 satis.
2089 2754 2524 2809 duraetnivosa
2554 2764 2806 2823 magnam
2854 2751 3137 2805 vinearum
3161 2755 3372 2821 partem
3404 2748 3505 2803 fri-

1916 2863 2046 2919 gore
2073 2846 2324 2917 perdidit,
2353 2856 2408 2900 et
2438 2843 2651 2915 frugum
2680 2842 2943 2898 sterilitas
2969 2842 3166 2895 famem
3200 2855 3306 2894 non
3332 2839 3506 2893 modi-

1915 2954 2034 2995 cam
2093 2934 2625 3001 ellecit.—Gozzilo
2677 2934 2782 2988 dux
2840 2930 3297 3001 Lutbaringorum
3349 2927 3503 3000 (578)

1916 3030 2158 3087 moriens
2196 3026 2474 3085 Gouiloni
2508 3025 2640 3092 (ilio,
2692 3022 2939 3094 quamvis
2991 3022 3208 3094 ignavo,
3249 3016 3506 3076 duratum

1917 3139 2073 3179 suum
2107 3139 2136 3177 a
2176 3136 2301 3191 rege
2344 3118 2581 3173 Henrico
2612 3117 2942 3187 promissum
2987 3115 3295 3185 relinquere
3323 3115 3506 3181 dispo-
3550 3172 3555 3183 ,

1917 3218 2044 3274 suit.
2088 3216 2193 3271 Sed
2244 3213 2381 3268 alter
2422 3211 2565 3266 filius
2608 3209 2727 3278 ejus
2769 3208 3095 3265 Godefridus
3137 3207 3501 3279 jamdudum

1921 3311 2027 3367 dux
2058 3309 2373 3381 (579),eum
2410 3307 2665 3364 ducatum
2708 3303 2862 3359 fratri
2905 3303 3143 3360 debitum
3189 3311 3379 3357 contra
3425 3299 3505 3355 fas

1237 3425 1686 3485 COMPENDIUM
1729 3425 1823 3482 EX
1857 3422 2101 3482 CODICE
2136 3419 2503 3477 BERNOLDI.

290 3521 428 3577 N159.
456 3522 592 3589 Ova,
615 3522 990 3597 llungarorum
1016 3537 1295 3599 tyrannus,
1318 3545 1435 3583 cum
1458 3528 1728 3599 Bajoaria:
1753 3527 1821 3596 Ιί-
1849 3527 1893 3591 C
1925 3521 2034 3576 lom’
2061 3521 2171 3591 ﬁlio
2200 3508 2315 3583 suo,
2346 3517 2581 3589 quamvis
2610 3517 2820 3588 ignavo,
2846 3515 3095 3569 ducatum
3124 3528 3277 3567 suum
3309 3528 3339 3564 a
3390 3524 3507 3579 rege

216 3630 306 3680 nes
330 3614 655 3685 devastaret,
684 3618 915 3673 maxima
945 3636 1068 3691 pars
1116 3622 1374 3676 exercitus
1416 3620 1529 3691 ejus
1555 3622 1619 3675 ab
1643 3618 1813 3673 Adul-

214 3705 362 3762 berto
384 3710 692 3765 mare/tione
732 3710 863 3765 bello
889 3712 1089 3767 devicta
1110 3714 1282 3783 periit.
1310 3742 1383 3756 -
1411 3711 1673 3769 Henricus
1725 3728 1816 3768 rex

216 3793 529 3854 Pannonias
553 3811 753 3872 petens,
789 3803 939 3857 urbes
964 3805 1192 3860 munitas
1218 3804 1426 3872 delevit,
1448 3816 1495 3860 et
1520 3804 1697 3875 plures
1720 3806 1815 3860 de-

214 3888 415 3945 ditione
436 3891 683 3962 subjecit,
712 3903 784 3959 et,
813 3895 939 3949 dum
967 3892 1187 3951 Petrum
1214 3914 1384 3969 regem
1413 3914 1567 3952 suum
1589 3897 1816 3969 recipere

216 3979 435 4046 nollent,
461 3983 645 4041 ducem
698 3983 773 4037 eis
809 3984 1101 4054 quemdam
1140 3964 1395 4057 prtefecit,
1438 4002 1591 4060 quem
1633 3964 1820 4041 statim,

214 4074 330 4140 post
361 4072 479 4143 ejus
513 4073 801 4129 discessum
828 4072 937 4130 Ova
963 4076 1015 4128 in
1044 4074 1311 4130 Boemiam
1340 4075 1529 4147 repulit
1561 4074 1732 4148 (580).

287 4163 430 4218 illi?)
468 4162 732 4220 Henricus
778 4182 892 4233 rex,
929 4168 1121 4221 iterum
1158 4165 1466 4232 Pannonias
1513 4176 1712 4238 petens,
1747 4166 1812 4220 ab

216 4250 396 4308 Ovone
422 4254 508 4308 vis:
533 4255 845 4327 impetrante
873 4265 1086 4326 pactum
1113 4267 1353 4329 suscepta
1379 4256 1738 4328 satisfactione
1764 4265 1814 4311 et

214 4347 521 4402 muneribus
550 4349 809 4405 discessit.
859 4350 992 4405 Inde
1023 4352 1078 4406 in
1108 4349 1473 4406 Alemanniam
1503 4351 1730 4417 veniens,
1758 4351 1814 4405 in

212 4442 415 4510 synodo
471 4439 861 4499 Constantiensi
925 4445 1127 4499 cunctis
1161 4445 1252 4511 qui
1288 4453 1472 4498 contra
1506 4460 1560 4498 se
1584 4443 1814 4515 delique-

213 4540 335 4585 rant
368 4533 479 4601 ipse
506 4533 735 4589 debitum
764 4550 917 4588 omne
950 4534 1168 4589 dimisit.
1211 4532 1426 4604 Hocque
1452 4542 1499 4588 et
1529 4533 1664 4588 alios
1698 4535 1810 4589 suis

214 4619 536 4676 debitoribus
550 4623 724 4693 facere
744 4624 1053 4689 adhortans,
1080 4624 1373 4678 inauditam
1388 4622 1579 4679 multis
1601 4624 1810 4679 stvculis

210 4704 395 4784 pacem
434 4714 621 4784 effecit.
654 4714 809 4778 Post,
852 4717 1098 4786 Agnetem
1152 4714 1422 4770 Willtelmi
1463 4712 1808 4769 Pictaviensis

214 4803 382 4875 ﬁliam
417 4809 692 4880 accipiens,
731 4818 781 4864 et
824 4806 1111 4878 Moguntia:
1143 4808 1372 4878 reginam
1410 4807 1536 4877 ungi
1582 4806 1805 4876 faciens,

1921 3613 2153 3669 Henrico
2182 3614 2497 3683 promissum
2534 3609 2762 3681 reliquit.
2797 3606 2900 3664 Sed
2929 3606 3064 3661 alter
3087 3605 3230 3675 ﬁlius
3256 3601 3369 3674 ejus
3394 3601 3497 3657 Cu-

1872 3720 1875 3723 ·
1918 3707 2178 3777 defridus,
2200 3705 2317 3775 jam
2343 3705 2541 3758 dudum
2566 3704 2696 3765 dux,
2748 3718 2869 3756 cum
2895 3702 3144 3754 ducatum
3167 3697 3326 3768 fratri
3344 3695 3504 3765 debi-

1917 3809 2026 3855 tum
2057 3817 2087 3852 a
2128 3814 2243 3868 rege
2270 3797 2499 3851 obtinere
2530 3797 2809 3865 nequisset,
2848 3793 2935 3862 pio
2958 3790 3066 3860 regi
3094 3786 3347 3843 rebellare
3366 3801 3507 3855 pra:-

1916 3887 2459 3946 sumit.—Henricus
2494 3903 2586 3941 rea:
2609 3900 2771 3956 parvo
2813 3884 3044 3937 exercitu
3075 3889 3258 3934 contra
3296 3881 3504 3948 gravis-

1917 3983 2103 4035 simam
2132 3979 2509 4050 Hungarbrum
2543 3985 2744 4047 gentem
2777 3974 2985 4044 fortiter
3009 3970 3256 4041 pugnavit
3281 3978 3328 4022 et
3355 3968 3497 4031 vicit,

1919 4069 2459 4141 Ovonemtyrannum
2484 4068 2708 4138 fugavit,
2733 4075 2781 4119 et
2822 4064 3038 4118 Petrum
3080 4065 3354 4132 expulsum
3395 4060 3504 4131 pri-

1915 4162 2067 4216 stina:
2104 4159 2350 4231 dignitati
2386 4153 2855 4212 restituit.tPostea
2884 4169 3001 4208 vero
3032 4151 3221 4207 Petrus
3256 4151 3309 4206 in
3342 4166 3499 4221 regno

1915 4252 2243 4323 confortatus
2267 4250 2506 4305 eumdem
2550 4248 2778 4304 Ovonem
2810 4263 2929 4301 cum
2957 4262 3118 4301 uxore
3138 4253 3187 4298 et
3210 4242 3339 4312 ﬁliis
3365 4258 3507 4297 cum-

1915 4348 2227 4418 preltensunt
2288 4342 2895 4415 decollavit.--Magna
2935 4342 3012 4397 vis
3064 4340 3225 4412 famis
3270 4339 3507 4395 homines

1915 4439 2187 4494 immunda
2224 4438 2479 4492 animalia
2523 4437 2790 4493 comedere
2836 4436 3023 4505 coegit.
3051 4431 3359 4486 —Romani
3397 4427 3501 4483 Be-

1915 4532 2176 4586 nedictum
2236 4544 2427 4600 papam
2485 4544 2579 4599 pro
2626 4526 2907 4583 sceleribus
2960 4525 3074 4580 suis
3127 4520 3410 4593 expellunt,
3450 4528 3503 4573 et

1911 4621 2189 4691 quemdam
2243 4618 2554 4675 Silvestrum
2577 4634 2767 4689 papam
2798 4632 2862 4672 Cl.
2908 4627 3098 4671 temere
3133 4612 3455 4668 constituunt
3484 4626 3507 4674 ;

1912 4728 2064 4784 quem
2093 4721 2266 4766 tamen
2304 4708 2617 4764 Benedictus
2649 4725 2785 4778 papa
2806 4705 3154 4778 quorumdant
3182 4699 3385 4758 auxilio
3411 4713 3506 4754 ex-

1911 4805 2077 4877 pellit,
2101 4807 2330 4878 ipseque,
2354 4820 2464 4859 sua:
2491 4804 2600 4858 sedi
2624 4802 2879 4867 redditus,
2911 4812 3092 4871 sponte
3116 4816 3148 4852 a
3173 4804 3370 4868 papatu
3392 4794 3506 4849 dis-

219 4896 417 4965 regales
457 4900 595 4968 apud
625 4898 956 4970 lngelnlteim
987 4899 1197 4969 nuptias
1218 4896 1515 4952 celebravit.
1541 4896 1625 4951 Ibi
1652 4895 1803 4950 Luit—
1829 4891 1881 4951 D
1907 4904 2059 4957 cessit
2086 4912 2135 4957 et
2186 4897 2521 4964 Gratianum,
2546 4899 2749 4953 nomine
2790 4896 3121 4967 Gregorium,
3145 4908 3334 4962 papam
3358 4888 3504 4958 CLI,

212 4990 404 5061 paldus
427 4991 705 5051 Adalberti
737 4992 1058 5051 marcltionis
1084 4992 1237 5061 ﬁlius
1265 4991 1411 5046 obiit.

288 5080 427 5135 l0“
464 5080 675 5139 Gozzilo
706 5084 822 5137 dua:
864 5080 1303 5153 Lothaningornm
1353 5083 1579 5138 ntort'ens
1609 5078 1810 5136 σομε-

1916 5011 2009 5065 pro
2038 5011 2090 5051 te
2113 4990 2352 5051 ordinati
2368 4991 2623 5061 permisit,
2652 5004 2788 5043 anno
2819 4987 3032 5043 Domini
3056 4982 3218 5043 1046.

1711 5216 1945 5277 ΝΟΤᾸΕ.

234 5401 242 5404 ς
266 5332 432 5404 ,(577)
458 5333 1224 5393 AdalbertushicestAustrize
1241 5328 1735 5404 marcbio,Erne§ti
1754 5328 1795 5398 l,

1902 5314 2067 5404 supra
2096 5328 2283 5404 ad‘an.
2312 5323 2465 5404 [038.
2493 5325 2713 5404 calles,
2738 5323 2931 5383 Annal.
2962 5330 3147 5404 Germ.
3180 5331 3219 5378 ι.
3251 5321 3296 5388 Ι,
3323 5339 3375 5395 ρ.
3403 5323 3512 5382 330
3540 5376 3545 5385 λ
