3970 5406
196 252 291 312 εις

1355 255 1767 314 CllRONlCON.
1816 290 1887 299 -—-
1917 257 2095 314 S;EC.
2142 258 2233 312 XI.

3336 256 3441 313 246

1414 366 1641 424 GODEX
1684 368 2079 426 AUGIENSIS.

254 474 407 550 215
435 476 570 534 1046
594 477 669 535 Η.
694 477 759 534 G.
786 479 901 535 Rex
927 479 1409 537 NatalemDoniiui
1439 481 1490 535 in
1517 482 1755 537 Saxonia
1786 487 1836 549 Α
1863 485 2097 554 privarit,
2125 494 2179 540 et
2206 484 2257 539 in
2291 485 2574 555 quemdam
2616 484 2793 540 locum
2819 500 2941 540 cum
2983 485 3172 540 eadem
3215 485 3445 558 conjuge

190 571 319 641 apud
336 568 565 627 Gestare
583 569 897 628 celebravit.
961 573 1151 644 Magna
1200 573 1509 629 mortalitas
1561 574 1760 630 multos

190 662 375 734 passim
394 664 677 719 exstinxit.
702 665 1052 735 Eggeliardus
1085 667 1333 721 inarcliio
1357 666 1506 737 (593)
1556 666 1762 722 ditissi—

192 770 300 810 iuus
321 754 504 809 subito
526 756 765 810 moriens
784 758 1109 827 priediorum
1135 774 1357 813 suorum
1408 774 1593 828 regem
1638 759 1763 814 reli-

183 848 295 917 quit
344 848 766 904 bteredeiii.An.
824 848 953 904 Sus.
986 880 1057 891 --
1088 850 1201 904 Rex
1260 851 1514 919 pascliale
1569 851 1762 906 festum

190 938 321 1007 apud
351 937 667 1006 Trajectuiu
715 938 916 995 Frcsiac
951 940 1139 996 urbem
1179 941 1309 1012 egit,
1356 951 1410 995 et
1458 941 1764 997 subsecuiis

188 1031 382 1097 diebus,
436 1031 620 1087 navali
660 1032 1002 1103 expeditione
1046 1032 1100 1087 in
1147 1031 1571 1105 Pliladirtiugam
1614 1032 1765 1105 (59b)

189 1124 371 1179 fretum
405 1123 709 1194 trajiciens,
739 1138 936 1194 pagum
973 1123 1281 1193 quemdam,
1302 1140 1461 1194 quem
1510 1123 1764 1179 Theodo-

186 1218 323 1272 ricus
345 1217 599 1272 marcbio
626 1217 727 1271 sibi
759 1224 1142 1287 usurpaverat,
1168 1216 1237 1272 ab
1261 1232 1326 1272 eo
1349 1218 1546 1288 eripuit
1574 1235 1585 1275 :
1625 1219 1767 1275 unde

186 1305 321 1363 idem
343 1314 534 1378 postea
570 1305 879 1361 rebellionis
927 1321 1147 1361 causam
1202 1308 1453 1378 sumpsit.
1506 1306 1764 1363 Sanctum

185 1406 353 1452 autem
373 1395 739 1452 Pentecostcn
757 1398 1082 1469 Aquisgraui
1111 1398 1315 1455 faciens
1334 1400 1628 1455 Godefriilo
1643 1400 1765 1456 duci

187 1504 217 1544 e
242 1488 483 1543 custodia
516 1488 784 1554 relaxato,
841 1490 1053 1559 sibique
1100 1491 1412 1560 procedenti
1443 1501 1584 1547 terra
1614 1502 1769 1549 tenus

187 1586 451 1649 prostrato
496 1580 755 1635 ducatum
803 1597 960 1637 Suum
1013 1582 1163 1653 (595)
1212 1584 1466 1639 misertus
1511 1583 1765 1639 reddidit.

184 1660 382 1737 Quibus
402 1670 576 1726 etiam
609 1672 802 1727 diebus
821 1672 1158 1744 Widgerum,
1192 1673 1282 1744 qui
1314 1674 1586 1729 Ravennae
1634 1690 1767 1746 prae-

186 1760 547 1830 sulatumjam
575 1760 795 1823 biennio
824 1764 1006 1836 inepte
1056 1772 1112 1819 et.
1162 1764 1476 1831 crudeliter,
1528 1767 1764 1822 nondum

1864 574 1983 648 sua]
2015 574 2266 630 alendum
2296 577 2594 646 deputant;
2630 576 2811 630 inultis
2830 576 2994 631 etiam
3015 592 3110 648 per
3141 576 3282 632 idem
3315 587 3445 634 tein-

1864 683 1966 738 pus
2014 667 2313 739 peregrinis
2374 668 2503 722 inibi
2557 667 2873 737 exSpoliatis
2906 708 2921 733 ,
2980 669 3243 726 exsulatis
3281 679 3447 741 atque

1866 758 2184 813 uecaiis.—
2213 758 2330 824 Quo
2378 768 2677 829 comperto,
2715 774 2805 813 rex
2851 759 3139 824 Henricus,
3206 761 3296 831 qui
3331 760 3444 830 jam

1865 848 2043 903 valido
2070 849 2312 903 exercitu
2341 856 2669 919 congregato
2696 849 2746 903 in
2788 847 2995 903 Italiam
3029 850 3194 922 216
3216 851 3445 907 iterem-

1866 949 2038 1011 perat,
2068 939 2227 994 nimis
2256 939 2521 1019 indoluit;
2563 939 2656 995 sed
2686 951 2865 995 tamen
2896 942 3297 1012 expeditionem
3332 956 3442 997 non

1866 1031 2127 1085 deseruit.
2158 1029 2344 1100 Itaque
2366 1032 2671 1086 coaduuato
2698 1032 2941 1087 exercitu
2985 1032 3164 1102 Papia:
3194 1031 3340 1103 (598)
3362 1046 3450 1106 sy—

1866 1122 2066 1177 nodum
2090 1121 2402 1176 celebravit.
2435 1121 2559 1177 ludc
2582 1121 2914 1179 Placentiam
2959 1124 3202 1189 veniens,
3235 1123 3449 1181 Gratia-

1869 1229 2018 1280 num,
2045 1227 2228 1283 quem,
2256 1212 2496 1283 expulsis
2516 1214 2809 1285 prioribus,
2848 1214 3078 1270 Romani
3117 1231 3312 1286 papam
3342 1227 3454 1271 sta-

1866 1312 2085 1358 tuerant
2125 1301 2293 1374 (599),
2318 1305 2384 1359 ad
2415 1318 2475 1358 se
2501 1304 2804 1359 venientem
2853 1304 3151 1360 honor-ilice
3189 1304 3454 1375 suscepit,

1868 1396 2074 1465 sicque,
2106 1396 2315 1451 cunctis
2346 1412 2606 1467 prospere
2631 1396 2981 1465 cedentibus,
3006 1398 3157 1467 juxta
3209 1396 3455 1454 Natalem

1869 1485 2104 1553 Domini,
2132 1502 2235 1541 non
2257 1486 2410 1558 longe
2436 1488 2504 1541 ab
2522 1488 2655 1544 urbe
2681 1489 2849 1544 Roma
2877 1489 3019 1560 apud
3051 1487 3454 1560 Sutriam(600)

1868 1578 2075 1651 synodo
2099 1580 2226 1635 item
2253 1587 2396 1646 acta,
2420 1595 2697 1651 causaque
2724 1596 3081 1637 erroneorum
3135 1580 3456 1653 pontificum

1869 1671 2179 1744 diligentius
2203 1672 2487 1739 ventilata,
2528 1672 2844 1729 Gratianum
2902 1688 3095 1745 papam
3148 1672 3457 1728 convictum

1870 1765 2123 1835 pastorali
2152 1765 2343 1821 baculo
2369 1766 2602 1836 privavit
2631 1765 2802 1837 (601).
2842 1764 2999 1832 Dein,
3033 1765 3300 1831 omnium,
3349 1772 3460 1819 tam

187 1861 553 1920 consecratus,
580 1856 820 1921 tenebat,
843 1857 911 1912 ad
940 1872 1001 1913 se
1026 1866 1277 1913 vocatum
1301 1859 1612 1929 episcopatu
1656 1860 1765 1929 pri-
1799 1870 1841 1930 [ς
1871 1855 2234 1921 Romanorum
2266 1872 2427 1927 quam
2456 1856 2952 1922 alioriim,assensu
2986 1855 3307 1927 Suidgcrum
3345 1855 3461 1925 epi-

187 1944 324 1999 vavit
344 1943 527 2017 (596).
559 1945 822 2018 Sequenti
849 1957 1087 2018 tempore
1114 1965 1208 2005 rex
1250 1950 1303 2005 in
1325 1949 1532 2005 ltaliain
1554 1952 1775 2022 expedi-

187 2035 378 2091 tionem
405 2042 593 2104 parat.
620 2034 935 2093 Fridericus
957 2038 1127 2095 frater
1150 2038 1368 2096 Henrici
1393 2041 1549 2096 ducis
1581 2040 1771 2111 Bajoa-

185 2127 293 2192 lit,
323 2127 436 2183 dux
467 2127 927 2201 Lotbaringoruin
954 2132 1126 2206 (597),
1156 2147 1255 2204 pro
1282 2132 1563 2190 Godefridi
1600 2133 1773 2191 fratre

186 2218 369 2288 ignavo
390 2218 696 2277 Gozzilone
712 2224 1080 2280 constituitur.
1101 2256 1172 2266 —
1193 2225 1495 2282 Subsccuto
1514 2234 1774 2283 autumno

186 2306 442 2381 llungari,
468 2311 719 2383 pristinae
757 2314 996 2384 perfidia:
1023 2330 1136 2371 suae
1184 2330 1473 2382 memores,
1498 2317 1769 2373 Andream

186 2403 466 2473 quemdam
494 2419 678 2477 regem
698 2406 801 2462 sibi
831 2414 1098 2473 statuunt,
1122 2407 1342 2464 Petrum
1369 2409 1770 2480 regem,multis

188 2492 520 2553 advenarum
541 2497 634 2568 qui
654 2512 754 2568 pro
770 2511 835 2554 eo
847 2509 1215 2570 pugnaverant
1234 2500 1451 2563 occisis,
1466 2500 1633 2556 variis
1642 2516 1764 2557 cum

187 2584 413 2660 conjuge
436 2600 544 2644 sua
572 2584 768 2660 [Gott.,
795 2587 1008 2660 injuriis
1021 2590 1273 2645 allectum
1294 2599 1573 2662 postremo
1597 2594 1769 2649 oculis

1873 1959 2130 2018 Scopum,
2176 1949 2266 2019 qui
2317 1958 2440 2020 post
2489 1949 2858 2006 Eberhardum
2896 1950 3132 2021 primum
3182 1948 3455 2005 secundus

1872 2038 2379 2112 Babenbergeusem
2410 2041 2696 2113 sextojam
2720 2057 2863 2098 anno
2891 2040 3111 2113 regebat
3134 2039 3458 2102 Ecclesium,

1875 2131 2100 2187 nimium
2125 2132 2479 2189 reluctantem
2510 2174 2525 2197 ,
2585 2149 2857 2191 summum
2898 2134 3160 2190 Romanae
3208 2131 3465 2189 Ecclesia:

1875 2226 2040 2297 elegit
2061 2227 2407 2298 pontificem;
2433 2228 2622 2298 sicque
2642 2227 2786 2284 circa
2805 2227 3020 2299 vigilias
3032 2225 3240 2282 Natalis
3254 2225 3464 2282 Domini

1877 2318 2052 2389 ipsam
2082 2319 2459 2391 ingrediuntur
2494 2319 2709 2374 urbem.
2747 2319 2949 2375 Eadem
2985 2327 3146 2375 nocte
3167 2318 3319 2373 bona:
3350 2330 3466 2372 me-

1875 2409 2063 2465 moriae
2075 2408 2419 2466 Eberhardus
2437 2408 2871 2469 Constantiensis
2889 2409 3145 2465 Ecclesia:
3159 2410 3469 2480 episcopus,

1872 2501 2007 2558 inibi
2035 2502 2087 2558 in
2116 2504 2326 2574 porticu
2354 2504 2526 2560 sancti
2584 2503 2727 2559 Petri
2781 2496 3142 2575 sepeliendus,
3192 2500 3327 2557 obiit
3370 2514 3467 2555 xiii

1874 2599 2220 2669 episcopatus
2260 2599 2343 2656 sui
2370 2614 2538 2654 anno.

1189 2703 1642 2763 COMPENDIUM
1681 2706 1776 2763 EX
1813 2709 2060 2768 GO-DlGE
2102 2711 2474 2770 BERNOLDI.

253 2810 391 2868 1046
419 2810 544 2867 Rea:
572 2812 888 2885 Aquisgrmii
916 2815 970 2869 in
999 2812 1301 2871 Pentecoste
1350 2812 1635 2887 Godefrido
1658 2817 1783 2874 duci
1810 2824 1855 2887 C
1885 2837 2040 2892 geras
2098 2820 2540 2893 Babenbergensis
2578 2821 2877 2892 episcopus,
2923 2820 3144 2875 nimium
3185 2818 3469 2886 reluctans,

190 2904 420 2960 custodia
449 2904 699 2960 relaxato
722 2905 971 2960 ducatum
994 2907 1244 2973 reddidit,
1277 2918 1324 2962 et
1366 2908 1615 2980 Widgero
1668 2907 1783 2963 Ra-

188 3014 359 3053 renna:
378 2997 608 3070 pra‘suli
636 2999 854 3053 nimium
905 3000 1126 3068 crudeli,
1173 3001 1405 3057 nondum
1460 3012 1783 3067 consecrato,

188 3090 546 3160 episcOpatum
576 3090 812 3145 abstulit.
846 3089 1093 3164 llungari
1135 3110 1304 3164 regem
1356 3110 1512 3147 suum
1565 3093 1784 3148 Petrum

189 3183 348 3235 oculis
373 3183 616 3253 privent,
648 3193 696 3236 et
736 3200 831 3253 pro
858 3200 918 3239 eo
972 3186 1249 3257 quemdam
1308 3185 1571 3241 Andream
1616 3202 1787 3256 regem

189 3277 439 3325 statuam.
468 3267 706 3325 Henrico
760 3273 889 3343 regi,
922 3290 1039 3328 cum
1092 3273 1418 3345 expeditione
1477 3274 1532 3328 in
1568 3272 1788 3330 Italiam

191 3362 428 3430 venienti,
461 3361 759 3423 Gratianus
786 3386 943 3441 papa,
968 3387 1121 3442 quem
1140 3368 1373 3425 Romani
1393 3370 1622 3442 expulsis
1639 3372 1809 3442 prio-

192 3452 326 3508 ribus
349 3462 681 3526 statuerunt,
715 3459 1001 3518 Placentia:
1022 3463 1244 3523 obvious
1274 3462 1562 3533 honoriﬁce
1613 3465 1781 3519 susci-

191 3544 366 3610 pitur;
394 3548 490 3618 qui
512 3557 687 3604 tamen
713 3551 1043 3622 postmodum
1070 3553 1211 3624 apud
1251 3552 1487 3609 Sutrium
1513 3554 1566 3609 in
1587 3553 1788 3625 synodo

194 3646 296 3693 non
320 3636 523 3694 invitus
534 3643 810 3711 pastorale
840 3644 1074 3714 ofﬁcium
1094 3644 1354 3717 deposuit.
1379 3642 1487 3700 Pro
1507 3661 1609 3717 quo
1628 3644 1791 3701 Suid—

1886 2909 2116 2962 omnium
2149 2924 2406 2964 consensu
2435 2907 2665 2978 eligitur.
2697 2905 2766 2961 In
2812 2915 3042 2976 tempore
3069 2904 3229 2974 hujus
3256 2912 3468 2974 aposto-

1885 2999 1974 3056 lici
2002 2999 2405 3055 innumerabiles
2432 3007 2757 3055 terrientotus
2775 3007 2823 3053 et
2851 2996 3068 3053 maximi
3092 2997 3145 3050 in
3171 2994 3332 3049 Italia
3353 3005 3475 3049 sunt

1888 3095 2016 3165 [acti
2038 3111 2057 3160 ;
2086 3104 2134 3149 et
2161 3094 2257 3148 hoc
2280 3092 2524 3164 fortassis
2552 3092 2690 3158 ideo,
2716 3091 2842 3162 quia
2863 3089 3001 3144 idem
3025 3087 3346 3160 apostolicus
3370 3103 3475 3141 non

1891 3187 2140 3243 canonice
2166 3187 2476 3257 subrogatus
2503 3194 2577 3241 est
2609 3184 2924 3240 antecessori
2947 3200 3065 3251 suo,
3095 3199 3199 3237 non
3228 3182 3478 3237 canonice

1891 3282 2170 3352 deposito:
2204 3279 2438 3336 videlicet
2460 3296 2615 3351 quem
2664 3276 2813 3333 nulla
2867 3274 3023 3347 culpa
3073 3274 3335 3343 deposuit,
3385 3273 3477 3328 sed

1888 3374 2109 3445 simplex
2129 3372 2399 3428 humilitas
2420 3372 2484 3427 ab
2523 3371 2702 3442 ofﬁcio
2730 3385 2934 3425 cessare
2973 3367 3236 3435 persuasit
3303 3364 3476 3434 (602).

1893 3462 2231 3521 Eberhardus
2260 3461 2676 3519 Constantiensis
2703 3460 2973 3533 episc0pus
3000 3457 3184 3514 Romae
3207 3456 3480 3544 obiitnpro

1890 3573 1997 3630 quo.
2024 3555 2398 3620 TlteOdericus.
2684 3547 2693 3553 ’

1720 3758 1952 3819 NOTAE.

260 3878 411 3951 (595)
442 3878 733 3934 Ekkardus
764 3877 808 3933 ll
856 3879 1069 3937 Mlsnia:
1107 3880 1373 3945 marcliio,
1424 3879 1658 3938 Henrico
1712 3880 1781 3936 lll

197 3950 318 4023 imp.
354 3952 409 4004 in
435 3951 632 4023 paucis
661 3951 878 4023 cliarus,
943 3952 1010 4007 de
1037 3968 1145 4022 quo
1174 3952 1377 4007 Eccard
1422 3952 1474 4008 in
1509 3952 1647 4008 Hist.
1692 3968 1785 4023 ge-

198 4020 342 4092 neal.
362 4021 678 4092 principum
704 4020 906 4092 Saxon.
941 4020 1122 4092 super.
1153 4037 1209 4091 p.
1237 4023 1367 4078 229.

264 4037 331 4073 ai.
404 4037 678 4091 rincipum
704 4037 906 4076 naxon.
941 4037 1122 4092 super.
1153 4037 1209 4091 p.
1237 4037 1367 4078 πυ.

263 4037 415 4163 (59R)
454 4089 616 4163 Nunc
641 4091 1016 4163 Ylaerdiugen,
1046 4092 1341 4148 Hollandize
1386 4093 1538 4149 vicus
1566 4093 1633 4148 ad
1671 4092 1786 4148 Mo-

198 4177 331 4235 sam,
368 4161 553 4235 sedes
608 4161 737 4235 olim
782 4161 1078 4235 Hollandiaa
1117 4164 1376 4235 comitum
1407 4203 1423 4228 ,
1465 4164 1610 4219 inter
1651 4180 1789 4235 quos

201 4232 581 4288 'fbeodoricus
609 4231 699 4288 liic
720 4242 949 4301 quartus
977 4231 1094 4302 ejus
1124 4234 1361 4289 nominis
1388 4244 1624 4290 notatur.

287 4303 417 4368 595)
446 4302 814 4372 Lolliaringia:
844 4319 1038 4373 nempe
1058 4303 1351 4359 inferioris.

264 4310 421 4444 (596)
467 4372 762 4444 Henricum
788 4381 1079 4444 propterea
1110 4375 1351 4444 repreliei

203 4444 300 4515 dep

204 4516 478 4570 eumdem.

272 4584 429 4656 (597)
450 4584 793 4658 P.4Glement
826 4585 1074 4658 Gosiloni
1125 4586 1171 4643 ll
1198 4601 1292 4643 seu
1332 4587 1529 4658 ignavo
1558 4588 1625 4643 ad
1653 4588 1821 4643 hunc-

210 4655 770 4729 annumdefunctoin
825 4657 1191 4729 Lotbaringiae
1251 4655 1550 4729 superioris
1598 4659 1799 4713 ducatu

209 4726 274 4780 ab
301 4727 636 4797 imperatore
658 4727 944 4783 sull'ectum
984 4726 1177 4784 scribit
1219 4726 1499 4784 Albertum
1532 4729 1799 4786 .Alsatam

210 4811 273 4870 ex
298 4799 599 4854 comitibus
618 4798 686 4853 de
712 4799 1008 4870 Egisheim,
1060 4814 1203 4854 anno
1253 4800 1390 4856 1048
1427 4815 1457 4853 a
1508 4798 1800 4870 Godefrido

210 4867 264 4940 in
283 4884 467 4939 pugna
502 4867 1087 4926 occisumfGodefrido
1112 4870 1274 4940 igitur
1300 4886 1490 4926 rursus
1511 4873 1581 4926 ob
1619 4869 1799 4925 rebel-

212 4938 407 5012 lionem
429 4949 789 5012 exauctorati)
813 4956 904 5012 an.
922 4939 1059 5012 i048
1082 4938 1514 5012 in'Lotliaringia
1545 4941 1802 4997 inferiore

213 5010 548 5132 ipbstitutus
568 5021 652 5065 est
686 5009 1000 5082 Fridericus
1039 5009 1530 5083 Luxemburgiciis,
1581 5013 1649 5069 de
1692 5025 1805 5083 quo

261 5094 588 5132 ermannus.

261 5094 588 5133 ermannus.

282 5150 434 5273 (598)
473 5149 621 5231 Nibil
645 5151 711 5205 de
738 5150 992 5232 Papiensi
1026 5152 1186 5223 hujus
1210 5153 1337 5237 anni
1367 5152 1646 5224 synodoin
1665 5151 1803 5207 Lati.

285 5219 407 5273 iCo
435 5221 670 5273 lectione
724 5221 1079 5273 coneilloriim
1110 5234 1369 5273 occurrit.
1430 5223 1574 5273 Illam
1624 5233 1803 5273 tamen

218 5218 299 5273 lici
328 5218 670 5275 Collectione
724 5218 1369 5280 conciliorum'occurrit.
1396 5218 1574 5277 'lllam
1624 5233 1803 5278 tamen

219 5304 405 5368 revera
438 5289 766 5368 celebratam
802 5291 973 5346 fuisse
1014 5307 1082 5348 ex
1106 5296 1277 5367 veteri
1320 5293 1605 5368 tabularii
1630 5293 1803 5368 Vero:

1888 3880 2101 3953 domino
2126 3887 2315 3953 nostra
2334 3878 2673 3953 invictissime
2703 3891 2817 3944 rege
2844 3872 3073 3953 Henrico
3102 3870 3231 3953 ⁸111,
3275 3886 3481 3953 ραι-οξ-

1891 3961 1980 4022 pto
2004 3949 2236 4020 ejusdem
2263 3948 2479 4019 gloriosi
2502 3939 2815 4022 congregata
2850 3952 2949 4022 est.
2980 3939 3162 4012 Papia:
3214 3940 3479 4022 generalis

1892 4010 2123 4091 synodus
2143 4010 2411 4101 ;_cumqite
2431 4010 2621 4100 multa?
2637 4010 2716 4101 res
2770 4015 2825 4068 in
2850 4012 3041 4101 eadem
3062 4010 3315 4101 ξηρᾶς-μ
3330 4010 3481 4101 iuste

1894 4083 2048 4162 atque
2077 4083 2458 4162 rationabiliter
2478 4089 2532 4143 in
2559 4086 2792 4162 ejusdem
2820 4083 3038 4162 gloriosi
3086 4083 3220 4151 regis
3252 4097 3483 4150 prirseu-

1894 4155 1990 4227 tiri,
2023 4160 2529 4233 archiepiscoporum
2558 4156 2700 4233 illius
2724 4165 2771 4210 et
2799 4155 3168 4233 episcoporum
3194 4161 3485 4232 pertracta-

1898 4225 2100 4294 rentur,
2128 4225 2233 4285 etc.
2265 4225 2578 4297 Sequuntur
2598 4228 2720 4281 dein
2750 4225 2971 4297 nomina
3005 4225 3249 4297 omnium
3271 4225 3484 4297 episco-

1899 4290 2210 4373 porum'iqiii
2251 4290 2480 4356 concilio
2530 4298 2651 4353 huic
2681 4296 3065 4373 interfuerunt,
3092 4290 3484 4373 tamltalorum

291 4361 437 4500 53:21
467 4361 762 4428 Henricum
788 4361 1079 4445 propterea
1110 4375 1458 4458 reprehendit
1499 4374 1789 4439 Baronius,
1823 4379 1871 4439 υ
1897 4361 2058 4443 quam
2088 4361 2501 4431 Germanorum,
2531 4384 2668 4440 quos
2702 4368 2920 4424 ultimos
2941 4371 3228 4448 enumerat
3259 4361 3483 4447 Galle_s..

291 4463 322 4499 ι-
438 4452 535 4500 cat
561 4459 693 4499 vero
728 4443 789 4498 Β.
817 4444 1014 4500 Petrus
1034 4445 1279 4500 Dannani
1322 4446 1357 4500 ι.
1393 4462 1491 4500 vn.
1521 4463 1608 4500 eu.
1636 4447 1693 4500 2.
1726 4448 1794 4500 ad
1896 4445 2094 4500 Annal.
2126 4442 2335 4498 Eccles.
2360 4440 2544 4496 Germ.
2576 4449 2614 4493 t.
2647 4437 2710 4500 V,
2748 4455 2800 4500 ι).
2858 4436 2985 4492 422.
3044 4436 3163 4493 Vid.
3231 4432 3483 4500 Sigonius

306 4432 535 4500 redicat
561 4459 693 4499 vero
728 4432 1014 4502 B.'Pe'trus
1034 4432 1279 4503 Damiani
1322 4446 1357 4501 ι.
1393 4462 1491 4513 vn,
1521 4463 1608 4517 ep.
1636 4447 1693 4502 2.
1726 4432 1794 4501 ad
1825 4432 1860 4439 ⁷
1896 4432 2094 4517 Ᾱιιραι.
2126 4442 2335 4517 Eccles.
2360 4432 2614 4517 Germft.
2647 4437 2710 4507 V,
2747 4455 2800 4511 p.
2858 4436 2985 4492 422.
3044 4435 3163 4493 Vid.
3231 4432 3488 4505 Sigonius

1898 4517 1965 4571 de
1990 4515 2177 4582 Regna
2209 4512 2373 4568 ltalim
2410 4512 2444 4564 l.
2477 4526 2596 4582 vni.

1993 4576 2115 4649 599)
2146 4583 2258 4638 Sub
2284 4582 2504 4637 nomine
2527 4578 2774 4649 Gregorii
2810 4576 2895 4633 Vl.

1993 4585 2115 4649 599)
2146 4585 2258 4638 Sub
2284 4585 2504 4637 nomine
2527 4585 2774 4649 Gregorii
2811 4585 2895 4633 Vl.

1968 4585 2118 4726 (600)
2146 4653 2277 4726 Quae
2298 4654 2348 4707 in
2372 4654 2473 4726 lioc
2495 4652 2720 4713 Sutrino
2744 4647 2978 4726 concilio
3019 4654 3142 4703 acta
3163 4645 3280 4726 _siu_t
3303 4684 3320 4712 ,
3344 4659 3486 4726 unus

1898 4715 2112 4782 cofevns’
2138 4715 2372 4792 scriptor
2394 4722 2732 4777 Hermanuus
2755 4718 2953 4792 prodit,
2989 4734 3111 4789 qua:
3158 4715 3333 4772 fusius
3362 4716 3490 4771 dein

1901 4790 2363 4867 recensetVictor
2383 4793 2479 4867 l_l|,_
2502 4809 2555 4862 p.
2584 4808 2625 4867 i_.
2654 4792 2689 4845 ’5
2718 4790 2916 4867 dialog.
3060 4865 3066 4867 Α
3189 4853 3252 4867 m

1975 4867 2123 4937 (601)
2158 4866 2286 4937 lino,
2313 4873 2371 4918 ut
2397 4853 2563 4937 liablet
2591 4853 2911 4937 Bernoldus',
2950 4865 3138 4937 postea
3189 4853 3493 4937 Victor-Ill,

1904 4939 1936 4993 l.
1975 4924 2053 5001 c.,
2075 4924 2187 5008 ipse
2214 4924 2357 4990 ultro
2382 4932 2715 5008 pontiﬁeiam
2737 4924 3057 5008 iljgiiitaiem
3083 4925 3351 5008 deposuit.
3389 4924 3489 5008 Ubi

1902 4993 2196 5063 vero'n'ova
2220 4993 2517 5061 Clementis
2540 5002 2737 5057 electio
2758 4993 2902 5054 fa'cta
2941 4999 3015 5054 sit
3040 5038 3055 5063 ,
3084 4993 3384 5068 scriptores
3433 4993 3493 5054 in

1902 5079 2116 5134 diversa
2147 5078 2368 5137 abeunt,
2399 5073 2708 5127 Hermaiiiio
2764 5070 2816 5124 iil
2846 5069 3017 5125 Sutrii
3068 5067 3247 5123 adhuc
3291 5066 3498 5123 factum

1903 5150 2243 5220 perliibente,
2277 5145 2407 5220 iluui
2436 5152 2655 5220 ecoii-tra
2697 5139 2949 5220 laudatus
2977 5141 3167 5220 Yictor
3191 5150 3500 5220 papal‘nec

1904 5206 2011 5273 non
2034 5219 2144 5277 Leo
2173 5206 2440 5274 Ostiensis
2494 5211 2716 5283 (Chron.
2748 5208 2962 5283 Cgssin.
2992 5212 3032 5266 l.
3087 5224 3151 5283 ii,
3193 5206 3278 5265 'c.’
3304 5208 3403 5283 79)
3442 5206 3499 5262 id

1907 5289 2094 5368 Romae
2121 5289 2354 5358 primum
2404 5277 2699 5368 contigisse
2731 5277 3036 5368 afﬁrmant.
3094 5281 3152 5335 1d
3200 5294 3267 5368 ex
3304 5277 3497 5368 eodem
