3970 5406
174 270 272 331 249

1367 264 1782 327 CllllONlCON.
1825 298 1893 308 —
1931 266 2103 326 SJEC.
2146 270 2236 326 XL

3312 266 3426 326 180

830 408 857 424 .
1416 378 1666 451 ,εοωςχ
1700 376 2090 441 AUGIENSts.

173 504 351 559 ducum
377 498 627 556 videlicet
660 495 875 553 llenrici
908 505 964 554 et
998 494 1260 551 Friderici
1303 494 1450 570 (609)
1480 496 1727 554 fratrem.
1761 502 1806 562 Α
1835 497 1955 565 dus,
1982 499 2123 555 inter
2158 499 2261 555 alia
2289 513 2411 570 quae
2439 508 2629 556 contra
2658 514 2837 573 regem
2879 500 3066 573 gessit,
3096 498 3424 559 Viridunen-

171 594 405 651 Metensis
432 590 687 648 Ecclesiae
712 590 1022 661 episcopum
1056 597 1178 660 post
1212 587 1606 647 Theodericum
1636 607 1735 646 nu-

168 704 253 759 per
282 684 589 745 defunctum
617 680 920 752 constituit.
956 681 1121 746 Item,
1162 680 1415 752 Poppone
1457 682 1732 752 archiepi-

166 794 315 848 scopo
353 776 482 846 ipsis
532 774 724 830 diebus
751 772 1026 839 defuncto,
1074 773 1383 831 Trevirensi
1417 777 1536 833 urbi
1592 777 1734 833 Ebe-

167 870 407 925 rhardum
433 866 746 925 Wormatitc
766 866 1114 937 praepositum
1138 868 1573 939 arclnipraesulem
1596 885 1734 940 pra:-

1840 606 1953 647 sem
1984 592 2260 648 civitatem
2289 592 2413 649 dolo
2433 604 2648 665 captam
2683 593 2919 650 incendit
2939 602 2994 649 et
3016 593 3239 662 evertit;
3266 594 3437 673 cujus

1838 685 2091 740 ducatum
2125 685 2421 757 imperator
2450 685 2744 742 Adelberto
2782 686 2929 758 (lilii)
2964 688 3180 743 cuidam
3229 688 3417 744 tradit.

1836 774 1995 830 Gesta
2036 774 2259 841 Virdun.
2288 793 2404 847 ιρι).
2431 777 2575 843 apud
2606 775 2829 832 Calmet.

1873 871 2044 927 4048
2074 871 2149 925 .ll.
2186 868 2249 925 (ἕ.
2279 872 2576 943 Imperator
2601 870 2821 927 Natales
2853 870 3060 926 Domini
3091 872 3145 927 in
3176 871 3414 928 Saxonia

164 962 295 1022 fecit.
332 990 405 1002 ο-
452 959 559 1015 Per
587 959 733 1015 idem
782 970 1015 1031 tempus,
1051 974 1175 1016 cum
1218 960 1620 1031 expeditionem
1674 962 1731 1019 in
1833 972 2075 1016 moratus
2098 960 2265 1032 (615),
2299 961 2585 1017 confestim
2612 978 2706 1033 per
2729 960 3052 1031 Wirzeburg
3078 961 3419 1017 inAleman-

163 1052 453 1109 Pannonias
475 1053 544 1106 ad
569 1051 790 1108 Petrum
817 1052 1187 1109 ulciscendum
1233 1053 1546 1125 disponeret
1563 1097 1578 1120 ,
1613 1054 1728 1112 Go-

1833 1054 1978 1108 niam
1999 1054 2168 1116 venit,
2199 1063 2256 1110 et
2280 1053 2447 1109 Ulma:
2469 1054 2801 1124 colloquium
2822 1054 3050 1119 habens,
3078 1053 3325 1110 Ollonczn
3350 1055 3418 1110 de

162 1144 383 1201 delridus
421 1143 532 1199 dux
568 1160 691 1200 cum
735 1144 995 1200 Balduino
1041 1144 1211 1216 (610)
1257 1146 1323 1199 de
1377 1144 1629 1201 Flaudris
1674 1156 1732 1203 et
1832 1146 2092 1202 Sviuvnrt
2124 1148 2492 1204 marcltionem
2531 1147 2725 1204 Suevis
2754 1149 2945 1204 ducem
2984 1149 3305 1204 constituit:
3339 1148 3416 1202 in-

158 1236 267 1295 aliis
316 1239 593 1294 nonnullis
640 1237 990 1293 rebellionem
1065 1238 1354 1294 innovasse
1420 1238 1729 1309 bellumque

159 1330 312 1400 copiis
348 1328 597 1386 collectis
629 1328 908 1399 paravisse
934 1336 969 1396 ;‘
1002 1329 1372 1386 Theodericus
1414 1344 1630 1401 quoque
1660 1331 1728 1387 de

159 1423 512 1491 Phladirtinga
568 1422 815 1477 mareltio
865 1422 1235 1487 rebellavissc,
1287 1431 1343 1477 et
1384 1422 1727 1495 episcopatus

158 1515 246 1570 sibi
285 1514 575 1584 contiguos
627 1514 694 1567 ad
748 1513 999 1584 iniuriam
1049 1513 1395 1585 imperatoris
1438 1515 1725 1585 populatus

156 1605 578 1661 esseuuntiatur.
602 1603 872 1661 Praeterea
894 1605 1163 1670 Andreas,
1198 1606 1290 1677 qui
1319 1621 1544 1678 regnum
1577 1605 1724 1663 Petri

156 1695 389 1761 obtinuit,
427 1693 547 1763 jam
581 1697 775 1751 crebro
808 1695 1013 1767 legatos
1044 1697 1318 1768 supplices
1357 1697 1600 1764 miserat,
1631 1714 1723 1755 re-

156 1804 298 1861 gnum
312 1803 369 1843 se
388 1789 455 1841 ab
480 1786 673 1859 llnnga
683 1788 754 1844 ris
766 1797 1014 1844 coactum
1031 1789 1338 1859 suscepisse
1354 1789 1492 1845 conti
1505 1778 1714 1857 rmans,

154 1883 212 1938 de
228 1880 363 1936 Petri
385 1895 511 1936 sese
536 1880 748 1950 injuriis
770 1896 1057 1947 excusans,
1086 1882 1286 1953 quique
1317 1882 1576 1939 adversus
1598 1898 1722 1937 eum

157 1974 578 2044 coniuraverant,
613 1975 810 2045 partim
835 1991 865 2030 a
888 1991 948 2031 se
981 1976 1297 2043 trucidatos,
1329 1977 1529 2048 partim
1553 1976 1722 2047 impe-

156 2070 303 2129 ratori
344 2069 640 2125 tradendos
685 2069 1041 2137 denuntians,
1092 2085 1356 2140 suamque
1406 2069 1722 2141 imperatori

154 2159 551 2229 subiectionem,
583 2175 823 2214 annuum
861 2176 1086 2216 censum
1118 2170 1173 2216 et
1200 2160 1451 2217 devotam
1488 2163 1723 2218 servitu-

155 2263 266 2317 tem,
302 2254 345 2309 si
383 2268 615 2324 regnum
662 2267 719 2306 se
770 2251 970 2308 habere
1025 2254 1386 2324 permitteret,
1434 2254 1719 2308 mandans.

153 2343 337 2410 Quibus
363 2360 431 2399 ex
462 2344 650 2399 causis
670 2343 837 2399 dilata
865 2345 1209 2414 expeditione
1248 2344 1358 2409 illa,
1392 2360 1515 2401 cum
1543 2344 1721 2402 Code-

152 2434 303 2492 fridus
320 2449 542 2507 quoque
573 2436 678 2491 dux
707 2436 1055 2492 rebellionem
1078 2453 1234 2492 suam
1256 2437 1467 2493 callidis
1496 2437 1723 2508 legatio-

150 2527 290 2585 nibus
314 2528 706 2601 dissimularet,
732 2530 1029 2585 autumnali
1065 2539 1310 2601 tempore
1348 2532 1526 2587 navali
1556 2548 1717 2588 exer-

147 2618 245 2675 citu
269 2618 497 2675 collecto
518 2627 710 2676 contra
761 2619 1156 2693 Theodericum
1189 2623 1241 2676 in
1289 2621 1717 2695 Phladirtingam

149 2722 281 2763 arma
309 2708 631 2765 commovit.
659 2740 730 2749 —
758 2710 965 2767 Interea
997 2710 1123 2768 Otto
1146 2712 1447 2769 Suevorum
1471 2714 1600 2780 dux,
1624 2714 1715 2784 qui

149 2802 463 2871 provinciam
500 2804 601 2861 sibi
637 2806 893 2860 traditam
931 2806 1021 2877 pie
1048 2822 1114 2863 ac
1156 2817 1380 2864 strenue
1417 2810 1579 2864 tertio
1601 2808 1715 2878 jam

149 2907 272 2950 anno
298 2896 561 2967 regebat,
610 2897 900 2953 immaturo
925 2899 1073 2954 obitu
1120 2900 1261 2955 diem
1311 2901 1506 2957 clausit
1534 2912 1717 2957 extre-

150 3002 296 3042 mum.
320 2988 456 3060 ipsis
496 3005 715 3061 quoque
746 2991 937 3047 diebus
975 2991 1261 3049 Heinricus
1302 2993 1564 3066 Bajoaria:
1609 2996 1717 3051 dux

147 3078 408 3137 defunctus
435 3081 696 3138 Treveris
724 3083 1003 3153 sepelitur.
1036 3083 1289 3141 Clemens
1317 3088 1503 3154 etiam,
1541 3087 1631 3157 qui
1662 3094 1717 3141 et

147 3168 453 3241 Suidegerns
495 3185 657 3241 papa,
691 3174 745 3226 in
777 3171 1038 3229 Romanis
1063 3176 1313 3246 partibus
1350 3191 1494 3232 nono
1529 3191 1716 3232 mense

144 3262 490 3332 promotionis
513 3278 625 3319 sua:
652 3264 794 3320 diem
825 3265 973 3337 (611)
1004 3233 1218 3333 obiens,
1247 3268 1315 3322 ad
1344 3267 1711 3338 episc0patum
1741 3233 1785 3295 Ο

146 3370 281 3415 Suum
303 3357 625 3430 Babenberg
651 3366 960 3429 reportatus
990 3359 1306 3415 tumulatur.
1334 3391 1405 3400 —
1426 3360 1589 3431 220
1612 3360 1714 3415 lm-

145 3460 340 3518 perator
366 3451 720 3522 expeditione
742 3452 793 3507 in
820 3452 1243 3522 Phladirtingam
1268 3452 1514 3523 trajecta,
1539 3468 1711 3523 aquo-

145 3543 209 3603 sis
245 3544 667 3616 impedientibus
711 3544 861 3611 locis,
892 3560 1084 3617 parum
1125 3548 1389 3618 prolicere
1420 3547 1612 3617 potuit,
1656 3555 1713 3602 et

146 3642 422 3701 revertens,
449 3636 789 3693 adversariis
819 3638 1033 3695 marino
1055 3653 1214 3694 cursu
1256 3637 1465 3694 levibus
1493 3638 1710 3709 scaphis

143 3721 565 3783 latrocinantium
599 3742 751 3785 more
781 3728 1152 3799 sequentibus,
1171 3737 1226 3785 et
1245 3739 1518 3785 extremos
1547 3744 1709 3801 quos-

146 3833 236 3890 que
261 3822 592 3879 incursando
621 3823 978 3890 caedentibus,
1022 3839 1129 3878 non
1174 3824 1438 3879 modicam
1467 3824 1520 3878 in
1549 3839 1707 3879 exer-

144 3912 237 3981 citu
257 3913 461 3972 cladem
508 3916 752 3987 pertulit.
792 3915 915 3986 Ipso
941 3930 1155 3987 quoque
1188 3924 1430 3987 tempore
1456 3913 1709 3971 Godel‘ri-

1829 1238 2003 1308 deque
2022 1237 2322 1307 Bajoariam
2340 1240 2583 1302 veniens,
2600 1239 3066 1311 quadragesimale
3087 1248 3142 1295 et
3162 1238 3417 1309 paschale

1830 1340 2044 1400 tempus
2091 1330 2291 1401 exegit.
2351 1330 2554 1387 Eadem
2599 1331 3022 1401 Quadragesima
3068 1330 3308 1404 sanguis,
3357 1337 3418 1385 ut

1829 1423 2093 1489 creditur,
2129 1421 2343 1478 Domini
2390 1423 2532 1494 apud
2576 1424 2767 1479 urbem
2798 1423 3070 1479 Mantuam
3110 1422 3288 1478 divina
3318 1436 3418 1493 per

1827 1513 2112 1583 quemdam
2142 1528 2343 1569 caecum
2376 1513 2704 1569 revelatione
2749 1513 3042 1579 invenitur,
3071 1522 3125 1568 et
3165 1512 3415 1584 plurimis

1828 1604 2105 1661 miraculis
2141 1604 2469 1661 declaratur.
2506 1607 2807 1678 Imperator
2843 1606 3160 1669 Ratislsonna,
3190 1607 3277 1662 ubi
3305 1607 3414 1661 Pa-

1824 1700 1956 1755 scha
1984 1715 2108 1754 cum
2139 1698 2337 1755 Ottone
2363 1709 2418 1754 et
2440 1698 2717 1755 Brecizlao
2738 1698 2966 1754 ducibus
2997 1708 3045 1755 cl
3081 1699 3266 1756 multis
3290 1698 3414 1754 aliis

1824 1789 2161 1862 principibus
2186 1791 2330 1861 egit,
2367 1790 2642 1861 digressus
2661 1831 2677 1855 ,
2705 1789 3081 1844 Alemanniam
3109 1788 3325 1858 repetit.
3356 1796 3413 1843 et

1752 1864 1798 1926 Β
1825 1882 1878 1938 in
1905 1882 2129 1953 Augiam
2181 1891 2415 1936 nostram
2460 1880 2611 1953 (6M)
2652 1881 2931 1952 ingressus
2964 1896 3056 1935 vm
3100 1879 3218 1934 Kal.
3258 1878 3407 1944 Maii,

1827 1990 2022 2031 novam
2048 1974 2222 2030 sancti
2254 1974 2419 2030 Marci
2443 1974 2809 2049 evangelista
2833 1974 3042 2044 patroni
3073 1972 3240 2028 nostri
3268 1973 3410 2027 basi-

1824 2068 2009 2140 licam,
2038 2084 2067 2124 a
2097 2068 2318 2124 domino
2346 2068 2486 2124 Bern
2516 2068 2714 2124 abbate
2752 2075 3148 2133 constructam,
3184 2082 3242 2123 se
3271 2083 3410 2137 pra:-

1822 2169 1978 2216 scnte
2003 2177 2034 2216 a
2060 2159 2396 2216 Theoderico
2441 2160 2845 2216 Constantiensi
2882 2160 3137 2231 episcopo
3167 2159 3408 2216 dedicari

1822 2251 1976 2319 fecit,
1999 2260 2055 2308 et
2089 2251 2329 2321 ejusdem
2359 2252 2532 2307 sancti
2568 2251 2703 2306 festo
2732 2251 2784 2305 in
2810 2250 2998 2305 litania
3044 2248 3409 2319 majoruapud

1822 2362 1914 2401 nos
1941 2354 2089 2411 acto,
2118 2344 2501 2400 Ascensionem
2527 2342 2740 2397 Domini
2783 2341 3024 2413 Turego,
3052 2340 3409 2397 Pcutccosten

1820 2447 2003 2493 autem
2035 2434 2301 2492 Solodoro
2328 2434 2646 2501 celebravit,
2691 2433 2982 2504 habitoque
3016 2434 3086 2491 ibi
3126 2450 3249 2490 cum
3274 2433 3411 2488 Bur-

1818 2528 2184 2600 gundionibus
2213 2526 2503 2597 colloquio,
2526 2541 2623 2596 per
2657 2525 2945 2582 Franciam
2982 2524 3303 2581 orientalem
3353 2526 3404 2578 in

1822 2621 2119 2676 Saxoniatn
2158 2619 2442 2675 remeavit.
2470 2649 2541 2658 —
2568 2617 2676 2673 Per
2724 2616 2868 2672 idem
2907 2625 3120 2687 tempus
3157 2615 3410 2673 dominus

1819 2716 1982 2781 Bern,
2031 2715 2167 2770 abba
2204 2713 2412 2783 Augiae,
2442 2712 2527 2767 vir
2576 2711 2823 2767 doctrina
2880 2720 2936 2767 et
2996 2710 3240 2766 moribus
3278 2708 3409 2766 insi-

1819 2810 2152 2881 gnishanuo
2197 2804 2555 2877 promotiouis
2592 2819 2691 2858 suo
2729 2818 2803 2866 xl,
2856 2802 2910 2857 in
2961 2809 3239 2857 senectute
3266 2801 3408 2856 bona

1818 2901 2010 2958 morbo
2058 2898 2362 2963 confectus,
2423 2912 2490 2950 vn
2554 2895 2677 2950 ldus
2742 2893 2887 2949 Junii
2952 2895 3094 2949 diem
3159 2893 3405 2948 ultimum

1818 2991 2035 3051 clausit,
2084 2998 2140 3045 ct
2185 2989 2236 3043 in
2289 2985 2517 3042 basilica
2551 2985 2724 3041 sancti
2756 2984 2922 3039 Marci
2968 2983 3211 3054 sepultus
3254 2982 3410 3053 quie-

1818 3084 1942 3140 scit.
2000 3083 2055 3137 ln
2111 3080 2267 3149 cujus
2327 3080 2504 3133 locum
2553 3076 2870 3133 Vndelricus
2924 3077 3166 3132 decanus
3213 3091 3243 3130 a
3299 3075 3409 3130 ira.

1821 3176 1995 3231 tribus
2023 3174 2250 3238 electus,
2284 3171 2452 3227 abbas
2480 3168 2549 3224 ab
2580 3169 2913 3241 imperatore
2942 3168 3313 3223 constituitur.
3340 3197 3410 3207 —-

1819 3267 1978 3338 22],
2028 3263 2289 3320 Defuncto
2337 3276 2553 3333 quoque
2593 3259 2713 3315 viro
2756 3258 2915 3315 docto
2971 3256 3215 3313 Wazone
3259 3256 3408 3328 (615)

1819 3359 2003 3415 Leo-dii
2032 3354 2307 3429 pontifice,
2338 3352 2641 3408 Dietvvinus
2661 3349 2940 3406 successit.
2967 3348 3240 3421 Sequente
3267 3345 3410 3403 Julio

1817 3452 2000 3524 Poppo
2048 3448 2345 3505 Brixiensis
2392 3446 2539 3519 (616)
2591 3445 2910 3516 episcopus,
2969 3444 3038 3499 ab
3084 3443 3410 3514 imperatore

1815 3547 2049 3613 electus,
2100 3545 2328 3601 Romam
2376 3540 2630 3609 mittitur,
2679 3548 2734 3596 et
2779 3538 3077 3597 honorifice
3125 3545 3411 3607 susceptus

1814 3639 2125 3710 apostolica:
2163 3637 2278 3693 sedi
2324 3650 2462 3707 papa
2502 3632 2632 3690 CLll
2665 3633 2949 3688 ordinatur
2991 3629 3159 3701 (617),
3200 3638 3409 3684 mutato

1815 3733 2052 3797 nomine,
2083 3733 2347 3786 Damasus
2375 3728 2648 3785 secundus
2681 3733 2924 3781 vocatus.
2954 3724 3058 3781 Sed
3087 3723 3272 3794 paucis
3297 3722 3409 3778 die-

1814 3824 1917 3879 bus
1954 3823 2161 3877 exaCtis
2199 3819 2506 3884 defunctus,
2558 3825 2613 3872 et
2656 3816 2723 3871 ad
2767 3823 3016 3873 sanctum
3053 3812 3406 3867 Laurentium

1815 3924 1969 3970 extra
2004 3912 2189 3968 urbem
2229 3909 2474 3980 sepultus
2502 3915 2609 3964 est.
2640 3904 2953 3963 Autumnali
2993 3915 3234 3974 tempore
3264 3900 3406 3956 llcn-

1114 4051 1585 4110 -COMPENDIUM
1622 4050 1716 4108 EX
1753 4048 2001 4108 CODlCE
2030 4045 2397 4107 BERNOLDI.

205 4168 329 4227 M8
355 4169 658 4243 Imperator
679 4172 925 4229 Ottonem
951 4174 1015 4229 de
1037 4172 1290 4229 Suinvurt
1315 4172 1497 4229 Sueris
1522 4174 1707 4228 ducem

143 4264 403 4320 constituit.
446 4264 677 4337 Sanguis
725 4266 940 4321 Domini
969 4266 1110 4337 apud
1150 4266 1331 4320 urbem
1362 4265 1709 4320 Mantuauam

144 4352 299 4410 divina
344 4372 436 4426 per
479 4358 761 4429 quemdam
792 4361 1012 4412 ‘ccecum
1067 4356 1381 4412 reuelatione
1426 4357 1704 4411 invenitur.

144 4444 463 4506 Βαγώαν-ἀξια
496 4452 656 4507 abbas
683 4452 986 4523 Augiensis,
1021 4453 1101 4505 vir
1130 4451 1370 4506 doctrina
1399 4461 1447 4504 et
1473 4450 1709 4505 moribus

145 4534 376 4609 insignis,
432 4542 559 4596 obiit
597 4559 617 4599 .'
657 4542 744 4597 cui
787 4541 1073 4597 Udalricus
1113 4542 1381 4597 successit.
1419 4570 1491 4579 —
1528 4538 1710 4610 Poppo

1816 4169 2075 4231 mittitur,
2133 4174 2203 4231 et,
2236 4162 2520 4232 honori/ise
2563 4169 2850 4231 susceptus,
2895 4176 3032 4231 papa
3094 4173 3223 4213 cun
3263 4156 3406 4210 ου’άὶ-

1818 4271 1993 4322 natur,
2029 4258 2238 4313 nontine
2266 4257 2552 4321 Damasus,
2574 4264 2621 4309 et
2668 4255 2800 4309 sedit
2824 4269 2931 4308 xxx
2962 4251 3090 4325 [a|.,
3118 4249 3266 4323 xm]
3294 4250 3407 4306 die-

1819 4356 1932 4407 bus.
1962 4349 2220 4405 Henricus
2249 4348 2550 4419 imperator,
2588 4356 2635 4400 et
2674 4344 2935 4399 Henricus
2976 4360 3069 4399 rex
3103 4340 3403 4397 Galliarum

1818 4445 2177 4501 convenientes
2208 4443 2262 4496 in
2289 4440 2511 4496 Metensi
2538 4440 2825 4504 territorio,
2864 4455 3045 4509 pacem
3074 4439 3211 4492 inter
3237 4452 3293 4491 se
3305 4436 3401 4505 ju-

1819 4547 2054 4594 ramento
2084 4537 2484 4606 conﬁrmarunt.
2512 4533 2830 4604 Godefridus
2849 4531 3189 4587 Adalbertum
3210 4529 3399 4583 ducem

145 4623 412 4704 Briziensis
444 4635 738 4707 episcopus,
780 4633 846 4689 ab
878 4635 1191 4706 imperatore
1223 4632 1439 4698 electus,
1484 4629 1708 4685 Romam
1738 4627 1788 4687 D
1816 4631 2008 4686 occidit
2025 4647 2043 4696 ;
2068 4631 2219 4700 cuius
2249 4630 2497 4684 ducatum
2524 4624 2796 4682 Ger/tardo
2818 4626 3104 4694 imperator
3128 4620 3294 4677 dedit.

1646 4744 1879 4803 NOTAE.

209 4864 344 4941 (609)
380 4865 599 4941 Henrici
640 4868 757 4941 Yl,
795 4867 1007 4941 scilicet
1036 4866 1303 4941 Bavarire,
1345 4874 1401 4941 e_t
1433 4863 1708 4941 Friderici

148 4927 490 5007 httharingize
518 4927 793 4995 inferioris
813 4939 1035 5000 ducum,
1066 4954 1129 4992 ex
1173 4927 1326 5007 patre
1355 4937 1634 4992 Friderim
1665 4936 1705 4994 Ι.

150 5009 859 5080 gmiteLuxemburgensi,
895 5024 1123 5080 quorum
1174 5023 1331 5064 soror
1362 5018 1481 5064 erat
1516 5007 1704 5065 luditb

149 5069 556 5158 “attestatur!
593 5069 857 5158 CleitenL-j
912 5069 966 5158 ’-
1003 5149 1014 5158 .

1884 4864 2034 4937 (615)
2075 4864 2183 4937 Res
2210 4863 2314 4917 hoe
2347 4874 2492 4916 anno
2531 4864 2715 4932 gestas
2753 4854 2949 4911 unicus
2986 4853 3099 4910 fere
3133 4851 3405 4909 Herman-

1814 4935 1917 4992 nus
1948 4935 2230 4990 describit.

1883 5007 2043 5079 (614)
2067 5006 2142 5060 Ex
2187 5005 2273 5079 his
2301 5003 2504 5079 verbis,
2547 5015 2669 5079 quae
2714 4991 3408 5079 etiamGottwiceusis‘ac

1810 5063 2086 5158 Mtireuéis
2108 5075 2328 5158 codices
2354 5063 2587 5156 habent;
2636 5069 2805 5158 liquet
2847 5076 3141 5158 utr-umque
3186 5063 3408 5158 exuitu-
