3970 5406
181 178 280 232 335
1369 165 1786 224 CIIRONICON.
1828 197 1897 206 —
1931 167 2106 224 διεδ,
2129 170 2223 225 XI.

3352 166 3458 224 254

182 376 516 435 thndnicam
553 384 677 431 ante
700 373 983 430 adventum
1011 386 1063 427 γι
1094 370 1214 427 Kal.
1248 279 1760 442 Decemb.Cegill,E:c
1778 279 2416 445 AAusgltltﬁizfrlns.Vercellis
2449 371 2595 445 (655)
2631 373 2864 443 collegit,
2911 384 2966 430 ct
3003 375 3326 434 lluul‘ridum
3368 395 3460 437 ar-

178 485 266 540 pcr
290 471 602 539 Augustam
630 462 1039 539 Bajoariamque
1069 464 1340 521 transiens
1371 464 1614 521 Natalem
1653 467 1760 522 Do.

176 561 299 618 mini
330 558 571 615 Verona:
600 558 781 615 coluit.

242 651 379 706 l050
435 650 738 720 Imperator
783 665 912 706 vero
966 650 1111 706 idem
1165 647 1364 705 festum
1422 650 1477 704 in
1524 648 1761 706 Saxouia

174 744 388 801 mansit.
428 743 553 814 Ipsa
594 744 769 800 hieme
808 760 933 799 cum
979 744 1268 815 episcopus
1311 741 1621 799 Ratisbouae
1656 743 1763 799 Ge-

172 839 456 900 behardus,
493 839 588 911 qui
628 838 1113 909 Campidonensem
1154 838 1428 895 abbatiatn
1462 853 1635 909 nuper
1669 838 1764 894 be-

171 933 339 989 neﬁcii
361 932 489 987 loco
512 932 580 987 ab
604 932 933 1003 imperatore
954 941 1262 1003 acceperat,
1290 931 1341 986 in
1359 930 1760 987 Pannoniarum

170 1023 409 1077 terminis
431 1030 764 1086 moraretur,
782 1020 1096 1076 cedentibus
1115 1020 1385 1094 IIungaris
1415 1021 1552 1077 lines
1573 1036 1760 1076 eorum

168 1112 497 1185 ingrediens,
542 1111 755 1183 pratdas
803 1112 930 1168 inde
968 1111 1211 1168 abduxit.
1263 1112 1392 1178 Sed,
1418 1113 1537 1184 ipso
1581 1112 1762 1168 disce-

167 1205 339 1268 dente,
367 1202 645 1275 plurimus
676 1202 1050 1274 llungarorum
1080 1205 1351 1261 exercitus
1381 1204 1515 1261 lines
1544 1217 1762 1262 nostros

167 1296 451 1360 invadens,
512 1294 806 1366 plurimam
864 1306 1074 1367 partem
1125 1297 1457 1368 captivavit,
1519 1297 1762 1352 incendit

166 1395 319 1456 atque
356 1385 623 1440 vastavit.
671 1416 743 1425 —
768 1384 1073 1456 Imperator
1095 1385 1349 1456 paschale
1389 1385 1584 1447 festum
1616 1387 1760 1458 apud

166 1478 474 1550 Traiectum
514 1488 780 1534 moratur.
822 1480 1061 1536 Domnus
1094 1495 1233 1552 papa
1271 1487 1394 1551 post
1432 1480 1643 1536 Pascha
1668 1494 1762 1553 sy-

168 1571 353 1628 nodum
406 1571 544 1626 item
576 1570 766 1628 Bomtc
798 1572 1039 1645 collegit,
1075 1582 1132 1633 et
1175 1572 1466 1629 subsecuto
1516 1581 1761 1644 tempore

166 1660 291 1714 ultra
318 1660 558 1716 Romam
586 1663 967 1734 progrediens,
1012 1663 1297 1720 nonnullos
1336 1663 1576 1721 locorum
1604 1663 1755 1735 prin-

1864 464 2289 534 chiepiscopum,
2319 478 2417 534 pro
2444 464 2677 534 quadam
2708 464 2850 520 inter
2868 465 3240 524 Ravennatem
3270 477 3328 525 et
3356 467 3461 527 Ro-

1862 568 2079 609 manam
2107 553 2404 610 Ecclesiam
2432 554 2809 621 contentione,
2841 556 2909 611 ab
2937 555 3114 614 ollicio
3136 561 3456 631 suspendit;

1864 645 2099 716 indeque
2128 645 2333 702 Gallias
2361 656 2417 702 et
2447 646 2820 718 episcopatum
2859 663 3013 703 suum
3042 649 3347 708 Leuwrum
3374 654 3456 709 ci-

1864 738 2084 793 vitatem
2118 738 2326 793 revisit.
2357 738 2475 807 Quo
2512 738 2677 793 etiam
2720 748 2961 809 tempore
3000 742 3184 813 Agnes
3222 743 3459 816 impera-

1866 832 1969 887 tris
2002 831 2218 887 tandem
2250 830 2564 903 imperatori
2597 830 2764 886 lilium
2797 833 3028 903 peperit.

1932 924 2064 980 1051
2101 925 2178 981 Μ.
2205 921 2269 978 G.
2296 925 2596 994 Imperator
2615 922 2862 979 Natalem
2907 924 3119 981 Domini
3147 926 3458 985 inSaxoma

1861 1019 2001 1089 apud
2030 1018 2257 1075 Goslare
2278 1019 2408 1090 egit,
2441 1026 2498 1074 et
2534 1017 2736 1073 multos
2764 1034 2831 1074 ex
2859 1019 3195 1089 principibus
3225 1020 3335 1095 lilio
3357 1037 3457 1078 suo

1855 1110 2207 1182 jurejurando
2234 1109 2394 1166 iidem
2441 1110 2940 1181 sulijectionemqne
2965 1111 3286 1183 promittere
3308 1112 3456 1170 fecit.

1862 1200 1973 1256 Nec
1999 1200 2165 1256 multo
2187 1209 2309 1271 post
2331 1200 2445 1272 ipse
2465 1209 2516 1257 et
2541 1202 2771 1257 domnus
2795 1217 2930 1272 papa
2977 1217 3099 1258 cum
3132 1203 3316 1262 multis
3343 1204 3463 1275 epi-

1861 1293 2037 1363 scopis
2058 1301 2112 1348 et
2138 1293 2474 1363 principibus
2503 1293 2644 1365 apud
2660 1296 2958 1365 Augustam
2974 1294 3306 1351 Vindelicam
3330 1311 3461 1353 con-

1860 1387 2141 1442 venientes
2190 1384 2631 1442 Puriticationem
2671 1385 2765 1441 Dei
2807 1385 3105 1443 Genitricis
3149 1386 3461 1445 celebrave-

1861 1486 2006 1541 runt,
2038 1477 2460 1548 Ravennateque
2487 1477 2897 1549 archiepiscopo
2925 1478 3071 1551 (654)
3098 1479 3239 1551 apud
3264 1494 3458 1551 papam

1860 1568 2023 1641 325
2052 1569 2182 1625 inibi
2204 1568 2570 1634 reconciliato,
2595 1569 2914 1625 charitative
2934 1586 2965 1625 a
2987 1586 3046 1626 se
3077 1570 3310 1627 invicem
3335 1571 3455 1628 dis-

1860 1650 2139 1725 cedentes,
2172 1674 2308 1731 papa
2362 1659 2590 1715 Romam
2645 1659 2962 1726 revertitur,
2998 1661 3299 1731 imperator
3349 1661 3458 1718 Ne-

168 1751 302 1830 cipes
358 1762 418 1807 et
462 1752 718 1809 civitates
757 1761 867 1809 tam
906 1752 1008 1810 sibi
1046 1768 1208 1825 quam
1253 1753 1564 1825 imperatori
1607 1753 1759 1825 jure-
1786 1764 1833 1825 ιι
1863 1754 1993 1809 meti
2021 1762 2233 1825 partem
2280 1752 2744 1825 Quadragesimae,
2776 1752 3032 1824 paschale
3082 1769 3214 1811 vero
3256 1753 3457 1811 festum

159 1836 383 1902 iurando
411 1843 674 1915 subjecit,
699 1845 1214 1917 Beneventauosque
1242 1848 1419 1903 adhuc
1442 1845 1767 1913 rebellantes

167 1939 659 1996 escommunicavit
709 1938 880 2011 (650).
934 1938 1188 1994 Nonnulli
1237 1938 1404 1995 etiam
1454 1949 1763 1995 exterarum

164 2027 427 2099 principes
448 2029 723 2103 gentium,
753 2029 935 2086 missis
972 2027 1135 2103 224
1164 2029 1234 2098 pd
1256 2044 1400 2096 eum,
1423 2037 1610 2101 utpote
1639 2044 1768 2100 apo-

168 2120 407 2177 stolicum
423 2122 629 2193 virum,
655 2122 871 2193 legatis,
889 2121 1275 2192 sulijectionem
1299 2122 1398 2194 ipsi
1420 2123 1770 2196 promittunt.

168 2211 456 2284 Imperator
470 2223 667 2271 contra
691 2215 1018 2272 Gazinerum
1036 2214 1183 2288 (651)
1199 2215 1393 2272 ducem
1412 2215 1764 2284 Bolanorum,

169 2304 510 2381 rebellionem
538 2306 880 2373 molientem,
894 2306 1294 2378 expeditionem
1317 2315 1493 2378 parat,
1508 2305 1769 2380 gravique

169 2396 471 2471 inﬁrmitate
501 2398 779 2465 detentus,
807 2415 998 2470 pacem
1037 2408 1367 2471 pactumque
1418 2413 1545 2455 eum
1576 2408 1769 2471 petent

168 2476 263 2544 lem
300 2491 646 2562 suscipiens,
690 2490 963 2554 discessit.
998 2522 1070 2533 -——
1108 2491 1464 2549 Gebehardus
1507 2491 1766 2553 Ratisbo-

168 2581 337 2636 nensis
374 2582 675 2653 episcopus
721 2597 844 2638 cum
902 2581 1155 2639 Conrado
1201 2582 1339 2639 duce
1384 2581 1669 2654 Bajoarize,
1713 2590 1768 2655 et

167 2671 449 2729 Adelberto
486 2673 811 2733 marchione
852 2674 1083 2745 aliisque
1123 2674 1447 2745 quihusdam
1494 2674 1764 2745 episcopis

167 2770 216 2817 et
245 2763 584 2835 principibus
613 2763 879 2834 Bajoaria:
914 2764 1291 2836 Heimenburg
1327 2763 1683 2830 remdilicant,
1712 2772 1767 2819 et

170 2870 405 2927 magnam
447 2855 840 2929 Iluugarorum
888 2856 1102 2929 copiam
1150 2871 1208 2912 se
1249 2855 1590 2911 invadentem
1639 2868 1767 2927 pro-

170 2955 427 3012 sternunt,
456 2955 521 3002 et
547 2961 723 3017 usque
738 2946 806 3001 ad
829 2944 1253 3002 innumerabiles
1280 2945 1553 3001 exercitus
1573 2958 1764 2999 eorum

170 3036 503 3103 praesentiam
558 3035 918 3108 refugientem
968 3043 1395 3106 persequuntur,
1446 3034 1765 3105 cunctisque

1866 1843 2104 1903 Colonia:
2146 1846 2483 1912 demoratur,
2523 1844 2708 1915 ibique
2740 1844 2883 1901 lilius
2908 1844 3026 1915 ejus
3074 1845 3341 1903 llcuricus
3386 1847 3458 1903 ab

1868 1937 2280 2009 archiepiscopo
2295 1936 2629 1994 llerimauuo
2651 1937 2981 2010 baptizatur.
3007 1971 3075 1980 —
3090 1939 3221 1996 Post
3248 1941 3457 1997 Pascha

1868 2028 1995 2084 item
2023 2028 2255 2086 domnus
2293 2028 2404 2085 Leo
2433 2045 2573 2101 papa
2605 2030 2870 2102 synodum
2894 2029 3081 2086 Roma:
3107 2030 3331 2103 colligit,
3364 2032 3458 2088 ubi

1867 2120 2012 2177 inter
2041 2120 2145 2176 alia
2182 2121 2506 2193 Gregorium
2535 2121 2936 2181 Vercellensem
2986 2123 3298 2196 episcopum
3327 2138 3457 2197 pro-

1866 2221 1990 2283 pter
2041 2213 2369 2269 adulterium
2419 2230 2543 2271 cum
2597 2214 2761 2270 vidua
2804 2214 3039 2286 quadam
3075 2216 3327 2273 avunculi
3369 2216 3455 2272 sui

1868 2318 2067 2375 sponsa
2098 2304 2417 2371 admissum,
2456 2314 2510 2361 et
2535 2305 2774 2377 perjuria
2808 2316 3145 2378 perpetrata,
3177 2317 3457 2365 absentem

1868 2402 1921 2450 et
1972 2394 2305 2450 nescientem
2348 2396 2867 2452 excommunicavit.
2925 2396 3096 2464 Quem
3137 2407 3316 2459 tamen
3348 2415 3457 2455 non

1867 2485 2037 2541 multo
2057 2498 2197 2557 post,
2215 2486 2445 2541 Romam
2471 2488 2778 2543 venientem
2801 2494 2856 2543 et
2875 2486 3304 2545 satisfactionem
3333 2504 3461 2560 pro-

1866 2580 2192 2646 mittentem,
2217 2578 2393 2634 ollicio
2415 2578 2580 2650 priori
2606 2579 2937 2635 rcstituit.-—
2956 2577 3060 2635 Per
3081 2579 3221 2635 idem
3245 2588 3460 2652 tempus

1866 2669 2167 2741 imperator
2195 2669 2547 2749 Lantpertum
2594 2672 2849 2728 comitem
2874 2670 3024 2744 (655)
3054 2671 3318 2728 rcbehare
3340 2689 3459 2729 mo-

1865 2759 2087 2816 lientem
2144 2761 2211 2816 ad
2263 2762 2594 2817 deditionem
2654 2762 2937 2834 compulit.
2998 2761 3200 2819 Eadem
3267 2773 3459 2820 testate

1864 2851 2044 2909 Bardo
2082 2852 2232 2925 (656)
2277 2855 2603 2911 venerabilis
2647 2856 2973 2929 Mogontina'.
3022 2857 3169 2912 sedis
3218 2872 3287 2912 ex
3335 2874 3455 2915 mo-

1865 2945 2043 3000 nacho
2091 2945 2553 3017 archiepiscopus,
2612 2945 2759 3011 omni
2810 2946 3015 3018 pietate
3069 2955 3125 3002 ct
3165 2947 3459 3004 sanctitate

1865 3035 2152 3101 mirabilis,
2179 3052 2239 3091 ιιι
2271 3035 2396 3092 ldus
2420 3036 2565 3093 Junii
2590 3036 2658 3093 ab
2688 3037 2791 3093 bac
2818 3037 2933 3094 luce
2954 3038 3281 3104 subtractus,
3313 3039 3467 3095 niul-.

169 3119 538 3199 llungarorurn
571 3126 900 3200 agminibus,
944 3126 1204 3182 divinitus
1254 3125 1499 3181 immisso
1527 3133 1755 3190 terrore,
1788 3139 1832 3202 ο
1866 3131 1935 3188 tis
1968 3142 2089 3205 post
2132 3134 2343 3190 obitum
2382 3134 2556 3192 claret
2596 3136 2906 3204 miraculis;
2945 3151 3042 3209 pro
3081 3151 3189 3207 quo
3225 3134 3461 3206 impera-

176 3224 311 3289 torga
340 3217 710 3284 vertentibus,
742 3217 811 3273 ad
846 3227 1045 3284 castra,
1078 3216 1191 3273 Deo
1217 3217 1422 3289 gratias
1450 3217 1756 3281 reddentes,

174 3319 514 3365 revertuntur
551 3308 726 3381 (652).
766 3339 838 3350 -
878 3308 999 3380 Ipso
1031 3316 1295 3364 autumno
1338 3307 1570 3363 domnus
1619 3322 1760 3378 papa

1870 3231 1957 3279 tor
1993 3223 2335 3295 Luitpaldum
2384 3226 2879 3301 Babinbergeusem
2928 3227 3275 3300 praepositum
3323 3238 3456 3282 con-

1868 3314 2064 3369 stituit.
2106 3315 2236 3369 Item
2275 3330 2376 3386 pro
2401 3316 2739 3376 Theoderico
2767 3316 3447 3389 Constantiensiepiscopo

1157 3418 1610 3489 COMPENDIUM
1649 3419 1744 3493 EX
1782 3419 2029 3480 CODICE
2069 3425 2444 3483 BERNOLDI.

146 3550 149 3557 ‘
233 3537 363 3594 1050
397 3538 667 3595 Dominus
704 3554 843 3609 papa
892 3533 1150 3608 synodum
1182 3530 1361 3588 Roma
1389 3541 1505 3604 post
1541 3529 1753 3586 Pascha

171 3633 375 3704 collegit,
406 3635 461 3688 in
515 3650 621 3704 qua
673 3631 916 3695 lueresim
961 3627 1417 3700 Beringerianam,
1467 3641 1635 3696 nuper
1684 3623 1753 3678 ad

173 3723 499 3793 apostolicam
542 3723 718 3778 sedem
755 3720 1008 3787 delatam,
1035 3719 1302 3774 damnavit
1329 3716 1498 3789 (657).
1537 3715 1674 3770 Item
1699 3715 1759 3770 in

173 3824 406 3870 autumno
433 3814 700 3887 synodum
740 3810 989 3868 Vercellis
1016 3809 1245 3881 collegit,
1286 3808 1341 3863 in
1384 3823 1487 3878 qua
1519 3805 1757 3861 eamdem

175 3908 393 3975 heresim
436 3904 908 3961 anathematizauit
949 3902 1120 3976 (658).
1162 3900 1279 3968 Quo
1315 3909 1543 3971 tempore
1585 3896 1756 3968 Agnes

176 3998 463 4075 impemtria;
486 4001 659 4071 [ilium
679 3998 982 4067 imperatori
1002 3996 1219 4068 peperit.

240 4091 357 4145 1051
395 4091 698 4164 Imperator
748 4088 1092 4144 Nutivitatem
1121 4086 1334 4142 Domini
1367 4086 1508 4157 apud
1535 4083 1756 4141 Coslare

179 4192 288 4251 egit,
305 4195 350 4237 et
377 4184 572 4238 multos
600 4199 665 4238 ea:
693 4181 1017 4254 principibus
1040 4179 1154 4250 ﬁlio
1182 4196 1279 4233 suo
1299 4176 1657 4250 jurejurando
1682 4176 1752 4245 ﬁo

180 4271 282 4325 dun
308 4275 606 4341 promittere
642 4272 786 4343 fecit.
834 4271 1137 4343 Hunfridus
1179 4269 1453 4325 Ravennae
1502 4267 1763 4338 archiepi-

183 4379 348 4435 scopus
374 4368 586 4421 domino
623 4381 778 4436 papa:
802 4366 944 4435 apud
963 4365 1258 4435 Augustam
1296 4379 1350 4418 se
1380 4360 1754 4416 reconciliavit.

183 4484 241 4495 --
272 4454 393 4513 Post
437 4459 643 4514 Pascha
687 4460 947 4528 synodum
986 4455 1170 4528 Roma:
1207 4454 1415 4527 collegit
1452 4452 1555 4529 Leo
1593 4469 1752 4524 papa.

1855 3536 1945 3591 ubi
1968 3535 2282 3609 Gregorium
2303 3536 2680 3595 Vercellensem
2706 3541 3023 3612 episcopum,
3047 3550 3261 3613 propter
3288 3541 3460 3613 quod-

1855 3626 1979 3680 dam
2034 3626 2351 3683 adulterium
2388 3640 2439 3707 et
2468 3631 2706 3702 perjuria
2741 3641 3061 3703 perpetrata,
3097 3648 3458 3689 excommuni-

1855 3717 2025 3771 cavit:
2051 3734 2201 3790 quem
2234 3729 2411 3775 tamen
2434 3732 2635 3792 postea,
2669 3719 2888 3777 Romam
2916 3723 3196 3779 venientem
3224 3733 3272 3779 et
3297 3727 3459 3781 satis-

1857 3807 2135 3879 factionem
2151 3814 2735 3885 promittentem,priori
2756 3815 2920 3885 ofﬁcio
2934 3814 3458 3872 restituit.—Eadem

1863 3913 2042 3957 testate
2085 3903 2266 3960 Bardo
2311 3907 2619 3962 venerabilis
2668 3904 2960 3976 Moguntina
3000 3908 3452 3979 archiepiscopus,

1862 4006 1921 4051 ut
1954 3993 2085 4049 ldus
2112 3994 2305 4051 lunias
2333 3997 2611 4067 defunctus
2639 3996 2823 4051 multis
2848 3997 3008 4051 claret
3035 3998 3329 4067 miraculis,
3360 4018 3458 4072 pro

1858 4101 1962 4157 quo
1995 4084 2311 4157 Luitpaldus
2360 4085 2705 4154 Constantine,
2741 4086 3059 4145 Theoderico
3096 4091 3336 4163 episcopo
3362 4092 3458 4149 de-

1861 4177 2042 4249 functo
2070 4183 2318 4237 successit
2351 4180 2673 4237 Rumaldus.
2697 4213 2769 4223 —
2794 4181 2862 4239 In
2892 4193 3147 4239 autumno
3173 4195 3462 4257 imperator

1862 4284 2075 4340 regnum
2116 4269 2410 4344 Hungariw
2443 4274 2755 4330 devastavit.
2784 4305 2856 4316 —
2887 4274 3003 4330 Hoc
3034 4284 3266 4347 tempore
3298 4276 3461 4346 Tuta,

1860 4361 2049 4418 nobilis
2081 4373 2130 4419 et
2162 4363 2406 4437 religiosa
2445 4367 2627 4435 uidua,
2666 4366 3093 4439 Buochaugiensi
3124 4379 3173 4425 et
3216 4369 3458 4426 Lindatt-

1855 4454 2023 4524 giensi
2051 4457 2293 4513 ctenobiis
2323 4458 2592 4516 abbatissa
2627 4460 2693 4514 ab
2725 4461 3037 4532 imperatore
3063 4461 3377 4533 prteficitur.

1720 4540 1953 4600 NOTAE.

253 4635 385 4705 (330)
425 4635 538 4692 Leo
567 4634 836 4692 Ostiensis
866 4634 900 4689 ι.
932 4652 994 4700 ιι,
1039 4650 1089 4690 c.
1120 4634 1212 4691 84.
1248 4633 1660 4692 Beneventanus
1689 4637 1758 4691 ah

189 4707 722 4762 escommunicatioue
750 4705 1044 4766 Clementis
1068 4706 1108 4760 [Ι
1157 4714 1285 4762 tunc
1322 4706 1597 4761 absolutos
1628 4707 1762 4762 scri-

191 4772 256 4852 bit
268 4792 283 4837 ;
297 4775 426 4852 forte
437 4778 589 4833 brevi
605 4779 674 4833 ob
702 4791 893 4833 novam
911 4776 1255 4834 rebellionem
1279 4775 1454 4851 eidem
1477 4792 1505 4831 a
1519 4776 1703 4834 Leone
1716 4777 1760 4831 .\

192 4849 474 4902 inundatos.
1348 4849 1355 4851 ἡ

253 4916 390 4989 (651)
422 4919 514 4974 Est
549 4918 641 4973 hic
673 4916 993 4989 Casimirus.
1024 4934 1090 4974 ex
1124 4918 1388 4975 monacho
1417 4899 1761 4975 Cluniacensi

193 4994 241 5107 ἓξ
271 4988 489 5112 ἱιῑτιᾶιηο
524 4988 766 5044 Polonim
817 5003 911 5043 rex
946 4988 1149 5055 factus,
1195 4991 1543 5062 dispensante
1589 4991 1764 5048 Bene-

228 5072 268 5110 ιε
291 5074 321 5110 0
420 5076 600 5113 pana.

198 5076 321 5110 UICIO
350 5076 600 5131 Iit-papa.

198 5191 212 5247 ι
254 5128 522 5247 $652)Vid.
546 5128 921 5194 Aventinus,l.
939 5147 988 5196 v,
1016 5147 1065 5187 e.
1091 5132 1225 5198 8;et
1252 5132 1589 5201 Brunnerus,
1612 5149 1668 5205 p.
1698 5146 1762 5199 ιι,

217 5212 302 5249 .ν.

409 5269 891 5397 \clidLLaulraucus
913 5272 1050 5329 libro
1072 5274 1148 5329 De
1176 5287 1403 5345 corpore
1425 5285 1479 5333 et
1498 5271 1763 5347 sanguine

1793 4673 1841 4733 ι)
1868 4656 2008 4733 mea:

1941 4710 2091 4784 (656)
2129 4711 2446 4784 Anonymus
2469 4709 2630 4784 _Vita2
2669 4714 2905 4784 scriptor
2946 4711 3197 4784 (Mabill.,
3228 4726 3354 4784 saec.
3401 4728 3455 4784 vt

1868 4779 2437 4855 Bened.p.n)|n'ldus
2459 4779 2601 4855 .luuii
2624 4798 2745 4855 cum
2772 4779 2908 4855 feria
2926 4779 2975 4837 vi
3003 4782 3460 4855 conjn_t_igit,nnde

1869 4862 1926 4906 et
1954 4851 2358 4923 Papebrochius
2386 4853 2593 4908 obitum
2622 4851 2738 4920 ejus
2758 4851 2825 4906 ad
2857 4869 3059 4907 annum
3087 4851 3225 4923 1055
3250 4852 3454 4919 dillert,

1869 4922 1959 4977 ubi
1986 4922 2101 4981 dies
2126 4941 2162 4981 Il
2196 4924 2319 4980 Jun.
2346 4932 2462 4978 erat
2491 4923 2624 4977 leria
2652 4930 2827 4976 sexta.
2856 4923 3057 4977 Verum
3089 4922 3158 4976 ab
3181 4923 3285 4978 hoc
3313 4940 3463 4980 anno

1870 4992 2002 5048 1051
2048 4998 2307 5052 recedere
2338 4995 2424 5048 vix
2448 4995 2655 5063 patitur
2696 5000 2775 5045 tot
2797 4994 3089 5063 aequalium
3122 4993 3459 5065 scriptorum

1869 5068 2192 5125 auctoritas.
2717 5096 2724 5111 ·
3462 5069 3470 5080 ’

1942 5134 2091 5258 (657)
2118 5138 2313 5197 Fusius
2333 5136 2397 5188 de
2418 5133 2522 5191 hoc
2545 5136 2661 5207 ipso
2686 5145 3008 5200 argumento
3032 5133 3143 5204 agit
3168 5132 3310 5190 idem
3334 5135 3467 5195 Berg-

1965 5207 2065 5258 dus
2098 5212 2149 5258 in
2184 5210 2443 5258 Tractatu
2477 5209 2544 5258 de
2574 5201 2853 5258 multiplici
2886 5204 3200 5258 Bercnaarii
3235 5208 3466 5258 damna-

1870 5201 2150 5266 noldus'in
2184 5210 2443 5265 Tractatu
2477 5209 2544 5261 de
2568 5201 2853 5275 multiplici
2886 5201 3200 5275 Bercngarii
3235 5208 3466 5260 damna-

1871 5276 2036 5351 tione,
2062 5296 2223 5351 quem
2247 5275 2523 5351 inter_ejus
2544 5273 2802 5351 opuscula
2817 5273 3464 5351 irpnlﬁ’eriusVitroducemus,

1870 5347 1938 5401 ab
1969 5344 2095 5406 aliis
2135 5352 2235 5406 sub
2263 5346 2482 5404 nomine
2520 5344 2774 5406 anonvtni
2810 5344 3135 5406 Chitllctiaui
3185 5348 3470 5406 hucusque
