3970 5406
532 323 640 380 255

1379 322 1744 399 HERMANNl
1784 322 2177 382 CONTRACTI
2223 321 2590 379 AUGlENSlS
2638 317 2944 377 MONACIII

3698 320 3803 377 256

1859 441 2092 500 CODEX
2132 440 2525 499 AUGIENSIS.

531 570 562 607 x
599 549 717 607 Kal.
741 548 889 618 Julii,
918 550 1109 622 quinto
1131 551 1454 624 praesulatus
1474 553 1558 611 sui
1581 569 1725 611 anno
1756 565 1877 626 post
1898 554 2117 627 longam
2147 544 2195 602 Α
2223 556 2401 626 quoad
2430 562 2677 624 sumptus
2726 553 2882 609 militi
2934 554 3314 625 suppetebant,
3359 566 3510 610 vasta
3555 555 3811 613 reddidit.

529 642 914 717 :egritndinem
971 644 1249 711 defuncto,
1279 645 1605 703 Rumaldum
1662 648 1954 718 promovit.
2010 647 2120 705 Ra-

529 754 734 795 vennas
765 752 985 809 quoque
1011 739 1454 813 archiepiscopus
1473 735 1776 798 llunl'ridus
1808 756 2038 808 veneno,
2062 736 2122 797 ut

527 832 703 899 aiunt,
753 830 935 887 subito
980 831 1166 903 periit.
1212 863 1285 874 —
1324 832 1586 905 Sequenti
1627 844 1888 892 autumno
1921 850 2121 907 magno

527 937 651 978 cum
676 923 919 979 exercitu
950 923 1269 995 imperator,
1325 935 1544 998 pactum
1584 926 1822 985 Andreze
1864 926 2028 997 regis,
2061 936 2121 984 ut

528 1030 632 1085 per
651 1014 862 1086 legatos
888 1015 1245 1082 offerebatur,
1292 1018 1542 1089 accipere
1571 1028 1949 1087 contemnens,
1980 1021 2121 1077 Pan-

528 1105 722 1163 nonias
745 1106 922 1176 petiit,
947 1105 1382 1179 Gebeltardoque
1415 1106 1815 1169 Ratisbonense
1843 1112 2119 1187 episeopo,

528 1204 583 1252 et
606 1196 754 1252 Well
767 1197 1156 1271 Brezizlaoque
1175 1200 1407 1258 ducibus
1420 1203 1486 1258 ad
1510 1204 2000 1273 septentrionalem
2017 1205 2122 1261 Da-

526 1288 679 1345 nubii
732 1297 946 1361 partem
977 1290 1409 1363 depopulandam
1458 1295 1812 1361 transmissis,
1843 1296 1981 1367 ipse,
2022 1297 2120 1353 de-

527 1389 687 1437 vecto
715 1394 747 1437 e
776 1382 1036 1448 navibus,
1064 1394 1329 1453 quantum
1354 1384 1408 1439 in
1439 1386 1594 1455 equis
1621 1395 1852 1456 poterat,
1880 1396 2116 1458 sumptu,

526 1469 691 1542 longo
742 1481 968 1543 propter
1015 1471 1302 1529 ﬂuviorum
1339 1472 1650 1532 illuvionem
1682 1477 1847 1549 226
1889 1478 2122 1535 circuitu

530 1574 630 1630 per
679 1559 973 1618 Carentani
1002 1562 1141 1620 ﬁnes
1171 1564 1863 1638 transiens,perjurumque
1894 1584 2122 1640 regnum

536 1651 823 1721 invadens,
873 1653 977 1709 bac
1019 1664 1075 1710 et
1104 1654 1229 1710 illae
1263 1654 1575 1728 Hungarico
1601 1658 1847 1714 exercitu
1896 1658 2122 1716 latroci-

526 1745 773 1801 nantium
803 1760 958 1802 more
1014 1745 1302 1819 fugitante,
1352 1757 1408 1804 et
1450 1764 1717 1819 nusquam
1752 1764 1907 1821 aequo
1945 1761 2124 1807 marte

524 1835 777 1892 conferre
830 1854 1054 1895 manum
1104 1839 1378 1908 audente,
1430 1842 1613 1897 omnia
1659 1842 2118 1915 circumquaque,

2222 647 2355 714 Sed,
2386 662 2508 703 eum
2539 646 2807 702 laboranti
2858 644 2970 715 jam
3011 647 3236 716 penuria
3262 655 3316 701 et
3361 646 3503 703 fame
3545 649 3814 703 exercitui

2223 739 2471 812 llungari
2496 739 2609 811 jam
2640 738 2873 794 reditum
2923 746 3181 807 pararent
3230 739 3619 804 intercludere,
3652 754 3817 810 oppo-

2223 832 2455 901 sitisque
2482 845 2581 901 per
2609 830 2758 899 ripas
2785 828 3067 884 ﬂuminum
3098 830 3450 899 pra-munitas
3478 830 3817 902 vadosasque

2222 925 2445 996 padules
2489 924 2663 993 copiis
2707 922 2841 987 suis,
2878 938 3068 978 omnes
3119 938 3178 978 se
3226 922 3309 977 vel
3363 923 3431 977 ad
3481 923 3814 979 deditionem

2222 1031 2437 1087 cogere,
2462 1015 2545 1071 vel
2576 1013 2751 1069 inedia
2786 1014 3171 1070 minitarentur
3199 1014 3571 1084 exstinguere,
3617 1013 3816 1070 milites

2226 1109 2465 1166 interriti
2497 1109 2707 1175 hostes,
2732 1123 2829 1180 per
2852 1106 3043 1163 ﬂuvios
3071 1108 3400 1164 obsistentes
3431 1108 3813 1164 incunctanter

2224 1201 2674 1267 transvadantes,
2738 1201 2945 1272 fugant,
2997 1201 3413 1272 quamdamque-
3451 1201 3812 1258 munitionem

2223 1293 2616 1359 ﬁrmissimam,
2663 1293 2733 1349 ad
2783 1301 3002 1363 pontem
3061 1293 3335 1349 ﬂabaniza
3382 1293 3628 1349 ﬂuminis
3678 1304 3816 1349 stru-

2223 1398 2389 1453 ctam,
2426 1387 2480 1441 iu
2530 1400 2637 1456 qua
2690 1384 2983 1440 maximam
3038 1384 3212 1441 hostis
3262 1385 3514 1442 ﬁduciam
3554 1386 3815 1454 habebat,

2223 1480 2443 1551 quidam
2473 1493 2545 1551 ex
2583 1478 3081 1550 Burgundionibus,
3136 1477 3443 1533 Saxonibus
3495 1488 3551 1535 et
3601 1477 3817 1538 Bolanis

2224 1572 2445 1637 milites,
2490 1588 2598 1628 non
2649 1571 2768 1627 sine
2801 1570 2883 1626 sui
2926 1569 3172 1641 periculo
3198 1568 3419 1625 ﬂumine
3460 1571 3721 1637 transito,
3760 1570 3815 1627 in

2222 1665 2374 1722 brevi
2397 1673 2761 1736 expugnatam
2786 1663 3213 1734 eapiunt,c:esis
3245 1662 3549 1734 palatisque
3591 1663 3812 1735 llunga-

2224 1758 2326 1826 ris,
2372 1757 2582 1828 reliquo
2617 1756 3373 1813 exercitui...............

524 1951 651 2026 (llic
680 1954 914 2011 rescissis
948 1956 1147 2013 ultimis
1175 1956 1318 2027 foliis
1347 1967 1620 2013 truncatus
1659 1967 1734 2013 est
1762 1958 2257 2030 Angiensiscodex,
2288 1958 2503 2029 perinde
2542 1976 2609 2014 ac
2634 1959 2884 2030 descripti
2912 1975 2974 2013 ex
2996 1975 3056 2014 eo
3096 1956 3447 2013 Einsidlensis
3467 1966 3516 2012 et
3543 1955 3813 2027 Augusta..-

1442 2046 1539 2084 ntts
1556 2046 1575 2095 ;
1607 2040 1828 2100 pergunt
1852 2028 1980 2084 ivero
2015 2028 2389 2086 Gottwicensis
2413 2042 2462 2085 et
2489 2030 2799 2098 Murensis.)

1504 2143 1706 2201 CODD.
1748 2140 2275 2200 GOTTWICENSIS
2314 2143 2404 2199 ΕΤ
2448 2142 2819 2200 MURENSIS.

525 2259 671 2313 viam
706 2259 972 2329 pandunt,
1025 2275 1145 2331 qute
1177 2260 1687 2333 pertranseuntibus
1722 2264 1859 2330 pene
1900 2257 2112 2315 cunctis
2146 2261 2187 2321 Β
2217 2259 2476 2328 dogmata
2542 2258 2837 2315 Manichaaa
2894 2267 3039 2314 secta
3100 2257 3279 2313 oumis
3347 2271 3502 2313 esum
3560 2254 3812 2311 animalis

531 2351 777 2415 incensa,
824 2350 1033 2422 aliquot
1080 2353 1146 2407 de
1192 2354 1482 2424 postremis
1536 2353 1590 2407 in
1646 2366 1843 2424 magno
1873 2349 2116 2422 periculo

528 2443 779 2499 hostibus
817 2443 1228 2517 insequentibus
1261 2447 1459 2520 [suppl.
1492 2446 1720 2521 aditum]
1760 2447 2109 2514 interclusit;

525 2533 714 2603 sicque
739 2534 1000 2591 redeunte
1049 2536 1378 2607 imperatore
1425 2538 1637 2609 illisque
1664 2552 1802 2609 quos
1841 2537 1983 2592 ultra
2011 2537 2115 2592 Da-

529 2625 755 2682 nubium
814 2628 1224 2695 transmiserat,
1273 2631 1437 2686 rebus
1487 2645 1745 2702 prospere
1788 2630 1954 2701 gestis
2001 2629 2113 2699 jam

432 2738 445 2747 ο
524 2717 726 2773 dudum
752 2719 1007 2783 reversis,
1029 2719 1275 2777 Andreas
1315 2738 1346 2776 a
1393 2730 1581 2777 nostro
1607 2722 1923 2777 mamhione
1948 2719 2111 2775 Adal-

522 2809 678 2865 berto
702 2824 891 2879 pacem
923 2811 1253 2881 postulatum
1288 2813 1474 2881 mittit,
1498 2829 1726 2884 eamque
1752 2813 1992 2869 vicissim
2019 2812 2115 2867 tri-

520 2898 658 2955 buit.
712 2901 845 2971 ipsis
892 2902 1103 2969 diebus,
1143 2904 1409 2961 defunctis
1446 2922 1554 2961 uno
1602 2919 1843 2978 tempore
1873 2903 2114 2961 Lindau-

520 2991 707 3061 giense
760 3002 814 3049 et
858 2993 1271 3068 Bueltaugiense
1320 2998 1636 3065 abbatissis,
1694 2997 1831 3054 Tuta
1889 2996 2111 3064 nobilis,

520 3083 758 3152 prudens
784 3093 839 3140 et
880 3087 1133 3158 religiosa
1171 3090 1331 3145 vidua
1359 3091 1573 3161 utrique
1600 3090 1719 3145 loco
1742 3088 2112 3160 recuperando

520 3172 589 3227 ab
617 3175 943 3245 imperatore
970 3179 1285 3249 praeﬁcitur.
1650 3185 1654 3189 ’

614 3263 758 3319 1052
800 3264 1095 3337 imperator
1143 3270 1389 3326 Natalem
1446 3254 1659 3328 Domini
1706 3272 1934 3328 Goslare
1978 3272 2109 3343 egit,

523 3353 710 3425 ibique
740 3361 1003 3428 quosdam
1054 3361 1363 3428 luereticos,
1403 3363 1545 3418 inter
1572 3363 1677 3418 alia
1717 3364 1871 3435 pravi
1904 3363 2111 3419 erroris

2218 2352 2380 2422 227
2411 2360 2783 2418 exsecrantes,
2813 2364 3082 2406 consensu
3137 2356 3478 2412 cunctorum,
3529 2361 3600 2402 ne
3645 2347 3807 2403 luere-

2220 2442 2325 2497 tica
2350 2441 2564 2498 scabies
2591 2442 2755 2497 latius
2785 2455 3011 2511 serpens
3034 2440 3219 2511 plures
3249 2439 3511 2504 inliceret,
3555 2440 3613 2495 in
3669 2438 3829 2509 pati.-

2216 2532 2359 2590 bulis
2384 2534 2642 2606 suspendi
2687 2533 2871 2602 jussit.
2900 2562 2971 2573 —
3001 2531 3201 2588 Eodem
3236 2539 3477 2601 tempore
3501 2546 3534 2585 ν
3565 2529 3697 2585 ldus
3723 2528 3809 2585 Ja-

2216 2625 2394 2681 nuarii
2427 2634 2603 2681 mater
2653 2639 2771 2680 mea
2808 2622 3095 2688 Hiltrudis,
3123 2621 3386 2678 Wolfradi
3433 2622 3658 2677 comitis
3680 2637 3809 2677 uxor

2221 2716 2390 2789 (6'59),
2422 2715 2710 2770 admodum
2739 2715 2850 2784 pia,
2877 2714 3041 2776 mitis,
3072 2712 3312 2768 liberalis
3339 2721 3395 2768 et
3433 2712 3695 2784 religiosa
3735 2712 3825 2768 [ει

2219 2807 2387 2873 mina,
2410 2807 2608 2862 marito
2631 2813 2944 2876 septemque
2967 2802 3151 2859 liberis
3179 2803 3583 2875 superstitibus,
3615 2805 3810 2860 devoto

2217 2912 2271 2958 et
2292 2900 2461 2965 felici,
2489 2901 2567 2955 uti
2598 2899 2911 2955 hominibus
2936 2912 3197 2969 apparere
3237 2905 3471 2967 poterat,
3490 2895 3646 2951 exitu
3670 2895 3806 2950 diem

2217 2993 2465 3049 ultimum
2505 2991 2723 3057 clausit,
2772 3005 2916 3045 anno
2967 2989 3144 3045 aetatis
3195 2987 3415 3043 circiter
3467 2985 3807 3057 sexagesimo

2217 3088 2415 3163 primo,
2475 3085 2877 3157 eonjunctionis
2908 3100 3038 3139 vero
3092 3099 3215 3139 cum
3250 3082 3447 3138 marito
3502 3082 3804 3153 quadrage-

2132 3184 2135 3189 ‘
2214 3179 2355 3233 simo
2378 3185 2595 3248 quarto,
2620 3186 2675 3230 et
2715 3176 2856 3247 apud
2883 3175 3063 3229 villam
3111 3173 3434 3229 Alleshusan
3465 3174 3567 3229 sub
3596 3170 3807 3243 capella

2219 3273 2280 3328 S.
2311 3270 2548 3327 Udalrici
2586 3288 2615 3325 a
2649 3286 2707 3327 se
2745 3278 3063 3326 constructa
3109 3270 3160 3324 in
3190 3269 3461 3341 sepulcro,
3504 3268 3654 3339 quod
3695 3268 3817 3339 ipsa.

2221 3362 2324 3420 sibi
2353 3371 2777 3435 praeparaverat,
2823 3361 3041 3418 condita
3065 3368 3169 3417 est.
3192 3400 3206 3416 .
3228 3399 3243 3416 .
3264 3400 3279 3417 .
3302 3400 3316 3416 .
3335 3400 3386 3417 ..
3403 3398 3418 3416 .
3440 3396 3457 3414 .
3474 3401 3489 3416 .
3506 3398 3525 3416 .
3544 3398 3559 3415 .
3579 3399 3596 3415 .
3616 3397 3631 3415 .
3650 3398 3669 3415 .
3686 3398 3702 3415 .
3722 3397 3771 3417 ..
3788 3396 3807 3413 .

1176 3498 1196 3573 (
1220 3498 1320 3556 llic
1350 3500 1541 3556 desinit
1576 3516 1768 3572 parvus
1799 3501 1963 3556 codex
1999 3497 2379 3564 Gottwicensis,
2415 3498 2579 3571 pergit
2610 3497 2785 3552 adhuc
2810 3494 3123 3566 Murensis.)

1827 3611 2058 3671 CODE-X
2092 3608 2466 3667 MURENSIS.

520 3697 619 3756 Cui
650 3708 708 3756 ut
730 3715 829 3774 pro
852 3702 1125 3776 epitapbio
1162 3705 1263 3761 bos
1302 3704 1645 3761 subscribere
1674 3688 1861 3760 versus
1910 3703 2104 3765 libuit:

2219 3700 2395 3757 Mater
2423 3715 2739 3771 egenorum,
2772 3714 2898 3771 spes
2917 3697 3289 3769 auxiliumque
3315 3712 3558 3767 suorum,

1527 3815 1979 3873 COMPENDIUM
2015 3814 2110 3870 EX
2137 3812 2389 3870 CODICE
2424 3812 2794 3869 BERNOLDI.

592 3907 734 3964 1052
766 3906 1063 3979 Imperator
1085 3905 1304 3966 Goslare
1325 3908 1669 3965 Nativitatem
1698 3910 1905 3965 Domini
1920 3926 2100 3981 agens,
2146 3970 2151 3975 ι

518 4003 777 4073 quosdam
822 4003 893 4058 ibi
928 4004 1199 4060 Iucreticos
1249 4003 1590 4066 Maniclncos,
1626 4004 1794 4059 omnis
1818 4021 1963 4069 esum
1990 4003 2105 4058 ani-
2142 4048 2145 4053 ,

2212 3906 2443 3977 fessoris,
2469 3924 2501 3960 α
2533 3906 2797 3961 Waltario
2840 3906 2986 3980 (610)
3023 3906 3303 3962 Veronmsi
3324 3907 3561 3979 episcopo
3587 3907 3646 3962 in
3674 3906 3797 3963 Alen

2211 3999 2482 4053 manniam
2504 3998 2573 4051 ad
2602 3997 2779 4053 villam
2803 3996 3014 4053 Ulntant
3038 3997 3238 4066 allata,
3260 3997 3502 4067 plurimis
3522 3996 3819 4053 miraculis-

519 4087 674 4143 malis
725 4099 1070 4155 exsecrantes,
1121 4106 1377 4146 consensu
1426 4092 1704 4157 omnium,
1756 4108 1819 4145 ne
1860 4090 2104 4147 haeretica
2135 4130 2179 4192 Ο
2213 4088 2451 4143 claraere
2483 4088 2654 4161 ((141).
2686 4120 2755 4132 —-
2792 4089 2910 4144 Hoc
2963 4106 3103 4144 anno
3148 4089 3298 4161 (642)
3339 4088 3405 4144 Β.
3455 4089 3817 4145 Eberhard“.

518 4180 721 4235 scabies
751 4192 976 4251 serperet
1007 4183 1062 4237 in
1088 4184 1284 4253 plures,
1324 4184 1379 4238 in
1415 4183 1650 4254 patibulo
1679 4183 1926 4255 stupendi
1962 4181 2103 4252 fecit.

517 4298 591 4311 -—
612 4269 713 4325 His
736 4271 919 4331 diebus
951 4271 1284 4343 Bonifacius,
1330 4274 1506 4331 Italia:
1532 4276 1764 4331 mare/tio
1795 4274 2101 4343 ditissimus,

519 4359 782 4418 Beatricis
840 4364 1177 4420 nobilissima:
1206 4368 1489 4422 comitissa:
1537 4369 1784 4434 maritus,
1828 4385 1861 4422 a
1901 4368 2113 4433 duobus

518 4450 772 4507 militibus
786 4455 1253 4524 sagittistoxicatis
1277 4456 1581 4513 vulneratus
1603 4459 1849 4525 moritur,
1882 4469 1931 4513 et
1956 4456 2105 4514 Man-
2140 4486 2145 4493 -

518 4553 625 4599 tua:
652 4545 949 4631 honoriﬁce
965 4548 1230 4618 sepelitur.
1255 4580 1328 4590 —
1355 4549 1607 4622 Reliquia:
1638 4551 1698 4607 S.
1722 4549 1951 4606 Zenonis
1979 4566 2103 4606 con-

2212 4197 2382 4236 comes
2404 4181 2468 4235 de
2500 4179 2811 4236 Nellinburc
2853 4180 3258 4251 Scafltusensem
3300 4180 3472 4235 locum
3502 4190 3796 4236 construere

2213 4277 2385 4345 coepit,
2422 4274 2477 4330 in
2502 4292 2603 4347 quo
2645 4273 2702 4331 S.
2726 4292 2865 4346 papa
2895 4274 3000 4330 Leo
3046 4290 3216 4329 nonus
3242 4290 3273 4329 ι
3305 4272 3434 4331 Kal.
3467 4273 3595 4328 Dec.
3629 4274 3803 4329 altare

2210 4365 2265 4421 in
2278 4367 2475 4422 honore
2497 4367 2783 4422 Dominicw
2796 4367 3189 4422 resurrectionis
3200 4370 3541 4433 consecravit,
3553 4376 3602 4423 et
3627 4365 3809 4421 locum

2211 4459 2320 4513 suis
2342 4460 2538 4513 sanctis
2560 4458 2999 4513 benedictionibus
3024 4456 3247 4512 initiavit
3268 4467 3317 4511 et
3343 4455 3699 4526 conﬁrmauit.
3723 4481 3793 4497 --

2213 4548 2685 4621 Antlreaqne,rege
2726 4548 3122 4620 Ilungarorum,
3164 4549 3338 4604 minus
3385 4549 3662 4620 minusque
3705 4562 3803 4619 pro

2053 4662 2285 4720 NOTAE.

594 4774 900 4847 (639))‘id.
942 4790 1106 4845 supra
1137 4775 1203 4831 ad
1233 4794 1321 4831 an.
1348 4778 1504 4835 1010.
1862 4819 1869 4827 .

590 4844 737 4916 (640)
758 4844 1067 4902 Ἣειίιῑεθι-ἱιε
1082 4860 1166 4901 nat
1178 4848 1299 4903 ioue
1311 4848 1633 4916 Germanus,
1649 4849 1842 4906 a.lO36
1856 4865 1882 4902 a
1898 4849 2008 4907 Con
2019 4867 2103 4904 ra-
2134 4886 2141 4891 -

518 4917 731 4987 doimp.
757 4918 1040 4987 episcopus
1068 4919 1393 4973 Veronensis
1415 4922 1757 4984 constitutus,
1783 4920 1839 4975 S.
1865 4920 2100 4976 Zenonis

519 4986 842 5060 urbisillius
885 4988 1278 5060 olitnepiseopi
1313 4990 1566 5060 reliquias
1606 4991 1816 5060 Ulmum
1856 5002 2098 5046 transtu-

520 5058 600 5117 lil,
637 5058 715 5111 uti
743 5060 905 5113 etiam
935 5058 1103 5115 refert
1133 5059 1391 5118 Uuliellus
1430 5058 1586 5118 lltal.
1614 5059 1734 5115 Sac.
1765 5073 1803 5115 t.
1832 5061 1891 5118 V.
1916 5079 1967 5118 υ.
1992 5062 2095 5116 680

2215 4781 2343 4835 bum
2371 4782 2483 4837 l'ere
2520 4780 2768 4835 convenit
2799 4778 3095 4833 Bavaricus
3121 4777 3290 4832 codex
3336 4774 3590 4830 Bernoldi
3645 4783 3797 4830 autoe

2211 4856 2487 4922 graphus;
2518 4850 2571 4905 in
2597 4866 2705 4922 quo
2738 4859 2917 4922 tamen
2937 4849 3091 4922 nulla
3116 4848 3345 4922 habetur
3366 4846 3478 4900 sive
3504 4842 3795 4922 Hermanni

2210 4916 2900 4986 finientis,sivo-Bernoldi
2934 4919 3241 4989 incipientis
3284 4916 3560 4989 nota,__scd
3610 4916 3823 4985 omnia

2205 4995 2517 5048 continuato
2550 4992 2637 5046 lito
2661 4992 2974 5045 decurrunt.
3005 4986 3075 5030 -ὲ
3103 4989 3234 5044 Cqu
3263 5002 3391 5042 vero
3429 4986 3784 5047 llermannus,

2207 5073 2339 5116 teste
2363 5064 2501 5114 Viue
2518 5063 2635 5114 eius
2655 5060 3278 5114 scriptore--Cbronicun
3305 5072 3475 5110 usuue
3496 5057 3560 5108 ad
3596 5071 3795 5108 annum
