3970 5406
171 217 273 278 ⁸⁵⁷
1347 219 1767 280 cunemeos.
1807 250 1877 260 —
1917 217 2091 277 sm.
2131 219 2223 275 x1.
3332 228 3439 285 εδδ

1204 312 1407 373 CODD.
1451 309 1982 369 COTTWICENSIS
2017 311 2105 366 ΕΤ
2145 311 2517 368 MURENSIS.

234 410 347 466 lIoe
370 408 593 466 IIiItrud
621 408 828 466 tumqu
858 408 1040 465 debita
1071 407 1251 464 reddit
1272 410 1460 464 humo.
1781 407 1831 468 Α
1861 403 2196 474 ροτὺίεείηιεε
2227 405 2349 459 vitae
2380 405 2569 461 habitu
2612 405 2679 460 ad
2709 406 3037 462 humilitatis
3072 416 3127 462 et
3166 409 3446 483 religionis

167 501 290 571 Quae
310 502 699 573 przepollentes
725 515 989 572 generosa
1011 499 1178 570 stirpe
1205 507 1468 569 parentes
1802 536 1809 545 ι
1860 496 2099 568 speciem
2153 512 2485 561 conversus,
2547 511 2613 552 ac
2672 498 2849 555 denuo
2900 500 2968 555 ad
3018 502 3262 571 [tristium
3313 518 3446 557 con-

231 592 541 648 Nobihtaus
562 591 725 647 claris
756 590 1027 646 extulerat
1065 588 1276 651 studiis,
1858 590 2186 645 versationis
2215 590 2558 647 insolentiam
2609 606 2880 659 reversus,
2934 609 3055 648 eum
3108 608 3230 649 eum
3286 595 3441 666 jussu

166 683 333 753 Atque
361 681 560 738 colens
589 690 794 737 castam
819 690 1133 736 reverenter
1159 692 1558 749 mouogamram
1859 685 2209 756 imperatoris
2272 686 2587 740 Ravennam
2637 686 3024 757 perduxisset,
3080 688 3257 745 subita
3313 689 3444 744 inihi

229 768 375 827 Vixit
410 772 617 827 divinis
643 787 812 843 prona
838 769 1176 825 ministeriis.

1855 788 2032 836 morte
2083 779 2245 851 periit
2294 778 2465 851 (645).
2504 778 2903 851 —Imperator
2933 782 3193 852 paschale
3242 782 3441 840 festum

162 863 320 940 228
343 863 519 934 Inque
543 863 682 919 bona
712 863 935 919 Marthae
956 873 1208 933 satagens
1247 863 1548 917 consistere
1574 870 1751 933 parte,
1857 870 2068 927 Nometi
2121 872 2276 944 egit,
2335 872 2566 942 indeque
2598 913 2613 938 ,
2665 882 2719 927 ut
2779 874 2973 939 aiunt,
3035 874 3213 930 locum
3270 876 3444 942 illum,

224 955 472 1011 Praetiea
509 957 659 1026 quod
682 956 866 1011 docuit
892 957 1004 1010 vita
1033 955 1186 1025 sequi
1219 954 1446 1009 studuit.
1856 962 2021 1033 229
2067 962 2237 1033 patris
2292 963 2593 1033 matrisque
2638 979 2750 1018 sua:
2795 964 3074 1035 sepultura
3133 966 3441 1037 prmditum,

164 1048 337 1113 Veste,
354 1048 502 1115 cibo,
536 1048 744 1121 lingua,
771 1048 931 1121 pede,
955 1048 1084 1103 totis
1120 1046 1329 1102 nisibus
1351 1046 1465 1117 ipsa
1857 1056 2029 1126 magis
2053 1058 2329 1127 magisque
2351 1056 2772 1126 parvipendens,
2791 1057 3066 1113 subiratus
3084 1057 3445 1130 episcopoque

222 1139 293 1196 Se
319 1139 544 1195 miseris
564 1138 769 1213 largam
793 1139 1021 1211 prtebuit
1038 1147 1201 1209 atque
1227 1138 1393 1209 piam.
1857 1146 1961 1202 loci
2002 1147 2143 1204 illius
2173 1148 2415 1204 infensus
2438 1148 2711 1203 discessit.
2743 1179 2813 1189 —
2839 1149 3037 1204 Iisdem
3061 1151 3251 1207 diebus
3278 1151 3432 1208 Boni-

160 1232 432 1304 Religioni:
460 1234 587 1306 Pios
611 1248 724 1305 Ρη
744 1233 955 1290 “melis
980 1232 1116 1288 Γονίι
1143 1232 1370 1298 amicos.
1863 1240 2061 1309 facins,
2088 1240 2390 1297 ditissimus
2428 1240 2596 1296 Italia:
2623 1242 2868 1297 marchio
2915 1241 3084 1313 (6H),
3115 1243 3223 1298 imo
3259 1254 3443 1316 tyran-

221 1326 447 1384 Cunctis
477 1328 811 1396 morigeram
839 1340 899 1383 se
927 1326 1078 1382 dedit
1095 1334 1150 1382 et
1171 1324 1463 1395 placidam.

1856 1349 1981 1401 nus,
2005 1334 2215 1391 insidiis
2245 1350 2274 1389 a
2303 1334 2514 1390 duobus
2540 1344 2799 1406 exceptus
2830 1335 3092 1390 militibus
3122 1336 3444 1409 sagittisque

158 1422 326 1494 Διςυε
355 1436 594 1478 manens
631 1421 801 1488 milis.
823 1420 1037 1493 Palicns
1064 1435 1129 1475 ac
1151 1419 1331 1475 neSCla
1354 1417 1489 1486 Ῑίιῖευ
1853 1427 2166 1483 vulneratus
2188 1468 2202 1493 ,
2248 1435 2304 1482 et
2350 1436 2595 1482 mortuus
2630 1426 2864 1484 Mantua:
2906 1427 3185 1498 sepelitur.
3210 1461 3279 1471 ——
3305 1429 3440 1485 Cum

220 1517 566 1590 Complaeuit
587 1519 791 1575 mundo
822 1535 837 1585 ;
874 1532 909 1574 ο
938 1518 951 1573 !
990 1516 1198 1573 utinam
1230 1515 1481 1572 Domino.
1854 1516 2153 1590 imperator
2178 1517 2323 1573 circa
2350 1518 2661 1572 litaniarum
2708 1528 2920 1589 tempus
2970 1519 3217 1576 Solodori
3272 1522 3441 1577 collo-

160 1611 377 1669 Carnem
399 1612 710 1685 castigans,
736 1611 987 1683 precibus
1014 1610 1131 1666 loca
1155 1617 1347 1678 sancta
1374 1606 1747 1679 frequentans,
1853 1611 2039 1682 quium
2064 1611 2309 1676 haberet,
2338 1610 2558 1681 quidam
2611 1626 2676 1665 ex
2735 1609 3217 1682 Burgundionibus
3250 1613 3441 1670 offensi

223 1704 477 1773 Quaerere
504 1704 791 1760 cwlestem
822 1702 1010 1760 sedula
1034 1701 1206 1757 suevit
1235 1714 1418 1771 opem.
1852 1704 1979 1761 inde
2009 1703 2315 1770 discedunt,
2354 1702 2448 1757 sed
2473 1717 2577 1757 non
2604 1701 2771 1757 multo
2800 1711 2921 1774 post
2960 1703 3125 1774 aliqui
3150 1720 3216 1759 ex
3244 1704 3347 1761 illis
3372 1705 3438 1759 ad

161 1793 340 1863 Crede,
373 1796 731 1867 penegyricis
753 1810 862 1850 non
887 1794 1005 1850 huic
1032 1809 1117 1849 me
1140 1794 1344 1865 lingere
1381 1791 1558 1858 vaniS.
1775 1782 1825 1844 Β
1852 1797 2083 1871 gratiam
2108 1796 2226 1867 ejus
2248 1796 2495 1853 redeunt.
2531 1795 2660 1851 Inde
2684 1796 2829 1866 ipse,
2858 1812 2979 1853 cum
3011 1797 3207 1869 Turegi
3242 1796 3440 1853 Pente-

218 1886 326 1944 Nec
355 1898 600 1944 matrem
627 1888 811 1945 verbis
835 1887 1024 1943 lollel'e
1054 1886 1336 1943 falSidiciS-
1494 1892 1501 1901 ’
1851 1904 2040 1951 costen
2070 1892 2391 1964 peregisset,
2426 1890 2481 1946 iu
2520 1888 2888 1945 Pannonicam
2926 1889 3113 1945 itidem
3138 1890 3441 1961 expeditio-

157 1978 377 2040 Gonsule
398 1996 683 2038 rumorem
710 1965 1148 2053 quaquaversum
1174 1978 1494 2051 popularem
1847 2000 1970 2042 nem
1991 1978 2358 2056 proficiscitur
2380 1979 2550 2054 (645).
2570 2011 2643 2022 —
2664 1979 2787 2047 Ubi,
2815 1980 3031 2036 Andrea
3056 1979 3438 2052 Hungarorum

224 2077 486 2148 Dictoque
515 2075 591 2133 de
618 2076 769 2133 veris
796 2074 1048 2145 paucula,
1081 2082 1266 2130 certus
1292 2073 1423 2130 eris.
1848 2091 1976 2150 rege
2031 2075 2180 2148 pacis
2243 2086 2461 2147 pactum
2534 2074 2978 2145 parvipeudeute,
3038 2074 3435 2131 Brezzizburch

161 2168 297 2228 lianc
310 2186 533 2243 quoque
566 2179 846 2243 postremo
871 2184 1022 2225 mera
1047 2183 1169 2225 eum
1192 2165 1461 2224 confessio
1480 2165 1671 2223 crebro
1846 2179 2085 2250 castrum
2112 2168 2410 2238 imperator
2432 2166 2712 2222 obsessum
2746 2165 2931 2222 multis
2962 2167 3230 2224 machinis
3258 2183 3431 2239 oppu-

1848 2259 2073 2333 gnavit,
2140 2258 2233 2315 sed
2280 2257 2425 2339 nullo
2486 2258 2646 2314 modo
2713 2273 2910 2328 capere
2956 2260 3152 2330 potuit.
3211 2259 3435 2316 Interim

1849 2354 2078 2411 domnus
2101 2367 2236 2425 papa
2258 2351 2368 2409 Leo
2395 2352 2462 2408 ab
2489 2351 2706 2407 Andrea
2742 2353 2970 2421 accitus,
3005 2369 3127 2409 cum
3171 2369 3270 2426 pro
3304 2371 3437 2427 pace

1848 2446 2218 2519 componenda
2257 2444 2580 2510 laborasset,
2617 2444 3006 2515 imperatorem
3049 2447 3118 2501 ab
3152 2446 3435 2503 obsidione

1846 2541 2149 2613 devocavit,
2180 2548 2367 2611 utpote
2395 2539 2496 2595 sibi
2522 2554 2619 2610 per
2642 2539 2831 2594 omnia
2854 2547 3303 2595 consentaneum.
3329 2540 3436 2596 Sed

1844 2642 2067 2690 econtra
2091 2632 2394 2698 Andream,
2429 2632 2673 2688 consiliis
2727 2633 2841 2688 suis
2898 2642 2953 2688 et
3004 2634 3260 2691 versutiis
3308 2651 3433 2692 sese

1844 2725 2132 2798 experiens
2181 2724 2521 2780 deludentem
2568 2724 2741 2796 (646),
2775 2724 2924 2779 ilhun
2956 2727 3431 2784 excommunicare

1844 2820 2083 2873 minatus
2115 2823 2199 2870 est
2228 2834 2240 2869 :
2274 2826 2328 2870 et
2358 2815 2436 2871 sic
2457 2831 2579 2871 cum
2623 2816 2951 2887 imperatore
2995 2817 3121 2872 inde
3152 2819 3428 2888 discessit,

1842 2918 1897 2965 et
1939 2907 2328 2979 aliquantulum
2363 2908 2622 2978 temporis
2654 2922 2776 2962 cum
2802 2923 2867 2964 eo
2897 2908 3119 2964 mansit.
3148 2910 3284 2982 Ipsis
3314 2912 3431 2967 die-

1842 3005 1944 3061 bus
1973 3004 2287 3075 imperatrix
2316 3003 2512 3058 iterum
2546 3002 2736 3070 lilium,
2784 3004 2877 3075 qui
2927 3003 3213 3063 Conradus
3240 3016 3429 3079 postea

1840 3105 2066 3152 vocatus
2094 3104 2197 3161 est,
2230 3093 2542 3164 imperatori
2572 3095 2800 3165 peperit.

218 2280 509 2357 Purgasset
544 2284 777 2340 Domino
801 2283 983 2340 dedita
1012 2281 1178 2339 corde
1204 2282 1315 2353 pio,

162 2381 491 2437 Communita
536 2379 669 2447 ﬁde,
700 2395 795 2452 spe
824 2388 962 2446 tuta,
1006 2378 1191 2449 vigens
1211 2376 1416 2449 pietate

220 2493 363 2550 Felix
386 2493 535 2551 hanc
563 2493 729 2548 vitam
758 2492 999 2549 deseruit
1028 2491 1306 2559 miseram,

160 2587 277 2643 Cum
300 2589 504 2645 mensis
544 2587 721 2644 Janus
750 2587 973 2658 quintas
1003 2585 1319 2642 devolveret
1341 2584 1503 2653 Idus;

224 2680 382 2737 Movit
418 2681 728 2749 permultas
764 2687 941 2735 morte
961 2694 1058 2734 sua
1080 2678 1378 2749 lacrymas.

162 2769 255 2829 Pro
285 2788 407 2845 qua,
454 2789 670 2846 qumso,
708 2787 923 2844 precor,
952 2780 1100 2845 peto,
1132 2771 1367 2843 postulo,
1411 2771 1618 2844 ﬂagito,
1658 2772 1738 2828 Ie-

732 2914 735 2915 ν
1504 2863 1664 2936 [ctor,

219 2957 401 3017 Pulses
424 2959 768 3032 supplicibus
796 2967 854 3014 ut
881 2958 1170 3015 Dominum
1193 2957 1470 3029 precibus,

161 3048 418 3117 Quatenus
442 3052 621 3123 ipsius
658 3052 861 3122 pietate
882 3050 965 3106 sui
992 3051 1281 3106 miseratus

221 3146 413 3202 Amm“
442 3161 473 3201 ³
498 3154 720 3201 cuneus
747 3155 1033 3200 muscam
1066 3144 1295 3199 macuhs
1326 3160 1342 3209 δ
1764 3169 1812 3233 C
1912 3184 2077 3257 230
2105 3144 2383 3240 Discordia
2413 3184 2554 3239 inter
2572 3144 2936 3242 rGtrzbhardum
2968 3189 3422 3249 Ratisboneusem

159 3254 309 3330 Inque
327 3259 617 3317 beatorum
650 3259 798 3314 felici
823 3267 972 3315 sorte
994 3272 1219 3314 suorum

1845 3277 2127 3349 prmsulem
2162 3284 2218 3331 et
2266 3274 2577 3332 Conradum
2628 3274 2888 3346 Bajoaria:
2936 3280 3129 3336 ducem
3179 3293 3323 3339 mota
3373 3293 3430 3339 et

220 3350 421 3424 Largus
447 3354 498 3409 ei
536 3352 785 3409 stabilem
814 3352 1123 3409 contribuat
1144 3350 1411 3423 requiem.

1845 3368 2045 3437 agitata
2066 3374 2169 3422 est.
2194 3364 2454 3436 Reliquis:
2476 3363 2532 3421 S.
2560 3364 2795 3423 Zenonis
2824 3370 2892 3423 ad
2920 3368 3133 3427 Ulmam
3155 3386 3187 3427 a
3212 3373 3426 3430 Verona

164 3469 400 3544 sequemi
424 3484 675 3544 tempore
696 3473 1153 3546 quadragesmmu
1196 3475 1492 3545 imperato,-
1518 3473 1735 3529 Rm-en-
1843 3456 2122 3511 translata:
2154 3464 2300 3520 sunt,
2324 3464 2377 3510 et
2406 3454 2677 3526 plurimis,
2718 3466 2776 3511 ut
2803 3456 2947 3514 fama
2971 3460 3285 3534 divulgavit,
3313 3463 3426 3519 ela-

162 3569 323 3618 halem
349 3565 824 3636 archiepiscopum
859 3562 1154 3619 "anticum
1180 3565 1472 3634 promovi],
1499 3574 1554 3620 ει
1577 3564 1731 3621 Nino
1836 3564 1993 3605 ruere
2021 3547 2322 3605 miraculis.
2348 3547 2678 3606 Constantia:
2724 3550 2946 3609 basilica
2986 3553 3044 3610 S.
3095 3554 3278 3613 ΜῖιΓίῖΒ
3303 3572 3425 3615 COT-

165 3647 271 3726 [ai.,
293 3654 575 3729 Nitherus]
604 3654 972 3727 Frisingensis
1009 3655 1318 3727 cpiscopus,
1354 3655 1506 3727 prius
1545 3673 1611 3712 ex
1641 3673 1733 3743 su-_
1836 3642 1965 3697 Γιιῖιο

222 3800 429 3875 (Incipit
468 3803 561 3856 hic
600 3801 736 3875 alter
764 3793 931 3875 cades;
958 3797 1339 3875 Gotttvicensis,
1381 3815 1504 3875 eum
1540 3798 1779 3875 dimensi
1818 3821 1912 3875 per
1944 3801 2269 3875 duoshosce
2310 3815 2480 3875 annos
2507 3799 2846 3875 conspirans,
2889 3803 3129 3875 quamvis
3166 3805 3276 3874 ipse
3310 3807 3423 3863 [uec

164 3864 428 3927 Bertholdo
450 3873 707 3939 ascribat,
736 3872 823 3925 cui
850 3872 1007 3925 etiam
1035 3864 1339 3925 tribuuntur
1364 3871 1504 3939 apud
1538 3864 1844 3940 Urstisium',
1874 3877 1962 3940 qui
1987 3876 2051 3928 ab
2081 3874 2177 3926 hoc
2201 3887 2341 3924 anno
2368 3864 2665 3933 Bertholdi,
2696 3886 2788 3923 seu
2819 3864 2991 3940 potius
3019 3864 3272 3930 Berndldi
3295 3894 3421 3933 con-

165 3895 428 3927 »emwtao
450 3895 707 3939 ascrwut,
736 3895 820 3925 cur
850 3895 1007 3925 etram
1035 3895 1338 3925 lTlUIHUIIIIT
1364 3895 1502 3939 apuu
1538 3895 1844 3940 ursusmm,
1909 3895 1961 3929 ut
1987 3895 2051 3928 ao
2081 3895 2177 3926 Iwc
2201 3895 2341 3924 anno
2368 3895 2665 3933 permotus,
2696 3895 2788 3923 seu
2819 3895 2991 3940 ponus
3019 3895 3270 3930 nemorat
3295 3895 3421 3933 con-

165 3942 483 3999 tinua:ionem
515 3946 747 3999 inchoat.
784 3940 903 3995 Vid.
929 3957 1067 3995 anno
1089 3942 1285 4013 priore,
1312 3957 1365 4013 p_.
1393 3940 1514 3995 127.
1549 3941 1635 3995 Ita
1659 3955 1834 3999 autem
1868 3895 2167 4001 ﬁernoldus
2193 3943 2262 3995 ad
2295 3942 2435 4013 [tunc
2463 3955 2659 4013 annum
2684 3952 2703 3991 ε
2727 3940 3026 4010 Imperator
3048 3958 3171 4000 cum
3203 3948 3422 4006 domino

166 4025 354 4136 mm...
382 4016 700 4085 aliquandiu
744 4013 1040 4076 detinetur,
1070 4010 1123 4064 ut
1162 4010 1306 4064 Mur.
1339 4011 1642 4080 Imperator
1678 4014 1942 4072 IIenrieus
1981 4014 2227 4071 habito...
2268 4010 2660 4081 subjectiduem
2700 4013 2942 4082 promitti
2971 4014 3131 4087 fecit,
3177 4028 3231 4071 ut
3271 4018 3419 4076 Mur.

209 4085 419 4136 ‘zilinus
438 4087 611 4136 etiam
643 4083 1110 4136 Babenberaensis
1129 4083 1416 4136 euisconus
1439 4080 1657 4136 infamis
1684 4087 1956 4136 moritur-.i

209 4080 419 4142 azilinus
438 4080 611 4142 etiam
642 4083 1110 4154 Babeubergensis
1129 4083 1416 4151 episcopus
1439 4080 1657 4137 infamis
1684 4087 1956 4157 moritur.)

1503 4172 1684 4228 EDIT.
1730 4174 2050 4234 URSTISII.

170 4276 299 4331 Ραδιο
324 4268 463 4338 pacis
490 4266 806 4333 postulando
846 4265 1106 4335 alleganle
1134 4274 1187 4320 et
1213 4266 1563 4335 promittente,
1592 4264 1728 4320 Bre-
1832 4268 2446 4325 excommunicationem.
2497 4277 2669 4337 utpote
2718 4269 2903 4325 delusa
2945 4274 3063 4329 sede
3109 4279 3417 4347 apostolica,

173 4359 355 4431 sisburg
377 4378 604 4417 castrum
630 4360 868 4426 obsedit,
915 4369 962 4414 et
1006 4359 1163 4414 variis
1198 4357 1318 4412 belli
1350 4358 1605 4413 machinis
1636 4358 1728 4412 diu
1833 4360 2119 4426 minitans,
2155 4375 2274 4414 cum
2318 4359 2631 4429 imperatore
2679 4359 2934 4429 discessit,
2990 4376 3038 4419 et
3086 4366 3415 4440 aliquantum

174 4465 497 4523 oppugnatam
522 4496 537 4522 ,
591 4455 702 4510 Deo
757 4454 980 4510 obsessis
1059 4468 1115 4507 se
1159 4452 1316 4506 anxie
1369 4452 1728 4506 invocantibus
1832 4469 1950 4507 cum
1980 4468 2039 4506 eo
2070 4452 2316 4522 temporis
2342 4452 2557 4506 mansit.
2589 4482 2659 4492 —
2694 4450 2833 4521 Ipsis
2876 4455 3060 4512 diebus
3110 4460 3419 4532 imperatria:

173 4538 450 4605 opitulante,
501 4542 772 4612 frustratis
831 4555 1031 4610 semper
1074 4538 1275 4593 nisibus
1304 4578 1320 4603 ,
1379 4536 1525 4590 nullo
1573 4537 1730 4591 modo
1831 4543 2021 4613 ﬁlium,
2058 4559 2210 4613 quem
2238 4541 2539 4597 Conradum
2592 4553 2770 4612 postea
2823 4561 3150 4616 vocaverunt,
3183 4554 3415 4624 impera-

177 4645 331 4700 capere
360 4636 540 4703 potuit.
572 4634 795 4690 Interim
839 4632 1093 4687 Dominus
1123 4630 1227 4685 Leo
1263 4646 1402 4700 papa
1429 4629 1494 4685 ab
1518 4630 1728 4683 Andrca
1760 4691 1802 4703 ﬂ
1833 4636 1935 4688 tori
1982 4634 2198 4702 peperit.
2244 4633 2526 4689 Discordia
2574 4635 2710 4688 inter
2756 4634 3118 4694 Gebehardnm
3174 4642 3415 4699 Ratisbo-

178 4726 369 4793 accitus,
389 4745 504 4782 eum
537 4744 631 4798 pro
670 4742 802 4798 pace
839 4723 1195 4795 componenda
1224 4722 1600 4787 intervenisset,
1624 4720 1727 4773 im-
1755 4691 1807 4751 D
1833 4742 2042 4781 πεηεεηι
2107 4726 2383 4796 ρνιεειιίεηι
2435 4736 2484 4781 ει
2538 4726 2842 4782 Com-udum
2897 4730 3168 4802 Βηθανία,
3228 4737 3413 4792 ducem

177 4829 433 4884 peratorem
479 4822 542 4876 ab
590 4820 862 4876 obsidione
909 4818 1165 4882 avocavit,
1226 4831 1447 4886 eumque
1490 4814 1590 4869 sibi
1636 4830 1730 4884 per
1834 4827 1976 4873 mota
2006 4826 2054 4871 et
2085 4818 2304 4888 agitata.
2334 4816 2592 4890 Reliquiae
2614 4817 2751 4872 beati
2770 4817 2996 4877 Zenonis
3019 4823 3347 4894 confessoris,
3381 4849 3417 4888 α

180 4910 328 4963 omnia
355 4922 747 4968 consentaneum
777 4910 1060 4973 inveniens,
1085 4907 1177 4961 sed
1215 4916 1425 4959 econtra
1457 4904 1725 4959 Andream
1833 4909 2130 4964 Walthario
2185 4909 2470 4985 Veronensi
2518 4910 2757 4980 episcopo
2808 4911 2864 4965 in
2910 4912 3275 4973 Alemanuiam
3343 4926 3418 4977 αα

180 5004 378 5060 consiliis
408 5007 575 5062 minus
608 5014 879 5077 parentem
935 5003 1225 5073 experiens,
1270 5002 1523 5070 o/fensus,
1576 5013 1725 5068 etque
1831 5000 2007 5055 villam
2035 4997 2243 5056 Ulmum
2267 5001 2467 5068 allatas,
2501 4999 2747 5074 plurimis
2787 5018 2882 5072 per
2904 5005 3016 5062 [nec
3046 5015 3280 5093 tempora
3305 5010 3423 5070 cla-

1669 5133 1906 5196 NOTIE.

224 5240 351 5328 (6-5.3)
374 5250 519 5329 Ilaec
541 5244 704 5329 Iouge
726 5250 1395 5329 aliternarratﬁifiliertus
1415 5247 1726 5329 in-Vi-ta_§..
1819 5243 2134 5329 pingam...
2159 5316 2172 5329 _
2198 5316 2210 5329 .

168 5306 350 5406 ζέειιῇ
374 5306 517 5406 ιλιζ
528 5306 743 5406 (ξᾶῥῗῖιζ
760 5331 829 5406 ἐξ
839 5306 1128 5406 infigi-i1.
1143 5402 1151 5406 _
1165 5306 1389 5406 agitanti
1398 5306 1495 5406 _:ad
1516 5306 1726 5406 suis:

1860 5314 2584 5406 $645).Abhineusquead
2622 5312 2786 5406 linem
2822 5317 3096 5406 Murensis
3133 5334 3303 5391 codex
3339 5341 3419 5400 ab
3460 5345 3474 5385 '-
