3970 5406
469 202 574 258 9.39

1318 191 1677 251 llERfllANNl
1717 173 2523 249 CONTRACTl-AUGIENSIS
2576 186 2881 245 MONACHI

3641 188 3754 245 260

1503 306 1707 365 CODD.
1746 303 2273 363 GOTTWICENSIS
2314 304 2391 359 E'l
2430 302 2811 361 MURENSIS.

542 433 679 490 Η)δό
709 432 1007 502 Imperator
1035 442 1158 483 eum
1183 427 1383 483 domno
1404 426 1546 497 Papa
1565 423 1811 481 Natalem
1845 422 2058 479 Domini
2086 431 2134 489 Α
2164 421 2233 476 ab
2270 420 2596 492 imperatore
2639 436 2930 493 reposcens
2984 420 3275 492 exegisset,
3322 413 3540 478 «lenium
3576 405 3757 496 impe-

474 525 786 583 Wurmatim
812 524 944 595 egit,
974 521 1067 577 ubi
1098 535 1220 577 cum
1260 535 1419 592 papa,
1448 519 1591 574 sicut
1640 518 1840 573 dudum
1885 516 2055 571 inccn-

471 629 645 691 perat,
668 616 991 674 Fuldensem
1023 613 1295 671 abbatiam
1323 654 1338 679 ,
1370 612 1583 683 aliaque
1631 609 1888 666 nonnulla
1937 608 2056 663 loca

472 722 526 767 et
548 710 820 776 (tenebis,
840 724 960 780 qua:
980 706 1217 764 S.Pel'ro
1239 703 1539 775 antiquitus
1563 703 1761 759 donata
1788 701 2058 763 feruntur,

2164 521 2318 568 ralor
2351 512 2606 583 pleraque
2650 513 2703 568 in
2745 512 3143 568 Ultraromauis
3178 512 3426 583 partibus
3473 513 3542 568 ad
3596 530 3757 573 suum

2160 601 2252 673 jus
2279 602 2605 672 pertinentia
2630 617 2727 671 pro
2748 601 3038 673 Cisalpinis
3062 602 3216 673 quasi
3247 619 3342 674 per
3371 604 3757 661 concambium

2165 693 2240 749 illi
2276 695 2516 759 tradidit,
2550 695 2709 767 eique
2738 705 2928 752 contra
2963 694 3399 753 Normannorum
3434 699 3756 755 violentiam

1862 808 2042 867 Emr.
2081 806 2400 891 uns'rtsu.

478 944 693 990 ruerunt
742 930 1032 987 miraculis.
1090 929 1412 986 Constantia:
1468 926 1689 983 basilica
1755 923 1813 979 S.
1872 920 2061 977 Μαι-ἣτ’

477 1027 696 1081 corruit.

551 1118 691 1175 1055
738 1116 1037 1189 Imperator
1064 1129 1182 1170 cum
1213 1113 1425 1169 domino
1452 1128 1589 1183 papa
1626 1108 1906 1179 multisque
1955 1107 2065 1175 epi-

478 1211 648 1280 scopis
668 1219 714 1263 et
735 1206 1057 1279 principibus
1086 1204 1333 1259 Natalem
1363 1201 1574 1257 Domini
1596 1198 1907 1255 Wormmia:
1940 1196 2067 1267 egit,

482 1304 568 1358 ubi
600 1318 716 1357 cum
765 1316 970 1372 papa...
1010 1297 1089 1352 illi
1117 1313 1209 1369 per
1237 1295 1599 1352 concambium
1630 1292 1871 1347 tradidit.
1904 1289 2065 1343 (Ium-

478 1410 578 1466 que
611 1392 745 1446 idem
765 1408 903 1463 papa
929 1389 993 1444 de
1024 1384 1457 1442 Normannorum
1482 1382 1744 1439 violentiis
1764 1391 1811 1436 et
1832 1378 2063 1450 injuriis,

478 1488 569 1558 qui
600 1503 679 1541 res
708 1481 924 1541 S.Petri
952 1499 1006 1537 se
1029 1481 1188 1535 invito
1210 1480 1259 1534 vi
1281 1478 1541 1542 tenebant,
1568 1473 1735 1529 multa
1756 1479 2067 1543 conquestus

479 1588 632 1643 esset,
663 1580 732 1631 ad
761 1576 854 1631 hos
880 1574 1038 1629 etiam
1088 1571 1211 1626 inde
1256 1567 1641 1642 propulsandos
1690 1566 1972 1636 imperator
2020 1562 2067 1618 ei

480 1672 685 1727 auxilia
740 1669 1013 1740 delegavit.
1067 1666 1152 1721 Ea
1198 1664 1456 1736 siquidem
1504 1678 1627 1733 gens
1675 1677 1708 1713 a
1751 1657 2068 1730 temporibus

2162 924 2332 992 pacis,
2362 918 2595 995 pietatis,
2625 926 2792 982 divini
2814 926 3049 994 timoris,
3087 925 3517 1000 multimoda'que
3551 931 3760 989 virtutis

2165 1023 2365 1083 tenore,
2390 1016 2445 1070 in
2471 1033 2573 1087 quo
2596 1017 2660 1071 de
2681 1018 2766 1072 die
2794 1018 2849 1071 in
2876 1018 3012 1072 diem
3039 1018 3289 1072 debuera.‘
3315 1018 3595 1088 proficere,
3629 1038 3760 1089 pau-

2168 1104 2316 1160 latim
2365 1106 2435 1159 ad
2485 1117 2742 1178 qua’stum
2786 1117 2834 1162 et
2882 1108 3140 1163 incuriam
3180 1111 3464 1179 quamdam
3510 1110 3758 1179 deﬁcere,

2171 1197 2495 1271 multumque
2558 1217 2613 1255 se
2677 1201 2787 1271 ipso
2855 1200 3164 1256 deteriorem
3213 1201 3327 1269 fore
3372 1202 3759 1258 causabantur.

2170 1290 2504 1362 Altdorfense
2553 1293 2841 1347 ccenobium
2894 1292 3010 1363 igne
3061 1293 3385 1347 consumitur
3425 1291 3602 1363 (648).
3655 1292 3763 1349 Do-

2168 1384 2343 1436 minus
2366 1400 2524 1453 papa,
2553 1383 2732 1436 habita
2754 1393 2867 1454 post
2899 1381 3109 1437 Pascha
3142 1385 3341 1454 synodo
3373 1382 3545 1452 (649),
3580 1393 3761 1436 contra

2172 1471 2536 1540 Normannos,
2568 1486 2621 1528 ut
2654 1484 3022 1546 proposuerat,
3063 1478 3346 1529 exercitum
3393 1476 3588 1541 movit;
3620 1492 3764 1529 cum-

2168 1582 2267 1638 que
2291 1566 2370 1620 illi
2393 1583 2572 1637 pacem
2595 1578 2823 1638 petentes
2850 1568 3221 1637 subiectionem
3246 1569 3625 1641 servitiumque
3645 1584 3762 1639 pro-

2172 1660 2456 1726 mitterent,
2482 1671 2527 1714 et
2558 1676 2674 1733 qua:
2699 1663 2845 1728 prius
2872 1662 3067 1732 injuste
3086 1663 3185 1716 sibi
3216 1673 3528 1733 usurpantes
3559 1664 3765 1718 invaseo

479 1764 673 1836 prioris
731 1761 949 1817 Ilenrici
1004 1759 1335 1831 imperatoris
1380 1757 1434 1811 in
1484 1752 1746 1809 Calabria:
1773 1792 1788 1817 ,
1837 1747 2071 1805 Samnite
2103 1740 2145 1799 Β
2176 1762 2316 1817 rant,
2342 1754 2458 1823 ejus
2480 1754 2727 1824 beneficio
2749 1756 3020 1826 gratiaque
3046 1756 3266 1811 retinere
3287 1756 3483 1812 serclle
3504 1756 3762 1825 dicerent,

483 1854 889 1923 Campanitrque
910 1859 1085 1921 partes
1108 1846 1366 1920 paulatim
1408 1862 1474 1899 ex
1517 1842 1709 1900 Gallici
1738 1843 1845 1897 oris
1875 1839 2071 1896 Oceani

484 1941 770 1998 adventitia
800 1940 1092 2010 confluebat
1112 1955 1132 2006 ,°
1149 1948 1222 2005 et,
1251 1938 1375 2009 quia
1396 1934 1695 1990 bellicosior
1718 1932 1927 1987 Italicis
1948 1948 2075 2003 gen-

484 2036 624 2090 tibus
678 2033 990 2099 videbatur,
1042 2032 1215 2102 primo
1261 2039 1534 2103 gratanter
1588 2037 1843 2098 accepta,
1892 2025 2072 2080 crebro

485 2128 744 2200 indigenis
782 2135 963 2182 contra
995 2124 1300 2181 Grtrcorum
1340 2133 1387 2179 et
1430 2121 1849 2179 Sarracenorum
1892 2121 2073 2174 incur-

485 2221 657 2276 siones
685 2219 938 2274 audacter
964 2216 1257 2287 prwliando
1285 2214 1663 2270 auxiliabatur.
1701 2209 1892 2267 Postea
1929 2227 2069 2279 vero,

485 2313 725 2385 pluribus
778 2326 959 2367 eorum
1008 2310 1079 2364 ad
1130 2308 1340 2364 uberem
1391 2318 1587 2363 terram
1634 2304 2069 2368 occurrentibus,

486 2407 683 2462 viribus
721 2406 934 2460 adaucti
958 2447 973 2474 ,
1028 2404 1282 2476 indigetes
1332 2399 1464 2456 bello
1505 2415 1776 2471 premere,
1817 2396 2069 2466 injustam

489 2500 816 2554 dominatum
858 2497 1138 2564 invadere,
1190 2494 1483 2550 hazredibus
1528 2492 1774 2563 legitimis
1832 2487 2071 2555 castella,

487 2594 713 2666 prtedia,
740 2590 917 2658 villas,
937 2592 1119 2646 domos
1143 2631 1159 2658 ,
1191 2606 1382 2644 uxores
1413 2588 1572 2643 etiam
1617 2584 1801 2656 quibus
1826 2583 1975 2637 libuit
2028 2581 2076 2636 vi

490 2686 721 2755 auferre,
750 2702 830 2741 res
855 2684 1193 2741 ecclesiarum
1223 2684 1474 2755 diripere,
1513 2693 1775 2754 postremo
1806 2679 1987 2734 divina
2027 2687 2075 2732 et

491 2778 723 2832 humana
768 2775 965 2842 omnia,
1001 2784 1156 2845 prout
1203 2774 1399 2828 viribus
1452 2773 1570 2843 plus
1624 2779 1907 2843 poterant,
1948 2766 2079 2838 jura

490 2868 832 2938 confundere,
886 2883 978 2921 nec
1031 2866 1153 2937 jam
1207 2864 1496 2936 apostolico
1533 2862 1790 2935 pontifici,
1847 2878 1939 2916 nec
1984 2861 2083 2932 ipsi

492 2959 818 3032 imperatori,
863 2958 965 3013 nisi
1011 2968 1217 3012 tantum
1280 2956 1431 3011 verbo
1462 2968 1610 3010 tenus
1653 2955 1852 3009 cedere.
1883 2985 1952 2994 —
2000 2953 2082 3008 Ad

495 3054 681 3107 horum
708 3051 870 3122 igitur
897 3049 1107 3119 nefaria
1160 3058 1209 3103 et
1262 3047 1647 3103 inextricabilia
1674 3046 1869 3101 scelera
1909 3046 2014 3101 illis
2056 3063 2084 3100 e

2176 1844 2332 1916 idque
2358 1863 2494 1916 papa
2526 1845 2789 1916 abnegans
2821 1847 2865 1901 ri
2898 1856 2944 1901 et
2974 1846 3171 1918 injuria
3208 1858 3385 1917 raptas
3418 1863 3498 1902 res
3520 1845 3586 1903 S.
3620 1844 3765 1901 Petri

2178 1945 2489 2005 reposceret,
2516 1954 2700 2008 eosque
2724 1954 2994 2008 perperam
3026 1954 3241 2009 pervaso
3267 1941 3447 1992 crdere
3469 1938 3588 1992 loco
3604 1938 3761 2008 ‘jube-

2174 2036 2273 2093 ret,
2304 2025 2404 2091 illi,
2428 2027 2552 2098 quia
2577 2045 2792 2083 numero
2845 2028 2997 2099 longe
3043 2029 3362 2100 prwstabant
3400 2070 3415 2095 ,
3457 2031 3617 2101 quasi
3662 2046 3765 2085 rem

2173 2116 2545 2187 impossibilem
2591 2117 2689 2171 sibi
2735 2119 3055 2188 propositam
3110 2116 3436 2188 refutantes,
3488 2136 3543 2173 se
3591 2120 3764 2190 potius

2174 2210 2307 2265 bello
2338 2211 2544 2265 obviam
2567 2211 2752 2277 ituros,
2782 2212 3047 2282 armisque
3070 2212 3382 2283 acquisitam
3421 2213 3659 2283 patriam
3684 2212 3767 2265 de-

2172 2294 2435 2374 fensuros,
2465 2304 2543 2359 vel
2591 2314 2755 2359 morte
2807 2306 3139 2361 occubituros
3190 2306 3523 2361 denuntiant.
3574 2305 3765 2378 Sicque

2173 2411 2267 2475 ιμ’
2296 2395 2528 2452 Kalend.
2564 2396 2701 2451 Julii
2742 2395 2920 2451 valida
2970 2414 3147 2469 pugna
3201 2399 3542 2470 con/ligentes
3597 2397 3764 2469 prima

2174 2490 2287 2543 acie
2314 2507 2345 2543 a
2384 2487 2718 2545 Theutonicis
2754 2506 2883 2561 pene
2913 2492 3037 2545 victi
3060 2500 3180 2547 sunt
3196 2508 3217 2557 ;
3242 2494 3333 2546 sed
3358 2492 3763 2547 succenturiatis

2177 2579 2338 2650 copiis
2364 2595 2429 2633 ea:
2454 2580 2663 2634 insidiis
2692 2590 2899 2636 nostros
2920 2582 3398 2648 circumvenientes,
3425 2581 3587 2637 Italis
3614 2582 3764 2637 citius

2178 2681 2323 2744 terga
2349 2672 2684 2738 vertentibus,
2715 2671 3050 2729 Theutonicis
3083 2676 3315 2730 maxima
3343 2693 3412 2730 ex
3453 2686 3647 2746 parte,
3681 2673 3766 2729 sed

2186 2784 2293 2822 non
2316 2768 2494 2834 invite,
2513 2767 2957 2837 occumbentibus,
2995 2770 3199 2825 occulto
3241 2770 3340 2825 Dei
3372 2771 3581 2841 judicio
3609 2813 3625 2837 ,
3665 2771 3766 2826 sice

2181 2862 2307 2932 quia
2341 2870 2541 2915 tantum
2564 2862 2888 2917 sacerdotem
2922 2864 3217 2934 spiritualis
3263 2866 3437 2936 potius
3476 2881 3644 2936 quam
3678 2880 3766 2935 pro

2186 2951 2401 3006 caducis
2438 2953 2587 3007 rebus
2609 2952 2839 3008 carnalis
2860 2971 3036 3026 pugna
3073 2955 3321 3021 decebat;
3356 2957 3462 3012 sive
3499 2957 3644 3026 quod
3684 2972 3769 3011 ne-

2194 3042 2359 3114 farios
2380 3044 2615 3099 homines
2650 3053 2759 3099 tant
2805 3046 2998 3101 multos
3039 3046 3110 3101 ad
3151 3054 3243 3113 se',
3295 3047 3357 3101 ob
3405 3047 3765 3117 impunitatem

496 3113 750 3211 partibus.
771 3138 1128 3205 eliminanda,
1157 3137 1533 3209 indigenasque
1561 3138 1625 3191 ab
1655 3138 1729 3191 eis
1757 3136 2080 3203 liberandos,
2110 3113 2154 3176 (ἶ
2185 3139 2440 3194 scelerum
2481 3138 2559 3193 vel
2605 3151 2865 3211 quaestum
2908 3158 3126 3196 avarum
3145 3181 3162 3209 ,
3209 3113 3529 3212 confluentes
3583 3151 3766 3195 contra

499 3232 745 3287 dominus
771 3247 909 3302 papa
941 3232 1177 3284 animum
1201 3229 1497 3295 intendens,
1538 3245 1743 3283 summa
1766 3246 1885 3283 cum
1907 3228 2084 3283 chari-

500 3333 607 3378 tate
656 3322 720 3377 ab
768 3322 1083 3392 imperatore
1136 3319 1361 3375 Romam
1418 3336 1720 3374 reversurus
1769 3319 2081 3391 digreditur.

505 3417 683 3473 Securi
706 3427 826 3472 sunt
855 3426 1030 3470 autem
1065 3431 1182 3469 eum
1208 3413 1423 3487 plurimi
1455 3414 1893 3469 Theutonicorum
1924 3454 1939 3478 ,
1962 3429 2080 3484 par-

505 3511 598 3565 tim
622 3512 778 3582 jussu
809 3510 1166 3576 dominorum,
1189 3510 1383 3579 partim
1421 3525 1510 3579 spe
1556 3516 1789 3579 quaestus
1831 3505 2086 3569 adducti;

504 3603 656 3659 multi
679 3604 837 3659 etiam
861 3598 1100 3658 scelerati
1122 3611 1169 3655 et
1191 3600 1441 3671 protervi,
1465 3599 1799 3670 diversasque
1827 3598 1889 3651 ob
1921 3612 2088 3651 noxas

503 3698 679 3767 patria
715 3695 876 3768 pulsi.
914 3726 985 3739 —
1013 3692 1158 3760 Quos
1191 3692 1279 3746 ille
1322 3708 1529 3758 omnes,
1562 3701 1672 3745 tum
1702 3698 1961 3744 consueta:
1989 3688 2089 3741 mi-

505 3788 810 3844 sericordiae
838 3788 1005 3843 nimia
1034 3787 1421 3859 compassione,
1452 3795 1559 3839 tum
1593 3786 1749 3840 etiam
1780 3784 1903 3856 quia
1932 3800 2092 3854 opera

508 3892 691 3933 eorum
715 3878 784 3931 ad
818 3877 1095 3931 imminens
1144 3875 1420 3930 videbatur
1458 3875 1648 3929 bellum
1693 3875 1945 3946 indigere,
1991 3872 2093 3927 cle-

509 3975 709 4023 incnter
728 3978 774 4023 et
800 3977 1071 4040 gratanter
1097 3967 1408 4038 suscipiebat
1443 3965 1615 4039 (657).
1651 3964 1935 4019 Transiens
1970 3980 2092 4035 ergo

507 4078 600 4131 per
628 4060 988 4115 Alemanuiam
1010 4100 1025 4126 ,
1060 4057 1488 4128 Puri/icationem
1522 4055 1580 4112 S.
1614 4056 1806 4111 Maria’
1841 4057 2092 4127 Augusta:

508 4154 636 4225 egit,
667 4152 1000 4225 Mantuanae
1044 4152 1493 4224 Quinquagesima
1536 4159 1680 4216 acta,
1730 4160 1778 4204 et
1829 4147 2094 4203 nonnullis

510 4262 729 4301 suorum
756 4256 868 4301 orto
896 4246 1023 4301 inibi
1046 4246 1273 4300 tumultu
1300 4228 1508 4311 occisis,
1539 4243 1681 4297 intra
1708 4243 1820 4297 dies
1853 4240 2099 4308 Quadra-

513 4340 724 4411 gesima:
754 4337 978 4395 Romam
1003 4339 1256 4410 pervenit.
1288 4336 1519 4392 Wibert.
1560 4366 1630 4377 ——
1662 4333 1802 4406 Ipsis
1836 4334 2019 4389 diebus
2044 4334 2099 4388 in

518 4429 680 4485 Italia
708 4428 922 4502 quidam
948 4427 1118 4493 lacus,
1149 4443 1276 4498 quos
1300 4427 1477 4481 Julius
1499 4425 1828 4498 quondam...
1854 4423 2098 4478 mortales

515 4520 776 4589 absumpti
800 4528 946 4573 sunt.
981 4518 1308 4589 Imperatore
1348 4518 1404 4572 in
1450 4516 1690 4572 Saxonia
1730 4515 1871 4587 apud
1905 4515 2098 4571 llIcrse-

518 4613 650 4684 burg
677 4622 1055 4677 commanente,
1080 4627 1199 4665 cum
1233 4626 1350 4682 rege
1390 4609 1662 4664 Danorum
1694 4607 1903 4663 Pascha
1924 4610 2096 4681 egit...

519 4703 717 4758 ducatu
764 4702 1002 4774 privavit.
1060 4701 1177 4768 Quo
1224 4712 1453 4771 tempore
1495 4702 1639 4773 regni
1690 4710 1799 4754 tam
1844 4700 2098 4770 primores

517 4813 678 4868 quam
709 4797 1005 4868 inferiores,
1040 4806 1222 4851 contra
1248 4794 1612 4866 imperatorem
1638 4792 1805 4864 magis
1835 4791 2101 4864 magisque

522 4889 877 4957 mussitantes,
894 4890 1012 4961 jam
1039 4889 1239 4944 dudum
1288 4904 1407 4942 eum
1461 4887 1526 4941 ab
1576 4888 1835 4941 inchoata:
1851 4885 2098 4958 justitia',

2186 3229 2366 3284 itidem
2418 3230 2660 3285 scelestos
2705 3232 3083 3303 expugnandos
3128 3249 3302 3287 secum
3359 3232 3620 3297 ducebat;
3670 3233 3769 3286 sive

2185 3322 2366 3375 divina
2384 3320 2603 3392 justitia
2629 3322 2784 3390 alias,
2803 3341 2933 3395 quas
2958 3326 3071 3396 ipsa
3094 3325 3253 3387 novit,
3270 3325 3332 3379 ob
3357 3342 3546 3378 causas
3569 3332 3767 3379 nostros

2186 3412 2459 3485 plectente,
2485 3415 2720 3485 quamvis
2744 3415 2899 3470 nimis
2928 3426 3220 3483 cruentam,
3253 3417 3425 3471 hostes
3448 3416 3625 3487 adepti
3653 3425 3766 3472 sunt

2188 3508 2481 3562 victoriam.
2526 3507 2749 3579 Ipseque
2790 3509 3034 3564 dominus
3080 3526 3219 3580 papa
3249 3511 3302 3563 in
3329 3509 3557 3580 quodam
3601 3508 3666 3564 ab
3700 3508 3768 3563 eis

2188 3597 2405 3653 castello
2450 3599 2688 3653 obsessus
2719 3638 2735 3662 ,
2805 3615 2946 3666 cum,
3025 3610 3325 3671 expugnata
3375 3600 3488 3671 jam
3557 3601 3769 3671 jamque

2190 3689 2498 3754 munitione,
2558 3691 2863 3745 necessitate
2916 3700 3129 3746 coactus
3157 3731 3172 3757 ,
3227 3691 3645 3746 communionem
3700 3690 3769 3744 eis

2189 3784 2337 3853 prius
2368 3783 2700 3838 interdictam
2739 3783 3070 3851 reddidisset,
3099 3797 3341 3857 acceptus
3370 3787 3434 3840 ab
3476 3787 3550 3840 eis
3603 3785 3769 3841 Bene-

2192 3888 2397 3933 ventum
2434 3895 2551 3932 cum
2579 3880 2776 3933 honore
2805 3879 3050 3933 reductus
3079 3890 3175 3945 est,
3202 3879 3374 3951 ibique
3414 3890 3641 3947 tempore
3670 3877 3767 3933 ali-

2192 3982 2390 4042 quanto
2431 3972 2695 4031 detentus,
2746 3987 2838 4025 nec
2884 3971 3057 4026 redire
3112 3972 3417 4043 permissus.
3460 3970 3527 4025 Et
3580 3973 3677 4023 hoc
3724 3975 3770 4024 ct

2194 4063 2453 4133 superiori
2481 4079 2619 4117 anno
2643 4061 2854 4133 frugum
2878 4063 3099 4133 penuria
3132 4062 3276 4132 facta
3308 4072 3384 4117 est
3417 4079 3516 4115 nou
3547 4061 3764 4114 modica.

2196 4155 2565 4210 Werinharius
2591 4154 2757 4225 frater
2785 4171 2930 4210 meus
2959 4155 3130 4227 (650),
3159 4155 3435 4226 Augiensis
3467 4154 3767 4215 monachus,

2198 4249 2484 4304 admodum
2500 4250 2684 4303 doctus
2708 4258 2754 4303 et
2780 4247 3019 4320 religioni
3042 4264 3175 4304 verte
3196 4248 3401 4303 deditus
3418 4246 3768 4318 juvenis,cum

2199 4343 2304 4398 alio
2336 4343 2589 4398 monacho
2619 4341 2915 4409 Luithario,
2952 4343 3129 4397 studio
3159 4343 3272 4397 vita?
3316 4342 3639 4413 perfectioris
3681 4342 3771 4401 ﬂa-

2200 4451 2377 4505 grans,
2397 4435 2865 4506 peregrinationem
2894 4434 3032 4490 clam
3072 4451 3168 4505 pro
3195 4434 3405 4489 Christo
3454 4433 3764 4504 aggreditur,

2201 4527 2390 4582 litteris
2419 4527 2649 4582 remissis
2674 4526 2942 4583 licentiam
2978 4527 3182 4582 abbatis
3218 4527 3493 4599 postulans
3533 4537 3583 4582 et
3620 4529 3771 4593 impe-

2199 4626 2369 4672 trans.
2397 4616 2468 4671 Et
2513 4617 2748 4688 sequenti
2790 4627 3042 4688 tempore,
3072 4616 3366 4673 Richardus
3404 4614 3768 4689 Reuaugiensis

2202 4708 2387 4775 abbas,
2438 4718 2487 4763 et
2538 4705 2800 4763 Henricus
2854 4708 2976 4764 item
3024 4708 3302 4781 Augiensis
3343 4708 3647 4773 monachus,
3683 4706 3769 4758 hac

2203 4797 2497 4871 exemplum
2533 4800 2718 4866 secuti,
2754 4799 2947 4855 relictis
2986 4801 3249 4866 omnibus,
3289 4798 3426 4854 idem
3463 4798 3770 4869 propositum

2205 4890 2603 4963 aggrediuntur.
2644 4890 2945 4963 Imperator
2971 4889 3233 4947 Ilenricus
3272 4905 3462 4961 magno
3487 4889 3629 4959 apud
3664 4883 3771 4941 Tri-

2048 5005 2286 5065 NOTAE.

604 5100 748 5188 ibi?)
773 5102 986 5188 Fallor,
1026 5125 1123 5188 aut
1158 5113 1461 5188 infaustum
1504 5115 1628 5171 hinc
1671 5114 1972 5188 auspicium
2016 5133 2103 5174 se-

567 5186 809 5243 uentium
840 5186 962 5240 dein
1013 5186 1387 5242 Cruciatarum
1426 5197 1614 5242 contra
1656 5186 1902 5241 infideles
1941 5202 2104 5259 expe-

526 5204 793 5312 :litiounm
821 5254 1019 5311 infelici
1051 5256 1365 5312 nlerumoue
1393 5258 1539 5312 exitu
1565 5256 1914 5312 repetendum
1946 5270 2049 5312 est.

569 5259 793 5313 itiounm
821 5254 1019 5341 infelici
1051 5256 1365 5383 plerumgue
1393 5258 1539 5313 exitu
1565 5256 1914 5330 repetendum
1946 5254 2049 5339 esi.

600 5328 751 5383 (648)
787 5327 907 5382 Vld.
930 5327 996 5381 ad
1035 5345 1125 5383 an.
1157 5327 1258 5383 105
1300 5368 1313 5381 .
1346 5329 1698 5383 Combustum
1744 5342 1877 5381 vero
1917 5344 2049 5383 coam

528 5403 538 5406 _
568 5328 751 5406 Δ(648)
776 5327 907 5406 _Vit_l.
930 5327 1125 5406 atl__an.
1157 5327 1331 5406 lQ56._
1346 5327 1698 5406 combustum
1744 5342 1877 5381 vero
1917 5336 2101 5406 coeno-

2208 5117 2346 5175 harii
2377 5113 2539 5183 huius
2565 5114 2751 5171 fratris
2779 5112 2859 5169 sui
2888 5111 3130 5186 Natalem
3158 5110 3246 5165 ad.
3277 5126 3366 5186 a_n.
3396 5107 3527 5186 ibi]
3556 5105 3771 5186 notam!

2208 5190 2295 5245 cui
2348 5179 2528 5242 tamen
2570 5199 2881 5256 supremum
2914 5181 3031 5253 ejus
3073 5180 3248 5256 fatum
3306 5179 3449 5236 haud
3490 5179 3773 5256 innotuisse

2208 5244 2444 5321 videtur,
2466 5272 2589 5312 cum
2622 5244 2687 5313 de
2708 5269 2774 5312 eo
2797 5244 2998 5309 sileai:
3032 5255 3173 5325 quod
3212 5262 3397 5325 postea
3444 5244 3775 5325 adjecit

2209 5318 2650 5406 ppidum—quique
2676 5342 2744 5406 ex
2774 5340 2845 5406 eo
2864 5318 3168 5406 hauserunt
3193 5318 3436 5406 fpdices.
3462 5318 3775 5406 Atquebiltf
