3970 5406
200 312 304 372 20!

1377 311 1799 370 CIlRONICON.
1840 343 1910 352 ———
1938 310 2112 368 ΒᾸΞΟ.
2159 311 2247 367 XI.

3373 319 3480 374 262

1244 424 1445 481 CODD.
1488 423 2019 482 GOTTWICENSIS
2073 423 2161 479 ET
2203 423 2575 480 MURENSIS.

200 518 631 594 propulsandam
653 519 848 574 auxilia
872 518 1157 590 delegavit.
1200 518 1270 573 Ea
1297 519 1561 589 siquidem
1593 533 1725 590 gens
1756 534 1785 572 a
1817 521 1867 579 Α
1893 516 2120 572 demach
2150 514 2526 589 [llaccldama]
2549 514 2742 571 obiens
2768 516 2997 573 feliciter
3018 520 3299 591 sepelitur.
3317 520 3484 594 Cujus

202 612 550 683 temporibus
601 610 800 683 prioris
845 609 1067 665 llenrici
1123 610 1269 681 regis
1312 608 1460 681 (651)
1511 609 1565 664 in
1609 619 1794 680 partes

199 702 497 768 Calabriae,
525 700 763 756 Samnize
792 699 1209 770 Campaniaeque
1240 698 1529 765 conﬂuxit;
1554 708 1629 767 et,
1666 700 1792 770 quia

199 792 475 865 indigenis
506 800 695 849 contra
730 793 888 867 231
919 791 1234 849 Graecorum
1271 801 1327 848 ct
1361 791 1792 850 Sarracenorum

197 884 547 940 incursiones
576 882 835 940 audacter
865 882 1163 953 prreliando
1190 882 1583 950 auxiliabatur,
1616 884 1793 955 primo

196 984 487 1047 gratanter
510 976 797 1047 accipitur.
828 976 1024 1032 Postea
1054 991 1185 1032 vero
1227 975 1471 1047 pluribus
1505 991 1694 1031 eorum
1726 975 1793 1031 ad

196 1067 429 1122 uberem
456 1075 660 1122 terram
684 1066 1160 1132 concurrentibus,
1179 1067 1388 1122 viribus
1409 1067 1620 1124 adaucti
1650 1068 1795 1139 ipsos

199 1157 494 1229 indigetes,
541 1166 599 1213 et
652 1173 838 1213 eorum
893 1173 985 1214 res
1036 1158 1300 1214 violenter
1342 1160 1654 1231 possedere.
1687 1159 1792 1214 Leo

198 1247 309 1303 0st.
344 1248 387 1303 Ι.
424 1265 496 1315 ιι,
521 1265 571 1304 c.
601 1249 693 1306 84.
722 1281 794 1291 ——
816 1248 971 1306 Unde
1007 1250 1236 1305 donmus
1282 1266 1414 1322 papa
1464 1267 1588 1307 cum
1617 1252 1794 1323 pluri-

197 1341 298 1397 bus
326 1342 802 1399 Theutonicorum
858 1343 1085 1398 Romam
1138 1343 1373 1409 rediens,
1422 1352 1544 1413 post
1588 1343 1794 1399 Pascha

197 1445 391 1489 contra
423 1433 777 1489 Normaunos
814 1434 1112 1490 exercitum
1145 1435 1333 1489 movit.
1380 1434 1511 1501 Sed,
1550 1437 1792 1491 exercitu

197 1526 312 1595 ejus
337 1528 547 1597 partim
579 1528 785 1599 fugato,
812 1529 1012 1598 partim
1037 1527 1221 1583 occiso
1245 1544 1274 1582 a
1310 1526 1657 1594 Normanuis,
1682 1529 1796 1599 ipse

197 1632 333 1688 papa
363 1617 419 1671 iu
453 1617 693 1688 quodam
716 1616 939 1672 castello
959 1616 1028 1671 ab
1047 1617 1128 1672 eis
1148 1618 1427 1682 obsessus,
1452 1633 1597 1684 cum,
1621 1633 1793 1689 expu-

198 1719 353 1779 gnata
396 1708 519 1779 jam
572 1708 797 1780 jamque
842 1708 1165 1775 munitione,
1215 1710 1540 1765 necessitate
1574 1719 1794 1765 coactus

198 1799 645 1854 emnmunionem
706 1798 787 1853 eis
833 1798 983 1868 prius
1032 1798 1373 1853 interdictam
1427 1799 1789 1865 reddidisset,

1899 604 2204 677 exemplum
2227 604 2411 677 plures
2442 605 2659 660 tandem
2690 606 2860 661 secuti
2887 638 2956 647 —
2981 618 3127 664 sunt.
3190 610 3485 677 Imperator

1897 696 2186 762 Henricus,
2212 697 2400 752 habito
2429 696 2570 768 apud
2617 696 2925 753 Triburiam
2980 711 3270 769 conventu,
3313 704 3482 760 lilium

1897 807 2054 848 suum
2082 791 2417 862 acquivocurn
2438 805 2618 862 regem
2649 807 2680 846 a
2728 793 2941 849 cunctis
2982 794 3130 866 eligi,
3161 797 3321 869 eique
3364 811 3488 871 post

1895 882 2102 939 obitum
2130 897 2313 949 suum,
2346 882 2390 937 si
2418 893 2597 937 rector
2620 882 2801 953 justus
2843 883 3057 941 futurus
3098 898 3262 955 esset,
3293 890 3481 961 sul-je-

1896 972 2131 1028 ctiouem
2162 972 2403 1042 promitti
2434 970 2581 1027 fecit.
2605 972 2737 1028 llluc
2757 972 3039 1030 Conradus
3054 975 3252 1031 dudum
3279 979 3473 1049 Bajoa-

1897 1062 1993 1117 ria:
2019 1062 2127 1116 dux
2154 1060 2287 1116 dum
2315 1076 2422 1116 non
2448 1061 2769 1127 venisset,et
2792 1062 3062 1135 llungaris
3092 1081 3151 1121 se
3189 1068 3482 1138 adjungere

1898 1162 2183 1218 tentasset,
2226 1152 2551 1224 quibusdam
2593 1152 2757 1226 234
2788 1154 2901 1210 suis
2930 1158 3364 1225 possessionibus
3415 1161 3486 1215 ab

1898 1245 2222 1316 imperatore
2242 1245 2484 1317 privatus
2506 1255 2610 1301 est.
2634 1245 2709 1301 lbi
2732 1247 2895 1302 etiam
2912 1247 3072 1321 legati
3100 1250 3327 1308 Andreas
3344 1254 3488 1324 regis

1898 1335 2297 1407 llungarorum,
2326 1337 2418 1407 qui
2441 1350 2537 1406 pro
2559 1352 2689 1406 pace
2719 1341 3089 1409 componenda
3117 1343 3479 1409 adveneram,

1898 1426 2003 1502 [re]
2032 1430 2329 1500 composita
2360 1430 2428 1485 ab
2447 1430 2771 1501 imperatore
2798 1433 3008 1490 remissi
3037 1435 3480 1496 sunt.llacilinus

1898 1522 2353 1594 Babinbcrgensis
2407 1523 2693 1597 cpiscopus
2745 1526 2963 1584 infamis
3024 1530 3263 1587 moriens
3302 1531 3481 1589 locum

1898 1614 2040 1670 dedit
2071 1613 2245 1688 (652).

1970 1707 2109 1763 1054
2149 1708 2449 1778 Imperator
2474 1722 2605 1763 vero
2626 1708 2677 1762 in
2712 1708 3020 1781 Bajoariam
3049 1710 3296 1777 veniens,
3319 1711 3485 1765 duca—

1899 1807 2009 1854 tum
2051 1799 2169 1869 ejus
2222 1798 2513 1869 provincia:
2576 1799 2686 1855 lilio
2748 1816 2849 1856 suo
2904 1801 3181 1872 :equivoco
3238 1801 3479 1857 tradidit.

199 1899 463 1960 acceptus
505 1888 578 1943 ab
622 1889 723 1954 eis,
772 1888 1138 1945 Beneventum
1188 1899 1365 1945 tamen
1422 1905 1545 1945 cum
1591 1890 1796 1947 honore
1828 1892 1870 1950 Β
1901 1890 2121 1960 Sicque,
2154 1890 2208 1945 in
2241 1889 2431 1946 eadem
2470 1906 2817 1947 commorans
2875 1891 3179 1962 provincia,
3236 1891 3480 1948 Natalem

202 1980 493 2037 ted..citur
531 1980 717 2053 ibique
757 1996 826 2036 ne
867 1980 1089 2046 rediret,
1139 1981 1453 2053 aliquandiu
1498 1982 1790 2038 detinetur.

200 2072 319 2127 Otto
360 2070 413 2125 F
418 2072 610 2142 rising.
657 2100 733 2112 —
777 2071 914 2143 Ipsis
962 2072 1154 2127 diebus
1200 2072 1422 2143 quidam
1457 2073 1628 2141 lacus,
1658 2090 1795 2144 quos

196 2163 370 2221 Julius
409 2164 603 2221 Caesar
631 2174 915 2237 perpetuo,
947 2163 1008 2221 u’t
1032 2166 1350 2238 putabatur,
1392 2168 1599 2238 quadro
1630 2182 1795 2238 opere

200 2254 371 2311 fertur
425 2257 816 2321 obstruxisse,
867 2258 1034 2313 nimia
1105 2273 1371 2329 aquarum
1441 2260 1796 2316 inundatione

196 2348 434 2415 ell'racti,
472 2349 733 2406 Narniam
782 2350 983 2407 llumeu
1028 2350 1378 2424 Tiberiumque
1402 2352 1540 2409 ultra
1576 2354 1794 2409 modum

196 2443 490 2499 exundare
528 2442 731 2510 fecere,
754 2444 1041 2514 subitaque
1068 2444 1322 2501 illuvioue
1354 2445 1521 2501 multa
1540 2446 1791 2512 aedilicia,

202 2532 316 2602 ipse
368 2549 518 2604 pons
563 2533 882 2589 Narniensis
929 2533 1179 2600 dirutus,
1227 2534 1490 2607 multique
1537 2537 1796 2593 mortales

200 2622 362 2693 232
402 2623 673 2695 assu'mpti
704 2632 850 2680 sunt.
901 2624 1202 2695 Imperator
1256 2626 1310 2682 in
1367 2626 1605 2682 Saxonia
1654 2627 1795 2697 apud

203 2709 603 2783 Bl'eresipureh,
656 2723 1032 2770 commorante
1080 2730 1264 2771 secum
1316 2730 1443 2786 rege
1496 2717 1794 2784 Danorum,

204 2800 413 2858 Pascha
457 2803 595 2875 egit,
642 2804 881 2875 ipsisque
933 2806 1120 2862 diebus
1180 2806 1489 2864 Conradum
1538 2807 1797 2877 Bajoariae

204 2894 440 2961 ducem,
504 2896 721 2967 cuijam
776 2896 928 2967 prius
981 2896 1224 2954 infensus
1268 2910 1416 2966 erat,
1468 2901 1794 2965 incusatum,

205 2988 570 3055 quorumdam
600 2988 907 3059 principum
928 2988 1136 3059 judicio
1172 2991 1369 3046 ducatu
1399 2992 1652 3062 privavit.
1678 2991 1796 3059 Quo

205 3086 450 3148 tempore
476 3087 533 3135 et
562 3078 794 3148 majores
812 3089 868 3135 et
891 3081 1129 3137 minores
1155 3082 1302 3154 regni
1331 3083 1712 3154 imperatorem
1738 3099 1798 3139 se

207 3170 317 3239 ipso
339 3170 575 3226 multum
599 3170 927 3229 deteriorem
952 3171 1070 3230 fore
1092 3175 1479 3230 causabantur.
1515 3175 1578 3229 Et
1606 3176 1709 3230 hoc
1738 3184 1795 3231 et

1896 1980 2110 2036 Domini
2139 1980 2194 2035 in
2222 1980 2349 2036 villa
2377 1980 2597 2052 Ottinga
2615 1982 2746 2053 egit,
2771 1982 2952 2054 ibique
2977 1983 3478 2054 Babenbergensem

1895 2073 2265 2146 episcopatum
2307 2072 2637 2129 Adalberoni
2692 2074 3024 2131 consobrino
3076 2090 3175 2131 suo
3216 2075 3364 2147 (655)
3388 2077 3483 2130 do-

1896 2163 2064 2229 navit,
2088 2174 2145 2219 et
2161 2163 2263 2229 sic,
2284 2168 2385 2234 per
2402 2162 2781 2219 Alcmanniam
2808 2166 3099 2233 transiens,
3116 2165 3314 2236 Turcgi
3339 2164 3484 2234 Qua-

1897 2253 2261 2325 dragesimam
2312 2246 2609 2309 inchoavit.
2668 2238 2965 2328 Moguntia:
3026 2264 3206 2313 autem
3270 2256 3477 2313 Pascha

1896 2348 2213 2413 celebravit,
2256 2348 2345 2403 ubi
2392 2340 2735 2406 Theobaldus
2780 2349 2984 2407 Odonis
3032 2350 3200 2419 Illius,
3239 2350 3306 2406 ad
3356 2364 3481 2405 eum

1900 2439 1966 2496 de
1980 2440 2170 2497 Galliis
2196 2441 2516 2508 adveniens,
2539 2441 2697 2497 miles
2716 2442 2834 2514 ejus
2853 2441 3102 2498 edicitur.
3131 2473 3198 2484 —
3219 2442 3480 2499 Dominus

1895 2546 2035 2602 papa
2068 2532 2286 2586 tandem
2318 2532 2555 2587 instante
2581 2533 2821 2604 paschali
2853 2542 3095 2605 tempore
3121 2534 3353 2590 Romam
3400 2550 3486 2590 re-

1897 2638 2087 2679 versus
2100 2633 2388 2695 aegrotans,
2407 2624 2569 2698 235
2597 2626 2961 2684 invalescente
2988 2628 3041 2682 in
3063 2627 3180 2684 dies
3200 2627 3481 2700 languore,

1897 2714 2132 2788 glorioso
2156 2716 2328 2783 exitu,
2358 2718 2567 2773 cunctis
2590 2718 2741 2790 prius
2766 2718 3095 2775 benedicens
3116 2728 3171 2775 et
3193 2720 3485 2777 admonitis

1897 2805 2231 2873 ralediccns,
2276 2816 2333 2862 et
2363 2805 2421 2862 S.
2478 2807 2641 2863 Petro
2690 2816 2913 2879 peccata
2959 2824 3053 2864 sua
3101 2807 3404 2874 confessus,
3433 2819 3487 2865 et

1898 2899 2248 2955 devotissime
2273 2913 2332 2954 se
2355 2898 2429 2953 illi
2459 2900 2869 2967 commendans,
2896 2916 2987 2955 xvr
3016 2899 3139 2954 Kal.
3168 2898 3293 2954 Maii
3324 2900 3481 2966 obiit,

1898 2999 1953 3045 et
1981 2989 2034 3044 in
2065 2988 2286 3044 basilica
2317 2988 2376 3043 S.
2405 2987 2550 3043 Petri
2576 2988 2729 3060 juxta
2774 2987 2832 3043 S.
2878 2990 3125 3061 Gregorii
3171 2988 3482 3060 sepulcrum

1899 3081 2140 3153 sepultus
2169 3080 2444 3137 miraculis
2473 3081 2735 3138 claruisse
2756 3080 3487 3139 memoratur.-—Gotil‘ridus

1901 3172 2007 3228 dux
2052 3172 2250 3227 iterum
2299 3171 2564 3227 rebellare
2618 3171 2933 3243 imperatori
2973 3172 3211 3239 molitur,
3238 3181 3312 3238 et,
3342 3172 3483 3228 clam

205 3262 475 3331 superiori
499 3280 643 3319 anno
672 3262 887 3336 frugum
911 3266 1134 3337 penuria
1153 3265 1292 3322 facta
1314 3277 1401 3322 est
1421 3282 1528 3322 nou
1554 3267 1787 3323 modica.
1820 3254 1865 3317 C
1896 3264 2104 3320 Italiam
2133 3264 2461 3336 ingrediens,
2480 3265 2661 3337 ibique
2687 3266 2958 3321 dominam
2982 3266 3282 3323 Beatricem
3309 3265 3483 3339 (654),

205 3350 362 3424 233
395 3351 785 3410 Werinharius
817 3355 1106 3429 Aegiensis
1162 3357 1461 3413 monachus
1505 3358 1796 3415 admodum

208 3443 394 3499 doctus
423 3453 479 3499 et
493 3459 620 3501 vere
652 3446 901 3516 religioni
931 3449 1179 3512 deditus,
1220 3449 1401 3505 studio
1435 3450 1557 3504 vitm
1610 3448 1793 3521 peife-

206 3533 1069 3611 ctiorisﬂagrans,peregrinaudo
1086 3539 1139 3595 in
1150 3538 1450 3597 Jerusalem
1465 3556 1563 3612 pro
1576 3540 1796 3598 Christo

204 3638 432 3700 peregre
476 3632 760 3691 profectus
799 3644 903 3705 est,
931 3647 986 3692 et
1011 3636 1122 3693 illic
1164 3637 1329 3692 etiam
1360 3637 1413 3692 in
1442 3652 1574 3709 agro
1603 3636 1795 3694 Achel-

1896 3360 2116 3415 viduam
2147 3368 2267 3431 post
2291 3369 2521 3416 mortem
2549 3360 2651 3416 viri
2693 3360 2778 3416 sui
2828 3360 3163 3416 marchionis
3188 3358 3479 3424 Bonifacii,

1896 3451 1997 3506 sibi
2031 3453 2083 3504 in
2119 3450 2426 3523 conjugitnu
2473 3449 2767 3522 copulavit.
2821 3449 3116 3506 Balduiuus
3169 3448 3487 3523 imperatori

1898 3541 2144 3597 rebellat.

961 3732 1232 3814 nucesque
1269 3764 1532 3805 CIIBONICA
1570 3764 1865 3805 nsnassxr.
1908 3763 2100 3805 ABIHNC
2139 3761 2522 3803 usncnrowus
2563 3745 2735 3819 (655).

1630 3846 1809 3935 amr.
1856 3877 2168 3935 URSTlSll.

212 4004 413 4059 buriam
434 4010 690 4058 conventu
716 4000 918 4067 habito,
949 4000 1122 4071 [ilium
1170 4004 1491 4073 a’quivocum
1521 4020 1553 4057 a
1596 4013 1797 4058 cunctis

213 4098 329 4169 eligi
359 4097 506 4167 eique
526 4105 642 4168 post
676 4094 874 4149 obitum
901 4111 1082 4160 suum,
1109 4096 1153 4150 si
1184 4106 1357 4151 rector
1377 4096 1556 4167 justus
1583 4097 1795 4168 futurus

216 4202 362 4254 esset,
394 4190 775 4262 subjectionent
812 4188 1049 4257 promitti
1098 4188 1242 4259 fecit.
1276 4189 1358 4241 Ad
1393 4205 1548 4258 quem
1578 4205 1800 4243 conven-

217 4292 321 4338 tum
358 4300 475 4337 cum
537 4281 818 4338 Conradus
875 4282 1075 4336 dudum
1129 4281 1402 4352 Bajoariw
1460 4283 1571 4336 dua:
1626 4283 1801 4336 uenire

219 4377 410 4443 nolens,
441 4393 561 4432 cum
583 4374 840 4445 expeditis
866 4373 1121 4429 militibus
1147 4374 1256 4444 regi
1278 4372 1526 4428 rebellare
1555 4372 1795 4438 moliens,

223 4467 485 4542 Hungaris
510 4485 565 4523 se
582 4467 809 4539 jungere
845 4474 1114 4533 tentasset,
1144 4465 1459 4538 quibusdam
1498 4465 1648 4531 inibi,
1678 4481 1798 4533 qua:

220 4562 357 4629 prius
385 4560 662 4625 habuerat,
724 4544 1137 4629 possessionibus
1174 4557 1284 4611 suis
1356 4558 1421 4610 ab
1479 4557 1796 4627 imperatore

1905 4012 2038 4066 rent,
2057 4012 2343 4072 imperator
2365 4016 2427 4056 ea
2462 4016 2519 4056 se
2565 4007 2900 4071 accepturum
2930 4000 3037 4070 ﬁde
3065 3999 3192 4055 data
3230 4001 3489 4073 spondens

1904 4109 1991 4148 eos
2020 4090 2237 4147 remisit.
2268 4089 2581 4147 Hadamuta
2614 4091 2764 4164 (656)
2788 4092 2853 4147 de
2875 4090 3190 4164 Nuinburgo
3224 4091 3490 4150 abbatissa

1904 4182 2235 4250 venerabilis,
2265 4199 2383 4255 qua:
2425 4184 2599 4238 locum
2636 4200 2792 4240 suum
2844 4185 2992 4255 prius
3034 4199 3164 4255 pene
3200 4184 3491 4256 dilapsum,

1904 4279 2046 4333 intra
2083 4287 2131 4333 et
2165 4287 2315 4333 extra
2362 4276 2703 4334 laudabiliter
2735 4287 3096 4349 recuperatum
3136 4277 3192 4331 in
3237 4288 3492 4347 optimum

1905 4371 2194 4427 deduxerat
2223 4382 2441 4436 statum.
2473 4373 2637 4429 aliam
2675 4388 2770 4443 pro
2792 4389 2848 4428 se
2884 4372 3189 4443 designans,
3226 4380 3273 4425 et
3295 4370 3491 4426 sorori-

1905 4464 1998 4518 bus
2025 4464 2108 4535 pie
2153 4466 2439 4520 admonitis
2470 4463 2712 4519 ultimum
2752 4464 3067 4529 valediceus,
3108 4478 3161 4518 tv
3196 4459 3323 4517 Kal.
3348 4459 3491 4516 Nov.

1904 4556 2147 4627 feliciter,
2178 4572 2210 4611 ο
2239 4556 2476 4611 utinam!
2497 4556 2735 4612 decessit.
2760 4555 3054 4611 Hazelinus
3083 4555 3264 4617 etiam,
3289 4553 3490 4608 Babin~
3534 4598 3538 4601 .

221 4651 441 4716 priratus
467 4660 566 4714 est,
590 4666 680 4704 eas
707 4649 862 4721 quasi
897 4648 1134 4719 legaliter
1166 4633 1483 4719 acquirente.
1519 4645 1602 4701 Ibi
1641 4648 1799 4701 etiam
1825 4644 1877 4704 D
1905 4648 2167 4719 bergensis
2205 4647 2476 4720 episcopus
2498 4648 2733 4719 infamis.
2760 4649 2986 4703 moriens
3024 4647 3194 4702 locum
3220 4645 3385 4700 dedit.

223 4740 369 4813 legati
392 4743 615 4797 Andreae
646 4743 782 4814 regis
811 4739 1185 4811 IIungarorum
1224 4757 1319 4811 pro
1349 4756 1477 4810 pace
1523 4752 1799 4810 pactoque,

225 4847 356 4896 cum,
393 4833 717 4904 su/I'ragante
774 4829 1147 4886 Ratisbonense
1203 4829 1441 4902 episcopo
1494 4829 1801 4884 immensam

225 4923 508 4989 pecuniam,
532 4939 744 4994 sua’que
766 4922 1048 4993 prorinciw
1093 4930 1321 4992 partem,
1367 4929 1415 4974 ct
1466 4919 1536 4973 ad
1581 4919 1797 4991 cmpedi-

229 5008 383 5065 tiones
404 5028 601 5081 omnes,
644 5022 842 5085 pra'ter
873 5009 1144 5076 Italicam,
1176 5028 1299 5067 suos
1331 5011 1499 5065 ituros
1526 5010 1799 5081 promitte-

1978 4739 2115 4795 1034
2154 4736 2262 4793 Per
2288 4740 2429 4795 idem
2483 4749 2686 4811 tempus
2724 4736 3002 4795 Conradus
3040 4738 3241 4794 dudum
3267 4736 3398 4804 dum,
3426 4737 3492 4790 ab

1905 4828 2115 4884 Andrea
2146 4845 2263 4900 rege
2298 4828 2680 4901 Ilungarorum
2703 4840 2975 4900 gratanter
3000 4837 3293 4897 susceptus,
3321 4825 3387 4890 ei,
3430 4841 3496 4882 ne

1904 4922 2190 4994 allegatum
2217 4938 2333 4975 cum
2366 4923 2682 4993 imperatore
2712 4920 2884 4991 [wdus
2907 4919 3175 4990 perﬁceret
3214 4916 3497 4984 dissuasit,

1904 5025 1952 5072 et
1980 5013 2183 5070 auxilio
2213 5013 2327 5084 ejus
2353 5013 2641 5084 quamdam
2671 5012 2959 5067 (ἔω-σηιαηὶ
2987 5019 3211 5075 partem,
3241 5023 3497 5080 quorum-

1753 5140 1974 5205 ΝΟΤᾸΞ

299 5247 437 5294 (65H
467 5248 691 5294 Septimii
727 5250 994 5294 vialnlirm,
1033 5253 1129 5294 Vill
1179 5270 1245 5294 an
1302 5250 1461 5294 “I92-

1917 5257 2136 5294 ,ψυκτήρ
2167 5254 2292 5294 illud
2342 5254 2407 5294 mi
2439 5254 2599 5294 nnnm
2630 5270 2803 5294 rrcnnn
2834 5258 3138 5294 nnwlnvmm
3206 5265 3402 5294 nnmnn
3431 5259 3506 5294 ad
