3970 5406
1343 316 1687 372 ΑΓΡΕΝὩΙΧ
1731 316 1822 370 AD
1860 312 2250 368 CHRONICON
2294 309 2652 365 HERMANNI
2693 310 3108 366 CONTRAC'It.
3739 307 3838 366 Ξῖὲ

1528 694 2944 934 CHRONICON

1744 1035 2006 1150 SEU
2118 1032 2762 1149 ANNALES

866 1271 2050 1436 MONASTERII
2143 1277 3610 1441 PETERSHUSANI

809 1541 905 1602 EX
945 1546 1059 1604 MS.
1111 1545 1264 1605 COD.
1309 1541 1484 1606 SEO.
1542 1546 1634 1601 Xll
1690 1545 2007 1604 EIUSDEM
2057 1545 2445 1643 lMPERlaLIS
2502 1547 2811 1606 COENOBII
2868 1548 3056 1608 NUNC
3085 1537 3323 1623 [PRIMO
3375 1547 3662 1608 εοιτυιι.

1308 1710 1329 1780 (
1365 1709 1716 1778 Ussermann,
1752 1710 2051 1766 Germania
2075 1725 2242 1764 sacra:
2278 1707 2627 1775 Prodromus,
2660 1718 2794 1767 tom.
2819 1708 2857 1773 Ι,
2891 1718 3034 1780 part.
3076 1709 3163 1780 tt.)

1822 1813 2619 2005 PREFATIO.

660 2237 952 2297 ....rmanui
983 2253 1047 2294 ex
1087 2236 1341 2307 Augiensi
1363 2235 1551 2291 codice
1583 2234 1869 2305 desumpto
1899 2233 2175 2288 Chronico
2205 2239 2250 2296 Α
2280 2233 2518 2289 medium
2577 2247 2705 2289 stac.
2755 2248 2836 2288 xu
2887 2234 3089 2304 prodit.
3141 2235 3231 2310 Sic
3290 2235 3328 2292 l.
3389 2239 3463 2302 t‘v,
3504 2250 3554 2291 c.
3605 2234 3702 2302 12,
3729 2236 3853 2292 circa

580 2330 733 2385 .aliud
786 2331 874 2386 hic
915 2329 1236 2400 subiicimus
1275 2327 1450 2382 eidem
1499 2325 1660 2380 vicini
1705 2323 2043 2390 monasterii,
2073 2323 2174 2379 Pe-

587 2422 913 2490 tetsbausen,
942 2420 1101 2489 vulgo
1142 2418 1294 2484 dicti,
1333 2427 1484 2473 extra
1516 2431 1701 2473 muros
1731 2415 2176 2472 Constantienses

593 2509 662 2563 ad
691 2509 962 2565 Rhenum.
990 2507 1327 2563 Particulare
1358 2507 1412 2562 id
1441 2506 1694 2577 equidem
1734 2513 1840 2571 est,
1865 2504 2080 2575 locique
2106 2502 2175 2558 il-

585 2598 691 2656 lius
717 2601 983 2672 originem
1017 2615 1083 2655 ac
1121 2599 1301 2669 priora
1345 2597 1456 2654 lata
1512 2597 1855 2670 potissimum
1902 2595 2069 2662 sistit,
2117 2603 2177 2650 ut

584 2699 766 2746 tamen
803 2689 958 2760 plura
986 2690 1151 2745 etiam
1181 2691 1482 2754 contineat,
1511 2691 1652 2744 unde
1679 2688 1851 2758 patria
1884 2686 2046 2742 medii
2073 2685 2174 2740 aevi

579 2779 817 2835 historia
849 2789 1112 2851 quantum
1145 2781 1212 2836 ad
1240 2779 1448 2836 nobiles
1484 2779 1758 2835 Bodamici
1788 2787 1995 2834 tractus
2018 2777 2174 2833 fami-

585 2866 708 2934 lius,
737 2869 1126 2941 geographiam
1154 2879 1209 2926 et
1241 2869 1581 2925 Alemannite
1623 2884 1883 2940 pagorum
1927 2868 2174 2924 notitiam

583 2961 842 3019 illustrari
874 2963 1169 3033 plurimum
1208 2965 1404 3020 valeat.
1430 2964 1488 3019 In
1522 2979 1631 3035 quo
1660 2965 1825 3020 etiam
1851 2977 2174 3036 argumento

591 3066 844 3111 versatur
869 3055 1051 3112 Codex
1085 3055 1474 3126 Diplomaticus
1496 3055 1828 3113 Alemannite
1849 3065 1905 3112 et
1928 3056 2174 3126 Burgun-

579 3146 685 3201 dite
709 3145 1136 3202 Trans-lumnae
1174 3147 1316 3201 intra
1350 3146 1488 3202 lines
1511 3147 1763 3204 dimcesis
1784 3146 2171 3203 Constantien-

581 3235 685 3300 sis,
715 3250 878 3305 quem
919 3251 1016 3290 ceu
1047 3235 1398 3306 prodromum
1431 3236 1672 3291 historite
1697 3235 1938 3303 eiusdem
1958 3235 2171 3305 episco-

581 3335 747 3395 patus
808 3325 960 3396 prelo
1036 3325 1262 3395 iamiam
1339 3325 1573 3396 subjecit
1633 3325 1835 3384 sodalis
1873 3335 2062 3381 uoster
2107 3326 2170 3382 P.

588 3415 927 3487 Trudpertus
968 3417 1228 3489 Neugart.

656 3508 888 3579 Dignum
930 3510 1067 3564 adeo
1108 3524 1393 3564 censemus
1445 3509 1549 3565 hoc
1578 3507 1884 3564 Chronicon
1934 3507 2078 3578 quod
2116 3509 2170 3562 in

2280 2337 2369 2376 an.
2406 2321 2547 2377 “26
2574 2321 2887 2394 aliquandiu
2922 2324 2975 2378 in
3007 2323 3141 2379 cella
3164 2323 3582 2396 Wagenhause’n
3616 2324 3854 2379 demora-

2279 2422 2366 2466 tus
2387 2420 2490 2467 est.
2517 2411 2716 2467 Ibidem
2740 2427 2792 2466 n.
2822 2413 2857 2468 5
2883 2410 3220 2470 Petershusii
3260 2429 3503 2484 pnesens
3551 2423 3701 2479 erat,
3739 2415 3850 2466 dum

2271 2517 2369 2558 an.
2429 2503 2566 2558 1154
2594 2518 2796 2573 corpus
2846 2503 2904 2559 S.
2960 2502 3266 2561 Gebehardi
3316 2504 3552 2560 levatum
3595 2515 3741 2571 erat,
3779 2501 3854 2557 cui

2275 2596 2442 2654 etiam
2487 2591 2778 2654 sanitatem
2825 2612 2977 2653 suam
3012 2600 3064 2654 in
3096 2601 3334 2670 acceptis
3377 2597 3582 2656 retulit.
3640 2599 3854 2654 Dcnnu'n

2276 2703 2335 2742 ιι.
2399 2687 2466 2742 l6
2507 2688 2907 2758 expeditionem
2964 2687 3200 2745 Couradi
3259 2691 3406 2762 regis
3457 2691 3509 2746 in
3568 2689 3857 2746 Saracenos

2275 2791 2366 2832 an.
2404 2776 2542 2832 ll“
2573 2785 2774 2833 motam
2799 2777 3142 2846 describens,
3175 2796 3273 2838 eos
3305 2783 3480 2836 adhuc
3514 2781 3746 2837 mininze
3785 2796 3857 2836 re-

2275 2868 2439 2924 diisse
2468 2878 2719 2936 testatur,
2745 2870 2838 2942 qui
2877 2885 2944 2927 ex
2981 2886 3080 2928 suo
3110 2872 3233 2928 loco
3275 2873 3402 2928 illuc
3439 2872 3676 2943 profecti
3719 2880 3852 2927 sunt.

2274 2957 2351 3014 Ex
2382 2960 2548 3016 variis
2578 2969 2756 3016 tamen
2789 2963 3216 3018 circumstantiis
3232 2979 3330 3021 suo
3352 2964 3473 3021 loco
3505 2965 3764 3021 notandis
3785 2965 3855 3017 ri-

2274 3048 2520 3104 debimus
2539 3049 2846 3107 Chronicon
2877 3053 2979 3108 hoc
3002 3069 3109 3110 non
3138 3054 3207 3110 ab
3233 3070 3362 3110 uno
3391 3063 3630 3120 tantum,
3691 3054 3788 3109 sed
3828 3054 3855 3106 ε

2274 3141 2519 3212 pluribus
2562 3138 2920 3214 scriptoribus
2973 3144 3140 3200 fuisse
3190 3145 3569 3217 compilatum,
3623 3147 3711 3201 uti
3753 3143 3854 3216 iam

2275 3232 2410 3287 alias
2438 3233 2505 3288 de
2531 3231 2839 3302 huiusmodi
2866 3236 3141 3292 chronicis
3166 3237 3597 3293 observavimus.

2347 3321 2561 3378 Primus
2586 3338 2715 3379 vero
2743 3325 2937 3380 borum
2965 3327 3243 3381 annalium
3271 3329 3509 3399 scriptor
3536 3343 3632 3384 eos
3662 3345 3768 3383 non
3795 3342 3853 3381 ex

2275 3410 2506 3467 aliorum
2533 3414 2799 3469 duntaxat
2827 3415 3111 3482 relatione,
3151 3418 3295 3472 unde
3326 3418 3512 3487 plures
3543 3419 3856 3489 plerumque

2274 3502 2470 3557 fabula:
2497 3519 2777 3576 emergere
2800 3506 2997 3570 solent,
3029 3507 3124 3562 sed
3153 3523 3220 3562 ex
3251 3509 3578 3565 authenticis
3607 3522 3666 3563 ut
3699 3509 3855 3580 pluri-

587 3599 860 3670 publicam
887 3599 1064 3655 lucem
1088 3599 1460 3671 protrahatur,
1488 3599 1643 3668 cuius
1671 3599 1930 3654 hactenus
1951 3597 2168 3654 nonnisi
2198 3606 2242 3668 Β
2271 3607 2417 3648 mum
2449 3595 2668 3661 tabulis,
2700 3598 2908 3652 chartis
2939 3598 3169 3668 aliisque
3190 3599 3390 3655 comis
3435 3600 3760 3656 monasterii
3799 3599 3855 3653 il»

588 3699 844 3761 excerpta
873 3690 1119 3761 qumdam
1149 3689 1206 3745 S.
1238 3689 1616 3746 Gebehardum
1657 3689 2002 3746 fundatorem
2037 3704 2168 3745 con-

582 3782 863 3838 cernentia
900 3782 952 3837 iu
975 3780 1161 3837 Manlii
1203 3781 1472 3838 Chronico
1514 3781 1858 3852 episcopatus
1901 3781 2169 3838 Constan-

582 3875 773 3934 tiensis
811 3875 952 3949 apud
986 3875 1280 3932 Pistorium
1316 3873 1518 3946 {Scrip.
1547 3874 1671 3929 Rer.
1710 3872 1888 3929 Germ.
1917 3884 1960 3930 t.
1992 3873 2078 3942 lll,
2108 3890 2163 3945 p.

580 3967 706 4041 685)
743 3977 1014 4042 prostant.
1045 3967 1290 4042 [labetur
1332 3968 1387 4022 in
1415 3983 1518 4024 ms.
1542 3967 1728 4024 codice
1751 3969 2166 4025 membranaceo

579 4061 634 4115 in
663 4060 780 4124 l‘ol.,
817 4058 1062 4129 pluribus
1090 4075 1218 4115 vero
1253 4059 1433 4115 litoris
1471 4058 1598 4115 hinc
1651 4059 1778 4116 inde
1829 4073 2158 4131 respersum,

579 4153 722 4223 quod
751 4151 1052 4208 collectioni
1092 4161 1289 4209 nostra:
1321 4151 1664 4207 inserendum
1701 4149 1939 4221 gratiose
1984 4150 2167 4206 nobis-

580 4257 702 4296 cmu
726 4242 1148 4296 communicavit
1173 4242 1520 4312 dignissimus
1552 4243 1707 4298 istius
1731 4241 1965 4297 ctenobii
1993 4241 2162 4296 abbas

576 4330 868 4400 Josephus,
909 4332 993 4386 cui
1019 4331 1174 4402 proin
1220 4343 1404 4400 grates
1433 4332 1522 4386 hic
1550 4333 1766 4404 publico
1816 4331 2033 4386 nomine
2079 4317 2159 4386 re-

575 4421 880 4492 pendimus.
907 4419 1214 4477 Occurrunt
1259 4421 1477 4490 quidem
1536 4423 1588 4474 iu
1639 4435 1704 4476 eo
1752 4421 1972 4476 levioris
2001 4419 2158 4477 subin

579 4513 838 4570 momenti
867 4513 1232 4576 narrationes,
1274 4525 1394 4580 quae
1434 4511 1613 4566 sa-culi
1647 4525 1754 4580 quo
1785 4511 2047 4580 scriptum
2075 4519 2160 4566 est

577 4611 633 4658 et
688 4601 973 4672 scriptoris
1024 4601 1244 4670 genium
1299 4597 1570 4668 produnt,
1623 4605 1922 4667 quarumve
1968 4584 2157 4653 uetitia

577 4690 724 4744 haud
755 4689 981 4744 intereSt
1001 4687 1236 4760 publico.
1276 4686 1416 4754 Quin
1447 4701 1576 4742 vero
1626 4687 1715 4742 illa
1753 4685 1930 4743 omitti
1958 4699 2159 4757 queant

574 4781 650 4836 nil
677 4794 808 4835 sane
832 4767 1077 4850 impedit,
1100 4793 1225 4835 cum
1258 4779 1310 4834 id
1343 4777 1502 4834 unice
1523 4787 1715 4849 agatur
1744 4787 1804 4834 ut
1825 4794 1894 4834 ne
1922 4779 2053 4851 quid
2083 4778 2159 4834 la-

574 4880 688 4929 teat
727 4869 873 4940 quod
922 4868 1114 4940 patriae
1169 4868 1411 4923 historiae
1462 4878 1680 4937 quoquo
1708 4868 1870 4924 modo
1895 4869 2156 4924 inservire

2269 3681 2372 3739 lius
2399 3684 2740 3742 documentis
2765 3689 3088 3746 conscripsit
3107 3729 3123 3752 ,
3163 3690 3242 3743 ut'i
3267 3704 3337 3743 ex
3365 3689 3594 3744 aliorum
3625 3695 3852 3760 scr‘pto-

2269 3789 2388 3830 rum
2416 3776 2704 3834 collatione
2733 3779 2922 3850 liquet,
2947 3781 3038 3851 qui
3061 3780 3190 3836 inde
3219 3782 3386 3836 etiam
3411 3782 3557 3836 haud
3579 3784 3848 3837 modicam

2266 3870 2594 3941 quandoque
2657 3869 2832 3927 lucem
2884 3873 3177 3942 accipiunt.
3229 3870 3300 3927 Ut
3343 3882 3545 3938 autem,
3588 3874 3739 3943 quod
3773 3887 3854 3927 res

2266 3970 2374 4026 est,
2417 3961 2682 4027 diCamus,
2736 3961 2896 4017 ﬁdem
2945 3963 3204 4018 Chronici
3265 3965 3440 4018 nostri
3478 3963 3625 4018 haud
3667 3975 3850 4034 parum

2263 4061 2569 4122 suspectam
2599 4053 2830 4109 reddunt
2855 4069 2977 4124 qua:
2997 4055 3152 4110 initio
3185 4052 3305 4124 eius
3334 4055 3602 4112 habentur
3631 4057 3702 4112 de
3727 4054 3840 4110 Bri-

2263 4142 2610 4211 gantiuorum
2659 4145 2916 4199 comitum
2971 4145 3222 4215 origine,
3285 4145 3431 4200 nullo
3495 4145 3842 4215 antiquorum

2263 4235 2587 4302 scriptorqu
2617 4235 2927 4291 testimonio
2962 4235 3118 4302 l‘ulta,
3145 4251 3210 4292 ac
3235 4235 3460 4307 insuper
3489 4253 3542 4290 m
3574 4235 3847 4292 nonnullis

2263 4325 2536 4382 historicte
2559 4325 2771 4383 illorum
2806 4336 3109 4400 temporum
3159 4328 3357 4383 rationi
3383 4318 3699 4385 'contraria.
3723 4329 3848 4396 Quae

2263 4415 2377 4484 ipsa
2405 4418 2567 4470 etiam
2592 4432 2757 4474 causa
2793 4427 2878 4473 est
2914 4417 3058 4488 quod
3080 4415 3251 4472 Wilh.
3287 4416 3417 4471 Ern.
3464 4414 3755 4472 Teuzelius
3795 4419 3845 4474 in

2265 4505 2525 4564 Viudiciis
2552 4509 2828 4575 historicis
2847 4523 2948 4586 pro
2967 4508 3243 4586 Gottringii
3257 4525 3497 4585 censum
3529 4509 3583 4586 in
3605 4509 3844 4576 diploma

2260 4600 2491 4659 ccenobii
2523 4584 2911 4667 Lindaviensis,
2933 4615 2989 4671 p.
3011 4584 3134 4664 2‘70,
3163 4606 3448 4672 postquam
3476 4613 3540 4654 ex
3567 4584 3842 4676 Manlio’ea

2260 4690 2533 4748 retulisset
2556 4687 2683 4760 quat
2709 4686 2846 4745 infra
2884 4691 2937 4746 in
2973 4689 3242 4746 Chronico
3266 4690 3301 4744 l.
3335 4705 3380 4756 ι,
3409 4687 3535 4752 n.2,
3559 4685 3595 4743 3
3615 4696 3670 4744 et
3689 4687 3752 4752 4,
3779 4688 3841 4742 de

2261 4783 2361 4838 hac
2392 4779 2701 4851 genealogis
2732 4768 3006 4852 leguntur,
3043 4780 3413 4836 haeedemum
3449 4762 3834 4849 subin-xerit;

2265 4892 2284 4924 ς
2321 4865 2516 4926 Totum
2546 4871 2724 4927 locum
2761 4872 2993 4927 recitare
3030 4879 3216 4944 operte
3251 4871 3734 4952 pretiumidihm
3759 4869 3836 4952 le-

575 4961 767 5031 possit.
799 4949 967 5014 Nobis
1000 4967 1169 5021 certe,
1219 4958 1309 5026 qui
1360 4958 1427 5012 ab
1473 4957 1677 5028 aliquot
1722 4958 1853 5029 iam
1887 4960 2046 5014 annis
2096 4959 2222 5030 inc
2255 4969 2372 5017 c‘tor
2388 4961 2600 5018 facilius
2624 4964 2692 5018 de
2717 4954 2960 5017 fabulosa
2987 4962 3246 5018 comitum
3261 4949 3700 5034 Brigantilno‘rum
3731 4949 3835 5017 ori-

576 5051 884 5088 ndnrnnnt‘n
913 5049 1204 5088 ﬂamonio
1237 5065 1389 5080 ολδ-διδ
1440 5066 1776 5088 ηηηὶιηιιυοηι
1817 5045 2148 5088 Anauros-{mne

3359 5071 3380 5088 ι
3411 5051 3582 5088 Γμῖηο
3619 5051 3832 5088 annuum

2257 5053 2396 5088 ninn’
2422 5052 2497 5088 illi
2545 5052 2814 5088 doctu-inin
2863 5051 3104 5088 indian
3133 5062 3288 5088 nlla-al
