3970 5406
151 245 234 298 277

901 230 1296 296 CilltONlCO-N
1333 227 1964 302 PETERSHUSANUM.
2004 260 2077 274 --
2115 228 2478 290 Ριιοαςιιιι.

3247 218 3363 275 278

151 361 217 430 gis
267 348 666 409 accommodato.
716 343 1052 416 Praecipuum
1112 343 1270 412 hujus
1329 344 1668 398 tractationis
1698 351 1742 405 Α
1774 344 1845 397 tis
1871 341 2073 397 Bussen
2097 343 2148 396 in
2177 342 2438 398 hodierno
2463 343 2712 400 districto
2736 336 2960 412 capituli
2982 331 3364 405 Sulgavicnsis

148 447 512 504 fundamentum
559 440 760 510 praebet
797 437 1030 507 diploma
1066 434 1323 490 Ludovici
1360 432 1670 490 Germanici

148 541 300 593 datum
326 551 409 588 an.
459 531 554 588 867
589 529 872 599 (Ilsneorr
906 567 922 592 ,
949 544 1004 582 ιι.
1055 527 1209 596 H7),
1242 541 1350 595 quo
1395 526 1536 580 idem
1579 539 1672 579 rex

149 625 416 684 Udalrieum
444 621 688 675 comitem
721 618 773 671 in
803 617 1139 686 Argengewe
1159 615 1413 668 dilectum
1439 621 1673 680 nepotem

145 731 275 771 somn
320 709 560 780 appellat,
593 707 747 775 cujus
771 706 1077 778 progenies,
1120 705 1164 757 si
1201 704 1482 772 explorata
1514 701 1673 765 foret,

144 809 275 880 plana
313 801 546 857 fortassis
571 809 716 854 esset
745 797 1002 852 comitum
1043 794 1488 864 Brigantinorum
1543 806 1670 861 pro-

143 895 284 963 sapia,
308 892 378 944 uti
407 906 526 944 mox
556 889 795 942 dicemus
816 885 986 954 (702).
1021 883 1173 937 llaud
1201 884 1345 937 enim
1370 881 1682 935 dubitamus

141 987 260 1040 huiic
294 983 457 1051 ipsum
491 978 637 1032 illum
668 991 789 1032 esse
823 974 1133 1030 Udalricum
1177 973 1229 1026 in
1279 971 1552 1026 Chronico
1583 983 1684 1024 no-

142 1086 233 1130 stro
260 1079 624 1133 memoratum,
653 1065 805 1136 cujus
835 1066 977 1122 filius
1011 1064 1123 1121 Uzo
1159 1064 1300 1134 apud
1344 1062 1681 1133 Brigantium

142 1165 351 1219 habitare
395 1161 635 1231 coeperit,
673 1159 890 1214 interim
923 1172 1114 1212 rursus
1144 1164 1266 1226 post
1309 1156 1550 1218 ruinam,
1586 1170 1686 1210 cu-

137 1256 208 1326 ius
232 1252 543 1310 Walafridus
573 1251 839 1314 meminit,
875 1251 1275 1313 instauratum;
1310 1246 1452 1300 unde
1487 1257 1543 1316 et
1581 1262 1681 1317 pa-

145 1359 211 1400 ter
239 1345 345 1414 ejus
391 1344 445 1398 in
473 1341 652 1398 vicino
697 1356 834 1414 pago
879 1340 1216 1410 Argengcwe
1261 1353 1353 1394 seu
1395 1337 1684 1407 Linzgowe

143 1433 386 1489 habitarit.

196 1563 522 1635 Cognationis
545 1563 702 1632 hujus
732 1561 993 1631 stipitem,
1015 1571 1075 1614 ut
1110 1560 1325 1614 interim
1354 1575 1384 1613 a
1415 1559 1687 1614 Chronico

142 1663 294 1710 nostro
321 1653 718 1715 abstrahatnus,
749 1650 889 1722 quod
930 1653 1030 1705 hac
1062 1651 1115 1704 in
1164 1665 1221 1704 re
1251 1649 1474 1703 minime
1505 1648 1688 1702 defen-

141 1743 336 1798 (iculum
387 1743 747 1810 suscipimus,
787 1756 819 1794 c
855 1740 1052 1810 duplici
1087 1739 1237 1794 fonte
1290 1739 1447 1792 nobis
1493 1739 1687 1806 depre-

143 1836 356 1890 henlisse
421 1833 690 1887 videmur.
761 1832 937 1888 Unum
989 1831 1277 1901 Theganns
1342 1829 1688 1884 Trevircnsis

143 1925 520 1997 chorepiseopus
567 1939 782 1980 corevns
820 1923 894 1980 De
941 1920 1109 1993 gestis
1135 1921 1395 1978 Ludovici
1439 1919 1521 1974 Pii
1556 1921 1687 1988 imp.

143 2018 403 2089 (Bououer,
434 2029 472 2072 t.
511 2018 598 2078 Vl,
639 2033 690 2086 p.
729 2019 819 2083 75)
851 2018 1072 2078 indicat,
1103 2015 1190 2069 ubi
1237 2030 1356 2084 cap.
1393 2012 1430 2067 2
1473 2013 1587 2067 haec
1619 2011 1694 2066 lc-

143 2113 345 2179 gnntnr:
376 2125 398 2163 ι
437 2107 669 2163 Carolus
714 2112 922 2177 (postea
951 2103 1194 2176 Magnus)
1224 2119 1348 2158 cum
1399 2103 1450 2157 in
1492 2100 1690 2169 juven-

145 2208 233 2253 tutc
256 2209 382 2263 erat,
415 2199 518 2254 sibi
564 2200 745 2268 junxit
784 2195 1105 2252 nobilissimi
1144 2195 1360 2264 generis
1391 2192 1692 2248 Suevorum

144 2287 340 2358 puellam
373 2289 594 2343 nomine
627 2287 1017 2357 lliltcgardam,
1051 2300 1172 2355 qua:
1207 2293 1327 2340 erat
1376 2284 1443 2340 de
1494 2300 1696 2355 cogna-

147 2377 262 2434 tione
285 2377 790 2450 Gothel‘ridi’dncis
840 2379 1282 2433 Alamannorum.
1340 2377 1693 2433 Gothefridus

145 2471 230 2524 dux
269 2472 442 2542 genuit
475 2471 894 2543 lloncbingnm;
945 2472 1294 2542 llouchingns
1337 2472 1523 2544 genuit
1559 2470 1692 2526 Nebi

145 2560 261 2630 (vide
287 2575 440 2631 supra
468 2563 519 2616 in
555 2562 698 2617 notis
735 2562 802 2616 ad
855 2561 1112 2618 Ilerman.
1140 2579 1192 2616 a.
1223 2563 1382 2634 724);
1427 2562 1558 2617 Νυὺί
1600 2579 1694 2617 au-

146 2657 231 2706 tein
273 2654 445 2721 genuit
493 2652 759 2720 lmmam;
794 2653 962 2710 Imma
1001 2671 1132 2711 vero
1180 2657 1386 2725 peperit
1416 2655 1698 2728 ,lliltegar—

145 2741 244 2796 dum
273 2744 635 2798 beatissimam
676 2745 941 2817 reginam.
978 2766 996 2798 ι
1031 2745 1193 2800 Plura
1222 2747 1287 2800 de
1317 2747 1414 2800 hac
1441 2748 1694 2816 pros:ipiu

144 2827 414 2902 disquirunt
439 2835 692 2891 Coistlius
721 2846 774 2892 et
812 2836 1157 2892 Bullandiatti
1192 2838 1243 2892 in
1283 2835 1401 2892 Vita
1427 2835 1486 2890 Β.
1525 2836 1696 2892 llilte-

144 2923 294 2991 gardis
325 2933 360 2979 t.
389 2925 450 2980 Ill
480 2927 683 2996 April.,
709 2943 761 2998 p.
793 2927 896 2982 790
926 2943 1066 2997 seq.,
1095 2943 1214 2998 quae
1244 2942 1374 2982 vero
1402 2929 1467 2983 ad
1505 2941 1701 2998 propo-

145 3010 279 3067 situzn
313 3025 564 3071 nostrum
595 3015 741 3070 haud
777 3016 1074 3086 pertint-nt.

197 3146 400 3218 Propius
452 3150 570 3204 huc
613 3159 861 3219 spectant
919 3165 1040 3219 qua:
1092 3150 1250 3205 habet
1286 3151 1539 3206 Wetinus
1592 3151 1698 3204 An-

143 3237 315 3304 git-esis
356 3240 666 3296 monachus
720 3240 774 3293 in
828 3240 1128 3296 visionibus
1178 3243 1290 3297 suis
1351 3243 1417 3297 de
1465 3241 1700 3298 Geroldo

147 3327 333 3392 comite,
358 3327 706 3399 llililegardis
751 3331 982 3400 regina),
1013 3330 1190 3385 Caroli
1223 3331 1398 3402 Magni
1431 3331 1696 3401 conjugis.

152 3415 310 3486 fratre,
354 3420 406 3474 in
435 3420 692 3482 llnnnico
721 3422 863 3476 bello
903 3423 1084 3478 occiso
1115 3424 1180 3478 ad
1209 3439 1297 3478 an.
1339 3424 1465 3491 799,
1497 3425 1564 3478 dc
1594 3440 1701 3494 quo

154 3506 205 3557 ad
236 3511 470 3566 eumdem
501 3529 710 3567 annum
760 3512 1100 3570 Hermannus
1148 3533 1161 3570 :
1193 3531 1461 3586 quemque
1506 3518 1701 3572 ibidem

158 3593 424 3656 Passiniunt
461 3618 690 3674 quoque
737 3607 1176 3674 cognominatum
1207 3606 1373 3662 fuisse
1405 3608 1708 3663 notavimus

153 3687 376 3763 2690b
408 3696 618 3766 praedia
649 3711 746 3751 sua
771 3711 888 3766 qum
913 3697 964 3752 in
999 3696 1193 3754 Suevia
1223 3707 1278 3753 et
1314 3699 1508 3754 vicinia
1556 3715 1708 3754 mon-

1773 433 2025 486 habebat.
2054 431 2290 487 Alteram
2316 433 2468 488 nobis
2507 433 2648 487 viam
2687 432 2872 503 pandit
2897 442 3198 498 anonymus
3219 425 3388 480 Sana"

1775 521 2041 577 Gallensis
2080 522 2378 576 monachus
2426 523 2501 576 De
2545 523 2711 592 gestis
2733 519 2911 576 Caroli
2964 518 3031 573 Μ.
3066 517 3358 589 (Bonqnet,

1779 623 1816 668 t.
1851 614 1912 679 ν,
1936 629 1990 683 p.
2024 614 2143 679 lli)
2177 614 2300 668 dum
2335 615 2497 668 alium
2527 614 2703 668 adhuc
2749 612 2988 681 ejusdem
3020 606 3361 677 llildega‘rdis

1777 705 1979 775 regina:
2023 703 2246 758 fratrem
2301 705 2549 774 producit
2597 702 2945 765 Udalrieum,
2993 698 3080 753 cui
3134 695 3365 752 Carolus

1782 795 2006 866 Magnus
2026 795 2254 866 plurima
2303 795 2594 850 contulerit
2643 795 2694 848 in
2736 793 2932 846 oriente
2984 799 3032 843 et
3078 787 3360 846 occidente,

1785 888 1998 943 Snevia:
2022 888 2230 944 scilicet
2255 904 2348 943 seu
2371 887 2724 949 Alemannim,
2758 882 2952 954 quibus
2974 896 3090 934 cum
3130 886 3244 948 post
3275 877 3366 928 ob-

1781 979 1912 1030 itum
1932 979 2093 1047 ipsius
2115 977 2164 1032 11
2171 980 2454 1047 ildegardte
2476 979 2550 1048 (a.
2571 977 2694 1045 785)
2721 991 2815 1046 pro
2841 971 3069 1044 quodam
3092 969 3368 1022 commisso

1784 1085 1817 1120 a
1847 1065 2040 1122 Carolo
2065 1068 2389 1139 spoliaretur
2432 1066 2736 1130 honoribus,
2781 1061 3092 1118 admonitus
3131 1072 3227 1110 rex
3259 1057 3370 1124 pri-

1787 1162 1950 1214 stinos
1981 1161 2203 1214 honores
2246 1161 2424 1213 statim
2470 1159 2548 1211 illi
2588 1157 2708 1226 {erit
2759 1152 2980 1209 restitui.
3031 1146 3371 1218 llildegardis

1790 1266 1950 1320 porro
1978 1251 2178 1319 praadia
2211 1250 2547 1320 potissimum
2590 1249 2640 1303 in
2683 1247 2903 1317 Algovia
2945 1243 3113 1296 fuisse
3147 1239 3256 1294 sita
3289 1237 3370 1290 vel

1786 1342 1958 1396 solum
1991 1341 2272 1396 fundatum
2304 1342 2371 1393 ah
2402 1356 2467 1393 eo
2509 1339 2944 1408 Campidonense
2974 1328 3371 1386 monasterium

1788 1436 2056 1500 declarat;
2089 1437 2228 1490 unde
2252 1446 2306 1490 et
2334 1436 2562 1490 fratrum
2591 1434 2706 1502 cjns
2744 1429 3120 1503 possessiones
3143 1425 3369 1482 omnino

1789 1527 1879 1581 illo
1900 1527 2232 1582 Alemannim
2266 1535 2437 1582 tractu
2471 1526 2773 1594 qnzcrendae
2817 1531 2963 1585 sunt,
2996 1520 3140 1591 quod
3171 1520 3237 1574 de
3264 1517 3375 1573 Geo

1791 1621 1945 1675 roldo
1969 1621 2082 1690 jam
2109 1621 2361 1674 vidimus.
2396 1618 2708 1674 Udalrienm
2741 1632 2875 1672 vero
2913 1615 3062 1668 illum
3095 1610 3378 1680 Turgovize

1721 1686 1761 1744 η
1790 1686 2045 1764 comitem
2074 1722 2382 1768 censemus,
2406 1722 2566 1776 quem
2593 1705 2650 1759 Ρ.
2697 1704 2949 1776 llcrrgott
3001 1701 3068 1755 ab
3097 1712 3241 1753 anno
3274 1698 3375 1751 787

1793 1813 1964 1868 usque
1991 1798 2096 1854 800
2147 1797 2200 1852 in
2231 1797 2437 1852 chartis
2488 1797 2602 1851 suis
2644 1803 2821 1859 notat,
2872 1793 2964 1864 qui
2995 1789 3154 1846 simul
3196 1800 3380 1842 eomes

1793 1902 2010 1956 quoque
2039 1887 2092 1941 in
2115 1887 2450 1957 Argengewe
2480 1886 2646 1940 fuisse
2670 1883 2884 1938 videtur
2931 1897 2999 1938 ex
3050 1879 3109 1934 P.
3142 1877 3382 1948 Neugart

1792 1976 1926 2032 Cod.
1955 1975 2083 2045 dipl.
2145 1976 2321 2030 Aleni.
2365 1983 2498 2038 vet.,
2531 1990 2585 2029 n.
2633 1971 2766 2036 Ml;
2832 1972 2885 2026 in
2923 1969 3076 2038 cujus
3119 1967 3378 2022 comitatu

1794 2067 1957 2120 situm
1981 2077 2098 2122 erat
2126 2076 2362 2121 castrum
2385 2064 2682 2136 Breganzia
2712 2082 2724 2117 :
2765 2063 2872 2118 imo
2894 2060 3198 2132 Linzgovia‘.
3217 2058 3380 2111 etiam

1796 2169 1999 2219 comes,
2027 2157 2117 2227 qui
2150 2154 2211 2226 (Ι.
2245 2175 2316 2221 c.,
2342 2171 2396 2209 ιι.
2435 2155 2557 2224 150)
2590 2170 2712 2208 cum
2742 2153 2952 2208 duobus
2980 2150 3105 2205 filiis
3130 2147 3384 2206 Odalrico

1795 2258 1848 2303 et
1881 2249 2152 2318 [lodperto
2199 2257 2420 2304 notatur
2469 2248 2523 2302 in
2575 2247 2763 2302 charta
2800 2261 2890 2298 an.
2938 2242 3065 2306 805,
3118 2241 3249 2296 retin
3277 2239 3382 2294 alia

1797 2356 1886 2395 an.
1915 2340 2015 2396 804
2049 2340 2271 2409 insuper
2322 2340 2376 2393 in
2421 2337 2718 2408 Brisgovia.
2775 2336 2954 2406 Atque
3007 2334 3133 2388 hinc
3182 2332 3386 2403 optime

1801 2429 1969 2486 verba
1997 2429 2148 2484 citati
2185 2429 2442 2500 anonymi
2473 2428 2822 2498 explicantur
2846 2426 2914 2482 de
2949 2427 3150 2480 oriente
3175 2433 3223 2476 et
3251 2421 3387 2474 occi-

1798 2523 1949 2576 dente
1975 2520 2312 2574 Alemanniei
2345 2519 2596 2583 ducatus,
2624 2517 2713 2572 ubi
2747 2517 3116 2588 possessiones
3137 2529 3264 2569 suas
3284 2501 3408 2566 ha;

1804 2611 1983 2667 buerit
2037 2608 2341 2673 Udalricns,
2397 2609 2570 2664 frater
2611 2608 2951 2679 Hildegardis
3002 2605 3222 2676 reginae.
3252 2603 3387 2658 Cum

1801 2711 1982 2756 autem
2012 2701 2126 2754 htec
2157 2715 2254 2770 per
2283 2699 2449 2755 lilium
2495 2699 2830 2756 Ludovicum
2877 2696 3028 2751 Pium
3074 2694 3193 2748 avia
3227 2692 3390 2747 fuerit.

1803 2789 2060 2844 Ludovici
2089 2788 2423 2852 Germanici,
2451 2789 2528 2843 uti
2584 2788 2728 2842 illius
2775 2786 2942 2840 frater
2972 2781 3261 2838 Udalricns
3292 2796 3390 2851 pa-

1803 2882 1936 2935 riter
1962 2894 2094 2934 avus
2129 2879 2472 2950 cognominis
2498 2895 2588 2932 an.
2630 2879 2732 2934 867
2765 2877 2818 2931 in
2849 2876 3183 2945 Argengewe
3219 2870 3390 2926 comi-

1805 2976 1895 3039 tis,
1926 2983 2231 3044 postremus
2259 2974 2347 3028 hic
2377 2971 2662 3028 Udalricus
2685 2980 2738 3026 et
2761 2967 3066 3025 Ludovicus
3103 2963 3388 3021 Germani-

1729 3041 1773 3100 c
1806 3079 1900 3115 cus
1943 3063 2239 3116 consobrini
2282 3063 2479 3132 potius,
2535 3075 2696 3132 quam
2739 3060 2850 3114 veri
2904 3056 3138 3113 nominis
3181 3063 3390 3124 nepotes

1807 3155 1911 3210 dici
1942 3156 2169 3219 debent;
2205 3156 2346 3224 quod
2371 3169 2499 3208 vero
2530 3169 2634 3207 non
2664 3152 2843 3208 obstat
2869 3149 3159 3221 quominus
3203 3161 3390 3202 comes

1809 3248 1907 3301 iste
1930 3246 2222 3318 improprie
2246 3245 2439 3300 saltem
2473 3261 2628 3313 nepos
2668 3259 2765 3298 seu
2807 3239 3241 3310 consanguineus
3285 3236 3392 3292 Ln-

1807 3340 1979 3395 doviei
2013 3339 2277 3393 nominari
2311 3340 2566 3408 potuerit,
2599 3338 2714 3408 qni,
2770 3337 2846 3390 uti
2877 3349 2926 3391 et
2956 3351 3088 3390 avus
3132 3332 3272 3401 ejus,
3302 3347 3394 3388 ca-

1809 3441 1982 3485 strum
2014 3428 2352 3500 Brigantium
2381 3428 2635 3490 obtinuit,
2665 3427 2753 3482 ubi
2785 3426 2946 3481 etiam
2970 3424 3087 3494 ejus
3111 3423 3253 3477 ﬁlius
3276 3422 3392 3476 sive

1811 3533 2000 3590 nepos,
2034 3530 2188 3585 pater
2214 3520 2270 3574 S.
2322 3518 2622 3580 Gebhardi,
2677 3516 2962 3572 habitavit.
2997 3511 3192 3567 Nescio
3231 3525 3394 3581 porro

1810 3627 1878 3665 an
1907 3625 2014 3664 non
2045 3611 2097 3666 in
2127 3611 2253 3665 dicti
2279 3608 2536 3678 anonymi
2567 3607 2746 3662 verbis
2775 3605 2939 3660 lateat
2986 3603 3394 3658 fundamentum

1814 3701 1982 3756 totius
2023 3700 2354 3757 narrationis
2383 3697 2556 3755 nostri
2592 3697 2868 3763 Chronici,
2898 3692 3162 3766 ejusmodi
3215 3699 3394 3744 tamen

151 3949 272 4030 (Ῑὶ-Ξ)
298 3951 554 4023 Carmina,
592 3966 649 4010 ut
680 3958 897 4022 ridetur,
932 3956 1357 4028 Brigantinorum
1411 3964 1654 4017 comitum
1689 3963 2004 4033 genealogiu
2031 3973 2136 4016 tam
2172 3979 2234 4018 ea;
2261 3963 2457 4018 chartis
2501 3978 2657 4035 quam
2698 3961 2884 4017 ceteris
2924 3963 3032 4030 fere
3061 3958 3398 4030 scriptoribus

1504 4069 1717 4123 sequens
1747 4055 2015 4107 statuitur.
3421 4051 3423 4054 ‘

618 4222 830 4286 Stemma
851 4221 1005 4286 Caroli
1034 4224 1208 4286 Magni.

562 4282 837 4341 Ansegisns
859 4283 979 4332 Litus
1003 4286 1053 4335 S.
1079 4282 1274 4334 A‘rusulli.

553 4343 1088 4410 Evpipusﬁeristallus
1109 4348 1147 4410 -ι-
1170 4362 1209 4394 ιι.
1230 4347 1329 4410 ιιι

558 4406 763 4458 Carolus
785 4406 1033 4459 llartellus
1054 4407 1092 4462 -ι-
1112 4406 1156 4458 a.
1183 4409 1295 4458 7H.
1472 4408 1596 4458 [Vetti
1618 4406 1736 4458 dui.

1463 4227 1680 4291 Stertinio
1696 4222 2006 4291 Bilclegsrdis
2029 4228 2138 4288 ejus
2157 4229 2393 4291 conjugis.

1467 4287 1778 4350 tiothefridus
1800 4289 1896 4336 dux
1934 4287 2234 4338 Aletnsnnia'
2251 4287 2366 4350 -ι-ἀ.
2392 4293 2502 4342 708.

1461 4346 1778 4414 Bouchingus
1800 4353 2029 4414 princeps
2050 4346 2533 4414 partisAlemsnniai.

2076 4413 2372 4464 Bertholdus
2392 4415 2487 4464 dux
2500 4451 2512 4464 .

1472 4470 1702 4520 Ilerman.
1725 4485 1770 4521 ιι.
1793 4471 1906 4529 721.
1970 4511 1974 4516 .

553 4526 759 4592 [’tpinus
781 4542 894 4580 rex.
1049 4531 1086 4592 -ι-
1111 4547 1154 4582 a.
1181 4531 1285 4581 768.

1471 4531 1634 4582 lmms.
1663 4532 1722 4580 N.
1747 4538 1958 4586 maritus.

551 4587 755 4642 Carolus
778 4603 1000 4654 magnus.
1061 4587 1073 4592 ⁷
1190 4606 1315 4642 uxor
1465 4591 1797 4652 Hildegardts.
2071 4594 2321 4646 Udalricns
2351 4597 2369 4648 ί
2403 4611 2488 4648 eoo
2616 4650 2618 4652 ,
2676 4596 2918 4649 Geroldus

1460 4654 1496 4717 τ
1523 4667 1569 4703 ιι.
1589 4656 1696 4706 783.
1857 4702 1864 4709 .
2070 4669 2176 4706 mes
2213 4663 2259 4708 in
2297 4660 2492 4722 Argeo-
2673 4660 2932 4722 [refectus

2067 4732 2231 4793 getve.
2297 4719 2438 4770 ab'a.
2671 4719 2840 4791 lnnitls

2075 4777 2293 4832 ιδἹ-ΒΟΞ.
2679 4784 2865 4842 8³³021³
2902 4779 2940 4842 ἰ’

2075 4797 2293 4832 ιδι-δυζ.
2679 4797 2865 4832 baioar.

2677 4858 2718 4892 ι.
2744 4841 2856 4891 799.

564 4895 836 4948 Ludovicus
873 4898 998 4947 Pius.
2057 4902 2317 4969 Udalricns
2335 4904 2376 4953 ll
2401 4915 2567 4956 comes
2602 4910 2669 4969 (‘)

2055 4966 2105 5027 lu
2131 4968 2460 5027 Argengewe.

559 5015 712 5069 Ludm
726 5022 831 5070 lcus
851 5018 1182 5074 Gernrsntcus.
2055 5015 2394 5076 Udalricusvlll
2429 5035 2600 5077 comes
2623 5030 2670 5078 lu

2051 5088 2366 5148 Argengeue
2386 5099 2434 5148 Va.
2458 5087 2572 5138 867.

1744 5171 1746 5174 ,
2010 5207 2013 5208 ν
2056 5147 2176 5198 uno
2194 5163 2220 5197 ο
2238 5147 2356 5195 ⁷ιωεε
2379 5147 2644 5208 Brigantii.

1368 5209 1708 5260 UdalricnslV
1866 5259 1870 5262 ι
1993 5207 2043 5256 S.
2075 5208 2415 5259 Genehardus.
2468 5201 2495 5208 ⁷
2578 5201 2585 5203 ⁷
2643 5202 2750 5264 D'oo
2769 5201 2965 5258 fratres.

1359 5287 1524 5321 eomes
1547 5274 1750 5328 Brigan-

1362 5337 1418 5386 tti
1439 5333 1476 5394 τι
1499 5331 1677 5382 2.978.

1992 5271 2264 5333 episc0pus.
