3970 5406
143 333 233 392 28'!

932 330 1329 389 matrices
1372 322 2004 390 paratissimum:
2046 326 2117 373 ‘—
2146 316 2467 397 enoaan'.
2516 316 2519 317 ί
2560 338 2563 343 η
2606 357 2617 363 ε
2684 353 2691 360 -

3303 298 3417 390 ἐίιᾶ

145 410 263 506 retu
290 446 424 502 eum
471 445 636 501 Dacis
672 444 1107 517 eoruman
1147 442 1364 513 (Annal.
1393 442 1594 499 Berlin.
1618 460 1713 499 an.
1745 454 1788 510 Α
1824 463 1844 498 ι
1873 444 2128 509 multam,
2152 444 2344 513 inquit,
2372 443 2744 519 fatigationem
2767 434 3418 517 Longobardictoppres-
3446 418 3449 421 Ἴ

145 536 285 605 δη).
307 537 493 591 Antea
526 549 656 589 vero
678 524 789 605 jam
818 548 918 589 ceu
950 526 1152 589 missus
1175 532 1354 590 Caroli
1399 533 1579 604 Magni
1607 549 1730 604 per-

148 630 508 686 mutationem
572 627 860 696 qnamdam
917 623 1125 695 fecerat
1188 642 1311 681 cum
1374 626 1733 697 Bernwelpho

144 716 621 789 Wireeburgensis
660 718 913 788 episcopo
958 719 1027 771 ad
1072 732 1163 771 an.
1213 715 1321 773 800
1369 716 1646 780 defuncto,
1673 725 1733 771 ut
1778 748 1779 751 η

143 809 305 882 liquet
333 824 404 865 ex
444 809 739 881 diplomate
784 807 1036 863 Ludovici
1064 807 1142 862 Pii
1186 823 1276 862 an.
1319 806 1732 880 837((Eccm1,

144 899 339 959 Fratre.
373 899 474 955 0r.
507 910 547 955 t.
575 897 636 964 II,
668 916 723 970 p.
747 900 854 956 565
879 910 934 955 et
958 900 1105 969 885.).
1136 899 1279 955 Idem
1309 897 1602 955 Unrochus
1636 914 1734 954 seu

143 992 341 1047 missus
382 990 565 1045 Caroli
612 990 788 1061 Magni
838 1001 1062 1045 notatur
1114 990 1168 1044 in
1197 988 1491 1062 Capitulari
1540 988 1734 1044 incerti

143 1083 263 1139 anni
319 1082 466 1152 apud
518 1081 843 1137 Martenium
890 1081 1131 1152 (Collect.
1171 1083 1408 1153 antpliss.
1463 1091 1504 1138 ι.
1544 1082 1649 1147 \"ll,
1677 1098 1732 1153 p.

144 1174 271 1247 ii);
312 1174 461 1231 unde
507 1190 709 1245 genere
761 1174 1032 1232 Franrum
1072 1186 1128 1232 et
1172 1176 1370 1231 Carolo
1418 1175 1735 1247 imperatori

143 1266 465 1337 pen-harum
494 1267 774 1322 exstitisse
808 1276 960 1322 extra
996 1268 1218 1322 dubiant
1249 1276 1355 1322 est.

204 1354 468 1413 Uuroeus
515 1357 607 1413 hic
645 1373 709 1412 ex
739 1357 845 1413 ﬁde
887 1358 1117 1413 Eccardi
1150 1358 1209 1425 (Ι.
1239 1377 1312 1423 c.,
1347 1374 1402 1429 p.
1432 1358 1553 1430 I96)
1581 1366 1740 1429 pater

142 1450 240 1507 fuit
262 1451 578 1518 Eberhardi
609 1452 827 1506 comitis
860 1450 1066 1507 Cisonii
1103 1463 1290 1521 postea
1324 1452 1481 1506 ducis
1507 1450 1737 1521 Foroiu-

144 1543 353 1607 liensis,
385 1558 453 1598 ae
476 1541 791 1615 Berengarii
817 1543 1034 1599 comitis
1058 1542 1112 1597 in
1137 1542 1429 1599 Germania
1456 1541 1737 1609 inferiore,

146 1637 341 1692 deinde
361 1636 621 1693 Tolosani
645 1653 710 1692 ac
734 1637 1090 1709 Septimauize
1114 1637 1288 1693 ducis.
1313 1637 1475 1693 Certe
1498 1639 1550 1691 iu
1579 1637 1741 1707 Capi-

144 1727 306 1786 tulari
350 1728 613 1788 Ludovici
669 1729 750 1785 Pii
788 1747 880 1784 an.
907 1730 1015 1786 825
1051 1730 1416 1800 Bcreugarius
1442 1743 1626 1784 eomes
1652 1743 1740 1782 re-

1830 538 2038 595 sionetn
2068 552 2100 591 a
2126 536 2445 593 Sclavorum
2475 547 2636 608 gente
2663 538 3063 603 sustinuerunt,
3086 548 3263 609 usque
3288 540 3419 596 dum

1831 630 2127 704 imperator
2169 629 2648 699 Forojnlianornm
2693 630 3070 688 Eberhardnm
3118 633 3419 704 principem

1831 724 2134 785 constituit.
2167 739 2277 794 quo
2298 723 2561 780 defuncto
2587 721 2805 778 Unroch
2847 723 2989 780 ﬁlius
3013 722 3132 794 ejus
3152 725 3424 795 principii-5

1834 821 1947 867 tum
1971 814 2243 883 suscepit;
2311 836 2329 863 ο
2366 814 2495 867 dum
2536 813 2628 867 alii
2660 822 2885 869 econtra
2918 813 2971 869 id
3014 814 3082 870 ad
3123 832 3214 869 an.
3242 815 3347 872 846
3369 823 3426 872 el.

1831 904 2153 962 Lotharinm
2176 905 2307 977 imp.
2344 905 2608 962 referunt.
2644 905 2760 978 Ipse
2786 905 3138 963 Eberhardus
3165 923 3258 962 seu
3285 908 3426 964 Eve-

1835 995 2000 1051 radus
2051 1011 2112 1052 se
2166 1012 2274 1052 non
2332 997 2437 1075 nisi
2467 997 2724 1053 comitem
2766 997 3012 1052 nominat
3045 997 3099 1052 in
3127 1010 3228 1052 suo
3255 1006 3424 1066 testa-

1834 1098 2027 1159 mento
2047 1088 2173 1143 dato
2203 1103 2295 1142 an.
2333 1088 2459 1154 867,
2493 1090 2562 1144 de
2589 1105 2699 1161 quo
2734 1087 2897 1145 infra.
2929 1087 3141 1144 Revera
3166 1089 3313 1146 enim
3336 1088 3426 1143 (Ξῖ-
3504 1148 3515 1157 ι

1836 1181 2108 1237 souiensis
2158 1180 2211 1236 in
2264 1180 2520 1237 Flandria
2569 1198 2757 1241 comes
2801 1189 2944 1247 erat,
2984 1180 3338 1251 amplissimis
3372 1179 3432 1235 in

1838 1272 2022 1345 Belgio
2051 1282 2161 1327 tam
2189 1272 2550 1330 lnereditariis
2572 1260 2736 1338 quam
2767 1274 2911 1329 dotis
2933 1273 3153 1329 nomine
3174 1287 3203 1326 a
3227 1274 3433 1345 genero

1836 1378 1938 1419 suo
1960 1374 2016 1418 et
2034 1378 2226 1418 socero
2251 1364 2491 1433 acceptis
2514 1364 2953 1433 possessionibus
2978 1365 3201 1427 ditatus,
3234 1367 3434 1435 prmtcr

1838 1452 1958 1509 illas
2005 1466 2145 1522 quas
2200 1453 2253 1507 in
2286 1452 2437 1507 Italia
2466 1453 2723 1515 habebat,
2756 1455 2831 1508 uti
2868 1469 2935 1509 ex
2966 1452 3085 1523 ejus
3108 1462 3439 1510 testamento

1838 1543 2028 1614 liquet.
2063 1541 2295 1597 Notatur
2319 1543 2486 1596 etiam
2514 1543 2862 1599 Eberhardus
2883 1560 3068 1601 comes
3094 1561 3217 1600 eum
3243 1543 3437 1599 Notiu-

1839 1650 1907 1704 go
1953 1634 2255 1689 Veronensi
2307 1634 2567 1704 episcopo
2620 1634 3176 1697 missusLudovicill
3206 1635 3333 1705 imp.
3365 1635 3437 1690 ad

1840 1723 2177 1779 Ludovicum
2217 1722 2601 1779 Germanicum
2636 1724 2688 1778 in
2718 1723 3022 1779 Annalibus
3064 1724 3219 1780 Fuld.
3252 1726 3318 1780 ad
3340 1741 3433 1780 an.

144 1831 406 1879 censetur
447 1823 593 1877 inter
635 1822 829 1878 missos
869 1821 1176 1879 dominicus
1220 1821 1274 1876 in
1323 1819 1538 1889 Belgica
1578 1834 1742 1890 super
1773 1804 1818 1864 Β
1847 1816 1974 1882 858,
2030 1832 2131 1872 nec
2183 1831 2290 1871 non
2324 1816 2600 1870 Evrardus
2628 1831 2813 1872 comes
2855 1816 2996 1871 inter
3034 1825 3200 1871 testes
3228 1818 3319 1885 qui
3343 1833 3434 1871 au.

146 1921 385 1984 quatuor
408 1913 696 1977 dimceses,
753 1910 1264 1976 Noviomacensem,
1294 1910 1738 1974 Ambianensem,

147 2005 558 2062 'l‘arvanensem
601 2015 657 2061 et
696 2005 1195 2068 Cameraceusem;
1243 2002 1480 2073 itemque
1511 2017 1604 2056 an.
1637 1998 1744 2056 854

147 2101 293 2155 inter
339 2098 553 2169 legatos
604 2096 865 2151 Ludovici
895 2094 977 2150 Pii
1007 2096 1072 2149 ad
1102 2094 1272 2149 ﬁlium
1308 2092 1625 2148 Lotharium
1659 2108 1745 2148 re-

146 2188 367 2253 bellem,
400 2188 541 2257 apud
574 2185 893 2256 'l‘hcganum
924 2200 1041 2255 cap.
1068 2183 1155 2246 54,
1175 2183 1265 2238 ubi
1294 2192 1520 2237 vocatur
1547 2179 1748 2235 Beren-

147 2283 329 2353 ραι-ἕω
349 2281 561 2348 sapiens
586 2279 908 2350 propinquus
949 2276 1210 2332 Ludovici
1245 2294 1259 2330 :
1291 2276 1359 2331 de
1380 2290 1490 2346 quo
1525 2273 1665 2329 idem
1692 2288 1744 2329 c.

149 2373 259 2430 58:
292 2392 311 2424 ι
348 2371 553 2427 Eodem
583 2388 729 2426 :u‘mo
760 2370 904 2442 (836)
932 2370 983 2424 iu
1021 2370 1140 2441 ipso
1163 2368 1360 2424 itinere
1379 2368 1516 2423 obiit
1537 2366 1741 2421 Beren-

150 2463 356 2532 garius,
385 2462 493 2516 dux
526 2461 702 2516 ﬁdelis
728 2471 783 2516 et
809 2461 1051 2531 sapiens,
1101 2475 1263 2528 quem
1301 2459 1601 2530 imperator
1621 2472 1746 2514 cum

152 2556 281 2612 ﬁliis
304 2556 422 2611 suis
445 2554 581 2610 luxit
606 2555 775 2609 multo
808 2564 1078 2624 tempore;
1111 2552 1415 2623 (Bouousr,
1441 2561 1476 2606 ι.
1508 2551 1572 2613 II.
1599 2567 1653 2622 p.
1678 2548 1748 2607 8i

153 2647 320 2718 δρψ).
352 2647 594 2717 Denique
614 2646 997 2709 Astronomus,
1029 2645 1083 2700 in
1108 2644 1228 2699 Vita
1260 2644 1518 2700 Ludovici
1548 2643 1627 2699 Pii
1651 2659 1745 2698 an.

154 2740 278 2806 8I9,
302 2738 693 2810 Bercugatinm
723 2737 1052 2793 Tolosanum
1079 2738 1331 2794 comitem
1363 2738 1599 2810 appellat
1623 2752 1746 2808 cap.

155 2827 219 2885 57
260 2829 551 2883 immatura
583 2812 758 2883 morte
802 2837 1153 2897 praereptum,
1196 2836 1251 2882 et
1281 2826 1539 2882 IIurouici
1569 2823 1747 2900 [iiun-

160 2919 297 2992 νοοῖ]
354 2918 634 2991 quondam
667 2920 883 2974 comitis
928 2919 1097 2973 lilium
1128 2918 1231 2993 [Du
1262 2918 1497 2983 CIIESNI-Z,
1531 2926 1567 2972 t.
1602 2916 1669 2980 II,
1692 2931 1746 2987 p.

159 3012 300 3083 515].
331 3028 430 3082 pro
456 3026 565 3083 quo
595 3012 837 3080 Bouquet
879 3010 940 3081 (ι.
968 3027 1014 3065 c.
1051 3028 1104 3082 p.
1137 3010 1260 3076 I20)
1295 3010 1513 3080 legit'll.
1546 3006 1752 3082 [Ilugo—

162 3103 266 3180 uis]
300 3103 551 3159 Τίσι-οιιίσὶ
594 3105 860 3175 quondam
899 3103 1139 3168 rentius;
1185 3112 1238 3157 at
1284 3119 1590 3173 perperam,
1626 3116 1748 3155 nam

163 3198 400 3253 etiamin
425 3197 594 3265 gestis
621 3194 864 3265 ejusdem
914 3195 1263 3265 imperatoris
1294 3195 1503 3251 Gallice
1533 3191 1755 3263 scriptis

165 3288 224 3359 (Ι.
249 3305 296 3343 r.
324 3303 378 3357 p.
413 3285 537 3357 164)
571 3285 934 3357 Bereugarius
964 3286 1167 3341 dicitur
1211 3284 1258 3339 le
1282 3286 1341 3355 fit
1380 3285 1427 3340 le
1450 3295 1599 3339 conte
1628 3282 1677 3338 11
1687 3300 1752 3338 u—

164 3378 324 3434 reine.
354 3377 515 3432 Patet
547 3376 673 3432 hinc
701 3376 839 3430 ratio
883 3391 982 3431 cur
1016 3377 1341 3447 propinquus
1372 3374 1630 3430 Ludovici
1661 3391 1757 3430 uo-

167 3469 403 3525 tniuetrr
462 3467 850 3538 Berengarius,
900 3469 1026 3535 quia
1069 3465 1238 3522 frater
1262 3466 1378 3536 ejus
1407 3465 1758 3521 Eherhardus

168 3559 399 3628 ejusdem
432 3558 691 3613 Ludovici
720 3557 889 3612 filiam
915 3558 1152 3612 habebat
1201 3574 1449 3619 uxorem,
1478 3557 1757 3627 quietiam

170 3652 368 3706 duobus
392 3650 521 3706 ﬁliis
547 3652 664 3706 suis
689 3649 945 3704 Unrocho
963 3659 1017 3704 et
1047 3650 1373 3719 Berengario
1395 3650 1566 3719 patris
1591 3649 1671 3702 sui
1702 3656 1756 3703 et

171 3739 343 3796 fratris
374 3741 597 3795 nomina
650 3739 931 3810 imposuit.
983 3739 1253 3795 Caeterum
1284 3739 1601 3793 Eherhardo
1633 3738 1758 3795 huic

172 3840 219 3884 et
249 3831 579 3903 Berengario
607 3832 744 3885 alios
768 3830 946 3886 adhuc
974 3847 1041 3886 ex
1086 3831 1341 3885 Hnnroco
1369 3830 1567 3887 fratres
1600 3832 1758 3886 attri-

174 3924 280 3979 buit
304 3924 589 3981 Eccardus
612 3921 759 3995 (Vel.
790 3939 1027 3976 manum.
1051 3932 1291 3993 qualern.
1325 3938 1376 3993 p.
1414 3922 1531 3989 40),
1562 3920 1759 3977 llenri-

176 4031 285 4070 cum
312 4015 398 4072 vel
427 4014 749 4078 llunrieum,
782 4012 1109 4068 Adalardum
1138 4012 1196 4067 S.
1244 4011 1448 4068 Bertini
1473 4008 1757 4078 abbatem,

176 4108 582 4180 ctAlbigarium
614 4106 898 4173 comitem,
952 4106 1018 4161 de
1044 4106 1257 4176 quibus
1295 4121 1422 4162 vero
1453 4105 1542 4160 hic
1565 4120 1751 4162 sermo

178 4201 309 4270 haud
334 4211 441 4258 est.
1746 4252 1749 4253 ,

240 4292 405 4367 274
434 4291 463 4364 §
497 4291 606 4347 VII.
638 4290 925 4346 Balderieo
977 4290 1113 4344 duce
1153 4287 1510 4360 Forojuliensi
1536 4303 1633 4359 per
1654 4286 1760 4343 Lu-

178 4388 419 4445 dovicum
447 4386 602 4441 Pium
624 4400 676 4439 a.
702 4385 809 4442 828
842 4391 1218 4448 exauctorato,
1246 4381 1365 4451 ejus
1413 4397 1596 4437 marca
1622 4381 1765 4435 inter

1842 1906 1949 1965 860
1975 1906 2426 1962 eonftederationi
2452 1906 2614 1961 trium
2641 1922 2828 1979 regum
2886 1908 3027 1979 apud
3070 1906 3440 1963 Conﬁuentias

1844 2000 2212 2055 interfuerunt
2237 1997 2496 2069 (Eccam).
2530 1995 2733 2059 Franc.
2764 1996 2860 2054 0r.
2891 2008 2928 2054 t.
2952 1999 3017 2064 II,
3045 2014 3100 2069 p.
3132 1999 3239 2054 474
3266 2000 3437 2072 seq),

1846 2092 1936 2147 ubi
1996 2092 2160 2147 etiam
2216 2091 2383 2146 venia.
2429 2090 2556 2144 data
2602 2098 2688 2145 est
2727 2090 2834 2146 illis
2880 2091 3028 2161 quie
3060 2106 3230 2163 regno
3257 2089 3441 2147 Caroli

1845 2183 1994 2241 Calvi
2012 2183 2075 2237 ad
2092 2182 2423 2238 Ludovicum
2438 2180 2822 2239 Germanicum
2842 2181 3276 2254 transfugerant;
3291 2185 3440 2253 quod

1845 2291 1945 2347 pro
1967 2275 2126 2346 paulo
2152 2282 2273 2345 post
2298 2275 2542 2331 dicendis
2570 2275 2748 2330 notari
2779 2286 3043 2332 meretur.

1918 2365 1948 2439 θ
1981 2364 2111 2419 \‘III.
2137 2364 2213 2419 De
2236 2364 2534 2420 Eberhardi
2561 2365 2720 2421 istius
2748 2364 3102 2421 matrimonio
3127 2366 3244 2421 hate
3271 2365 3443 2421 refert

1846 2458 2126 2531 Agnellus,
2172 2458 2332 2529 lmjus
2384 2458 2648 2529 temporis
2687 2457 2943 2529 scriptor,
2980 2459 3054 2513 De
3091 2457 3444 2529 pontiﬁcibus

1848 2553 2152 2609 Ravennat.
2209 2550 2525 2623 (Munnon.
2576 2549 2774 2621 Script.
2831 2550 2961 2606 Ital.
3000 2560 3039 2606 t.
3075 2550 3142 2616 II,
3184 2565 3240 2621 p.
3273 2550 3439 2623 185):

1854 2667 1874 2700 ι
1903 2645 2206 2716 Antequam
2229 2653 2535 2701 moreretur
2555 2643 2830 2715 Augustus
2844 2643 3175 2714 (Ludovicus
3194 2644 3324 2701 Pius
3343 2662 3439 2703 au.

1850 2735 1976 2809 840)
2001 2736 2183 2792 divisit
2211 2734 2501 2806 imperium
2533 2750 2692 2791 suum
2719 2736 2864 2790 inter
2885 2750 3042 2806 rcges
3068 2735 3214 2791 ﬁlios
3239 2751 3440 2791 suos...

1850 2826 2047 2885 Carolo
2078 2827 2199 2900 plus
2222 2826 2456 2884 fertilem
2481 2836 2537 2882 et
2579 2826 2813 2898 opimam
2855 2826 3084 2894 largitus
3109 2836 3194 2882 est
3210 2834 3443 2897 partem,

1850 2917 2164 2975 etGiselam
2197 2917 2363 2973 ﬁliam
2392 2932 2548 2972 suam
2574 2915 2798 2970 tradidit
2828 2916 3024 2971 marito
3043 2914 3259 2972 Curatio
3303 2913 3446 2989 [cor-

1854 3008 1953 3079 rig.
1986 3007 2225 3081 Evrado]
2251 3008 2490 3065 nomine.
2514 3007 2679 3081 275
2710 3008 2865 3064 Hune
2893 3007 3190 3079 (Carolum)
3221 3018 3280 3062 et
3305 3007 3444 3063 hanc

1859 3101 2140 3175 (Gisclaut)
2167 3101 2355 3157 Iudith
2390 3101 2632 3172 Augusta
2681 3102 2934 3170 parturit.
2973 3121 2994 3153 ›
3024 3100 3143 3168 Quo
3170 3101 3291 3170 ipso
3317 3116 3446 3156 eva-

1859 3203 2090 3251 nescunt
2110 3207 2231 3261 qua:
2259 3200 2448 3249 contra
2478 3191 2713 3248 Giselam
2739 3191 3000 3248 Ludovici
3026 3190 3102 3247 Pii
3129 3190 3293 3246 ﬁliam
3330 3207 3447 3247 mo-

1856 3296 1947 3345 vet
1979 3287 2290 3344 lladrianus
2335 3287 2585 3344 Valesius
2611 3287 2934 3360 prmfatione
2969 3289 3021 3344 in
3050 3288 3443 3361 Panegyricum

1857 3379 1925 3436 de
1947 3378 2197 3434 laudibus
2226 3378 2540 3450 Berengarii
2570 3379 2813 3448 ejusdem
2859 3379 2953 3433 ﬁlii
3001 3394 3069 3434 ac
3098 3377 3447 3448 postmodum

1858 3468 2026 3525 Italia:
2087 3469 2434 3539 imperatoris
2488 3468 2803 3539 (Musarum.
2863 3469 2903 3524 ι.
2953 3488 3026 3534 c.,
3057 3487 3110 3540 p.
3139 3470 3245 3524 574
3279 3468 3445 3542 δρψ).

1858 3559 1998 3626 Quid
2023 3558 2050 3614 2
2072 3560 2217 3631 quod
2241 3560 2355 3629 ipse
2378 3558 2606 3616 Carolus
2626 3560 2828 3617 Calvus
2846 3560 3049 3616 Gislam
3066 3560 3446 3615 charissimam

1857 3665 2103 3705 sororem
2128 3648 2365 3720 appellat
2400 3650 2454 3704 in
2486 3651 2678 3706 charta
2701 3667 2803 3721 pro
2835 3651 3166 3705 Dononicusi
3200 3651 3269 3705 ad
3293 3650 3448 3705 Scal.

1858 3738 1969 3794 dim
2003 3741 2336 3794 monasterio
2365 3755 2455 3794 an.
2487 3739 2613 3803 877,
2668 3740 2752 3794 cui
2789 3741 2931 3795 inter
2960 3741 3097 3795 alios
3123 3740 3452 3809 subscripsit

1860 3832 2180 3902 Rodulphus
2209 3831 2325 3898 ejus
2358 3846 2545 3902 nepos,
2572 3830 2768 3886 Giselat
2790 3847 2985 3901 nempe
3018 3832 3165 3898 ﬁlius
3198 3840 3255 3895 et
3279 3831 3453 3889 abbas

1859 3919 2431 3989 Cisouiensis(Mtn.£t,
2462 3918 2596 3989 Opp.
2625 3919 2841 3988 diplom.
2860 3918 2965 3983 t.l,
2989 3918 3210 3990 p.249).
3231 3918 3452 3983 Utrum-

1859 4030 1966 4083 que
1999 4030 2127 4069 vero
2150 4014 2439 4067 continuat
2460 4011 2632 4081 ipsius
2655 4011 2855 4067 Gisehe
2887 4011 3076 4079 charta
3113 4027 3167 4065 a.
3195 4010 3303 4067 870
3322 4011 3452 4083 (Da-

1859 4114 2039 4160 eumut
2072 4101 2320 4173 Spicileg.
2356 4110 2398 4155 t.
2451 4099 2516 4164 ll,
2548 4116 2607 4170 p.
2645 4100 2798 4171 879),
2836 4100 2889 4155 in
2919 4116 3026 4173 qua
3054 4100 3330 4171 prteeelsa:
3358 4102 3448 4159 iu-

1860 4197 2001 4257 dolis
2020 4197 2291 4253 Evardmn
2321 4195 2615 4263 seniorem,
2643 4211 2739 4252 seu
2764 4196 3041 4261 maritum,
3069 4195 3324 4252 Carolum
3354 4212 3454 4251 au-

1864 4298 1974 4345 tem
2008 4304 2165 4344 suum
2192 4286 2322 4344 olim
2370 4303 2690 4358 germanum
2720 4295 2904 4355 vocat,
2936 4287 3179 4359 itemque
3202 4287 3257 4347 in
3278 4287 3455 4351 altera

1865 4397 1955 4436 an.
1987 4381 2093 4437 868
2113 4397 2179 4437 ac
2214 4381 2375 4438 tertia
2401 4397 2494 4436 an.
2527 4381 2655 4439 874.

180 4489 399 4549 quatuor
436 4478 667 4534 comites
695 4477 866 4534 divisa
894 4486 978 4532 est
1001 4475 1319 4547 (EGINHARD.
1347 4474 1421 4529 De
1444 4474 1597 4545 gestis
1623 4471 1758 4527 Lud.
1793 4516 1841 4573 υ
1943 4472 1972 4547 5
2003 4472 2094 4529 IX.
2128 4472 2300 4530 Porro
2356 4474 2412 4528 in
2463 4475 2781 4530 memoratis
2824 4490 2953 4531 mox
3009 4474 3219 4531 chartis
3261 4474 3458 4531 eadem

179 4568 231 4625 h.
258 4569 602 4640 a.),quorum
635 4582 776 4622 unus
807 4567 974 4622 fuisse
1005 4566 1218 4632 videtur
1238 4565 1569 4631 Ebirlzardu‘s
1588 4565 1761 4635 ﬁdelis
1794 4565 1830 4573 '
1867 4565 2049 4623 Gisela
2094 4576 2334 4638 quatuor
2365 4574 2575 4622 tantum
2614 4566 2851 4622 ﬁliorum
2883 4582 3134 4632 suorum,
3173 4565 3314 4621 forte
3332 4566 3456 4637 plu-

182 4681 264 4720 an.
301 4666 412 4722 856
436 4665 579 4720 inter
623 4663 835 4734 legatos
877 4660 1124 4719 Lotharii
1152 4660 1283 4731 itnp.
1322 4660 1388 4714 ad
1422 4660 1761 4716 Ludovicum

181 4766 465 4828 patrentra
507 4755 756 4826 partilms
801 4753 972 4808 Italia:
1025 4751 1301 4817 directus,
1344 4762 1404 4806 ut
1457 4761 1680 4807 notatur
1707 4750 1760 4806 in

182 4842 471 4917 appeniliee
498 4845 742 4917 Thegaui
788 4844 1088 4915 (Bouous'r,
1113 4843 1149 4899 Ι.
1182 4860 1256 4904 ε..
1281 4859 1336 4913 p.
1370 4843 1485 4915 85).
1512 4842 1591 4897 Ad
1618 4859 1765 4903 cum-3

181 4937 294 4994 dent
342 4937 759 4995 IIeberhardum
811 4937 1066 4992 comitem
1106 4938 1160 4992 in
1190 4936 1584 5001 Italia'incerto
1618 4951 1764 4991 anno

183 5031 377 5101 scripta
407 5040 494 5086 est
522 5029 754 5100 epistola
790 5027 1001 5083 Rabani
1026 5038 1215 5083 contra
1239 5026 1642 5092 Gotescalcutu,
1672 5025 1765 5096 qui

184 5120 236 5176 in
280 5122 474 5179 itinere
527 5119 782 5176 Romano
810 5118 878 5174 ad
909 5116 1054 5173 illum
1092 5120 1370 5174 divertens
1398 5135 1616 5184 errores
1638 5133 1769 5174 suos

1088 5211 1191 5244 VLI
1249 5211 1440 5244 ῘῩηΙιΔΙΙ
1496 5212 1594 5244 Ital
1652 5226 1744 5244 ann

186 5213 374 5244 ἕλξειρηι
400 5228 463 5244 ιη
472 5230 495 5244 οι
504 5228 661 5244 ’κη-ο
702 5210 937 5244 ωηιῖοιυι
946 5218 959 5244 I
969 5226 998 5244 ιι
1007 5228 1032 5244 ιι

1871 4658 2013 4713 rium
2044 4667 2242 4723 mater,
2274 4659 2544 4725 meminit,
2585 4656 2821 4715 Uuroclti
2842 4659 3100 4715 nimirum
3126 4657 3456 4728 coadjutoris

1868 4752 1953 4813 sui
1982 4752 2034 4805 in
2062 4750 2265 4809 Italicis
2291 4751 2557 4822 partibus,
2599 4751 2695 4823 qui
2726 4752 3044 4808 Eberhardo
3078 4751 3219 4822 patri
3242 4757 3465 4803 mortuo

1869 4844 1926 4901 in
1957 4845 2532 4915 Forojuliensidueatu
2547 4844 2842 4908 successit;
2866 4842 3122 4898 Adalardi
3141 4850 3197 4897 et
3223 4839 3463 4909 Rudolﬁ,

1872 4936 2073 5007 quibus
2117 4953 2209 4992 an.
2236 4935 2340 4993 874
2366 4934 2616 5006 qutedam
2645 4947 2713 4990 ex
2737 4934 2894 4989 bouis
2923 4934 3040 4989 suis
3066 4935 3120 4989 in
3159 4930 3334 4988 Gallia
3366 4926 3464 4986 seu

1877 5026 2063 5098 Belgio
2104 5027 2347 5093 donavit,
2404 5026 2481 5085 uti
2530 5025 2644 5095 jam
2670 5043 2761 5081 an.
2801 5025 2909 5082 868
2940 5024 3168 5091 fecerat,
3202 5025 3295 5080 ubi
3328 5024 3472 5080 alius

1879 5118 2060 5173 adhuc
2085 5126 2309 5174 notatur
2359 5118 2479 5188 ejus
2504 5114 2651 5173 ﬁlius
2677 5116 3060 5186 Berengarius.
3097 5117 3256 5172 Anno
3285 5121 3478 5171 autem

1881 5206 1986 5244 Q70
2007 5223 2131 5244 mum
2156 5209 2268 5244 ("in
2296 5207 2532 5244 ιιηιιηπη
2577 5210 2825 5244 nummi-sm
2855 5209 3067 5244 nnnf‘nrl
3102 5208 3409 5244 (“coniungi
3442 5223 3471 5244 α
