3970 5406
523 273 629 327 Ξῗδῖ)

1264 268 1607 335 APPEN’JIX
1638 279 1728 333 AD
1767 271 2158 333 CIIRONICON
2197 270 2549 327 HERSIANNI
2588 270 3005 326 CONTRACTI.

3653 273 3745 326 QSI

523 385 817 440 A..’e:'an.’us
831 376 942 459 ejus
961 389 1058 443 lem
1075 390 1175 445 foci
1198 380 1402 458 senior,
1417 394 1503 448 cui
1528 403 1678 462 pater
1707 400 1916 448 curtum
1937 403 2057 442 suat

2158 414 2167 444 ι
2193 378 2399 433 sororis
2424 376 2589 445 hujus
2624 376 2891 445 Rodulphi
2920 377 3165 442 maritus,
3192 391 3388 432 munus
3408 376 3641 447 ejusdem
3662 380 3745 433 ab-

525 476 580 530 in
619 478 838 533 Cisonio
890 496 1012 536 cum
1069 482 1189 537 aliis
1227 484 1388 543 bonis
1422 493 1744 541 testamento
1790 483 2085 553 legaverat,

519 577 627 635 quo
655 566 815 620 dictis
865 582 1097 638 quatuor
1125 572 1253 626 filiis
1294 575 1565 629 distribuit
1595 575 1731 630 bona
1756 567 1883 637 sua,
1915 590 1935 622 ι
1966 587 2086 641 qua:

522 669 625 707 tam
653 657 702 709 in
728 656 1152 730 Francia,quatn
1179 663 1612 735 inﬂaugobardia
1639 666 1722 720 vel
1745 666 2083 731 Alemannia,

517 747 631 801 siv-
660 748 711 803 in
744 752 962 822 prapria
989 755 1101 807 sive
1132 754 1181 807 in
1214 756 1477 812 beuelieio
1517 758 1720 825 habuit,
1765 777 1783 810 ι
1815 770 1874 812 ut
1902 767 2081 811 tamen

515 837 653 889 nulla
687 839 822 894 bona
873 842 924 894 in
978 843 1293 901 Alemannis
1323 849 1597 914 spatiatim
1636 850 1856 903 notarit.
1895 848 2083 904 Testa-

515 938 755 983 nmttum
787 931 916 988 illud
946 934 1199 992 Evcrardi
1242 938 1424 994 datum
1482 952 1559 994 est
1588 942 1640 995 itt
1665 942 1920 997 comitatu
1950 940 2084 996 Tar-

510 1019 740 1084 visiano,
769 1036 912 1074 anno
939 1026 1084 1092 regni
1109 1025 1603 1097 LudoviciAngusti
1634 1030 1891 1086 vicesimo
1916 1038 2081 1101 quur-'-

512 1120 596 1174 to;
630 1113 771 1178 quod
801 1112 1014 1169 Miratus
1040 1116 1100 1183 (Ι.
1131 1134 1205 1180 c.,
1252 1129 1288 1172 t.
1325 1120 1363 1181 I.
1401 1136 1454 1187 p.
1489 1122 1570 1187 I9)
1596 1122 1795 1193 aliique
1816 1125 1882 1178 de
1903 1124 2079 1178 Ludo-

514 1203 633 1253 vico
658 1201 753 1255 Pio
780 1219 873 1257 seu
907 1222 1045 1259 anno
1070 1207 1173 1263 337
1201 1211 1490 1279 accipiunt.
1521 1211 1655 1268 Cum
1698 1229 1825 1269 vero
1850 1215 2080 1270 Luiovi-
2118 1258 2121 1259 ν

507 1307 601 1344 (ους
657 1295 742 1348 lic
794 1297 1027 1365 primum
1083 1301 1508 1358 an.8l91udith
1534 1305 1761 1359 alteram
1794 1307 2077 1379 conjugent

504 1382 740 1445 duxerit,
772 1396 999 1441 matrem
1041 1388 1257 1455 Giseltc.
1291 1394 1406 1447 luce
1437 1393 1548 1460 jam
1580 1411 1722 1450 anno
1742 1390 1844 1452 837
1870 1400 1955 1453 vix
1978 1400 2075 1455 de-

505 1487 776 1545 spttttsalzt,
827 1482 1024 1537 nedum
1078 1496 1254 1539 mater
1285 1498 1361 1541 tot
1386 1489 1681 1545 liberorum
1730 1509 1852 1549 esse
1881 1497 2073 1564 potuit,

505 1577 631 1633 (μοι
658 1567 709 1619 in
747 1570 913 1624 citato
939 1582 1258 1643 testamento
1287 1592 1598 1635 occurrunt.
1638 1583 1859 1652 Spectat
1895 1588 1944 1640 id
1973 1588 2075 1658 igi-

504 1670 591 1711 tur
620 1661 686 1712 ad
728 1679 923 1717 :mnunt
949 1668 1264 1724 vicesimum
1292 1683 1540 1740 tptartum
1566 1677 1821 1732 Ludovici
1853 1680 1892 1733 II
1917 1681 2069 1747 imp,

501 1763 593 1801 seu
623 1764 712 1802 au.
747 1750 870 1806 867.
898 1754 1017 1821 Qua
1056 1759 1269 1827 quidem
1314 1764 1522 1818 ratione
1571 1769 1876 1820 testamenti
1908 1769 2068 1838 hujus

501 1838 655 1889 tidem
683 1852 873 1894 contra
924 1842 1190 1900 Valesiani
1236 1851 1399 1922 276
1431 1866 1763 1924 caeterosque
1792 1859 2066 1914 vindicant

486 1926 902 1985 Samntarthaui
950 1933 1114 2005 (Gulf.
1164 1937 1360 1994 Christ.
1398 1951 1434 1997 ι.
1471 1944 1553 2004 III,
1607 1962 1658 2015 p.
1691 1947 1840 2009 9.85),
1872 1950 2068 2018 quibus

498 2019 603 2070 add
624 2020 773 2073 vadus
826 2022 1152 2081 Maratoritzs
1192 2029 1407 2098 (Srript.
1464 2033 1592 2088 Ital.
1638 2046 1674 2089 t.
1716 2038 1775 2096 Il.
1820 2054 1869 2107 p.
1917 2040 2062 2111 578).

501 2111 696 2163 l'th-m
718 2124 901 2168 autem
929 2132 1017 2171 an.
1050 2120 1173 2183 867,
1201 2123 1289 2177 die
1320 2124 1384 2179 16
1410 2125 1562 2191 Der.,
1597 2144 1705 2197 quo
1740 2127 1940 2184 Cisunii
1965 2148 2062 2187 ceu

496 2215 715 2255 sim-tus
745 2205 939 2261 festivo
970 2211 1073 2264 ritu
1103 2215 1318 2283 colitur,
1356 2219 1406 2272 in
1443 2218 1594 2274 Italia
1631 2222 1830 2278 ohiisse
1854 2226 2066 2280 videtur

499 2294 842 2352 liherhardus
889 2301 989 2355 iste
1035 2318 1218 2359 comes
1269 2322 1362 2362 seu
1412 2309 1542 2373 dux,
1586 2311 1740 2379 Cujus
1778 2330 1971 2383 corpus
1992 2314 2060 2370 ab

497 2387 750 2445 Unroeho
786 2394 895 2448 lilio
922 2411 986 2452 ac
1005 2412 1317 2455 successore
1352 2394 1419 2457 ad
1450 2404 1763 2461 Cisoniense
1792 2418 2057 2463 monaste-

494 2480 631 2533 rium
662 2500 690 2534 a
720 2499 778 2537 se
809 2494 862 2539 ct
896 2502 1059 2543 uxore
1088 2489 1265 2544 Gisela
1300 2490 1578 2548 fuadatnnt
1599 2495 2054 2563 fuittrauslatum,

492 2582 544 2625 nl
609 2578 796 2630 eadem
845 2579 1023 2635 Gisela
1073 2578 1304 2638 testatur
1349 2586 1400 2640 in
1429 2588 1615 2642 charta
1652 2592 1789 2659 apud
1816 2591 2052 2648 Mirauuu

491 2667 552 2731 (t.
597 2665 680 2726 III.
713 2682 765 2732 ῃ.
793 2669 919 2735 389)
940 2687 1027 2727 an.
1058 2671 1181 2727 874.
1215 2673 1369 2729 Unde
1394 2677 1813 2733 forteMauriani
1843 2683 2056 2737 sodales

490 2753 655 2815 (Hist.
685 2756 843 2812 litter.
873 2758 1066 2816 Fruuc.
1095 2772 1134 2815 t.
1161 2762 1224 2830 V,
1254 2781 1304 2832 p.
1334 2765 1460 2833 456)
1487 2779 1533 2822 el
1563 2769 1808 2824 Mahillon
1838 2770 2051 2842 (danai.

488 2845 503 2897 I
556 2862 762 2911 xxxvii,
785 2865 836 2903 tt.
859 2850 945 2917 7i)
978 2853 1178 2910 inducti
1202 2855 1729 2916 ohiIuanf-ietlmrdi
1757 2864 1823 2917 ad
1846 2865 2054 2921 an.87£

486 2936 893 3007 mtisignarunl,
920 2943 1058 2997 haud
1101 2961 1231 3001 sane
1265 2950 1602 3004 attendentes
1624 2954 1687 3005 ad
1715 2954 1876 3010 ali-un
1904 2956 2051 3025 ejus—

483 3024 550 3080 de
573 3045 603 3079 n
658 3027 854 3085 Gisela:
900 3033 1144 3090 chirlatn
1200 3038 1382 3093 datam
1425 3057 1532 3096 xvtt
1584 3043 1699 3097 Kal.
1737 3044 1880 3111 Maii,
1914 3024 2049 3102 indi-

483 3208 612 3268 868,
653 3211 705 3264 in
746 3228 851 3279 qua
875 3230 932 3268 se
953 3214 1065 3281 jam
1096 3219 1313 3274 viduam
1336 3238 1458 3278 esse
1491 3235 1736 3279 testatur.
1777 3229 1852 3284 De
1881 3230 2049 3300 ipsius

481 3298 676 3353 GISt‘IJ'
723 3303 895 3360 obitu
923 3308 996 3362 nil
1037 3311 1171 3365 cerzi
1204 3313 1451 3380 habetur,
1491 3317 1590 3370 nisi
1619 3322 1853 3388 quodex
1884 3298 2047 3391 supra

480 3390 645 3449 ιτξιιιω
683 3389 869 3448 fratris
903 3400 1019 3462 ejus
1068 3399 1246 3458 Caroli
1290 3403 1583 3475 diplomate
1624 3410 1801 3466 adhuc
1826 3427 1917 3467 au.
1941 3389 2049 3470 877

481 3478 533 3530 in
560 3481 696 3534 vivis
721 3481 886 3541 fuisse
901 3499 1131 3545 constet.

549 3594 663 3665 ἐκ.
690 3597 761 3651 Et
791 3600 911 3654 filiis
937 3602 1229 3660 libertini-di
1252 3620 1303 3664 et
1322 3609 1514 3668 Gisclre
1541 3617 1721 3670 senior
1741 3617 2046 3687 Unrorlms,

480 3695 691 3740 mortro
717 3693 872 3755 patri,
908 3693 957 3744 in
979 3692 1333 3761 Forojuliensi
1354 3702 1544 3756 .lucatu
1576 3709 1864 3766 successit:
1891 3710 2044 3775 juxta

476 3774 609 3827 alios
650 3776 763 3844 jam
800 3795 888 3833 an.
920 3783 1022 3837 872
1049 3786 1165 3839 sine
1206 3792 1443 3842 masculo
1486 3792 1699 3849 Iners-de
1737 3797 2046 3865 defunctus,

474 3866 563 3933 qui
604 3881 729 3921 vero
759 3887 820 3923 ex
851 3874 1099 3940 superius
1126 3876 1501 3936 citataGisi‘lm
1527 3885 1716 3937 charta
1750 3887 1927 3941 adhuc
1954 3906 2042 3942 an.

473 3954 577 4009 874
605 3960 803 4013 vixisse
836 3965 1125 4023 evincitur.
1154 3967 1322 4039 llujus
1356 3971 1518 4027 liliatn
1551 3977 2044 4046 sanctimonialem,

473 4044 776 4113 imperatori
799 4054 1163 4124 prapinquum,
1187 4075 1215 4111 a
1246 4056 1557 4117 Luitwardo
1583 4065 1915 4137 Vercellensi‘
1934 4072 2048 4140 epi-
2082 4068 2085 4075 ’

473 4150 638 4203 scopo
665 4147 717 4192 et
746 4140 923 4197 Caroli
954 4145 1133 4201 Crassi
1151 4152 1474 4207 cancellario
1504 4170 1534 4209 e
1563 4161 1892 4214 nimiasterio
1916 4160 2048 4215 fuis-

472 4240 531 4278 se
560 4239 790 4293 raptam.
831 4247 1035 4303 suoque
1077 4241 1255 4306 nepoti
1305 4243 1607 4310 copulatam
1640 4261 2046 4317 conquerantur

471 4319 704 4373 Annales
729 4319 1021 4379 Fuldenses
1046 4328 1112 4381 ad
1140 4344 1228 4382 an.
1252 4330 1374 4387 887.
1406 4332 1781 4403 Berengarius,
1812 4338 2040 4394 ﬁliorum

473 4408 624 4471 alter,
661 4410 942 4479 paternum
990 4411 1243 4473 ducatum
1279 4434 1396 4489 post
1432 4423 1539 4479 fata
1590 4425 1825 4484 Unrochi
1857 4429 2041 4486 fratris

471 4499 551 4549 sui
597 4500 648 4551 in
699 4502 844 4555 Italia
892 4505 1176 4562 obtinuit“:
1203 4511 1358 4580 cujus
1386 4514 1552 4568 etiam
1584 4532 1674 4571 rex
1708 4519 1777 4571 ob
1810 4527 2036 4577 matrem

470 4604 620 4641 suam
651 4606 714 4643 ac
743 4593 985 4664 denique
1004 4596 1302 4666 imperator
1325 4602 1548 4661 eﬂ‘ectus
1576 4617 1677 4662 est.
1706 4610 1754 4663 Is
1780 4611 1830 4664 in
1864 4611 2034 4681 diplo-

471 4690 609 4732 male
640 4685 741 4749 prn‘
790 4688 1393 4748 monasterio‘Farfensi
1422 4711 1514 4750 an.
1551 4697 1656 4752 920
1686 4700 1776 4768 (ou
1803 4702 2035 4768 Caesus,

469 4779 507 4825 t.
532 4771 616 4836 III,
643 4790 695 4840 p.
721 4773 844 4843 670)
866 4777 1117 4834 Carolum
1145 4782 1390 4853 Magnum
1415 4804 1688 4857 proavum,
1720 4803 1775 4847 et
1804 4793 2039 4848 Ludovi-

466 4875 586 4915 cum
612 4864 651 4917 ll
688 4866 840 4935 in:p..
863 4869 955 4938 qui
977 4887 1043 4925 ex
1068 4870 1325 4927 Lethario
1351 4876 1479 4947 imp.
1504 4876 1695 4936 Giselie
1719 4884 1904 4938 matris
1926 4900 2035 4940 suae

467 4950 638 5008 fratre
698 4966 857 5015 natus
909 4970 1050 5019 erat.
1115 4965 1504 5031 consobrinum,
1537 4981 1690 5025 vocat
1721 4972 1775 5025 in
1810 4973 1917 5027 alio
1940 4991 2038 5043 pro

398 5099 413 5109 ,
468 5059 731 5100 monastei
747 5049 797 5101 io
820 5049 1163 5110 Casauriensi
1189 5072 1278 5111 an.
1302 5059 1659 5132 917(Mvtut1'.
1683 5063 1875 5135 Script.
1892 5065 2035 5122 'llal.

468 5150 507 5194 ι.
533 5138 600 5205 Il,
626 5156 677 5210 p.
703 5141 853 5209 415).
885 5144 1220 5217 Rudolplms.
1240 5150 1476 5211 filiorum
1501 5155 1703 5225 junior.
1737 5157 2035 5224 utvidctur,

468 5231 635 5285 ahhas
662 5233 997 5292 Cisonieasis
1027 5240 1368 5297 in'Flandria
1393 5248 1705 5302 monasterii
1741 5265 1772 5303 a
1802 5250 2039 5317 parenti-

465 5318 564 5373 bas
595 5319 801 5378 fitiidati
845 5326 1103 5383 eli‘ectus:
1134 5349 1153 5382 ι
1191 5337 1538 5401 postobitum
1568 5341 1736 5406 patris
1774 5355 1860 5394 res
1886 5342 2032 5406 ipsas

2192 467 2333 522 batis
2372 467 2826 531 calumniabatur,
2875 475 2929 522 ct
2955 466 3024 522 ab
3071 467 3315 523 ecclesia:
3341 467 3746 537 Remensisjure

2189 559 2490 613 conabatur
2540 558 2779 623 auferre,
2813 579 2831 610 ι
2858 569 2918 614 ut
2942 560 3133 615 scribit
3159 559 3321 616 Folco
3360 560 3639 617 Remensis
3662 577 3745 615 ar—

2184 649 2564 718 chiepiscopus
2607 651 2674 704 ad
2724 650 3041 705 Formosum
3086 650 3308 719 Papam,
3350 650 3616 707 referente
3642 653 3748 708 Flo-

2182 734 2388 791 doardo
2411 737 2557 792 Ilist.’
2578 736 2728 792 Rem.
2758 737 2792 791 1.
2818 754 2890 802 Iv,
2914 755 2963 793 c.
3000 739 3026 793 1
3058 740 3327 809 (Biblioth.
3357 738 3476 795 PP.
3514 740 3744 812 Lugduu.

2125 846 2131 855 ι
2182 825 2344 894 277
2378 835 2415 879 t.
2452 823 2610 889 XVII,
2652 842 2706 895 p.
2741 826 2889 895 595).
2924 827 3217 884 Formosus
3262 829 3402 884 sedit
3431 830 3498 884 ab
3532 847 3621 884 aa.
3650 830 3740 886 89l

2179 932 2352 987 usque
2380 918 2505 982 896,
2539 919 2628 989 qui
2669 919 2890 975 Fulconi
2922 936 3243 991 responsum
3275 921 3425 977 dedit
3459 921 3746 982 indictione

2177 1025 2234 1071 ι,
2260 1009 2550 1065 Lamberto
2581 1013 2692 1078 jam
2747 1012 3077 1080 imperatore
3129 1012 3318 1081 (FLon.
3347 1011 3385 1066 ι.
3423 1029 3493 1077 c.,
3525 1028 3646 1083 cap.
3675 1014 3745 1084 ξ),

2178 1100 2321 1167 quod
2373 1115 2577 1154 annum
2618 1100 2722 1156 892
2765 1100 2985 1155 indicat.
3032 1100 3347 1170 Rodnlpbus
3387 1101 3553 1172 igitur
3591 1101 3749 1157 abbas

2178 1189 2366 1243 eodem
2400 1206 2542 1243 mum
2579 1189 2690 1257 jam
2714 1191 2931 1246 obierit.
2976 1191 3207 1247 Dubium
3239 1207 3369 1249 vero
3407 1202 3589 1247 movet
3615 1193 3746 1262 quod

2178 1275 2317 1333 idem
2362 1276 2690 1333 Flmfoardus
2733 1279 2768 1332 Ι.
2816 1295 2868 1334 c.
2917 1280 3196 1350 prmdium,
3237 1281 3291 1335 iu
3336 1296 3445 1351 quo
3481 1281 3748 1336 Evrardus

2176 1365 2420 1418 marcbio
2476 1368 2865 1421 monasterium
2908 1370 3236 1434 construxit,
3280 1380 3393 1439 post
3416 1370 3530 1439 ejus
3556 1371 3745 1424 obitum

2175 1453 2245 1507 ad
2273 1454 2440 1523 [ilium
2467 1457 2629 1527 ipsius
2660 1456 2995 1529 Rodii/phum
3023 1460 3258 1515 abbatem
3280 1462 3619 1516 Ita'redilaria
3633 1461 3748 1530 jura

2176 1543 2459 1602 devenisse
2486 1548 2711 1613 scribat,
2743 1564 2868 1603 cum
2906 1559 3083 1604 tamen
3114 1550 3166 1605 in
3202 1552 3332 1621 ipsis
3358 1551 3554 1606 Evardi
3582 1561 3745 1606 testa-

2175 1637 2340 1705 menti
2376 1637 2571 1692 tabulis
2594 1654 2681 1691 an.
2715 1638 2818 1693 867
2842 1641 3080 1693 exaratis
3102 1640 3272 1695 curtis
3302 1640 3357 1694 in
3385 1640 3608 1696 Cisonio
3633 1656 3747 1694 cum

2174 1723 2336 1779 rebus
2371 1726 2611 1794 ejusdem
2664 1729 2910 1783 ecclesia:
2947 1744 3040 1781 seu
3069 1714 3385 1784 monasterii
3417 1745 3522 1783 non
3550 1727 3750 1782 Rodul-

2167 1812 2297 1878 pho,
2328 1816 2419 1868 sed
2449 1813 2603 1871 fratri
2634 1816 2753 1885 ejus
2780 1817 3052 1871 Adalardo
3095 1818 3512 1874 transcribatnr.
3538 1818 3597 1873 Si
3625 1832 3746 1888 ergo

2168 1900 2484 1971 ltodnlphus
2540 1921 2634 1961 eas
2656 1906 2782 1976 jure
2811 1908 3148 1963 Iiwreditario
3177 1910 3407 1980 accepit,
3442 1909 3749 1965 Adalardus

2167 2000 2261 2041 aut
2290 1990 2498 2046 interea
2544 1994 2769 2059 obitsse.
2821 2007 2913 2050 aut
2938 1998 3309 2052 luereditarias
3334 2013 3462 2053 suas
3484 1999 3537 2052 in
3562 1998 3745 2070 Belgio

2164 2086 2534 2157 possessiones
2581 2088 2756 2143 eidem
2806 2090 2961 2145 fratri
3014 2107 3113 2146 suo
3154 2092 3297 2146 ultro
3317 2093 3635 2161 permisisse
3665 2093 3743 2145 di-

2163 2177 2368 2231 cendus
2413 2189 2514 2232 est.
2548 2180 2873 2233 Adalardum
2906 2181 3104 2237 Cisonii
3155 2184 3424 2238 seniorem
3448 2198 3543 2237 seu
3570 2182 3747 2238 domi-

2162 2281 2289 2320 num
2324 2269 2579 2337 appellari
2629 2271 2679 2324 in
2718 2272 2975 2342 \Valgarii
3005 2276 3197 2329 charta
3245 2274 3554 2329 donationis
3596 2276 3740 2330 circa

2163 2372 2254 2412 an.
2295 2359 2399 2414 868
2430 2376 2550 2415 lttux
2585 2377 2745 2431 supra
2768 2364 3032 2429 vidimus;
3068 2366 3538 2435 occurritquoque
3560 2366 3741 2421 adhuc

2160 2462 2248 2499 an.
2279 2446 2382 2502 874
2416 2450 2468 2503 in
2500 2450 2689 2504 charta
2713 2452 2907 2509 Gisela:
2933 2455 3159 2520 matris;
3197 2467 3379 2525 postea
3409 2470 3541 2510 vero
3570 2455 3740 2510 altum

2159 2536 2226 2590 de
2248 2554 2313 2591 eo
2338 2537 2631 2600 silentium.
2683 2557 2783 2597 nec
2809 2542 2875 2597 de
2900 2543 3249 2599 ulterioribus
3286 2542 3402 2613 ejus
3429 2543 3557 2599 fatis
3579 2545 3740 2612 quid-

2158 2641 2319 2695 quam
2375 2640 2610 2683 constat.
2639 2630 2799 2687 Certe
2831 2634 2883 2687 in
2918 2633 3098 2705 Belgio
3143 2635 3281 2689 haud
3304 2635 3536 2705 amplius
3556 2649 3739 2690 mora.

2156 2718 2339 2786 ba:ur,
2391 2737 2497 2790 quo
2549 2732 2792 2794 tempore
2841 2724 3009 2780 frater
3051 2726 3167 2795 cjus
3213 2727 3529 2796 Rodulphus
3566 2726 3739 2781 abbas

2156 2814 2309 2873 obiit.
2340 2832 2461 2870 cum
2496 2817 2732 2886 alioquin
2769 2821 2971 2874 sororis
2993 2819 3108 2886 ejus
3161 2821 3388 2875 maritus
3417 2819 3623 2874 nullum
3648 2820 3738 2889 jus

2156 2901 2210 2958 in
2232 2895 2508 2959 Cisonium
2560 2906 2894 2974 praetendere
2942 2908 3223 2977 potuisset.
3253 2906 3402 2964 Unde
3431 2909 3475 2964 si
3505 2910 3735 2963 necdum

2155 2992 2387 3052 obierat.
2413 2993 2538 3048 alibi
2573 3004 2841 3051 terrarum
2865 2996 3080 3051 interim
3109 2997 3291 3052 sedem
3319 2997 3502 3051 ﬁxisse
3527 2997 3735 3058 dehuit,

484 3081 704 3172 mione"
731 3081 1144 3180 ’ςῶξιοᾮξιὲ-’ῐ
1915 3081 2049 3102 ¹¹¹¹¹¹⁶
2080 3113 2121 3166 (τ
2156 3081 2245 3136 ubi
2272 3084 2497 3137 collatas
2518 3084 2618 3138 sibi
2643 3086 2711 3140 ab
2733 3085 2854 3141 aliis
2882 3088 3269 3157 possessiones,
3292 3102 3397 3140 non
3418 3085 3741 3141 haereditate

716 3161 730 3180 .
759 3157 772 3173 .
1139 3140 1368 3196 rgnaute
1399 3130 1590 3186 Carolo
1632 3152 1774 3196 rege.
1811 3154 1926 3192 sive.
1956 3156 2044 3193 an.
2100 3161 2110 3172 -
2155 3174 2410 3196 -....--2-:._
2493 3174 2726 3196 μιηι..-

1672 3175 1774 3205 εδι,
1813 3175 1926 3192 ΨΙῚΚ·
1956 3175 2044 3193 IIIII

2154 3174 2467 3242 acquisitas,
2492 3174 2744 3230 habebat.

2206 3256 2251 3336 ’5
2283 3264 2369 3321 ΧΞ.
2407 3267 2481 3321 Ex
2514 3269 2596 3321 his
2624 3282 2826 3332 autem,
2872 3274 3034 3324 statui
3055 3277 3109 3323 et
3130 3268 3307 3339 aliqua
3336 3268 3526 3323 saltem
3555 3266 3735 3324 afﬁni-

2151 3364 2259 3407 tate
2297 3356 2530 3410 nominis
2575 3358 2808 3412 Adalard
2849 3374 2973 3416 eum
3012 3359 3263 3414 Adalrich
3301 3373 3392 3414 seu
3436 3357 3732 3425 Udalrtch,

2152 3444 2385 3511 suspirio
2413 3446 2553 3498 haud
2591 3445 2724 3501 levis
2756 3450 2934 3502 oritur
2961 3447 3270 3503 Udalrienm
3289 3448 3475 3517 _hunc,
3499 3448 3732 3517 Brigan-

2154 3534 2388 3586 tinnrnm
2422 3536 2678 3588 comitum
2705 3548 2962 3603 satorem,
3000 3538 3173 3608 ipsum
3198 3536 3335 3591 forte
3363 3552 3484 3592 esse
3505 3538 3734 3591 Adalar-

2150 3624 2295 3678 tltttll.
2333 3623 2629 3678 Ebcritartli
2680 3626 3065 3697 For-ejulieusis
3113 3629 3264 3683 ducis
3290 3638 3347 3682 et
3385 3628 3731 3683 Cisoniensis

2149 3711 2201 3765 in
2223 3713 2466 3766 Flandria
2489 3717 2701 3769 comitis
2719 3718 2909 3783 lllimn,
2935 3718 3184 3773 Ludovici
3206 3717 3513 3773 Germanici
3542 3734 3729 3774 verum

2149 3802 2250 3859 hac
2269 3807 2473 3859 ra:io::e
2493 3820 2557 3860 cx
2577 3823 2765 3861 sorore
2786 3820 3052 3878 nepotem.
3081 3810 3188 3865 Nec
3213 3810 3370 3863 etiam
3397 3810 3733 3878 implicaret,

2148 3898 2190 3950 si
2248 3900 2493 3966 quintum
2557 3902 2734 3956 adhuc
2785 3903 2949 3956 lilium
3006 3902 3313 3959 Udalrieum
3364 3903 3727 3958 tribueremus

2146 3986 2479 4052 Eherhardo,
2512 3994 2757 4057 quamvis
2783 3993 2899 4060 ejus
2930 3993 2980 4047 in
3006 3993 3185 4046 citatis
3208 3994 3482 4061 hucusque
3513 3993 3733 4048 chartis

2147 4077 2287 4131 nulla
2322 4081 2620 4147 reperiatur
2642 4083 2865 4136 intentio.
2891 4083 3019 4149 Qua:
3046 4084 3207 4138 etiam
3237 4084 3545 4139 necessaria
3577 4085 3730 4138 haud

2143 4175 2279 4228 erat,
2309 4184 2428 4222 cum
2454 4168 2565 4237 jam
2598 4186 2689 4223 an.
2720 4170 2822 4239 867
2846 4182 3134 4241 antequam
3181 4171 3285 4226 illae
3311 4171 3726 4243 conscriberem

2146 4265 2251 4312 tur.
2277 4260 2495 4326 proprio
2522 4261 2783 4313 comitatu
2807 4262 3137 4330 Argengewe
3159 4260 3384 4329 aliisque
3410 4261 3632 4331 prardiis
3664 4261 3716 4315 in

2143 4346 2457 4421 Alcmannia
2505 4349 2572 4403 ab
2600 4351 2864 4406 avunrelo
2911 4354 3140 4409 thlIaItIS
3179 4353 3399 4417 fuisset,
3439 4369 3541 4409 nec
3584 4356 3725 4409 adeo

2070 4474 2116 4531 υ
2142 4424 2277 4505 opus
2305 4438 2537 4492 habebat
2567 4451 2626 4495 ut
2654 4443 2719 4496 de
2756 4444 2998 4512 paternis
3035 4459 3129 4498 seu
3162 4444 3424 4498 maternis
3451 4444 3503 4497 in
3536 4444 3727 4514 Belgio

2142 4528 2295 4584 bonis
2322 4531 2694 4600 participaret,
2728 4532 2868 4588 unde
2897 4545 2951 4588 ct
2976 4534 3092 4604 ejus
3113 4549 3209 4588 ceu
3239 4534 3437 4589 dudum
3457 4534 3577 4604 jam
3619 4536 3714 4590 ab-

2138 4622 2308 4677 sentis
2338 4638 2534 4678 nomen
2562 4624 2720 4678 dictis
2756 4625 2951 4679 tabulis
2974 4626 3171 4681 frustra
3209 4626 3400 4681 fuisset
3430 4626 3711 4680 inscrtum.

2137 4711 2266 4775 Qua:
2302 4712 2518 4778 quidem
2555 4711 2744 4766 ultima
2785 4713 3093 4782 conjectura
3136 4714 3502 4769 vcrosimilior
3545 4714 3710 4769 videri

2136 4808 2334 4870 posset.
2372 4798 2499 4855 Iitut
2526 4815 2657 4856 vero
2701 4801 2805 4866 sit,
2837 4802 3089 4856 Chronici
3129 4804 3300 4857 nostri
3346 4803 3712 4860 narrationem

2136 4889 2446 4958 singillatim
2479 4889 2593 4957 jam
2638 4890 3090 4945 examinabimus.
3142 4908 3161 4941 ι
3216 4888 3272 4944 Iu
3310 4889 3485 4947 Gallia
3548 4904 3711 4962 quam

2134 4978 2393 5046 Togatam
2422 4980 2657 5035 diximus
2680 4981 3071 5051 cognominari,
3101 4990 3219 5036 erat
3240 4982 3460 5051 quidam
3493 4984 3578 5038 vir
3615 4996 3712 5039 no-

2134 5069 2396 5124 bilissitno
2431 5072 2595 5142 278
2611 5068 2810 5141 genere
2828 5072 3130 5127 decoratus.
3155 5092 3174 5124 ι
3201 5071 3319 5127 Iam
3346 5075 3707 5141 ostendimus,

2132 5160 2361 5216 Calliam
2396 5161 2647 5231 Togatam
2672 5178 2701 5216 a
2732 5164 2997 5233 scriptore
3022 5178 3143 5219 cum
3165 5163 3388 5219 Camena
3414 5165 3704 5233 confundi;

2134 5251 2277 5305 uade
2301 5252 2410 5316 hic,
2459 5249 2671 5321 Tegeae
2699 5252 2937 5316 nomine,
2968 5251 3211 5316 Cannam,
3248 5268 3345 5308 seu
3385 5252 3601 5324 Belgica
3628 5256 3706 5309 in-

2133 5339 2419 5406 telligenda
2443 5341 2613 5406 venit,
2644 5341 2697 5394 in
2728 5354 2830 5406 qua
2851 5339 3054 5395 Cisonii
3086 5356 3271 5397 comes
3295 5339 3420 5399 erat
3442 5344 3709 5399 Eberhar-
