3970 5406
181 390 209 418 Ω

185 407 283 441 2..)

1012 326 1418 428 .CllRONlCON
1461 361 2088 422 Pli'fERSlllISANL‘M.
2131 391 2194 399 —
2229 357 2590 413 l‘llOOElllA.

3327 334 3440 410 eis

182 513 336 568 quem
364 494 546 550 nullus
572 489 727 546 simul
761 488 1097 542 Francorum
1129 473 1349 555 regnum
1385 491 1441 536 et
1467 478 1754 549 imperium
1793 479 1838 536 Α
1867 473 2034 528 edixit
2067 488 2080 524 :
2131 489 2148 520 ι
2188 470 2292 524 illis
2331 469 2662 527 hominibus,
2693 467 2783 535 qui
2821 475 3012 520 crmtra
3060 483 3144 520 me
3176 466 3441 534 fecerunt,

183 591 484 644 liouianum
515 581 866 650 tennit,cnjus
893 595 1046 632 soror
1077 578 1238 631 fuerit
1267 577 1318 629 iu
1353 572 1758 627 matrimonium

179 681 321 732 data.
352 676 537 731 Caroli
585 674 724 726 enim
770 670 949 723 (Irassi
997 671 1170 721 ambat
1219 680 1437 721 sorores
1468 664 1759 717 abbatissa:

178 770 504 824 Turicenscs
528 774 700 818 erant.
724 762 951 815 Perinde
978 772 1156 813 autem
1179 769 1283 820 est,
1312 756 1424 809 sive
1455 755 1760 808 Ludovicus

180 861 299 915 Pius
335 858 529 922 filiam,
556 857 669 910 sive
709 853 926 908 Carolus
948 851 1142 906 Calvus
1163 864 1404 904 sororem
1439 846 1626 914 nuptui
1658 846 1760 899 elo-

177 966 326 1007 casse
370 951 626 1003 dicatur:
662 967 679 997 ι
717 961 781 1000 ex
812 961 916 1014 qua
964 945 1097 996 duos
1141 940 1323 1010 genuit
1374 938 1534 998 filios,
1575 956 1592 986 ι
1630 945 1760 1005 quot

181 1057 373 1111 neiupe
425 1041 482 1094 in
530 1037 901 1093 Alemanniam
938 1043 1218 1096 venerant,
1253 1031 1442 1099 reliqui
1471 1031 1612 1083 enim
1660 1045 1758 1082 ceu

184 1133 390 1202 largius
420 1131 602 1185 dissiti
637 1128 688 1182 in
720 1127 803 1181 his
841 1126 1086 1197 partibus
1134 1122 1382 1193 scriptori
1432 1121 1574 1176 haud
1605 1120 1757 1173 inuo~

182 1231 421 1278 luerunt.
542 1207 549 1220 ’

243 1314 373 1379 Quze
402 1327 535 1366 vero
569 1308 822 1376 deinceps
874 1305 941 1360 de
978 1304 1119 1372 regis
1163 1303 1496 1356 Francorum
1544 1299 1690 1353 cmde
1721 1313 1751 1351 a

179 1405 379 1458 duobus
409 1402 503 1456 his
537 1400 796 1454 fratribus
830 1407 1040 1468 patrata
1067 1404 1379 1456 narrantur,
1409 1393 1578 1468 totius
1602 1389 1760 1456 hujus

182 1494 356 1549 δωριῆί
392 1491 645 1546 historim
684 1500 1003 1557 repugnant,
1040 1504 1125 1552 ac,
1172 1487 1215 1540 si
1254 1485 1362 1536 veri
1401 1483 1634 1551 speciem
1665 1481 1759 1534 ha-

178 1587 298 1638 here
326 1584 583 1645 debeant,
641 1581 852 1634 nonnisi
885 1581 950 1632 de
999 1589 1140 1630 muta
1177 1577 1407 1644 quadam
1461 1573 1758 1627 rebellione

181 1692 267 1730 seu
299 1674 613 1728 defectione
666 1691 692 1724 a
719 1688 816 1724 suo
859 1683 992 1739 rege
1032 1669 1226 1723 Carolo
1259 1667 1424 1721 Calvo
1456 1667 1626 1732 accipi
1663 1666 1759 1716 de«

181 1767 320 1827 hem,
354 1764 573 1834 qualem
605 1764 777 1816 altera
825 1778 1037 1831 quoque
1083 1757 1130 1827 ej
1157 1761 1322 1813 isdem
1368 1773 1526 1812 soror
1574 1756 1654 1809 llil
1680 1759 1756 1808 Ic-

1863 565 2000 616 sicut
2038 561 2213 620 scitis,
2243 569 2291 611 ct
2327 559 2392 610 ad
2439 573 2614 610 meum
2661 557 2882 609 fratrem
2908 567 3236 610 venerunt...
3275 569 3442 613 totum

1864 653 2128 725 perdono.
2164 649 2304 720 quod
2341 660 2530 702 contra
2583 664 2668 700 me
2721 647 3091 720 misfeccrunl,
3141 660 3195 701 et
3227 649 3441 704 illorum

1861 746 2064 798 alludes
2109 743 2350 815 [allolia,
2389 757 2482 796 seu
2539 739 2760 810 [media]
2806 741 2871 793 de
2909 742 3256 802 hmreditate,
3289 754 3338 796 ct
3377 743 3445 797 de

1862 838 2194 904 conquisitu.
2245 845 2298 887 ct
2340 849 2459 902 qua:
2509 834 2575 885 de
2626 833 2917 884 donatione
2963 834 3130 885 nostri
3189 823 3446 887 Seuioris

1863 929 2076 981 scilicet
2103 927 2291 996 patris,
2318 941 2409 978 seu
2442 923 2697 977 Ludovici
2731 923 2828 983 Pii,
2866 921 3193 984 habuerunt,
3218 935 3444 990 excepto

1863 1019 1977 1082 illo,
2020 1019 2164 1087 quod
2195 1018 2260 1071 de
2294 1032 2411 1069 nica
2454 1014 2744 1067 donatione
2776 1023 2942 1073 velut,
2975 1013 3078 1064 illis
3110 1017 3368 1074 concedo,
3402 1015 3444 1066 si

1864 1108 1996 1162 mihi
2031 1107 2344 1160 firmitatem
2375 1104 2627 1169 fecerint,
2659 1103 2800 1172 quod
2827 1104 2877 1154 in
2910 1117 3072 1170 regno
3097 1119 3212 1154 meo
3238 1103 3446 1170 ptt'iflt'i

1861 1203 1990 1264 sint,
2031 1221 2047 1251 ι
2080 1201 2153 1252 ιιιί
2188 1200 2379 1268 legitur
2406 1198 2545 1266 apud
2575 1197 2848 1249 Baluzium
2883 1193 3080 1263 (Cupit.
3114 1211 3216 1263 reg.
3246 1191 3446 1246 Frrmc.

1862 1299 1898 1343 t.
1926 1290 1986 1351 ll,
2021 1306 2074 1358 p.
2111 1288 2255 1355 Nl),
2289 1303 2351 1340 ac
2395 1303 2515 1339 cum
2562 1286 2664 1338 illis
2689 1286 2928 1353 apprime
2957 1294 3290 1348 congruunt.
3326 1301 3445 1350 qua:

1861 1380 2045 1437 Giscla
2095 1380 2211 1447 ejus
2241 1394 2398 1430 soror
2431 1378 2482 1429 in
2516 1393 2675 1444 supra
2705 1376 2885 1428 citatis
2917 1376 3124 1428 chartis
3156 1376 3220 1427 dc
3251 1375 3448 1428 ablatis

1863 1484 2190 1536 rursumque
2215 1468 2318 1522 sibi
2354 1467 2617 1520 restitutis
2644 1484 2672 1519 ει
2701 1466 2894 1520 Carolo
2925 1467 3089 1518 fratre
3115 1466 3271 1518 rebus
3295 1481 3448 1517 eom-

1863 1573 2148 1618 memorat.

1933 1654 2138 1706 tlmicla
2173 1653 2309 1709 lucc.
2359 1652 2434 1703 uti
2484 1652 2637 1703 nobis
2687 1649 2875 1701 saltem
2914 1649 3146 1709 videtur,
3201 1648 3450 1702 snﬂirerc

1863 1755 2085 1814 possunt
2135 1746 2200 1798 ad
2251 1746 2629 1797 vindicandam
2703 1743 2985 1811 scriptoris
3041 1743 3210 1794 nostri
3269 1743 3450 1801 Iidem,

181 1858 349 1927 gardis
377 1854 566 1908 comiti
605 1853 941 1907 'I‘hemlorieo
974 1864 1132 1918 nupta
1173 1850 1283 1917 jam
1317 1866 1410 1904 an.
1437 1846 1539 1900 312
1569 1857 1756 1898 contra
1795 1825 1836 1880 Β
1868 1836 1912 1886 si
1943 1853 2106 1887 unum
2161 1835 2320 1887 modo
2373 1835 2681 1900 regicidium
2736 1834 3008 1891 dematur,
3065 1848 3126 1885 ac
3179 1844 3449 1883 enanmota

184 1947 343 2016 ipsum
378 1946 567 1999 Illullla
597 1953 702 2004 est.
735 1946 808 1996 uti
843 1943 1090 2008 superius
1127 1942 1380 1993 diximus.
1416 1940 1554 2004 Quid
1597 1939 1762 2005 igitur

184 2037 391 2092 mirum.
423 2035 469 2088 si
519 2045 573 2086 et
604 2050 761 2086 soi-cr
791 2034 934 2086 illius
960 2048 1024 2084 ac
1075 2040 1296 2098 nepotes
1341 2030 1444 2080 tale
1473 2029 1600 2098 qui.l
1645 2027 1759 2080 ausi

182 2125 407 2178 fuerint?
440 2124 552 2179 Nec
585 2142 714 2177 vero
746 2125 876 2178 solis
912 2121 1240 2186 coujecturis
1266 2121 1352 2173 hic
1385 2121 1618 2181 utiumr;
1647 2119 1759 2184 ipsa

184 2234 404 2283 namque
433 2217 476 2271 ϐ
507 2217 619 2268 sela
653 2215 729 2268 l'lh
753 2216 950 2267 -t‘h::r.li
985 2229 1121 2264 uxor
1153 2228 1264 2264 rem
1295 2215 1346 2262 iu
1381 2212 1591 2262 duabus
1627 2211 1762 2262 cita-

183 2308 244 2360 tis
270 2307 476 2360 cuattis
502 2310 570 2358 de
609 2323 700 2357 an.
739 2305 841 2358 808
894 2314 947 2355 ct
994 2303 1099 2357 870
1146 2305 1281 2353 satis
1327 2310 1510 2368 aperte
1556 2299 1759 2368 prodit,

183 2397 300 2448 dum
332 2412 415 2447 res
445 2413 475 2447 a
506 2397 725 2448 seniore
768 2410 867 2446 suo
909 2409 1000 2446 seu
1038 2392 1234 2444 mari'o
1262 2390 1498 2442 livrardo
1525 2390 1764 2458 perditas

185 2495 233 2538 et
267 2485 316 2537 ia
347 2485 491 2554 regis
515 2484 814 2536 dominium
847 2483 1090 2536 redactas
1144 2481 1244 2533 sibi
1284 2483 1461 2532 denuo
1489 2497 1517 2532 a
1567 2479 1763 2531 (lat-nlo

181 2573 354 2634 Calvo,
410 2575 690 2628 Germano
736 2590 853 2629 suo.
915 2573 1192 2624 restitutas
1248 2571 1562 2638 profitetur;
1621 2570 1762 2638 quod

180 2664 413 2734 profecto
466 2663 688 2732 aliquod
738 2663 916 2716 mariti
978 2663 1063 2716 sui
1106 2676 1198 2714 aut
1256 2663 1489 2714 fillttl‘lllll
1535 2649 1760 2713 suorum

183 2756 362 2808 sabem
409 2757 623 2808 crimen
674 2771 768 2807 seu
816 2754 1066 2806 felltttiattt
1098 2753 1339 2805 iudicare
1366 2754 1596 2805 videtur.
1634 2751 1765 2804 For-

185 2848 330 2900 tassis
359 2846 408 2898 hi
462 2845 566 2915 ipsi
597 2845 705 2897 dtto
736 2845 930 2898 fratres
974 2846 1113 2898 inter
1168 2844 1284 2898 illos
1324 2860 1540 2913 quoilue
1586 2843 1762 2898 Caroli

183 2949 422 3002 proceres
453 2937 911 2995 numerabantur,
945 2937 1032 3002 qui
1077 2934 1166 2987 diu
1204 2933 1314 3000 jam
1363 2935 1452 2986 illu
1481 2953 1509 2985 ιι
1544 2935 1762 3003 pertasi

183 3037 261 3076 an.
295 3023 396 3078 858
425 3024 657 3078 solemni
691 3024 961 3092 legatione
998 3023 1254 3075 Ludovici
1287 3024 1595 3077 Gcrznauim
1627 3027 1768 3092 regis

1864 1939 2052 1981 contra
2082 1944 2258 1995 regem
2288 1927 2508 1979 rel-elho
2537 1925 2916 1978 sulrstituatur.
2955 1923 3132 1976 Facile.
3162 1923 3360 1990 quippe
3393 1923 3444 1974 in

1868 2035 1992 2071 veru
2042 2019 2313 2070 discessus
2373 2003 2586 2068 illorum
2643 2016 2870 2067 fratrum
2921 2030 3080 2065 causa
3128 2013 3453 2081 assiguanda

1865 2109 2036 2175 decipi
2072 2110 2244 2176 potuit
2278 2109 2534 2176 scriptor,
2573 2107 2704 2174 quin
2733 2115 2922 2156 tamen
2968 2104 3188 2156 fictilies
3212 2106 3276 2154 sit
3313 2105 3454 2170 ipso.

1868 2219 1985 2254 rutu
2014 2202 2064 2253 iu
2103 2201 2474 2254 Alemauuiam
2509 2203 2792 2258 adventus,
2819 2197 3051 2263 huicquc
3077 2203 3446 2260 supct'strueta

1865 2291 2200 2360 genealogia,
2235 2303 2290 2340 ut
2315 2290 2532 2358 quidem
2572 2289 2680 2338 vnll
2720 2286 3024 2338 Tertzelins.
3070 2286 3314 2338 Aldttrla
3349 2283 3456 2335 sal-

1869 2391 1973 2433 tem
2025 2382 2304 2449 hueusqne
2350 2389 2669 2448 argumenta
2721 2389 3010 2445 utrumque
3050 2377 3093 2428 si
3141 2393 3245 2429 llttll
3295 2386 3447 2428 extra

1866 2473 2083 2526 dubium
2112 2482 2337 2542 ponunt,
2370 2470 2578 2524 fabulas
2615 2481 2790 2522 tamen
2821 2486 2924 2520 nou
2951 2469 3181 2535 sapiunt.
3208 2484 3459 2519 cursant-

1865 2585 1970 2637 que
2007 2568 2163 2622 simul
2203 2568 2476 2621 declarant
2516 2581 2612 2620 cur
2652 2566 2812 2619 ambo
2867 2565 3061 2618 fratres
3097 2566 3148 2618 in
3196 2566 3449 2617 Alcman-

1874 2666 2015 2718 niam
2047 2667 2381 2726 devenerint,
2409 2680 2470 2718 ac.
2494 2673 2702 2733 tempus
2737 2679 2844 2731 quo
2873 2663 2922 2714 iu
2963 2663 3190 2731 patriam
3217 2671 3450 2728 uterque

1868 2759 1936 2811 sit.
1973 2771 2274 2813 revocatus.
2313 2758 2596 2825 impetrata
2630 2771 2822 2821 nempe
2847 2771 2873 2805 a
2901 2754 3096 2807 Caroio
3127 2753 3292 2806 (Zalvo
3327 2768 3459 2818 rege

1869 2850 2122 2900 alniissa:
2175 2848 2484 2900 rebellionis
2537 2847 2712 2901 venia.
2748 2846 3074 2897 conciliante
3107 2844 3451 2909 potiSsimum

1868 2957 2055 2994 eorum
2094 2950 2244 3007 patre
2291 2938 2623 2998 liherhardo,
2676 2936 2766 3003 qui
2821 2935 2964 2986 inter
3009 2933 3250 2998 ejusdem
3306 2931 3456 2998 paris

1873 3041 2039 3085 testes
2079 3039 2297 3082 notatur
2325 3027 2467 3097 apud
2522 3027 2822 3079 liccardum
2863 3023 3084 3094 (Frauc.
3142 3020 3238 3075 0r.
3296 3031 3334 3073 t.
3385 3019 3448 3083 ll,

185 3114 429 3166 aux-ilimn
461 3125 655 3167 contra
703 3113 880 3167 Caroli
931 3114 1072 3182 regis
1099 3117 1180 3166 sui
1217 3114 1552 3182 tyraimidem
1587 3128 1768 3181 postu-
1799 3147 1837 3193 Α
1871 3141 1922 3193 ρ,
1957 3123 2063 3176 476
2090 3124 2253 3187 seq),

186 3201 370 3267 larunt,
397 3203 603 3272 illoque.
630 3219 750 3256 eum
798 3203 1037 3256 exercitu
1088 3189 1378 3258 iniGallias
1425 3207 1764 3270 adveniente,
1795 3175 1839 3234 Ω

187 3293 388 3347 deserto
405 3293 629 3355 Carolo,
658 3295 724 3346 ad
755 3295 925 3362 ipsqu
951 3297 1302 3353 transierunt.
1336 3297 1410 3346 uti
1435 3297 1498 3346 ad
1520 3299 1765 3348 eumdem

188 3400 375 3438 annum
453 3386 705 3440 referunt
775 3385 1013 3440 Annales
1067 3385 1381 3438 Fuldeuses.
1433 3387 1771 3441 Conveniunt

189 3476 289 3530 lia-c
313 3478 395 3539 iis,
440 3492 569 3546 qum
608 3479 767 3530 habet
810 3477 955 3531 Ebro
981 3479 1142 3540 .icou,
1186 3478 1255 3545 (Ι.
1291 3494 1330 3539 ι,
1361 3494 1413 3530 ιι.
1449 3477 1526 3545 5,)
1560 3479 1770 3532 venisse

187 3583 294 3623 cum
337 3570 440 3623 illis
470 3571 623 3623 viros
657 3568 1049 3632 nobilissimos,
1091 3569 1289 3637 quibus
1338 3569 1434 3637 ipsi
1467 3570 1665 3637 przedia
1703 3572 1770 3623 ab

189 3663 428 3717 avunculo
465 3681 571 3716 suo
613 3664 664 3716 iu
705 3664 747 3716 Α
769 3677 856 3718 em
878 3665 1019 3715 inuia
1045 3664 1145 3716 s-|.i
1174 3663 1368 3716 dottata
1403 3665 1597 3715 fuerant
1631 3663 1771 3716 elar-

189 3753 289 3822 εἰει.
311 3754 653 3808 Avuucolam
681 3755 817 3807 hunc
849 3755 898 3806 al
925 3770 1011 3806 um
1046 3755 1187 3807 haud
1245 3753 1410 3808 fuisse
1459 3770 1621 3822 quam
1663 3753 1767 3807 Lu-

190 3843 421 3896 dovicum
459 3844 887 3904 Germanicum,
919 3845 1002 3895 eui
1037 3843 1352 3896 Alemaunia
1383 3845 1627 3914 parebat,
1657 3859 1767 3911 jam

194 3933 240 3987 in
273 3937 646 4005 superiorius
681 3937 1047 4003 probavimus.

254 4027 378 4095 Qua:
422 4045 556 4082 Vt‘t'o
601 4029 883 4097 hucusque
931 4029 1190 4090 diximus,
1237 4028 1550 4083 confirmari
1592 4044 1656 4081 ex
1705 4044 1770 4082 eo

199 4134 396 4190 quoque
443 4121 722 4179 videntur,
757 4120 895 4188 qnol
925 4117 1078 4186 juxta
1105 4121 1322 4174 eosdem
1370 4121 1609 4176 Annales
1643 4121 1769 4175 Fol-

199 4212 476 4266 denscsau.
505 4212 637 4270 838.
665 4211 1009 4266 Ehcrhardus
1031 4228 1234 4276 eomes,
1263 4214 1401 4267 hard
1426 4214 1772 4285 dubie

199 4302 592 4367 Foroﬁtliensis,
647 4318 1026 4368 genuauornut
1079 4303 1270 4356 horum
1301 4306 1545 4358 exsulum
1597 4317 1766 4373 pater,

203 4396 380 4448 tuisms
427 4395 686 4448 Ludovici
730 4394 768 4448 11
831 4395 961 4461 imp.
1013 4412 1076 4448 ex
1127 4395 1275 4448 Italia
1319 4397 1385 4448 ad
1439 4395 1766 4449 Ludovicum

1952 3213 1980 3286 ς
2010 3214 2122 3267 ΧΙΙ.
2155 3213 2341 3266 Altero
2371 3213 2536 3279 igitur
2581 3213 2830 3272 fratrum,
2859 3209 3104 3277 quisquis
3136 3207 3225 3260 ille
3272 3205 3454 3269 fuerit,

1872 3309 2006 3362 facta
2041 3321 2172 3375 pao'e
2213 3307 2262 3357 in
2293 3306 2519 3372 patriam
2560 3319 2802 3363 reverso,
2850 3304 3002 3355 solus
3046 3302 3098 3353 in
3140 3298 3454 3354 Alemauuia

1873 3397 2156 3453 Udalriens
2187 3397 2465 3455 remansit,
2489 3393 2730 3447 omnium
2755 3393 2865 3461 jam
2904 3391 3117 3458 utrique
3160 3404 3449 3456 germano—

1874 3509 1990 3545 rum
2039 3491 2204 3560 280
2243 3499 2399 3541 antea
2438 3489 2499 3540 ali
2553 3485 2819 3539 avunculo
2868 3485 3188 3536 donatornm
3235 3481 3285 3533 in
3333 3480 3458 3533 Ale-

1873 3599 1922 3634 ut
1947 3583 2088 3632 Iunia
2121 3580 2442 3648 praediorum
2473 3591 2772 3646 possessor.
2804 3574 3005 3627 Saltem
3030 3572 3143 3640 jam
3194 3587 3283 3623 an.
3327 3570 3454 3634 807,

1873 3686 1968 3724 (eu
2026 3681 2269 3737 tempore
2322 3669 2617 3721 narrationi
2681 3667 2805 3719 huic
2854 3679 3115 3732 congruo,
3175 3661 3456 3714 lii'nlrirus

1872 3759 2456 3813 LudoviciGermanici
2507 3773 2673 3825 nepos
2701 3765 2754 3809 cl
2800 3770 2981 3808 comes
3028 3756 3079 3806 in
3131 3758 3461 3821 Argcugewc

1871 3854 2126 3911 occurrit.
2165 3867 2228 3904 ac
2290 3852 2425 3903 forte
2473 3853 2632 3902 etiam
2686 3850 2736 3901 in
2778 3849 3044 3914 Liuzgove
3073 3846 3378 3914 (llsnco'r'r.
3409 3854 3444 3897 ι.

1873 3945 1933 4003 ll.
1970 3963 2020 4013 p.
2057 3945 2146 4011 48)
2194 3960 2335 3996 anno
2371 3943 2494 4003 879,
2532 3943 2627 3995 881
2683 3951 2735 3994 et
2786 3939 2909 3994 902.
2962 3940 3059 4002 Ac,
3099 3948 3155 3988 ιιι
3188 3953 3347 4004 supra
3401 3937 3453 3988 in

1874 4035 2192 4105 prml’atioae
2240 4049 2305 4084 ex
2339 4032 2592 4084 Teuzelio
2619 4031 3048 4087 observavimus,
3085 4029 3224 4080 idem
3271 4026 3452 4088 facile,

1872 4126 1956 4179 etzi
1986 4124 2295 4190 Arunlphns
2321 4122 2447 4188 imp.
2475 4131 2680 4173 enrtem
2707 4120 3031 4172 Lnsteuowa
3063 4119 3110 4170 in
3146 4117 3446 4184 proprieta-

1874 4224 1978 4268 tem
2007 4214 2172 4272 tleril,
2202 4221 2256 4263 ut
2277 4220 2488 4264 cOustat
2520 4226 2584 4262 ex
2615 4211 2801 4262 charta
2827 4225 2914 4259 an.
2940 4207 3035 4260 81H
3075 4206 3385 4273 (llsncor'r,
3411 4203 3450 4257 l.

1877 4321 1954 4368 c.,
1998 4321 2048 4373 p.
2093 4304 2207 4369 57,)
2249 4319 2367 4370 qua!
2412 4301 2616 4368 integra
2661 4300 2823 4351 etiam
2875 4298 3066 4365 legitur
3115 4297 3164 4348 iu
3211 4294 3456 4348 Schardii

1875 4395 2230 4461 scriptoribus
2270 4403 2332 4461 (ι.
2363 4393 2401 4452 1,
2435 4409 2486 4460 p.
2521 4389 2670 4459 551).
2707 4388 2787 4441 λιι
2838 4397 3011 4441 tamen
3054 4386 3188 4441 certi
3234 4386 3318 4438 hic
3351 4395 3457 4436 sta-

203 4483 569 4540 Germanicutn
616 4483 829 4540 Ulmam
878 4485 944 4539 ad
973 4485 1299 4555 colloquium
1332 4489 1562 4540 venerit.
1618 4488 1769 4542 Unde
1801 4518 1846 4575 υ
1877 4499 2025 4540 tuere
2068 4486 2211 4545 licet,
2259 4500 2381 4536 cum
2450 4491 2524 4536 tot
2603 4480 2860 4546 Udalrici,
2923 4480 2974 4533 in
3048 4478 3280 4531 diversis
3329 4475 3458 4529 vici—

209 4574 300 4628 alia
330 4578 481 4630 nobis
526 4579 840 4645 conjectura
881 4588 1153 4637 It:tsc:tut',
1211 4578 1580 4632 liberimrdnm
1627 4580 1769 4634 hunc

212 4667 416 4733 perinde
441 4683 505 4721 ac
531 4683 598 4721 co
623 4667 777 4738 .jngis
805 4685 916 4723 sua:
946 4684 1188 4722 sororem
1218 4668 1593 4739 Iltlil.'g:tl'.it'ltt
1619 4673 1773 4738 prius

213 4769 236 4805 a
265 4758 497 4822 partibus
544 4757 783 4811 Lotharii
837 4760 948 4827 imp
1017 4761 1264 4821 stetisse,
1315 4775 1378 4814 ac
1426 4771 1709 4830 p'opterea
1742 4780 1772 4816 a

211 4843 381 4900 (larido
414 4848 581 4902 Calvo
609 4849 904 4901 ditiouihus
948 4849 999 4901 in
1050 4865 1214 4918 regno
1259 4850 1376 4918 ejus
1401 4849 1521 4903 sitis
1553 4861 1770 4904 natum

215 4934 260 4988 in
306 4937 508 4992 Italiam
562 4929 627 4992 ad
663 4938 973 4993 Lntharium
1025 4943 1380 5002 concessisse,
1429 4958 1458 4993 a
1501 4959 1626 5010 quo,
1662 4945 1774 4996 sive

214 5026 314 5094 ejus
344 5029 447 5082 tili'r
477 5030 749 5084 Ludovico
777 5031 815 5084 11
859 5031 1014 5101 imp.,
1057 5031 1449 5100 Forojulicnsis
1479 5035 1584 5087 dux
1613 5035 1774 5087 fuerit

215 5113 550 5186 constitutus;
576 5140 738 5193 quam
775 5123 944 5192 patris
973 5125 1055 5178 sui
1094 5125 1472 5194 spoliatioucm
1509 5128 1633 5179 dum
1669 5125 1772 5179 ini-

219 5210 719 5284 qitef.et-t'i:iitili10ej
746 5231 788 5265 ts
807 5215 920 5274 lilii.
950 5232 1070 5268 cum
1094 5217 1214 5271 aliis
1241 5216 1560 5286 proceribus
1584 5217 1770 5270 adver-

220 5317 298 5356 sus
321 5302 564 5359 Candqu
599 5307 922 5362 rebellantes
956 5309 1226 5364 Ludovico
1257 5309 1584 5363 Germanico
1605 5326 1776 5362 avun-

1876 4580 1960 4633 uis
2029 4575 2361 4631 Alimaunia:
2426 4574 2598 4643 pagis,
2675 4573 2906 4625 maxime
2973 4571 3022 4622 iu
3087 4567 3446 4636 Argeugavia,

1857 4670 2185 4738 linzgovia,
2204 4666 2472 4734 Turgovia
2497 4680 2559 4718 ac
2587 4663 2707 4716 dciu
2744 4661 2998 4730 Brigantii
3026 4673 3238 4727 quoque
3261 4673 3454 4708 oecur—

1877 4772 2076 4823 rentes,
2107 4761 2324 4813 dubium
2373 4773 2586 4826 semper
2621 4755 2823 4810 faciant
2853 4771 2978 4806 ttttm
3034 4753 3192 4805 iidem
3236 4748 3457 4810 fuerint,

1875 4871 1942 4907 au
1977 4869 2104 4905 vero
2135 4850 2352 4911 diversi,
2379 4849 2568 4901 eodem
2611 4837 2846 4904 nomine,
2892 4854 2950 4896 ut
2989 4842 3100 4896 ﬁcti
3133 4840 3356 4898 solebat,
3407 4837 3458 4890 in

1877 4947 2011 5001 alias
2035 4963 2248 5015 quoque
2279 4945 2512 4999 familias
2545 4937 2638 5012 per
2668 4939 3009 4995 matrimonia
3048 4943 3363 5004 propagato.

1888 5101 1890 5103 ,
1950 5035 2134 5108 §Xl;l.
2172 5037 2263 5090 llis
2294 5037 2508 5089 intcriut
2537 5035 2871 5088 ermlitorum
2914 5025 3148 5082 examini
3182 5023 3460 5092 subjectis,

1873 5127 1957 5181 illa
1998 5129 2155 5182 modo
2185 5115 2663 5194 espeuderczjnvat
2691 5135 2830 5188 quae.
2869 5119 2937 5172 de
2984 5121 3085 5173 hac
3120 5115 3456 5185 Brigantiae-

1879 5235 1996 5272 rum
2019 5222 2276 5272 comitum
2319 5215 2656 5286 gettcalogia,
2688 5227 2851 5281 porro
2889 5212 2938 5264 iu
2978 5211 3246 5267 Chrouico
3276 5220 3466 5264 nostro

1879 5310 2149 5366 habentur
2184 5308 2454 5378 prioribus
2479 5309 2726 5377 apprime
2755 5315 3144 5358 consentanea.
3170 5299 3246 5352 lta
3276 5310 3458 5354 autem

2076 5399 2142 5406 _l.
