3970 5406
438 269 544 327 287

1181 260 1526 320 ΔΡΡΕΝΟΙΧ
1565 261 1658 318 Al)
1690 253 2089 316 CIIRONICON
2128 251 2489 311 HERMANNI
2527 251 2937 311 CONTRACTL

3601 246 3708 304 288

440 397 535 438 seu
564 380 744 451 potius
772 379 1034 450 llargove,
1071 392 1138 432 ex
1166 377 1364 445 quibus
1390 372 1727 446 Brigantinis
1773 369 2022 443 cognatis
2049 372 2099 430 Α
2125 367 2295 422 chorn
2327 365 2494 430 dedit,
2547 364 2687 419 forte
2716 372 2773 418 et
2822 362 3010 428 ﬁliam,
3047 372 3276 417 matrem
3322 368 3506 431 postea
3546 360 3712 429 hujus
3747 375 3752 379 '

440 457 557 526 suis
568 468 827 539 pnndium
853 467 906 521 in
931 465 1245 530 Steinbaclt,
1262 464 1553 522 Cebbardo
1567 472 1747 520 autem
1768 461 2026 532 episcopo

440 564 615 633 nepoti
654 579 750 617 suo
778 561 882 617 alia
912 560 1065 631 plura
1091 560 1398 616 tradiderit.
1427 559 1559 627 Quis
1583 573 1716 614 vero
1753 557 1843 614 llic
1870 556 2024 613 Adil-

440 650 666 712 bardus,
725 664 822 704 seu
900 648 1224 714 Adalardns,
1283 648 1721 721 Brigantinorum
1765 648 2025 704 comitum

439 754 631 810 nepos,
655 754 748 795 seu
777 739 1248 808 consanguineus?
1276 738 1462 811 Neque
1481 740 1625 794 enim
1654 738 1722 794 de
1748 740 2028 810 superiore

439 828 713 887 Adalardo
738 828 1041 911 Eberhardi
1072 828 1182 884 tilio
1206 845 1388 884 sermo
1422 830 1510 885 hic
1537 844 1656 885 esse
1692 838 1891 900 potest.
1939 838 2025 885 ut-

440 929 568 993 pote
592 922 803 993 integro
828 920 1027 977 smculo
1064 921 1357 976 anteriore.
1414 921 1567 978 llunc
1611 920 2030 992 deprehendisse

442 1011 599 1069 nobis
625 1013 875 1067 videmur
903 1010 955 1065 in
985 1009 1306 1065 Ekkeltardo
1333 1009 1560 1067 Juniore
1600 1011 1675 1066 De
1713 1011 1940 1068 Casibus
1967 1009 2028 1066 S.

440 1100 601 1166 Galli,
634 1117 753 1173 cap.
781 1103 847 1158 10
877 1101 1174 1173 (ϐοιιιιετ.
1205 1102 1404 1173 Script.
1440 1111 1479 1158 ι.
1505 1103 1546 1167 1,
1579 1119 1632 1173 p.
1666 1103 1758 1173 42)
1790 1103 1861 1157 ita
1889 1103 2029 1158 scri-

442 1193 635 1254 bente:
677 1211 696 1244 ε
755 1192 1075 1249 Vodalricus
1111 1194 1333 1264 quidam
1373 1209 1559 1249 comes
1592 1195 1658 1249 de
1687 1192 1867 1249 Caroli
1906 1207 2031 1262 pro-

444 1284 597 1357 sapia
624 1283 1066 1356 chdilgardam
1114 1286 1332 1341 lleurici
1373 1286 1516 1357 regis
1561 1288 1628 1341 de
1671 1284 1778 1339 lilia
1826 1284 2029 1355 neptim

445 1396 673 1439 uxorem
702 1382 1000 1453 accipiens,
1032 1381 1413 1449 Adalltartnm,
1439 1379 1701 1451 quiCallo
1733 1379 2031 1434 Altstetten

444 1480 568 1542 post
607 1471 851 1536 tradidit,
892 1473 959 1527 de
986 1487 1050 1527 ea
1076 1482 1133 1527 et
1157 1473 1322 1527 tiliam
1350 1455 1688 1543 procreavit.
1717 1469 1818 1525 Hic
1841 1469 2033 1524 nuntio

445 1565 861 1631 Bnocltnrn,ubi
884 1568 1172 1631 habitavit,
1200 1578 1445 1637 accepto,
1474 1568 1726 1639 llungros
1747 1566 2029 1631 Noricum,

446 1657 535 1712 ubi
572 1658 772 1729 praedia
807 1660 857 1713 ei
902 1669 1079 1731 erant,
1131 1659 1366 1722 irruere,
1415 1660 1600 1714 hostes
1646 1675 1770 1715 cum
1818 1658 2034 1714 cmteris

448 1764 763 1820 aggressus,
791 1749 968 1805 victus
990 1751 1226 1819 capitur,
1256 1760 1313 1806 et
1342 1750 1394 1804 in
1425 1749 1755 1820 littngariam
1787 1748 2032 1819 captivus
2062 1720 2108 1780 Β

449 1848 786 1909 asportatur.
829 1860 850 1893 ι
896 1840 1086 1896 Refert
1123 1842 1248 1896 driu
1287 1840 1626 1906 Udalricum,
1656 1850 1778 1911 post
1802 1850 2037 1909 quatuor

449 1946 621 1988 annos
644 1948 676 1988 c
706 1933 1021 2005 captivitate
1051 1934 1329 1998 reducem,
1374 1934 1608 1988 alterum
1642 1933 1820 1987 adlmc
1866 1931 2035 1985 lilium

447 2040 765 2096 procreasse
810 2025 1209 2093 Bureltardum,
1277 2033 1639 2096 cognomento
1709 2023 2034 2095 lugenitum,

449 2131 609 2188 quem
640 2116 770 2175 Otto
798 2118 817 2173 l
855 2119 1011 2189 imp.,
1034 2133 1133 2174 ceu
1165 2125 1415 2187 nepotem
1447 2132 1605 2172 suum
1646 2116 1790 2170 circa
1815 2132 1904 2167 an.
1935 2113 2038 2169 959

447 2207 680 2265 abbatis:
704 2208 763 2264 S.
781 2208 917 2265 Galli
948 2207 1396 2278 adltucjuvenem
1424 2205 1748 2277 praefeccrit.
1781 2205 1857 2260 Ex
1881 2204 2042 2274 llepi-

448 2300 613 2357 danni
639 2302 939 2357 Annalibus
957 2301 1117 2371 281
1143 2299 1209 2354 ad
1235 2314 1327 2354 an.
1357 2298 1480 2360 915,
1500 2297 1843 2368 etexcerptis
1864 2297 2039 2351 Anna-

449 2392 582 2448 lium
609 2392 947 2448 Francorum
975 2393 1155 2464 (supra
1188 2406 1310 2461 pag.
1355 2389 1481 2459 109)
1524 2388 1810 2445 Udalricus
1857 2400 2042 2442 comes

452 2488 546 2545 illo
572 2505 717 2545 anno
756 2503 882 2544 cum
926 2486 1277 2556 Errliangero
1310 2494 1367 2541 et
1410 2483 1724 2550 Bertltoldo,
1777 2481 1867 2552 qui
1918 2481 2043 2537 Ale-

452 2582 687 2638 mannize
710 2583 965 2636 ducatum
1019 2580 1356 2643 invaserant,
1405 2576 1691 2648 llungaros
1733 2575 1799 2630 ad
1830 2574 2042 2631 (Ὲιιιιιιι

452 2675 675 2730 fluvium
706 2672 1034 2745 proﬂigavit,
1064 2682 1183 2744 post
1208 2671 1425 2742 aliquod
1456 2678 1863 2740 tempustamen
1896 2667 2043 2721 circa

452 2781 542 2821 an.
570 2765 675 2822 9l5
700 2764 752 2820 in
781 2764 951 2820 altera
979 2764 1327 2833 expeditione
1350 2764 1403 2818 in
1434 2762 1814 2832 captivitatem
1842 2760 1910 2815 ab
1940 2759 2044 2814 illis

457 2860 789 2919 abstractus.
822 2858 943 2914 Vid.
973 2857 1153 2915 Calles
1180 2857 1373 2913 Annal.
1419 2856 1629 2915 Ecclcs.
1668 2856 1854 2913 Germ.
1895 2864 1935 2910 t.
1976 2851 2042 2909 ιν

455 2950 524 3015 ad
549 2965 749 3007 auuunt
780 2949 885 3006 9l7
920 2960 973 3006 et
998 2949 1125 3014 920,
1167 2963 1222 3006 et
1240 2949 1465 3009 Crusius
1490 2947 1693 3004 Annal.
1718 2963 1770 3017 p.
1802 2962 1860 3008 ιι,
1894 2945 1931 3000 l.
1958 2960 2044 3010 ιιι,

455 3056 507 3098 c.
611 3039 741 3095 Inde
766 3055 894 3095 vero
916 3050 1037 3111 post
1065 3049 1302 3112 quatuor
1327 3055 1501 3094 annos
1530 3038 1798 3095 liberatus
1821 3037 2042 3092 domum
2072 3069 2120 3132 Ο

458 3130 644 3199 rediit,
677 3130 891 3187 vivente
928 3131 1109 3187 adhuc
1141 3130 1434 3187 Salomone
1465 3129 1529 3186 Ill
1560 3130 1815 3201 episcopo
1845 3129 1913 3184 ad
1944 3129 2046 3183 ini-

457 3224 592 3281 tium
623 3222 752 3277 anni
782 3221 888 3277 920
915 3221 1201 3289 defuncto;
1235 3223 1328 3295 qui
1356 3224 1405 3279 ei
1430 3222 1874 3293 Wendelgartam
1911 3236 2045 3277 con-

454 3315 665 3386 jugem.
717 3313 927 3369 interea
966 3313 1228 3379 velatam,
1278 3313 1514 3370 reddidit
1544 3314 1595 3367 in
1643 3310 2049 3368 Constanlieusi

460 3403 668 3475 synodo
700 3401 907 3473 (Concil
936 3401 1115 3458 Germ.
1156 3412 1196 3458 t.
1227 3402 1291 3471 ll,
1325 3418 1379 3473 p,
1409 3403 1536 3474 59l)
1582 3403 1730 3460 circa
1780 3418 1871 3456 an.
1925 3401 2048 3457 9l9.

462 3494 562 3565 llic
592 3510 755 3565 porro
780 3493 1065 3552 Udalricus
1085 3509 1114 3548 a
1140 3496 1464 3566 cognomine
1488 3494 1813 3565 Briganlino
1848 3492 2051 3547 comite

458 3587 621 3659 plane
662 3586 914 3644 diversus
931 3596 1040 3653 est,
1068 3588 1146 3643 uti
1173 3598 1228 3645 et
1258 3596 1562 3658 temporum
1593 3587 1735 3642 ratio
1766 3594 1821 3642 et
1847 3584 2049 3640 diversi

459 3677 743 3748 utriusque
767 3678 861 3733 filii
886 3679 1282 3736 demonstrant.
1314 3680 1482 3736 Filius
1508 3688 1690 3735 autem
1719 3678 1886 3735 fuisse
1907 3679 2053 3732 vide-

460 3779 553 3827 tur
575 3770 732 3826 unius
761 3787 827 3826 ex
859 3770 968 3827 illis
991 3772 1122 3827 viris
1157 3771 1530 3836 nobilissimis,
1571 3771 1663 3841 qui
1709 3780 1847 3826 teste
1892 3768 2052 3824 ciu-n-

462 3862 588 3921 nico
613 3872 804 3918 nostro
840 3878 965 3918 cum
994 3863 1313 3934 Brigazttino
1346 3864 1396 3918 iu
1420 3862 1794 3917 Alemanniam
1839 3858 2052 3934 profugi

464 3964 752 4027 venerunt,
791 3956 991 4025 quibus
1036 3957 1151 4026 ipse
1180 3957 1321 4012 dona
1364 3955 1594 4026 largitus
1630 3963 1734 4018 est,
1773 3969 1840 4009 ac
1883 3953 2046 4007 etiam

460 4059 561 4119 per
578 4047 830 4120 coniugia
860 4046 1123 4105 alIiuitate
1147 4048 1494 4121 conjunctus,
1523 4060 1755 4118 quorum
1780 4046 1872 4100 uni
1908 4044 2051 4099 Buc-

2134 457 2397 522 Udalrici,
2428 472 2457 512 a
2480 472 2585 527 qua
2610 464 2665 511 ct
2685 470 2880 510 nomen
2908 462 2961 510 et
2993 453 3297 525 prosapiam
3325 448 3501 506 Caroli
3534 448 3711 520 Magni

2130 549 2390 605 hauserit.
2413 546 2609 603 Lazius
2634 545 2710 601 De
2737 545 2956 617 migrat.
2985 553 3135 614 gent.
3162 558 3216 611 p.
3248 541 3358 597 539
3398 540 3547 595 illum
3590 555 3713 595 cum

2130 641 2299 697 fratre
2320 640 2616 694 Adelberto
2649 636 2992 697 conditorem
3036 634 3203 688 castri
3258 631 3546 686 Buocltorn
3585 630 3717 684 dicit

2132 741 2373 804 tempore
2395 729 2571 784 Caroli
2594 726 2800 799 Magni,
2829 724 2929 781 sub
2957 740 3064 795 quo
3092 723 3329 792 acceptis
3358 720 3506 791 agris
3530 719 3586 773 in
3612 716 3717 772 No-

2130 825 2246 880 rico
2271 824 2339 878 ab
2371 823 2579 877 llunnis
2602 829 2792 891 captus
2821 817 2921 881 sit;
2950 824 3004 870 et
3045 824 3224 868 tamen
3257 809 3715 879 Wendelgardem

2130 917 2247 988 ejus
2282 916 2564 987 conjugetn
2592 923 2715 984 post
2756 911 3022 980 integrant
3059 905 3315 962 stceulum
3347 918 3438 958 an.
3483 900 3594 958 916
3636 916 3719 956 re-

2131 1011 2339 1067 clusam
2384 1009 2525 1079 apud
2547 1007 2604 1063 S.
2633 1004 2845 1063 Gallum
2877 1003 3043 1057 fuisse
3082 1000 3293 1055 scribit.
3325 997 3425 1055 Ubi
3456 1012 3592 1052 vero
3622 1011 3721 1051 no-

2133 1102 2358 1157 tandum
2391 1108 2476 1155 est
2501 1097 2679 1155 Caroli
2707 1095 2882 1166 Magni
2911 1107 3107 1149 nomen
3135 1089 3330 1147 Carolo
3355 1089 3556 1144 Crasso
3587 1101 3722 1157 quo-

2131 1206 2237 1261 que
2266 1189 2493 1247 subinde
2518 1204 2548 1242 a
2587 1184 2947 1257 scriptoribus
2976 1198 3098 1238 esse
3132 1181 3417 1245 tributum,
3461 1192 3531 1235 eo
3576 1175 3721 1248 quod

2132 1281 2208 1335 uti
2255 1280 2406 1350 prior
2439 1285 2604 1332 lotam
2657 1273 3031 1329 utouarcbiam
3060 1269 3381 1325 Francicam
3433 1281 3543 1321 una
3595 1279 3719 1321 cum

2134 1375 2361 1447 imperio
2390 1373 2537 1429 solus
2561 1370 2828 1433 tenuerit;
2856 1366 2999 1436 quod
3032 1363 3226 1437 probat
3261 1360 3518 1416 Mabillou
3557 1358 3637 1413 De
3666 1372 3724 1412 re

2133 1468 2355 1539 diplom.
2391 1465 2426 1520 Ι.
2467 1480 2520 1531 v,
2550 1481 2604 1536 p.
2634 1461 2759 1517 108.
2789 1460 2908 1528 Quo
2933 1474 3095 1514 sensu
3145 1465 3200 1511 et
3244 1453 3442 1509 Lazius
3468 1450 3507 1506 l.
3541 1466 3594 1506 c.
3637 1448 3721 1504 in-

2137 1561 2298 1632 telligi
2328 1557 2505 1621 debet,
2538 1554 2789 1627 quamvis
2821 1549 2905 1606 vel
2932 1550 3015 1605 sic
3044 1563 3198 1604 error
3237 1544 3441 1609 subsit;
3477 1540 3725 1599 Udalrici

2135 1655 2422 1726 captivitas
2443 1652 2587 1708 enim
2611 1664 2718 1704 non
2745 1645 2845 1703 sub
2871 1642 3065 1701 Carolo
3084 1641 3305 1706 Crasso,
3333 1638 3427 1694 sed
3456 1637 3562 1691 sub
3584 1635 3726 1690 Con-

2137 1724 2589 1815 radolcontigit.
2635 1742 2695 1797 ln
2744 1756 2808 1795 eo
2855 1736 3033 1814 etiam~
3073 1733 3277 1789 fallitur
3328 1732 3472 1801 quod
3499 1724 3726 1786 Henrici

2135 1838 2377 1908 Aucupis
2440 1835 2606 1890 filiam
2659 1826 3076 1900 Wendelgardae
3129 1831 3357 1880 matrem
3407 1816 3727 1887 lledwigem

2137 1921 2798 1985 llurcbardiAlemannia:
2851 1917 3007 1973 ducis
3052 1911 3335 1982 coniugem
3390 1909 3561 1973 dicat,
3610 1920 3730 1977 qua:

2140 2030 2318 2074 tamen
2347 2014 2592 2086 improlis
2616 2009 2873 2073 decessit,
2902 2022 3003 2063 nec
3032 2002 3253 2059 llenriei
3302 1998 3546 2069 Aueupis
3598 1988 3753 2061 ﬁlia,’

2140 2111 2233 2167 sed
2264 2109 2383 2180 ejus
2412 2085 2477 2161 ex
2510 2104 2622 2159 lilio
2643 2101 2876 2158 Henrico
2906 2096 3154 2153 Bavariae
3185 2093 3323 2148 duce
3369 2089 3548 2159 neptis
3612 2085 3730 2150 fuit,

2140 2177 2307 2259 cuius
2321 2196 2528 2268 pariter
2552 2209 2718 2265 nepos
2747 2191 2947 2247 dicitur
2977 2187 3037 2243 S.
3070 2181 3392 2241 Cebhardus
3436 2177 3662 2268 iul'rar‘l.
3691 2194 3729 2241 ι,

2140 2308 2196 2346 ιι.
2221 2265 2768 2357 59ίὶγθιιόοιειιιοι1ίε
2802 2289 3031 2336 matrem
3071 2273 3215 2332 haud
3265 2272 3513 2328 nominat
3560 2265 3738 2325 Ekke~

2140 2382 2363 2446 bardus,
2389 2380 2485 2435 sed
2509 2378 2674 2433 tiliam
2705 2384 2914 2431 tantum
2946 2370 3080 2426 dicit
3116 2364 3338 2423 ilenrici
3370 2362 3537 2435 regis,
3576 2357 3733 2416 scili-

2143 2483 2229 2531 cet
2250 2471 2509 2541 Aucupis,
2533 2468 2679 2524 illam
2707 2478 2887 2521 tamen
2919 2456 3235 2532 Hedwigem
3285 2472 3383 2513 seu
3431 2450 3738 2523 llatwigem

2143 2574 2303 2620 vocat
2324 2561 2568 2619 'Crusius
2595 2555 2809 2631 (Annal.
2843 2570 2900 2625 p.
2932 2569 2994 2619 ιι,
3020 2552 3057 2607 1.
3085 2566 3166 2617 ιιι,
3200 2565 3250 2606 c.
3282 2548 3338 2616 8,
3387 2546 3477 2612 l2,
3502 2551 3557 2601 et
3582 2541 3626 2598 1.
3665 2554 3742 2627 ιτ,

2144 2671 2195 2711 c.
2223 2656 2279 2720 3,
2328 2654 2385 2725 9)
2435 2652 2656 2724 aliique,
2703 2647 2955 2720 quamvis
3000 2643 3218 2700 aliunde
3261 2649 3469 2697 certum
3509 2636 3583 2691 sit
3620 2647 3760 2690 eam.

2144 2747 2389 2819 liugmtis
2424 2742 2606 2814 magni
2638 2737 2883 2796 Francia:
2911 2735 3065 2792 ducis
3088 2747 3334 2798 uxorem,
3364 2725 3615 2800 [lagonis
3635 2740 3732 2779 au-

2147 2849 2254 2895 tem
2277 2836 2463 2909 Capeti
2494 2833 2635 2907 regis
2657 2841 2889 2887 matrem
2913 2827 3208 2885 exstitisse.

2217 2906 2380 3003 282
2405 2926 2434 3002 ᾗ
2473 2922 2612 2981 XIV.
2637 2921 2970 2991 Quocunqne
2993 2931 3122 2973 vero
3143 2914 3361 2972 nomine
3372 2909 3603 2972 venerit,
3633 2906 3763 2975 (ilia,

2151 2998 2428 3078 ceﬁdl‘dit
2450 3014 2669 3072 llenrici
2698 3010 2961 3081 Aucupis,
2985 3007 3139 3078 cujus
3164 3012 3340 3059 mater
3369 3009 3490 3058 erat
3517 2998 3763 3065 liedwiy

2148 3114 2230 3186 gis
2264 3126 2359 3167 seu
2387 3105 2647 3175 Hatwigis
2669 3110 2834 3177 nupta
2870 3097 3054 3157 Ottoni
3088 3091 3287 3151 illustri
3311 3088 3567 3147 Saxonis
3589 3085 3740 3142 duci.

2150 3177 2277 3264 ilice
2306 3213 2485 3259 autem
2511 3200 2618 3255 lilia
2640 3205 2760 3253 erat
2785 3209 2947 3265 supra
2976 3186 3260 3247 memorati
3307 3178 3615 3251 Eberltardi
3642 3177 3745 3232 Fo-

2152 3282 2463 3374 roiuliensis
2494 3294 2651 3352 ducis
2684 3308 2749 3348 ex
2787 3288 2972 3347 Gisela
2999 3280 3263 3341 Ludovici
3285 3279 3359 3351 pii
3395 3276 3543 3341 tilia;
3594 3272 3743 3373 unde

2152 3361 2360 3451 et'lilio
2406 3390 2527 3462 ejus
2573 3384 2830 3447 Henrico,
2885 3377 3295 3447 Carolingorum
3345 3372 3640 3425 stemmate
3691 3361 3743 3429 in

2153 3484 2450 3546 Germania
2477 3475 2884 3545 exstincto,jus
2921 3468 3193 3543 quoddam
3250 3465 3306 3519 in
3357 3462 3463 3516 hoc
3512 3469 3743 3546 regnum

2155 3543 2416 3636 annatum
2452 3582 2556 3630 est.
2615 3570 2675 3626 lu
2721 3543 3047 3624 testamento
3095 3556 3269 3630 patris
3308 3552 3393 3608 sui
3437 3543 3761 3636 Eberhardi‘

2155 3634 2417 3728 iieilwick
2444 3672 2693 3724 vocatur,
2717 3672 2873 3714 soror
2895 3649 3179 3715 Adalardi,
3202 3661 3296 3702 seu
3329 3636 3594 3728 Udalrici,
3622 3634 3745 3728 Bri:

2155 3765 2502 3838 gantinorum
2534 3751 2804 3827 parentis;
2833 3760 2933 3803 nec
2956 3759 3061 3800 non
3083 3737 3317 3838 Juditltaz
3344 3732 3479 3838 avia:
3504 3725 3742 3838 Congedi

2400 3850 2477 3906 uti
2502 3815 2694 3919 probat
2732 3815 2939 3910 Eccard
2970 3832 3196 3905 (Franc.
3241 3824 3337 3926 Cr.
3376 3823 3438 3883 ll,
3489 3836 3543 3891 p.
3594 3815 3701 3873 8ὶᾶ
3726 3829 3755 3905 ;ν

2167 3919 2551 4003 νοιῖηιοιιιιηι.
2583 3946 2849 4010 qualemn,
2884 3946 2936 4002 p.
2979 3926 3105 3995 £0);
3162 3919 3304 3976 unde
3331 3928 3577 3987 sequens
3621 3924 3745 3988 pro-

2155 4040 2206 4097 di
2214 4048 2254 4098 ι.

1663 4180 1985 4238 SYSTEMA
2023 4167 2569 4235 CEREXLOGlCUM

1892 4292 1944 4336 S.
1991 4287 2320 4334 GEBIIABDI

1422 4378 1531 4441 Ea:
1560 4375 1860 4440 chronica
1898 4371 2354 4435 Petershusano
2394 4372 2447 4426 et
2478 4355 2791 4425 Eccardo.
2875 4368 2879 4373 '

1636 4493 2034 4556 LUDOVICUS
2086 4488 2218 4548 Pius
2244 4490 2563 4559 imperator.

823 4597 1174 4656 Eberhardus
1197 4598 1306 4652 dux
1335 4594 1743 4665 Forojuliensis.
1778 4592 1863 4651 ΠΧ
1892 4589 2099 4665 Gisela.

1912 4661 2130 4716 Juditba
2163 4671 2302 4712 uxor

1793 4729 2132 4792 Werinltarii
2159 4724 2393 4784 comitis.

721 4671 1039 4731 Adalardus,
1074 4685 1166 4722 seu
1209 4667 1538 4724 Udalricusl

859 4741 1056 4797 Comes
1081 4739 1344 4810 Brigantii

2663 4638 2968 4701 illeilwiclt,
3007 4651 3101 4691 seu
3127 4628 3387 4701 Hedwicb
3416 4642 3507 4681 nx.

2735 4700 2963 4767 Ottouls
2992 4705 3148 4763 ducis
3177 4700 3453 4759 Saxouize.

2826 4820 3095 4879 Henricus
3121 4815 3337 4884 Auceps

854 4854 971 4914 Uzo
999 4868 1183 4908 eomes
1212 4865 1349 4906 uxor
1947 4843 2231 4913 Cﬂnl'adus
2690 4910 2691 4913 η
2827 4829 3179 4914 ΨΡῘἮἛΕ

934 4892 1341 4994 Baiani-577'
1951 4892 2038 4973 'c'b'

2143 4892 2227 4968 QQT'
2690 4910 2691 4913 ‘
2740 4969 2744 4972 ξ
2846 4892 3345 4962 Germaniae’rexa
3470 4922 3493 4926 η
3544 4920 3550 4926 .
3726 4892 3732 4901 ι

702 5040 805 5120 σε..
814 5037 1175 5120 βτρᾎγιιςειειτᾶιιιξ.
1199 5052 1285 5106 ep.
1317 5037 1341 5091 I‘
1339 5047 1441 5094 rat.
1853 5033 1967 5092 Con
1976 5038 2032 5085 τη

2163 5026 2273 5080 dux
2490 5012 2758 5070 Henricus
2938 5002 3064 5061 Otto
3086 5001 3115 5057 ⁷1
3258 4992 3557 5066 lledwigis.
3628 4988 3655 5018 λ’
3724 5013 3744 5018 θ·

2143 5109 2227 5120 _-..
2465 5084 2475 5105 ‘
2505 5085 2607 5120 Amr
2638 5080 2749 5120 [ζειν
2967 5075 3100 5120 inin-
3638 5084 3639 5089 ‘
3720 5078 3751 5107 ι¹
