3970 5406
188 317 297 375 Ξεξὶ

981 312 1377 370 ΟΙΙΠΟΧΙΟΟΧ
1410 310 2044 370 PETERSHUSANUM.
2079 340 2147 351 --
2177 311 2540 369 ῐιιιοοειιιι.

3327 315 3432 372 τωο

248 429 498 496 Quantum
515 425 580 478 ad
605 422 910 492 iledwigem
936 423 1150 477 Ottnnis
1172 421 1423 477 Saxouizc
1451 420 1738 493 conjugem
1771 434 1814 491 Α
1845 420 2039 476 saltem
2074 434 2173 490 per
2199 430 2415 476 :etatem
2454 421 2675 476 minime
2710 423 2980 494 implicat,
3011 425 3112 481 etsi
3143 425 3256 497 jam
3284 428 3432 483 circa

193 521 236 574 in
259 519 456 573 diversa
489 514 686 568 abeunt
712 513 1038 583 scriptorcs!
1085 510 1370 566 liubnerus
1406 512 1462 567 in
1511 509 1735 567 Geueal.

187 623 294 662 eam
312 612 411 660 neu
439 603 896 663 Gisclm'sororis,
938 602 1033 657 sed
1083 601 1253 673 ipsius
1293 600 1549 656 Ludovici
1607 601 1743 656 Ger—

172 695 365 752 manici
394 692 556 748 ﬁliam
580 691 793 755 statuit,
842 705 1005 760 quam
1036 705 1167 745 vero
1198 690 1410 760 antiqui
1462 691 1738 759 ignorant.

188 789 236 842 in
262 786 385 839 l‘Art
415 785 479 839 de
500 782 706 852 rériﬁer
750 781 825 836 les
872 783 1020 836 dates
1051 780 1275 852 Hedwig
1322 781 1432 836 lilia
1473 779 1743 850 Arnulphi

186 882 301 949 imp.
316 876 527 940 dicitur,
558 890 590 928 a
612 872 871 928 Tenzelio
895 872 1188 942 Luitgarda
1217 872 1513 927 nominata.
1542 870 1743 926 Verum

169 971 370 1028 ‘Eccard
394 968 618 1042 (Franc.
647 967 744 1025 0r.
781 975 816 1020 ι.
859 966 923 1030 ll,
954 982 1011 1036 p.
1039 966 1167 1036 609)
1206 966 1392 1021 multis
1419 965 1615 1037 probat
1643 963 1742 1021 0t-

188 1063 312 1118 tonis
328 1058 610 1130 conjugem
633 1058 796 1112 tiliam
822 1054 990 1112 fuisse
1005 1057 1201 1113 Gisclze
1233 1065 1288 1113 et
1315 1056 1597 1122 Everardi,
1629 1071 1744 1110 ma-

170 1156 314 1208 ‘xime
338 1168 401 1207 ex
422 1151 545 1205 Vita
576 1149 937 1205 llatbumodte
977 1149 1141 1220 283
1193 1148 1484 1205 abbatissa:
1538 1148 1745 1204 sororis

186 1245 404 1315 ejusdem
431 1242 649 1298 Ottonis
680 1241 852 1306 ducis,
878 1240 971 1310 qui
1006 1242 1201 1295 ibidem
1252 1256 1430 1310 regum
1461 1250 1662 1312 neptem
1690 1239 1748 1294 in

170 1336 513 1392 matrimonio
558 1335 812 1390 habuisse
861 1334 1095 1406 legitur;
1140 1349 1272 1406 ergo
1314 1350 1423 1390 nou
1470 1334 1658 1390 filiam.
1690 1334 1747 1389 In

188 1428 486 1498 Necrologio
524 1426 783 1483 Fuldensi
821 1442 912 1482 an.
942 1425 1049 1483 903
1075 1427 1279 1483 obiisse
1318 1435 1538 1482 notatur
1567 1426 1748 1481 Hada-

186 1520 313 1590 wiga
341 1517 641 1583 comitissa,
685 1532 845 1587 quam
889 1518 1137 1573 eamdem
1190 1515 1358 1572 fuisse
1399 1515 1748 1572 arbitramur.

168 1612 301 1682 ‘Ejns
335 1610 502 1664 altera
532 1624 698 1665 soror
720 1619 847 1664 natu
876 1609 1053 1681 major
1099 1610 1152 1665 in
1201 1611 1373 1680 patris
1427 1617 1752 1665 testamento

187 1708 384 1757 notatur
407 1698 637 1756 luditha
665 1700 901 1757 Conradi
931 1700 951 1755 l
992 1701 1136 1773 regis
1156 1701 1302 1768 avia,
1331 1712 1390 1757 ut
1417 1701 1533 1757 vult
1558 1701 1753 1757 Eccar—

1845 530 1935 569 an.
1972 514 2077 569 9l3
2110 523 2269 570 natus
2305 515 2488 572 fuerit.
2525 516 2705 573 Alium
2741 529 2920 575 autem
2945 522 3316 594 _investiganti
3352 523 3435 579 lu-

1846 608 1978 661 bens
2007 605 2316 675 acquiesco.

1844 700 1868 761 ρ
1918 695 1946 768 §
1982 695 2095 752 XV.
2142 698 2355 754 Diutius
2398 699 2664 756 hactenus
2703 701 2757 757 in
2799 702 3117 763 illustrando
3160 707 3433 767 Chronico

1848 802 2034 843 nostro
2066 789 2133 843 de
2160 789 2333 859 prima
2364 787 2800 861 Brigantinorum
2830 796 3090 851 comitum
3117 800 3326 870 origine
3355 802 3432 856 la-

1845 876 2159 932 boravimus
2179 917 2194 943 ,
2224 879 2353 948 quin
2383 888 2560 936 tamen
2591 880 2800 937 illorum
2828 899 2950 954 qua:
2984 887 3305 955 protulimus
3331 896 3433 946 Va-

1851 967 1951 1023 des
1980 983 2080 1024 nos
2116 978 2459 1040 praestemus.
2489 972 2623 1027 Rem
2659 974 2891 1029 adducta
2929 988 3242 1047 argumenta
3285 982 3433 1037 deci-

1852 1058 2018 1125 dant,
2045 1075 2165 1130 quae
2211 1060 2365 1116 novis
2405 1061 2519 1117 fors
2561 1064 2923 1133 producendis
2961 1066 3300 1125 documentis
3340 1081 3435 1126 aut

1853 1151 2126 1218 refellere,
2169 1162 2260 1207 aut
2290 1152 2551 1222 majorem
2594 1154 2647 1208 in
2686 1155 2860 1210 lucem
2896 1158 3167 1214 deducere
3209 1160 3437 1215 eruditis

1853 1242 2040 1297 eodem
2071 1245 2232 1298 modo
2260 1242 2485 1299 liberum
2515 1255 2653 1309 esto,
2683 1261 2791 1316 quo
2816 1263 2973 1303 sensa
3014 1256 3198 1306 nostra
3229 1260 3283 1306 et
3316 1253 3437 1322 op?-

1853 1331 2046 1387 niones
2072 1332 2190 1387 sine
2217 1330 2497 1400 cujusdam
2527 1335 2839 1406 pratjudicio
2863 1339 3021 1395 unius
3049 1340 3438 1414 investiganda:

1855 1421 2098 1477 historize
2150 1424 2331 1479 studio
2384 1425 2489 1481 illis
2538 1430 2927 1498 proponimus,
2978 1433 3107 1502 quin
3155 1437 3440 1505 scriptoris

1856 1515 2027 1569 nostri
2087 1517 2460 1573 narrationem
2514 1520 2715 1592 ubique
2768 1532 2825 1578 et
2875 1526 3146 1596 prmcipue
3204 1544 3326 1583 mox
3386 1528 3439 1585 in

1856 1604 2083 1659 exordio
2137 1605 2494 1663 vindicemus.
2544 1610 2601 1664 ιιι
2655 1612 2845 1668 saltem
2901 1616 3057 1672 nobis
3116 1621 3445 1687 persuadere

1858 1694 2000 1750 haud
2039 1710 2363 1766 possumus,
2411 1698 2558 1754 iilum
2605 1712 2697 1755 aut
2739 1717 2805 1758 ex
2850 1704 3196 1776 ignorantia,
3241 1718 3336 1763 aut
3382 1719 3444 1765 ut

174 1793 274 1849 ~dus
300 1792 356 1858 (ι.
385 1810 455 1859 c.,
479 1809 537 1864 p.
568 1791 723 1865 82$),
756 1793 899 1848 unde
916 1793 1003 1849 hic
1018 1795 1182 1850 etiam
1212 1809 1309 1850 ceu
1341 1797 1621 1865 proximus
1649 1794 1752 1850 Ca-

1865 1785 2074 1843 ramilize
2118 1799 2277 1845 aetate
2312 1805 2409 1846 sua
2452 1792 2634 1848 adhuc
2670 1792 2885 1851 florenti
2933 1797 3269 1865 adnhtretur,
3313 1800 3440 1855 talia

188 1882 440 1953 rolingica:
465 1880 691 1937 familia:
719 1893 949 1954 aguatus
976 1882 1282 1939 Germaniae
1334 1898 1563 1956 regnum
1613 1885 1755 1941 obti-

190 1977 306 2031 nuit.
330 1974 575 2031 Tertiam
618 1975 766 2031 illius
801 1990 1046 2031 sororem
1074 1974 1453 2046 lngiltrudem,
1478 1977 1532 2030 in
1562 1976 1755 2032 eodem

188 2076 495 2123 testamento
551 2077 933 2133 memoratam,
979 2082 1047 2123 ex
1092 2067 1289 2121 matris
1310 2068 1510 2122 Gisela:
1539 2067 1754 2131 charta,

199 2172 274 2214 an.
310 2156 429 2223 870,
463 2156 757 2213 monialem
790 2156 954 2214 fuisse
983 2159 1036 2213 in
1067 2160 1255 2215 eodem
1302 2159 1604 2215 Cisoniensi
1644 2174 1761 2215 mo-

192 2250 403 2305 nasterio
423 2250 706 2305 existimat
736 2249 1008 2305 Eceardus
1026 2249 1085 2320 (l.
1116 2267 1187 2318 c.,
1212 2267 1263 2322 p.
1282 2249 1437 2319 6l0);
1465 2252 1608 2322 quod
1631 2267 1760 2308 vero

195 2340 382 2396 admitti
413 2342 630 2411 nequit,
655 2357 777 2397 cum
818 2354 977 2412 supra
1006 2340 1033 2414 ᾗ
1068 2341 1134 2397 l0
1169 2359 1235 2397 ex
1264 2342 1570 2401 Floduardo
1596 2359 1762 2415 appa-

191 2441 293 2486 real
312 2429 622 2488 [lucholdus
649 2433 832 2487 nescio
852 2432 980 2503 quis
1014 2434 1212 2488 sororis
1237 2432 1508 2504 Rodulpbi
1547 2434 1762 2491 abbatis

190 2524 495 2581 Cisoniensis
524 2526 775 2581 maritus.
797 2524 930 2580 Cum
958 2525 1121 2597 igitur
1141 2525 1409 2595 pnedietae
1455 2526 1575 2582 dum
1616 2527 1762 2598 ejus-

194 2617 316 2673 detn-
347 2632 592 2681 sorores,
625 2632 719 2673 seu
750 2616 948 2673 Gisela:
983 2617 1105 2673 tilia:
1132 2617 1268 2672 alios
1314 2620 1609 2676 habuerint
1639 2635 1756 2675 ma-

195 2711 327 2783 ritos,
351 2712 677 2767 alterutrum
704 2711 1078 2781 consequitur,
1106 2711 1191 2767 vel
1235 2711 1598 2785 lngeltrudem
1649 2725 1761 2769 ter-

196 2800 307 2857 tiam
338 2802 570 2857 istarum
594 2816 837 2857 sororem
890 2802 1181 2858 monialem
1229 2804 1375 2860 haud
1421 2804 1608 2867 fuisse.
1667 2815 1762 2862 aut

196 2903 419 2961 quartam
444 2894 496 2948 in
529 2902 864 2949 testamento
892 2894 1148 2949 omissam
1173 2894 1350 2952 adhuc
1379 2912 1528 2953 essse
1559 2897 1762 2955 admit-

192 2983 412 3048 tendam,
438 2984 516 3039 uti
578 2997 741 3055 supra
793 2981 844 3056 (§
878 2983 967 3053 ll)
1013 2984 1079 3040 de
1131 2986 1320 3055 quinto
1364 2986 1542 3043 adhuc
1590 2985 1762 3042 fratre

198 3071 428 3131 Udalrico
459 3074 756 3143 corticctati
779 3091 987 3131 sumus.

257 3165 325 3221 Ex
363 3169 647 3238 praemisso
681 3177 862 3223 autem
898 3178 1188 3227 stemmate
1224 3179 1371 3244 patet
1402 3188 1508 3244 qua
1549 3174 1765 3229 ratione

188 3255 249 3311 'S.
274 3257 593 3315 Gebhardus
628 3259 681 3313 in
709 3259 980 3316 Chronico
1002 3271 1188 3317 nostro
1215 3277 1383 3332 nepos
1420 3265 1630 3319 dicatur
1656 3274 1764 3321 tam

199 3346 447 3422 Hed'wigis
494 3350 765 3416 ducis-sae,
817 3366 980 3421 quam
1025 3352 1281 3408 Adalardi
1329 3351 1766 3411 Bnochorncnsis

201 3440 417 3503 comitis,
447 3442 929 3512 consanguinitate
968 3451 1200 3509 tantum,
1240 3460 1344 3499 non
1385 3445 1549 3500 etiam
1586 3447 1769 3518 gradi-

198 3528 286 3586 bus
308 3532 652 3603 computatis.
684 3531 941 3600 Quamvis
965 3534 1108 3588 enim
1137 3535 1189 3588 in
1218 3536 1421 3590 chartis
1448 3544 1502 3591 et
1533 3538 1768 3592 maxime

202 3619 564 3691 diplomatibus
594 3623 685 3678 illa
710 3623 970 3694 graduum
1003 3624 1281 3680 distinctio
1312 3626 1631 3696 plerumque
1660 3628 1767 3684 sal-

204 3719 295 3767 tem
318 3712 476 3769 fuerit
502 3714 813 3779 observata,
845 3714 946 3768 alia
976 3722 1154 3769 tamen
1182 3715 1561 3772 chronicorum
1588 3718 1769 3773 medio

202 3804 299 3857 svo
325 3804 458 3859 ratio
498 3804 637 3868 fuit,
675 3818 904 3873 imorum
953 3804 1248 3874 scriptores
1279 3820 1430 3859 more
1469 3805 1768 3861 etiamnum

190 3892 381 3948 usitato
402 3908 597 3949 omnes
627 3894 748 3948 illos
786 3904 996 3964 nepotes
1034 3893 1306 3964 appellare
1337 3904 1768 3961 consueverunt,

205 3981 280 4051 qui
305 3984 484 4053 quovis
506 3981 671 4037 modo
692 3983 1080 4055 consanguinei
1106 3994 1197 4037 aut
1224 3981 1409 4039 affines
1429 3984 1592 4038 etiam
1615 3992 1773 4039 erant

206 4088 262 4127 ex
300 4075 481 4129 eadem
532 4074 709 4143 stirpe
754 4074 1163 4129 descendentes.
1219 4072 1409 4130 litrtun
1451 4089 1578 4129 vero
1630 4075 1772 4130 inter

209 4161 492 4219 Udalrieum
535 4160 557 4218 ι
598 4163 978 4234 Brigantiuum
1015 4173 1072 4218 et
1108 4163 1347 4220 Uzoucm
1397 4163 1455 4219 S.
1498 4162 1771 4223 Gebhardi

206 4261 389 4320 patrem
424 4255 528 4310 alia
568 4255 749 4311 adhuc
791 4255 1071 4326 generatio
1114 4255 1186 4311 sit
1228 4255 1515 4311 inserenda
1541 4296 1556 4322 ,
1599 4272 1721 4313 mox
1751 4296 1769 4324 ,

202 4341 235 4414 '5
262 4346 339 4410 l6,
368 4346 745 4402 discutiemus.

206 4462 207 4465 η
264 4436 364 4491 Sed
397 4437 545 4493 aliud
574 4437 754 4491 adhuc
780 4435 999 4492 dubium
1035 4452 1101 4492 ex
1139 4436 1407 4493 Chronico
1444 4447 1631 4495 nostro
1675 4454 1767 4494 su-

206 4532 407 4594 perest,
452 4529 611 4600 quod
649 4527 939 4586 Udalrieus
983 4543 1170 4585 comes
1212 4528 1265 4583 in
1312 4528 1629 4597 Buochorn,
1681 4532 1769 4587 ubi

210 4616 371 4672 sedem
406 4633 561 4673 suam
598 4618 765 4673 etiam
808 4617 1021 4682 habuit,
1068 4630 1174 4670 non
1214 4616 1516 4688 Suevigena
1563 4618 1731 4674 fuisse
1755 4660 1771 4684 ,

209 4705 292 4759 sed
319 4706 369 4760 in
399 4716 545 4762 terra
590 4705 871 4777 longinqua
903 4706 1180 4761 habitasse
1206 4705 1456 4772 dicatur;
1505 4711 1774 4777 quomodo

213 4795 341 4850 enim
363 4813 467 4852 non
494 4796 799 4867 Suevigena
825 4795 1018 4859 fuerit,
1045 4795 1139 4866 qui
1167 4795 1220 4851 in
1247 4796 1533 4851 Buocborn
1566 4798 1775 4853 habita-

214 4882 395 4942 tiones
417 4885 666 4958 habuit?
699 4885 853 4954 Quod
879 4885 1101 4957 quidem
1140 4885 1303 4943 aliter
1334 4886 1471 4943 solvi
1501 4887 1642 4943 haud
1678 4906 1775 4961 po-

215 4984 310 5034 ιεα
342 4978 588 5050 ιιήεηι-εἰ
623 4979 874 5035 dicamus
914 4979 1059 5035 hunc
1104 4975 1343 5034 Saevum
1383 4979 1591 5050 origine
1629 4981 1776 5037 haud

214 5066 391 5138 fuisse,
426 5073 525 5129 sed
554 5084 679 5128 eum
708 5070 1027 5144 Brigantiae
1055 5071 1110 5126 in
1154 5071 1256 5127 has
1284 5079 1466 5127 terras
1495 5072 1777 5129 advenisse

214 5162 437 5221 atem
461 5166 789 5237 langinqua,
814 5165 908 5225 ubi
944 5165 1097 5236 prius
1126 5163 1487 5230 habitaverat,
1520 5165 1778 5239 illumque

220 5252 342 5312 haud
373 5269 590 5328 semper
614 5257 670 5312 in
699 5256 1017 5322 Buochorn,
1047 5254 1141 5311 ubi
1173 5255 1359 5311 sedem
1394 5255 1656 5322 habebat,
1683 5258 1779 5313 sed

220 5348 270 5370 ιιι·
285 5342 478 5370 ε;.ηιι.-ε
495 5360 551 5370 --
570 5347 837 5370 υ--.ιξ---

888 5348 958 5370 εις
985 5347 1145 5370 -19-...
1180 5347 1378 5370 J21-I..~
1397 5345 1612 5370 -..ι-..λεῖα
1663 5361 1776 5370 ----

1799 4481 1849 4543 D

1855 1877 2060 1948 absque
2101 1876 2456 1937 fundamento
2496 1892 2552 1937 et
2592 1897 2659 1939 ex
2700 1887 2927 1941 cerebro
2972 1888 3299 1959 contingere.
3330 1889 3445 1945 sive

1856 1968 2090 2025 voluisse
2118 1970 2231 2026 sive
2260 1972 2521 2042 potuisse,
2570 1974 2698 2044 quin
2748 1975 3001 2033 falsitatis
3045 1979 3295 2035 admissa:
3319 1982 3439 2053 pia-

1858 2058 1979 2115 culo
2007 2076 2065 2116 se
2088 2073 2384 2131 exponeret
2413 2079 2478 2119 eo
2514 2075 2758 2137 tempore.
2786 2084 2893 2139 quo
2920 2071 3111 2127 eadem
3158 2071 3360 2128 familia
3389 2075 3446 2129 in

1858 2150 2041 2221 plures
2090 2166 2270 2208 ramos
2317 2154 2487 2210 divisa
2536 2159 2843 2214 adhncdmn
2894 2161 3154 2232 vigebat,
3206 2163 3450 2234 adeoque

1861 2232 2052 2297 melius
2080 2257 2240 2314 quam
2273 2260 2415 2301 nunc
2444 2248 2511 2303 de
2539 2264 2667 2303 vera
2694 2251 2812 2322 ejus
2840 2252 3050 2324 origine
3076 2264 3329 2312 constare
3353 2232 3451 2312 de-

1860 2332 2000 2388 buit.
2039 2332 2480 2405 Brigantinorum
2518 2339 2709 2395 saltem
2744 2342 3002 2397 comitum
3041 2356 3163 2399 cum
3202 2344 3453 2403 Carolin-

1860 2419 1996 2491 gicis
2024 2422 2237 2492 regibus
2258 2424 2537 2493 sanguinis
2561 2426 3017 2497 prepinquitatem
3042 2439 3201 2485 extra
3224 2431 3447 2487 dubium

1859 2511 2011 2580 ponit
2064 2526 2205 2583 saepe
2258 2514 2484 2569 citatum
2540 2515 2797 2573 Ludovici
2854 2518 3162 2577 Germanici
3213 2521 3450 2593 diploma

1862 2603 1986 2658 anni
2022 2603 2148 2671 867,
2183 2620 2289 2675 quo
2321 2605 2633 2664 Udalrieum
2671 2609 2882 2666 illarum
2924 2613 3170 2683 partium.
3195 2598 3449 2671 comitem

1862 2707 2095 2767 nepotem
2125 2714 2279 2752 suun:
2310 2699 2616 2769 compellat,
2644 2700 2799 2769 cujus
2824 2704 3041 2773 quidem
3071 2706 3337 2761 rationem
3372 2705 3456 2762 in-

1862 2786 2132 2855 vestigare
2174 2787 2451 2858 hucusque
2496 2789 2696 2861 duplici
2743 2792 2826 2845 via
2874 2795 3222 2848 tentavitnus.
3267 2793 3457 2867 Neque

1859 2889 1992 2930 vero
2029 2884 2259 2933 stemma
2300 2879 2441 2933 istud
2487 2879 2616 2935 olim
2661 2891 2767 2935 tam
2814 2882 3028 2938 celebre
3063 2885 3288 2956 aliaeque
3332 2888 3456 2944 inde

1862 2965 2252 3023 descendentes
2294 2968 2658 3027 discutisatis
2692 2981 2946 3042 poterunt
2968 3014 2983 3040 ,
3021 2976 3256 3031 maxime
3282 2978 3350 3034 ob
3379 2980 3458 3034 to‘t

1871 3056 2221 3126 cognomines
2253 3056 2552 3124 Udalricos,
2584 3062 2726 3130 quod
2754 3078 2947 3117 nomen
2978 3079 3040 3119 ex
3074 3081 3178 3120 una
3207 3067 3259 3120 in
3292 3068 3456 3124 aliam

1797 3125 1843 3203 Ο
1875 3125 2134 3200 familiam
2171 3146 2242 3202 ob
2284 3125 2921 3208 contractas-afﬁnitates
2956 3155 3174 3211 ﬂuxisse
3220 3160 3451 3223 videtur,

1867 3237 2037 3293 donec
2067 3241 2301 3308 genuina
2340 3240 2559 3295 interim
2588 3243 2934 3311 producenda
2974 3246 3299 3304 doctnnenta
3340 3248 3454 3305 rem

1868 3331 1921 3387 in
1947 3326 2190 3403 apricum
2218 3335 2488 3391 deducant
2513 3352 2529 3402 ;
2560 3339 2701 3407 quod
2731 3349 2911 3396 autem
2938 3351 3125 3412 optare
3145 3358 3308 3415 quam
3333 3359 3458 3417 spe-

1867 3440 1990 3480 rare
2011 3425 2223 3482 facilius
2245 3436 2348 3493 est,
2371 3442 2493 3483 cmn
2522 3430 2722 3485 veteris
2742 3429 3075 3489 Alcmanuiae
3103 3436 3300 3492 scrinia
3329 3438 3458 3492 hinc

1869 3517 1994 3572 inde
2024 3517 2249 3572 nimimn
2293 3520 2469 3574 adhuc
2499 3520 2608 3574 sint
2638 3522 2917 3577 obserrata
2946 3564 2961 3589 ,
3001 3527 3199 3595 partim
3232 3524 3460 3599 funestis

1868 3607 2131 3663 bellorum
2164 3618 2218 3663 et
2250 3619 2493 3667 motuum
2525 3611 2907 3669 intestinorum
2932 3618 3150 3672 casibus
3178 3618 3415 3691 expilata
3438 3662 3456 3688 ,

1869 3700 2093 3769 disjecta
2120 3709 2175 3755 et
2201 3702 2482 3757 distracta.

1945 3790 1973 3864 §
2006 3791 2145 3847 XVI.
2201 3811 2221 3846 ι
2252 3793 2327 3848 Ex
2359 3794 2516 3864 hujus
2546 3814 2563 3847 ι
2612 3797 2790 3868 itaque
2822 3798 3060 3857 Udalrici
3097 3814 3116 3854 ι
3153 3805 3398 3872 semine,
3433 3825 3454 3864 ι

1872 3890 1931 3937 ut
1960 3884 2134 3955 pergit
2159 3883 2491 3950 Chronicon,
2527 3904 2546 3937 ‹
2583 3898 2737 3942 natus
2767 3901 2850 3945 est
2879 3888 3027 3946 Uzzo
3061 3894 3179 3962 pius
3207 3904 3264 3951 et
3293 3908 3460 3954 vene-

1872 3972 2060 4027 rabilis
2093 3989 2295 4037 comes,
2329 3974 2420 4044 qui
2455 3975 2733 4031 habitabat
2782 3981 2921 4047 apud
2952 3977 3308 4051 Brigantiam,
3338 3980 3461 4041 loco

1871 4062 1964 4132 qui
1998 4064 2175 4119 adhuc
2216 4064 2400 4118 ruinas
2431 4066 2665 4134 antiqua:
2703 4066 3050 4125 habitationis
3083 4070 3263 4128 habet.
3294 4092 3314 4125 ι
3349 4074 3461 4130 ΑΙ)-

1874 4153 2002 4209 hinc
2029 4155 2191 4208 etiam
2225 4156 2387 4208 intrat
2415 4156 2708 4210 secundum
2738 4158 3065 4231 genealogia:
3097 4161 3256 4232 hujus
3282 4175 3461 4237 syste-

1873 4258 1960 4298 ma
1988 4258 2174 4315 supra,
2204 4242 2232 4316 §
2260 4243 2314 4311 3,
2346 4246 2702 4314 propositum,
2734 4263 2800 4300 ex
2828 4263 2935 4317 quo
2964 4256 3140 4307 tamen
3175 4253 3458 4313 Udalrieus

1876 4337 1965 4392 hie
1992 4353 2081 4392 an.
2115 4337 2218 4393 867
2251 4353 2318 4392 ex
2360 4337 2468 4391 filio
2499 4352 2663 4408 nepos
2695 4348 2902 4393 tantum
2951 4338 3141 4399 fuisset
3174 4342 3466 4407 Udalricii

1875 4428 2227 4499 Argengoviae
2268 4444 2356 4482 an.
2385 4428 2491 4484 802
2528 4429 2742 4484 comitis
2773 4428 2937 4502 285
2975 4441 3029 4487 et
3055 4432 3243 4491 fratris
3280 4436 3465 4492 llilde-

1881 4516 2064 4587 gardis
2102 4518 2320 4589 reginae,
2347 4518 2500 4588 juxta
2516 4529 2766 4574 stemma
2800 4520 2997 4576 ibidem
3034 4524 3354 4580 exhibitura.
3388 4524 3465 4583 Ex

1880 4609 2131 4663 Chronici
2157 4623 2323 4679 porro
2355 4610 2525 4664 nostri
2555 4611 2866 4666 narratione
2898 4611 3207 4687 ambiguum
3239 4616 3322 4684 ηρ,
3350 4606 3466 4671 fac;-

1883 4714 2025 4757 rttne
2059 4699 2339 4756 Udalricus
2374 4701 2479 4756 iste
2515 4702 2795 4771 proximus
2832 4714 2989 4774 pater
3022 4704 3257 4769 Uzonis,
3301 4720 3368 4761 an
3396 4722 3465 4764 ex

1883 4791 1992 4845 (ilio
2020 4804 2153 4845 avus
2182 4799 2423 4855 tantum;
2464 4799 2692 4859 utroque
2718 4793 2862 4847 enim
2895 4792 3057 4849 modo
3091 4792 3312 4867 intelligi
3344 4789 3467 4867 pos—
3540 4818 3555 4831 ε

1883 4892 2012 4939 sunt
2036 4882 2277 4939 Annales
2318 4882 2512 4939 nostri.
2553 4880 2637 4937 Nil
2669 4898 2798 4938 vero
2836 4885 3057 4943 obstare
3096 4885 3311 4945 videtur
3336 4882 3468 4961 quin

1880 4970 1999 5032 Uzo
2029 4967 2172 5030 ﬁlius
2213 4970 2379 5028 fuerit
2427 4968 2600 5042 ipsius
2637 4960 2876 5028 ll'dalrici
2925 4976 3149 5052 contritis
3171 4976 3233 5033 int
3260 4960 3468 5052 urgen-

1879 5078 2031 5138 gcwe
2072 5081 2162 5119 an.
2191 5064 2299 5121 867
2322 5061 2666 5118 ineLudovici
2691 5059 3007 5122 Germanici
3038 5050 3471 5139 dipioma'te'nd-

1880 5157 2028 5214 tati:
2056 5156 2292 5213 maxime
2319 5154 2365 5209 si
2391 5155 2532 5210 idem
2560 5152 2727 5211 fuerit
2751 5170 2874 5218 cum
2905 5156 3161 5216 Udalricu
3187 5163 3384 5219 comite
3414 5162 3470 5221 in

1881 5251 2195 5319 Linzgewe,
2223 5247 2317 5317 qui
2345 5259 2518 5315 usque
2544 5245 2613 5299 ad
2641 5261 2730 5301 an.
2761 5244 2869 5301 902
2893 5253 3135 5308 occurrit
3166 5254 3227 5309 in’
3265 5256 3475 5312 chartis

1888 5341 2029 5370 -..η-Ι
2062 5338 2106 5370 ι’)
2174 5338 2426 5370 “nonani!
2496 5332 2772 5370 “naias-Sno
2820 5338 2926 5370 λιι-

2975 5344 3206 5370 ξιιμ-λιιι..-
3252 5363 3271 5370 μ
3293 5354 3473 5370 ιιι-1-...
