3970 5406
153 323 247 378 εοῖ
967 315 1360 376 ειιιιοΝιοοΝ
1401 314 1720 373 ΡΕΤΕΞὶΞΗ

1803 317 1904 372 lAN
1915 318 2104 374 UM.-—-
2119 316 2476 375 PROCEMIA.
3267 315 3371 376 998

160 435 301 490 «an
347 421 522 490 Welfo
565 443 622 490 et
647 446 832 489 comes
863 432 1146 490 Udalricus
1185 433 1253 488 de
1299 433 1600 504 Brigantia,
1638 439 1694 489 et
1720 436 1772 496 Α
1800 441 2042 503 tempore
2094 422 2209 488 seu.
2243 449 2294 487 a.
2345 433 2480 486 H02
2518 444 2766 501 nepotem
2810 434 2920 501 jam
2975 417 3372 488 adulescentem

153 524 230 578 alii
281 524 623 594 quamplures
673 522 998 576 omnimodis
1047 537 1104 574 se
1151 523 1381 576 invicem
1433 521 1698 575 incendiis
1803 523 2004 578 habere
2036 525 2210 594 potuit
2237 522 2433 576 Baraba
2469 523 2610 578 illius
2642 522 2772 577 filia.

153 617 410 668 devastare
465 612 704 682 aggressi
771 621 916 664 sunt.
960 631 978 663 ι
1041 611 1274 666 Causam
1331 610 1542 665 dissidii
1593 625 1696 663 non
1871 614 2002 680 Quae
2049 615 2212 684 igitur
2253 613 2545 667 Ilrusehius
2596 613 2632 666 1.
2674 629 2721 666 c.
2770 615 2980 678 scribit,
3030 629 3371 683 nequaquam

151 704 334 774 prodit,
381 702 507 756 inde
551 701 692 756 forte
730 701 876 754 enati
921 705 1073 772 quod.
1103 701 1214 770 jam
1269 711 1381 756 tuin
1434 701 1486 754 in
1521 709 1700 771 partes
1799 702 1867 756 de
1909 703 2142 758 Rululfo
2171 705 2380 759 sororio
2410 718 2504 757 seu
2537 703 3006 768 l’fullendorfeusi,
3033 708 3124 757 sed
3155 706 3221 759 de
3257 705 3372 774 ipso

147 794 352 849 Cas-aris
401 791 688 846 inclinaret
717 791 912 855 Welfu,
943 794 1018 846 uti
1050 794 1114 845 de
1140 807 1207 846 eo
1251 792 1420 846 refert
1451 789 1702 845 Berthol-
1807 791 2037 845 lludolfo
2057 791 2372 863 Brigantino
2397 791 2741 861 intelligenda
2767 793 3008 857 veniunt,
3034 793 3243 847 Bertlue
3267 795 3376 847 tilio

142 892 225 937 tius
253 899 337 936 an.
383 883 537 945 l093,
573 899 602 936 a
644 884 839 952 quibus
873 885 1201 938 abhorrebat
1233 880 1541 945 Udalricus,
1571 896 1702 952 pou-
1804 881 1980 953 (Infra
2015 883 2049 935 1.
2091 898 2175 946 ιιι,
2222 885 2249 954 §
2283 882 2371 951 ‘25)
2400 901 2413 935 ;
2461 881 2625 954 294
2669 882 2784 950 qui,
2817 891 2875 936 ut
2924 883 3156 937 somniat
3185 883 3378 937 Lazius

141 977 256 1030 xitici
288 975 562 1029 addictus.
607 974 781 1028 Aliam
823 974 979 1029 affert
1027 974 1087 1028 Ρ.
1127 974 1263 1030 lless
1304 974 1475 1042 (Μοιι.
1520 972 1697 1041 Guelf.
1802 988 1854 1042 p.
1888 971 2013 1035 557,
2039 973 2196 1026 ducta
2231 972 2403 1025 ultimi
2431 974 2644 1026 comitis
2673 991 2700 1025 ιι
2724 972 3060 1028 l’l'nllcmlorf
3083 984 3136 1027 et
3168 974 3379 1044 Signia-

138 1084 180 1136 ιι.
219 1067 356 1138 159),
403 1068 548 1137 quod
575 1065 706 1122 Otto
734 1066 955 1120 ultimus
981 1081 1168 1119 comes
1199 1067 1252 1120 iu
1282 1065 1564 1120 Buocborn
1591 1064 1699 1118 lue-
1804 1061 1992 1131 riugen
2023 1061 2149 1126 filia,
2179 1063 2418 1116 locorum
2450 1062 2662 1115 illorum
2691 1078 2874 1116 comes
2904 1063 3246 1128 sitell'ectus;
3271 1079 3376 1134 qua

139 1160 409 1213 reditatem
459 1175 612 1211 suam
657 1158 883 1212 cesserit
912 1157 1175 1221 Welfnni,
1215 1158 1290 1211 uti
1337 1165 1526 1212 narrat
1564 1173 1699 1210 ιιιιο·
1801 1154 1947 1207 enim
1977 1153 2183 1207 ratione
2209 1153 2379 1207 ultimi
2406 1152 2882 1208 ιδΐιιΙΙοιιιέοιΓριιδίε
2909 1155 3070 1208 filiam
3095 1156 3376 1225 corjugcm

143 1266 315 1320 ryiuus
346 1249 777 1319 \Veingarteusis
812 1265 862 1302 ε.
891 1250 946 1311 8,
975 1247 1004 1320 §
1033 1249 1066 1303 5
1095 1247 1284 1319 (lbid.,
1311 1264 1364 1318 p.
1393 1247 1506 1316 18),
1539 1261 1698 1315 quam
1805 1246 2006 1300 habere
2037 1248 2206 1316 potuit
2241 1246 2610 1315 Brigaulinus,
2649 1248 2802 1317 cujus
2849 1263 3003 1300 soror
3046 1247 3382 1328 Pfullemlor-

141 1354 304 1396 tamen
352 1342 454 1396 sibi
506 1339 686 1411 potius
736 1341 861 1411 jure
916 1341 1346 1410 propinquitatis
1391 1347 1703 1407 competere
1805 1336 1940 1391 feusi
1975 1347 2137 1408 nupta
2181 1340 2412 1391 alterum
2442 1338 2683 1406 ejusdem
2733 1339 2947 1393 familie
2977 1343 3228 1396 comitem
3257 1357 3381 1411 pro-

140 1433 455 1487 existimarit
483 1431 765 1487 Udalricos
788 1430 1155 1499 Brigantinus.
1189 1430 1378 1484 Utrum
1405 1439 1586 1482 autem
1617 1429 1704 1482 hic
1805 1430 2038 1499 genuit?
2071 1429 2180 1483 Nec
2229 1429 2436 1500 uspiam
2471 1427 2761 1483 Rulloll’um
2814 1429 2956 1485 litate
3007 1431 3382 1503 Brigantiuum

145 1523 362 1578 Udalrici
409 1523 646 1577 senioris
687 1523 850 1585 filius,
900 1529 994 1574 aut
1038 1521 1212 1588 magis
1255 1536 1319 1574 ex
1365 1519 1564 1575 Ottoue
1593 1519 1704 1572 lilio
1805 1519 2060 1572 cotiiitem
2106 1535 2318 1588 quoque
2361 1537 2389 1571 ιι
2434 1519 2772 1597 [’fnllemlot'f
2815 1522 3139 1590 appellatum
3180 1523 3377 1593 reperi,

141 1631 287 1686 nepos
319 1613 586 1669 dicendus
615 1616 704 1677 sit,
735 1613 890 1684 uti_iu
923 1614 1168 1680 sequenti
1202 1613 1480 1665 schemate
1505 1625 1706 1681 genea-
1806 1611 1899 1663 sel
1927 1625 2111 1664 errore
2151 1611 2415 1664 duntaxat
2460 1613 2820 1667 recentiorum
2869 1615 3198 1684 scriptorqu
3232 1624 3380 1668 utero

139 1705 292 1774 lngico
324 1705 522 1759 merito
550 1699 913 1774 suspicamur,
943 1702 1064 1757 aliis
1104 1702 1508 1773 disquirendum
1537 1701 1698 1755 relia-
1805 1717 1912 1769 que
1945 1701 1996 1754 in
2046 1718 2206 1755 uuam
2244 1718 2530 1773 personam
2561 1705 2781 1758 coaluit.
2818 1706 3038 1759 Factam
3067 1706 3119 1761 il
3152 1706 3386 1762 maxime

135 1798 352 1867 (primus.
1728 1783 1778 1845 Β
1805 1799 1885 1843 est
1912 1800 2218 1861 postquam,
2250 1803 2460 1849 mortuo
2487 1793 2719 1848 lludolfn
2749 1795 3082 1865 Brigantiam,
3105 1811 3213 1866 quo
3241 1814 3383 1850 anno

167 1886 354 1958 s293
399 1884 656 1958 ἔχων.
705 1885 1016 1941 Udalricunt
1063 1887 1119 1941 in
1172 1885 1341 1957 Augia
1389 1885 1701 1956 Brigantina
1808 1885 2092 1948 imcrtum,
2125 1888 2262 1942 bona
2307 1887 2428 1953 ejus
2472 1889 2539 1942 ad
2591 1888 2878 1943 Rtululfum
2927 1892 2992 1944 de
3052 1888 3394 1946 I’f:.llendorf

134 1978 350 2046 majore,
386 1995 480 2031 seu
518 1982 790 2042 liererau,
833 1979 920 2032 ubi
957 1979 1196 2048 sepultus
1233 1989 1349 2044 est,
1392 1981 1558 2032 vitam
1593 1992 1706 2030 mo-
1807 1991 1904 2031 ceu
1933 1977 2137 2030 sororis
2161 1994 2270 2033 sine
2299 1978 2466 2033 ﬁlium
2495 1979 2743 2032 devoluta
2779 1989 2920 2042 sunt,
2954 1997 2982 2034 a
3006 1997 3115 2052 quo
3148 1994 3390 2052 tempore

137 2072 383 2125 itasticam
420 2071 741 2134 instituisse,
794 2085 915 2124 cum
961 2070 1251 2124 llertboldo
1297 2071 1501 2138 pariter
1544 2069 1706 2124 chro-
1809 2069 1896 2122 hic
1930 2070 2086 2122 modo
2121 2086 2305 2125 comes
2335 2070 2720 2141 Brigantinus,
2765 2073 2924 2127 modo
2958 2075 3024 2128 de
3054 2074 3396 2132 Pfullcndorf

135 2165 432 2234 nographus
467 2173 653 2216 uoster
681 2172 932 2230 testatur,
965 2163 996 2215 1.
1030 2179 1113 2226 ιιι,
1145 2162 1174 2234 §
1201 2163 1262 2217 l9
1292 2178 1431 2230 seq.,
1464 2177 1562 2215 uec
1598 2177 1704 2215 non
1809 2170 2170 2230 nuncupatur,
2197 2173 2380 2234 utpote
2408 2164 2693 2232 utriusque
2715 2166 3008 2219 comitatus
3039 2167 3231 2221 Iuercs.
3257 2166 3389 2234 Quae

137 2256 420 2310 llruschius
449 2255 650 2323 aliique
676 2271 798 2310 eum
829 2256 1028 2320 secuti,
1057 2268 1118 2308 ut
1151 2267 1330 2308 tamen
1371 2255 1486 2310 lucc
1520 2255 1585 2308 dc
1617 2269 1704 2308 δω-
1806 2252 2026 2320 quidem
2075 2255 2257 2308 omnia
2300 2267 2486 2325 aperte
2533 2256 2928 2310 confirmantur
2977 2269 3042 2310 ex
3097 2257 3392 2326 diplomate

133 2347 292 2399 cumla
342 2345 659 2399 fundalione
683 2387 698 2410 ,
748 2363 840 2400 seu
897 2346 1084 2416 prima:
1132 2349 1340 2418 pridem
1386 2346 1499 2416 jam
1551 2346 1706 2400 facta:
1807 2341 2070 2398 Friderici
2095 2344 2117 2398 l
2145 2346 2273 2414 imp.
2303 2363 2391 2400 an.
2431 2347 2567 2402 1170
2600 2346 2764 2417 (apud
2790 2345 2852 2400 ι).
2883 2347 3129 2418 llcrrgott
3156 2366 3209 2402 ιι.
3235 2348 3385 2420 240),

140 2439 525 2494 restauratioue
585 2439 789 2493 rectius
841 2439 1161 2509 intelligant.
1221 2439 1494 2493 Abel-rant
1551 2453 1703 2502 vero,
1808 2449 1917 2502 quo
1969 2441 2272 2506 susceptain
2307 2439 2375 2492 ab
2403 2438 2640 2508 Eginonc
2685 2439 2931 2493 Curieusi
2979 2440 3234 2510 episcopo
3281 2440 3384 2495 Cu-

139 2532 252 2582 dum
284 2532 336 2583 id
357 2531 424 2583 ad
450 2546 650 2583 aunmu
684 2529 820 2584 1098
847 2532 1188 2600 consignant,
1217 2545 1328 2599 quo
1355 2528 1470 2597 jam
1497 2528 1709 2583 obierat.
1811 2525 2046 2580 rienscm
2072 2526 2412 2580 advocationi
2443 2527 2724 2583 Friderico
2752 2527 2870 2584 lilio
2901 2545 2998 2584 suo
3031 2530 3241 2584 Suerize
3267 2530 3392 2586 duci

137 2617 428 2684 Udalricus,
453 2635 614 2689 quem
643 2619 930 2689 Βιὶεειιιιὶω
949 2620 1105 2674 simul
1131 2619 1516 2674 etlthmzorum
1542 2619 1708 2673 cotui-
1807 2629 1876 2670 co
1913 2615 2039 2686 jure
2091 2618 2386 2681 concessit,
2427 2636 2445 2667 ι
2471 2633 2578 2686 quo
2616 2633 2736 2671 eam
2774 2634 2957 2673 comes
3014 2618 3278 2674 [lodnlfus
3325 2620 3394 2675 de

140 2719 238 2761 tem
258 2719 523 2776 statuunt,
553 2711 696 2779 quod
728 2711 844 2780 ejus
861 2710 1222 2765 comitatusin
1256 2711 1515 2765 lihzctiam
1539 2725 1707 2778 ttsque
1810 2704 2112 2775 Bregcnzo,
2143 2717 2197 2760 et
2223 2707 2564 2775 postmodum
2597 2723 2777 2762 comes
2808 2707 3071 2763 Rodoll'us
3113 2710 3177 2765 de
3224 2709 3392 2764 Phol-

138 2811 250 2851 sesc
296 2800 630 2860 extenderit,
681 2808 740 2852 ut
781 2807 929 2868 patet
957 2815 1020 2853 ex
1052 2800 1342 2868 diplomate
1389 2799 1607 2854 llcnrlci
1640 2797 1705 2852 IV
1810 2793 2029 2848 lemlntf
2050 2795 2349 2850 obtinuisse
2381 2797 2736 2866 dignoscitur,
2767 2819 2786 2849 ι
2837 2800 2926 2866 qui
2958 2800 3045 2854 hic
3071 2799 3234 2854 etiam
3263 2801 3391 2854 Stib-

137 2904 231 2959 pro
259 2891 582 2945 monasterio
607 2890 920 2945 Fabariensi
957 2907 1045 2944 an.
1075 2891 1236 2956 1093,
1286 2893 1425 2962 apud
1455 2892 1513 2946 P.
1546 2891 1708 2945 llerr-
1809 2887 2070 2941 scribitur
2093 2888 2167 2940 uti
2198 2897 2252 2941 et
2288 2887 2341 2941 in
2365 2888 2538 2943 altero
2569 2891 2694 2942 anui
2733 2889 2869 2943 H52
2913 2890 2990 2961 (1.
3024 2907 3100 2955 c.,
3133 2909 3186 2945 ιι.
3215 2892 3382 2964 235),

137 2990 245 3050 gott
284 2998 335 3034 ιι.
382 2982 502 3044 1111,
552 2984 604 3036 iu
637 2997 744 3051 quo
789 2981 1042 3036 Curvalia
1074 2984 1126 3036 in
1171 2984 1432 3038 comitatu
1464 2981 1722 3036 Odnlriri
1810 2979 2073 3035 llodnlfns
2123 2991 2302 3035 autem
2344 2982 2625 3037 Curicusis
2669 2999 2762 3036 seu
2819 2982 3160 3054 Brigantiuus
3211 2984 3388 3039 adhuc

134 3072 330 3125 comitis
357 3074 420 3124 de
451 3072 747 3142 Bragauim
781 3074 883 3127 sita
913 3074 1129 3127 dicitur.
1156 3073 1356 3129 lstluec
1382 3075 1705 3130 restauratio
1811 3087 1902 3125 an.
1935 3072 2070 3125 1127
2113 3082 2330 3128 notatur
2363 3074 2495 3141 (1b.,
2527 3091 2580 3127 ιι.
2611 3075 2760 3146 9.08).
2797 3075 2909 3130 lloc
2939 3085 3123 3145 postea
3153 3084 3389 3142 mortuo,

141 3167 188 3217 in
209 3163 371 3218 Callia
396 3166 621 3232 Christ.,
650 3177 692 3219 t.
723 3166 783 3230 ν,
812 3184 861 3237 p.
895 3169 1018 3229 972,
1054 3169 1122 3222 ad
1152 3185 1244 3222 au.
1283 3168 1418 3222 1097
1453 3167 1703 3231 refertur,
1732 3162 1781 3224 C
1811 3175 1865 3218 ct
1891 3165 2130 3218 mascula
2159 3166 2328 3234 stirpe
2363 3165 2806 3236 Brigantiuorum
2834 3169 3124 3233 exstincta,
3161 3169 3225 3222 ad
3249 3166 3397 3222 Pful-

139 3260 276 3326 quod
329 3258 464 3312 forte
513 3259 581 3313 de
630 3259 858 3315 ecclesia
907 3276 970 3315 ex
1024 3261 1290 3332 lapidibus
1341 3262 1597 3316 ardilieaei
1642 3263 1709 3316 ab
1815 3256 2189 3315 lenderfeuses
2217 3273 2314 3330 per
2344 3258 2516 3312 ultimi
2547 3258 2844 3328 Brigantiui
2892 3260 3077 3323 tiliam,
3109 3269 3163 3314 et
3190 3261 3395 3329 pariter

143 3348 384 3407 Ualalrlco
428 3353 702 3424 cmptatl.
747 3369 821 3418 ιι,
872 3354 1041 3427 ἧὲἰ)
1086 3355 1515 3426 intelligendum,
1549 3372 1710 3426 quam
1813 3368 1912 3422 per
1961 3367 2151 3407 norum
2201 3355 2456 3422 postremi
2513 3352 2727 3407 Rudolli
2778 3353 2943 3408 ﬁliam
2991 3353 3124 3409 ltam
3172 3355 3396 3410 Alberto

146 3439 260 3494 dein
310 3442 535 3511 perfecit
583 3443 898 3512 Rudolpbus
933 3443 1164 3498 Udalrici
1205 3456 1259 3499 et
1297 3445 1512 3499 Berthre
1547 3447 1710 3509 illius,
1815 3449 1999 3502 comiti
2068 3459 2309 3517 nuptam,
2361 3461 2550 3502 omnes
2607 3447 2819 3502 illorum
2883 3448 3254 3518 possessiones
3320 3449 3391 3504 ad

147 3547 230 3584 au.
279 3534 413 3587 1125
460 3535 528 3589 ab
576 3532 833 3589 Udalrico
869 3537 1126 3605 episcopo
1165 3538 1565 3606 consanguineo
1616 3553 1714 3590 suo
1818 3538 2261 3611 llabsburgeuses
2291 3556 2357 3594 eo
2389 3541 2546 3593 modo
2573 3540 2927 3603 devenerunt,
2961 3557 3068 3609 quo
3107 3542 3256 3609 prius
3280 3541 3392 3610 jam

151 3634 544 3690 consecratam;
587 3639 709 3678 cum
743 3625 856 3694 jam
902 3618 1055 3694 prius
1083 3627 1227 3680 circa
1261 3643 1350 3679 au.
1399 3627 1529 3681 1090
1565 3627 1713 3681 clau-
1821 3629 2088 3698 Dilingaui
2120 3645 2215 3698 per
2244 3629 2596 3684 Adi-Ilicidam
2639 3631 2879 3684 ultimam
2915 3632 3179 3686 ΙιωιΌιίριιι
3224 3631 3275 3685 in
3321 3631 3400 3684 al-

152 3723 308 3768 strum
367 3724 418 3768 et
480 3716 784 3769 oratorium
849 3715 1084 3786 ligneum
1141 3717 1341 3772 ibidem
1398 3715 1562 3771 fuerit
1625 3733 1711 3771 cx-
1816 3731 1934 3774 tera
1963 3721 2131 3790 stirpe
2153 3723 2410 3776 comitum
2440 3722 2493 3775 in
2519 3721 2859 3776 Wintcrtliur
2882 3733 2935 3776 et
2959 3722 3164 3793 liiburg
3186 3737 3401 3777 succes-

150 3811 396 3859 structum
431 3807 504 3874 (l.
536 3823 620 3871 ιιι,
652 3825 703 3860 ιι.
733 3807 844 3872 20).
873 3807 1045 3862 l’orro
1068 3808 1434 3879 distinguendi
1480 3808 1568 3862 hic
1590 3818 1717 3863 sunt
1821 3823 2036 3875 serunt,
2067 3828 2185 3882 qua:
2222 3814 2437 3869 tandem
2466 3824 2520 3867 et
2556 3813 2669 3882 ipsa
2700 3812 3208 3883 llabsburgeusibus
3235 3813 3404 3866 obve-

152 3894 251 3949 duo
299 3898 506 3954 Budolli
551 3903 784 3955 comites
813 3904 889 3955 ‘ex
940 3903 1139 3957 Ottoue
1178 3903 1244 3958 de
1283 3903 1342 3956 S.
1378 3903 1579 3967 Blasio,
1622 3904 1714 3973 qui
1822 3915 2043 3959 nerunt.
2075 3903 2341 3959 Caeterum
2389 3905 2652 3960 Rudolzns
2684 3905 2786 3958 iste
2827 3905 2893 3958 de
2923 3904 3200 3973 Brigantia
3229 3902 3402 3960 Uda!-

150 4000 260 4053 cap.
298 3989 357 4042 2i
389 3992 454 4043 ad
495 4007 587 4045 an.
634 3993 769 4046 1167
798 3995 868 4048 ita
901 3995 1132 4049 scribit:
1171 4013 1188 4045 ι
1240 3993 1504 4050 Rndolfus
1534 4010 1718 4051 comes
1821 3996 1918 4049 rici
1952 3994 2094 4048 filius
2142 3995 2188 4048 is
2235 3995 2347 4064 ipse
2391 4004 2496 4057 est,
2530 4009 2688 4062 quem
2725 3994 2865 4047 inter
2898 4003 2952 4047 et
2996 3993 3302 4048 Udalricum
3331 3993 3396 4059 11,

151 4075 218 4128 de
246 4079 596 4137 Phullendorf
627 4086 871 4140 smorius
895 4086 1111 4140 comitis
1144 4085 1355 4141 Rudolli
1390 4087 1456 4142 de
1489 4089 1716 4158 llregau-

1829 4087 2130 4156 epise0pum
2158 4102 2187 4139 c
2215 4085 2461 4153 D..Blasii
2491 4087 2757 4140 monacho
2780 4100 2834 4139 ιι.
2860 4085 2994 4140 1127
3018 4086 3397 4153 electum,dis-

153 4168 219 4220 tia
243 4174 414 4228 omnia
455 4177 656 4244 praedia
694 4193 789 4231 sua
819 4177 1052 4232 hazredis
1087 4177 1205 4233 loco
1236 4178 1549 4248 imperatori
1582 4179 1720 4252 [Fri-
1818 4178 2004 4232 cordia
2042 4175 2260 4230 subortu
2291 4185 2404 4239 est,
2434 4184 2696 4244 praetextu
2741 4177 3096 4246 quoruuulam
3135 4159 3398 4231 uouet-53':

153 4261 382 4340 dericol]
412 4271 689 4324 tradidit.»
720 4271 856 4336 Quid
881 4285 1012 4326 vero
1035 4286 1129 4341 per
1151 4274 1410 4325 sororium
1429 4272 1718 4343 intelligat,
1821 4285 1941 4340 quae
1971 4270 2027 4324 S.
2055 4269 2373 4325 Gebhardus
2407 4269 2674 4337 quondam
2706 4284 2772 4323 cx
2811 4285 2904 4322 sua
2941 4270 3255 4323 luereditate
3279 4268 3398 4323 Bri-

156 4353 203 4407 in
226 4372 341 4412 mox
369 4363 800 4430 prmeedentibus
823 4363 1088 4427 declarat,
1119 4365 1243 4418 dum
1275 4365 1526 4419 eumdem
1558 4364 1719 4435 itupe-
1823 4361 2047 4431 gantiua
2073 4361 2402 4415 tuonasterio
2434 4360 2826 4416 Petershausen
2854 4361 3098 4425 dimovit,
3129 4370 3182 4414 ut
3209 4360 3402 4415 scribit

157 4457 378 4504 nitorem
414 4454 678 4506 sororium
701 4453 962 4524 Welfouis
1001 4454 1264 4524 appellat,
1305 4455 1470 4510 filium
1513 4456 1716 4511 scilicet
1826 4451 2054 4506 Manlius
2084 4451 2134 4505 in
2163 4451 2452 4514 Chronico,
2482 4465 2545 4504 ac
2576 4451 2821 4505 meminit
2847 4451 3009 4504 etiam
3043 4461 3227 4505 noster
3256 4450 3292 4504 l.
3321 4465 3417 4515 ιν,-

158 4541 347 4598 sororis
384 4542 653 4598 Welfonis
707 4543 978 4608 ludithaa,
1026 4561 1090 4600 ac
1146 4545 1266 4600 filiae
1313 4546 1526 4602 llenriei
1569 4545 1715 4617 Nigri
1749 4527 1797 4585 Ῑ)
1826 4545 1855 4618 §
1887 4545 1977 4600 30.
2011 4544 2149 4613 Quid
2180 4559 2343 4612 porro
2377 4554 2557 4599 actum
2585 4544 2654 4597 sit
2681 4544 2746 4597 de
2770 4542 3023 4599 Utlalrico
3055 4541 3266 4596 ltudolﬁ
3299 4540 3406 4598 fra-

159 4623 382 4688 Bat'arite
423 4635 596 4690 ducis.
649 4633 815 4707 Igitur
845 4646 898 4690 et
944 4637 1032 4692 hic
1071 4635 1337 4692 Iiudolfus
1383 4636 1718 4691 l’fullemlor-
1825 4645 1936 4697 tre,
1999 4649 2099 4689 nos
2146 4636 2304 4697 latet;
2352 4635 2446 4689 sed
2487 4649 2611 4687 cum
2663 4646 2874 4688 mature
2923 4644 3191 4687 mortumn
3237 4632 3409 4707 fuisse

156 4714 314 4777 feuSEs
340 4725 475 4780 filius
503 4735 627 4781 erat
653 4729 859 4782 sororis
887 4727 1099 4783 Budolti
1123 4729 1461 4799 Brigantini;
1500 4731 1640 4784 unde
1664 4739 1719 4783 ct
1823 4727 2193 4796 suspicamur:
2225 4740 2383 4781 secus
2408 4727 2553 4781 enim
2583 4725 2650 4779 ad
2673 4725 2835 4778 aliam
2862 4724 3119 4779 familiam
3145 4741 3248 4779 ιιοιι
3277 4704 3402 4794 ρει-ἶ

155 4810 430 4872 Bruschius
459 4820 514 4874 in
545 4819 718 4891 Augia
748 4820 880 4874 Alba
911 4819 1229 4891 Brigantiae
1261 4821 1568 4878 Udalricum
1600 4821 1720 4875 Bri-
1824 4818 2063 4874 venisset
2083 4818 2184 4874 iste
2208 4819 2522 4880 comitatus,
2549 4818 2594 4871 si
2623 4817 3034 4886 supervixisset,
3067 4826 3161 4872 aut
3185 4831 3416 4873 ntascu-'

153 4906 310 4970 gantii
339 4910 616 4974 comitem,
668 4910 758 4980 qui
791 4925 938 4964 anno
986 4910 1119 4965 1097
1159 4911 1318 4977 obiit,
1366 4919 1514 4966 recte
1561 4926 1718 4964 avuin
1825 4908 1936 4963 lum
1974 4909 2164 4963 saltem
2196 4910 2466 4964 lueredem
2493 4909 2818 4978 reliquisset.

155 4992 279 5050 dicit
324 4996 531 5053 Rudolﬁ
567 5015 597 5052 τι
644 4997 1007 5063 Pfullendorf,
1052 5011 1258 5069 patrem
1289 5000 1499 5056 scilicet
1534 5001 1722 5054 matris
1898 5003 2078 5071 Atque.
2101 5001 2340 5066 liwcjam
2366 5001 2553 5056 ultima
2586 5001 2639 5054 in
2667 4998 2937 5058 Chronico
2965 5010 3155 5056 nostro
3183 5011 3267 5056 est
3290 5000 3417 5084 Bri:

154 5082 285 5150 ejus,
311 5103 466 5158 quam
493 5089 869 5145 Elisabetham
917 5089 1155 5143 nominat
1181 5130 1196 5156 ,
1225 5105 1469 5146 sororem
1504 5089 1714 5147 Rndolll
1832 5094 2176 5165 gauliuoraui
2201 5092 2484 5158 comitum,
2511 5094 2652 5148 unde
2677 5102 2832 5148 ortus
2860 5091 2962 5144 fuit
2985 5092 3047 5147 S.
3072 5082 3412 5159 Gebhardus,

152 5169 462 5246 Brigantini.
492 5181 572 5237 Ex
605 5181 709 5238 hoc
742 5183 865 5252 ipso
897 5188 1074 5233 autem
1115 5183 1412 5241 subsistere
1455 5191 1729 5255 nequeunt
1833 5185 2067 5250 mentio;
2118 5198 2348 5254 quorum
2398 5184 2596 5241 seriem
2652 5185 2706 5240 in
2754 5181 3014 5245 Rudull'o,
3068 5197 3127 5241 ut
3183 5187 3408 5253 videtur,

151 5275 266 5302 all‘n
301 5268 433 5302 LIom
466 5270 759 5302 ηιηιοηιιῖη·
845 5267 860 5302 1
893 5281 945 5302 ’Δ
997 5269 1169 5302 coit-Idl
1250 5273 1315 5302 ’.Α
1365 5274 1456 5302 ἶΙΙΛ
1496 5269 1719 5302 ηιιιΙιιΙθΛ

1839 5273 2156 5302 ηυρίῖ-υιίηηί
2205 5285 2302 5302 una
2365 5286 2460 5302 nlu-
2520 5270 2746 5302 ullos-Lua
2796 5274 3179 5302 novaculis-:0”...
3255 5288 3407 5302 -..Ασ-
