3970 5406
554 356 665 416 299

1304 354 1666 415 'APPENDIX
1704 356 1797 414 AD
1836 344 2228 415 cnnomcon
2270 356 2629 416 HERMANNI
2665 337 3076 420 coma/ten.

3715 336 3816 411 ςω

552 492 724 549 quens
767 477 1116 550 proponimus
1169 484 1397 531 stemma
1451 474 1855 547 genealogicum
1906 475 2129 530 istorum
2169 476 2426 532 comitum
2492 476 2614 532 inde
2652 492 2680 531 a
2734 486 2885 546 patre
2949 477 3006 533 S.
3056 475 3364 544 Gebhardi,
3406 477 3654 541 omissis,
3704 491 3815 545 qua

550 570 802 659 superius
831 567 861 642 ᾗ
896 568 961 624 ll
979 566 1090 639 jam
1123 576 1307 623 notata
1339 576 1483 621 sunt.

1544 677 1829 733 STEMMA
1883 678 2199 736 COMITUM
2252 678 2824 737 BRICANTINORUM

1871 786 1902 825 Δ
1941 785 2119 824 PATRE
2156 787 2203 825 S.
2243 785 2506 826 GEBHARDI

1689 862 1821 912 Sec.
1859 877 1885 911 κ
1923 875 2082 926 usque
2107 863 2164 911 ad
2191 863 2337 914 ﬁnem
2362 864 2505 927 hujus
2525 866 2690 927 stirpis

1780 961 1850 998 ea:
1874 943 2134 999 Chronico
2164 944 2576 1000 Peters/insano.

1036 1029 1178 1090 υΖο
1208 1048 1301 1089 seu
1328 1028 1638 1090 ‘Udalricus.

620 1121 675 1180 1.
716 1121 1002 1193 Udalricus
1030 1138 1214 1178 comes
1498 1123 1549 1177 2.
1592 1122 1951 1193 Marquardns

724 1192 1067 1266 Brigantinus
1092 1193 1131 1263 1-
1462 1263 1485 1266 A
1531 1263 1543 1266 _
1564 1192 1754 1266 comes
1785 1196 1838 1250 in

866 1265 990 1321 9'18.
1437 1263 1992 1320 Coldinnishundere.

730 1353 1014 1411 Udalricus
1044 1367 1227 1425 comes
1249 1352 1619 1425 Brigantinus.
1647 1355 1959 1410 alterutrius

1030 1424 1221 1479 fratris
1254 1424 1397 1480 lilius
1425 1441 1477 1479 a.
1513 1425 1672 1480 1045.

805 1534 932 1594 Otto
956 1535 1124 1607 (705')
1153 1535 1584 1663 comesoglgnetim
1612 1536 1889 1594 Cnriensis

723 1732 731 1746 ‘
761 1723 1043 1795 Udajricus
1067 1722 1359 1794 Brigantiae
1384 1738 1569 1780 comes
1595 1726 1635 1795 1-
1663 1741 1714 1779 a.
1757 1725 1913 1782 1097.

862 1793 1060 1850 Bertha
1086 1793 1241 1849 uxor.

542 1906 861 1979 Budolphns
892 1920 1080 1979 comes
1226 1903 1533 1961 Udalricus.
1747 1905 2054 1962 Elisabetha

541 1975 833 2050 Brigantiae
859 1993 912 2032 a.
942 1975 1102 2032 “27.
1713 1991 1870 2050 soror
1889 1987 2060 2050 nupta

682 2064 687 2069 ‘
774 2046 777 2049 ’
1718 2046 1903 2101 comiti
1921 2046 2066 2101 Pful-

1713 2115 2065 2173 lendorlcnsi.

1220 2301 1641 2375 Bndolplmsde
1664 2299 2025 2375 Pbullendorf

1325 2372 1414 2428 ux'.
1449 2372 1678 2429 Wllildis
1705 2373 1968 2429 Guellica.

1421 2484 1498 2541 Ita
1526 2484 1656 2550 lilia,
1696 2501 1833 2540 uxor
1857 2485 2062 2542 Alberti

1438 2558 1652 2612 comitis
1684 2558 1754 2612 de
1782 2556 2046 2630 Hasbnrg.
2100 2586 2107 2590 θ

2384 1019 2827 1095 ΤΗΙΕΙῘΡΗΒΟΑ
2860 1053 3016 1095 uxor.

2336 1192 2341 1195 ν
2376 1124 2431 1181 3.
2464 1122 2768 1211 Luitfridus

2448 1210 2632 1251 comes
2662 1210 2715 1253 111

2376 1262 2740 1323 Wintertbur.

2313 1356 2699 1426 Marquardns,
2725 1374 2817 1416 seu
2842 1360 3160 1424 Lnill'ridus,
3189 1378 3372 1420 comes

2345 1427 2398 1482 in
2429 1427 2768 1485 Wintertllur
2793 1442 2849 1487 et
2885 1431 3089 1504 Kiburg
3117 1433 3290 1506 (705).

2307 1540 2636 1614 Adalbert-us
2669 1544 2986 1602 alterutrins
3013 1546 3172 1614 filius,
3209 1564 3390 1605 comes
3421 1550 3476 1606 in

2369 1612 2712 1670 Wintertbur
2741 1626 2797 1671 et
2826 1615 3050 1689 Kiburg.
3079 1619 3120 1690 1-
3152 1612 3205 1674 ἐι.
3234 1619 3393 1677 1055.

2305 1729 2621 1786 Adelheidis
2645 1745 2786 1787 uxor
2812 1730 3141 1789 ﬂartmanni
3177 1736 3414 1792 senioris
3449 1737 3516 1794 de

2375 1798 2640 1872 Dilingen.

3088 1128 3144 1183 1.
3178 1127 3238 1185 S.
3261 1128 3583 1189 Gebbardus
3610 1145 3712 1202 rp.

3271 1202 3554 1259 Constant.
3660 1200 3717 1255 Va.

3417 1274 3544 1331 995.

2302 1910 2611 1967 Adelheidis
2709 1913 2994 1971 Udalricus
3091 1916 3457 1977 Hartm‘annus
3561 1917 3823 1977 Auelber-

2254 2024 2259 2027 ·
2310 1981 2628 2055 υμιεβπυεετιιο
2750 2052 2763 2055 Α
2793 2001 2882 2055 θρα
3105 1987 3315 2045 Iunior.
3532 2004 3631 2050 lus
3668 1988 3826 2045 Oili".

2311 2053 2405 2107 rici
2434 2054 2499 2107 de
2520 2051 2629 2108 Gs-
2735 2051 3019 2115 Constant.
3535 2072 3733 2121 [tensis
3776 2072 3827 2115 et

2304 2123 2626 2196 mertingcn.
3519 2123 3825 2203 Kilmrfeu-

3525 2207 3609 2262 εἰς
3631 2206 3823 2261 liter“.

2299 2304 2621 2362 Adellierlus
2650 2306 2716 2363 de
2747 2306 3158 2373 Gamertingen.

2304 2374 2588 2433 Udalricus
2611 2378 2678 2434 de
2702 2379 2950 2435 Acbalm.
3048 2414 3053 2423 ι
3083 2431 3093 2446 ,

609 2700 834 2776 2965
867 2698 1035 2757 XXV.
1060 2698 1381 2771 Priusquam
1407 2664 1768 2769 disqmsitioni
1796 2697 1919 2754 huic
1966 2698 2124 2754 linem
2155 2705 2203 2768 Α
2233 2711 2378 2770 runt,
2401 2718 2565 2775 quam
2592 2700 2754 2760 aliam
2789 2704 3156 2763 baereditalem
3187 2706 3600 2779 acquisierunt?
3622 2696 3819 2767 Verum

538 2794 897 2864 imponanms,
913 2799 1083 2848 restat
1123 2786 1454 2847 utFuesslini
1480 2799 1746 2846 assertum
1769 2790 2123 2873 discutiamus

422 2891 427 2896 ’
534 2887 602 2942 de
630 2886 889 2963 Cnonone
929 2885 1146 2952 comite,
1180 2885 1270 2955 qui
1309 2885 1361 2939 in
1392 2884 1661 2940 Chronico
1699 2893 1889 2940 nostro
1937 2885 2005 2956 (l.
2038 2901 2120 2951 Ill,

534 2994 589 3057 n.
618 2962 779 3048 sic:
820 2976 1119 3034 concubina
1168 2986 1323 3047 pater
1348 2975 1518 3033 fuisse
1561 2976 1763 3033 dicitur
1800 2976 2120 3033 Theoderici

539 3088 630 3127 an.
672 3072 808 3129 1086
851 3071 1234 3127 Petershnsani
1286 3072 1521 3138 abbatis,
1580 3072 1814 3128 Luitoldi
1872 3083 1927 3128 et
1977 3071 2122 3128 Mar-

533 3150 752 3236 Quanti,
781 3180 917 3235 quos
941 3164 1075 3219 duos
1100 3163 1318 3218 ultimos
1367 3174 1480 3232 post
1511 3164 1707 3218 obitum
1745 3164 1909 3235 patris
1954 3166 2010 3219 in
2031 3164 2124 3235 jus

537 3253 863 3309 Hartmanui
901 3254 1105 3309 comitis
1160 3254 1224 3307 de
1274 3253 1518 3324 Dilingen
1564 3255 1798 3310 cessisse
1838 3256 1914 3309 ait
1952 3255 2127 3326 scrip-

535 3356 641 3410 tor,
686 3361 745 3399 eo
794 3344 933 3415 quod
962 3343 1263 3423 emancilla
1315 3345 1423 3398 nati
1450 3354 1642 3398 essent.
1695 3344 1821 3401 llaec
1854 3346 1930 3400 ita
1976 3346 2128 3402 acci-

536 3437 732 3510 pienda
765 3439 1022 3504 arbitror,
1050 3448 1109 3493 ut
1138 3438 1230 3492 lilii
1265 3438 1358 3502 illi,
1393 3454 1493 3493 ceu
1518 3438 1779 3510 illegitimi
1821 3450 1877 3494 et
1904 3439 2126 3508 insuper

536 3547 604 3587 ex
637 3530 829 3586 ancilla
871 3530 1222 3602 (Hartmanni
1260 3530 1444 3600 utique
1479 3530 1725 3599 subdita)
1757 3526 2001 3599 nati,jns
2027 3546 2125 3600 pa-

538 3632 709 3691 ternae
739 3622 1072 3678 ltwreditatis
1120 3622 1404 3676 amiserint
1448 3622 1514 3675 ad
1565 3621 1925 3693 Dilingensem
1959 3622 2128 3677 comi-

538 3725 649 3771 tem
679 3715 1007 3780 devolutum,
1052 3714 1205 3785 cujus
1262 3714 1402 3771 forte
1435 3715 1590 3769 miles
1620 3730 1715 3769 seu
1748 3713 1986 3769 vasallns
2007 3722 2127 3768 erat

533 3822 694 3884 pater
725 3828 912 3887 eorum
937 3811 1143 3869 Cuono.
1168 3811 1393 3867 Constat
1439 3811 1515 3875 id,
1544 3825 1613 3864 ex
1646 3809 1750 3864 illis
1793 3824 1914 3878 qua:
1943 3819 2127 3879 postea

541 3904 828 3969 habentur,
872 3901 1176 3958 Luitoldum
1207 3901 1440 3956 ﬁliorum
1473 3899 1702 3954 alterum
1739 3915 1769 3954 a
1816 3915 1941 3970 rege
1980 3899 2124 3956 lien-

538 3995 656 4051 rico
685 3995 751 4051 IV
775 3994 1115 4066 privilegium
1135 3992 1408 4049 libertatis
1451 4007 1547 4062 pro
1576 4006 1635 4046 se
1663 4008 1727 4048 ac
1754 3993 1867 4047 suis
1895 3992 2127 4063 [NlSleriS

2224 2784 2440 2849 aliunde
2472 2796 2636 2850 etiam
2668 2805 2932 2852 assertum
2977 2798 3079 2853 hoc
3128 2799 3388 2854 sustineri
3428 2798 3664 2869 nequit;
3720 2799 3818 2854 bac

2222 2886 2366 2941 enim
2418 2888 2627 2945 ratione
2674 2889 2828 2950 Cuno
2876 2890 2980 2945 iste
3026 2900 3238 2960 patrem
3277 2892 3478 2951 habere
3537 2892 3820 2948 debuisset

2223 2975 2570 3046 Luitl'ridnm,
2620 2979 2855 3049 primum
2902 2995 2968 3037 ex
3013 2982 3131 3051 ipso
3174 2981 3461 3047 Fuesslino
3529 2982 3821 3038 Vitodurao

2224 3082 2353 3122 num
2418 3070 2694 3136 comitem,
2745 3086 2867 3126 cum
2926 3070 3069 3125 lilins
3114 3072 3237 3141 ejus
3290 3054 3674 3131 Theodericus
3712 3072 3821 3143 jam

2226 3172 2316 3211 an.
2366 3157 2503 3213 1086
2530 3159 2698 3214 abbas
2738 3161 3039 3222 exstiterit;
3075 3176 3174 3215 nec
3195 3155 3823 3232 adeoDilingenses'Ki-

2226 3252 2573 3323 burgenscm,
2622 3253 2718 3308 sed
2758 3253 2810 3308 Ιιί
2863 3255 3043 3324 potius
3073 3253 3440 3325 Dilingensem
3489 3255 3823 3326 comitatum

2227 3344 2549 3400 hmreditate
2596 3345 2979 3401 obtinuissent.
3009 3346 3114 3409 Ant
3149 3346 3419 3417 quomodo
3468 3345 3687 3402 fratres
3740 3346 3825 3402 isti

2226 3448 2571 3490 successores
2612 3435 2718 3489 dici
2777 3445 3006 3504 possunt
3056 3426 3376 3492 liartmanni
3428 3436 3494 3492 de
3533 3437 3823 3511 Dilingen!

2225 3528 2317 3598 qui
2344 3537 2523 3584 tamen
2570 3529 2687 3599 ipse
2740 3527 3092 3584 Adelheidem
3139 3530 3313 3584 ultimi
3360 3528 3689 3595 Vitodurani
3731 3545 3825 3586 co-

2227 3620 2375 3676 mitis
2407 3623 2680 3678 Adelberti
2715 3622 2878 3678 filiam
2905 3624 3189 3694 conjugem
3232 3624 3443 3689 habuit,
3473 3626 3627 3679 unde
3657 3624 3824 3681 Hart-

2228 3727 2482 3766 mannnm
2528 3712 2801 3784 jnniorem
2850 3722 2902 3768 et
2951 3698 3302 3771 Adelbertum
3344 3716 3637 3787 proximos
3697 3732 3825 3773 suos

2228 3819 2572 3860 successores
2642 3806 2960 3878 progenuit,
3028 3822 3259 3878 quorum
3327 3808 3550 3863 ultimus
3619 3809 3821 3863 saltem

2229 3897 2406 3952 adhuc
2432 3913 2522 3951 an.
2562 3897 2692 3953 “3|
2732 3908 3014 3969 superstes
3038 3901 3159 3967 fuit,
3189 3901 3356 3957 totius
3393 3901 3719 3971 patrimonii
3767 3910 3826 3957 et

2228 3990 2559 4045 matrimonii
2592 3992 2783 4046 Incres.
2812 3991 2999 4049 Nullus
3021 3994 3203 4063 itaque
3228 4008 3331 4051 nec
3362 3994 3503 4049 inter
3526 3994 3825 4050 Vitodura-

539 4087 932 4159 promeruisse;
986 4086 1148 4155 igitur
1187 4086 1340 4155 prius
1371 4084 1516 4138 illam
1551 4082 1751 4149 amisit,
1779 4099 1901 4138 cum
1953 4084 2004 4138 in
2037 4082 2127 4153 jus
2157 4069 2204 4130 Β
2233 4096 2331 4136 nos
2357 4096 2450 4136 seu
2498 4082 2882 4153 Kiburgcnses,
2927 4100 3028 4140 nec
3063 4085 3204 4141 inter
3247 4087 3558 4156 Bilinganos
3592 4087 3825 4142 comites

541 4178 859 4249 Hartmanni
905 4180 1188 4235 concessit.
1233 4178 1362 4246 Quae
1390 4180 1519 4257 dum
1551 4177 1832 4248 perspicua
1875 4176 2004 4240 sint,
2033 4192 2128 4231 ne-

539 4273 656 4331 scio
682 4286 814 4329 sane
842 4288 947 4342 qua
975 4272 1182 4326 ratione
1208 4269 1520 4325 Fuesslinus
1553 4280 1588 4322 t.
1616 4268 1706 4335 IV,
1735 4284 1788 4339 p.
1820 4269 1939 4334 191,
1958 4271 2123 4325 citata

541 4363 794 4425 Chronici
817 4366 977 4421 verba
1021 4364 1071 4419 in
1096 4380 1219 4420 eum
1252 4377 1471 4419 sensum
1498 4362 1845 4427 interpretari
1868 4362 2122 4431 potuerit.

541 4456 701 4531 quasi
740 4457 900 4512 ambo
943 4456 1029 4511 isti
1066 4455 1158 4511 lilii
1201 4455 1482 4525 Dilingano
1521 4453 1705 4509 comiti
1759 4454 1813 4507 in
1865 4454 2126 4509 comitatu

460 4616 464 4620 η
543 4547 928 4613 successerint,
970 4556 1132 4617 atque
1181 4546 1379 4601 eximie
1405 4544 1714 4601 Cnononem
1770 4545 1913 4600 hunc
1940 4559 2127 4600 eorum

461 4626 470 4637 ἦ
543 4648 757 4713 patrem
774 4639 1074 4705 comitibus
1101 4639 1168 4693 de
1195 4637 1557 4700 Winterthur,
1593 4650 1687 4691 seu
1720 4635 1925 4707 Kiburg
1950 4636 2126 4691 adnu-

548 4739 741 4786 meret.
768 4730 875 4798 Aut
900 4744 1029 4784 num
1064 4729 1185 4784 ideo
1210 4727 1545 4783 Hartmanno
1565 4728 1947 4793 successerint,
1990 4728 2128 4798 quod

546 4840 612 4878 ex
640 4806 834 4879 ancilla
874 4822 987 4899 nali
1023 4830 1169 4890 sunt,
1210 4820 1351 4876 unde
1387 4819 1661 4890 prepriam
1702 4819 1881 4890 potius
1928 4819 2127 4874 amise-

557 5053 568 5063 .
610 5006 773 5084 _(70?n)
809 5006 1100 5084 Generatio
1150 5001 1598 5084 haecninserenda
1643 4999 1887 5084 ridetur,
1926 5011 1994 5052 ne
2052 4999 2132 5084 ni-

2233 4174 2555 4245 relinquitur
2578 4177 2728 4241 locus
2750 4175 2956 4231 Cnnoni
2979 4177 3206 4248 ejusque
3244 4177 3393 4242 ﬁliis,
3419 4177 3547 4249 alibi
3582 4175 3733 4234 forte
3771 4178 3825 4233 in

2233 4267 2433 4339 Suevia
2485 4270 2851 4340 inquirendis;
2908 4286 3150 4341 quorum
3174 4270 3596 4347 verol‘umiliam
3645 4271 3828 4341 inqui-

2232 4375 2354 4424 rere
2389 4370 2631 4415 nostrum
2666 4362 2807 4417 haud
2839 4362 3083 4417 interest.
3116 4362 3217 4430 Qui
3246 4378 3409 4433 porro
3437 4362 3489 4416 in
3518 4361 3824 4425 Chronico,

2230 4452 2372 4521 quod
2391 4452 2503 4522 jam
2534 4453 2746 4516 damus,
2774 4453 2902 4508 hinc
2933 4453 3055 4509 inde
3083 4462 3378 4509 occurrunt
3404 4453 3639 4508 comites
3661 4452 3826 4507 aliitc

2194 4608 2197 4611 _
2235 4543 2465 4607 nobiles,
2506 4544 2621 4598 suis
2664 4544 2799 4599 locis
2829 4544 2880 4598 in
2907 4545 3209 4614 subiunctis
3232 4546 3393 4611 uotis,
3421 4545 3603 4614 quoad
3625 4558 3825 4600 eorum

2235 4635 2425 4688 notitia
2450 4634 2634 4689 haberi
2660 4636 2881 4704 poterit,
2918 4635 3160 4690 breviter
3200 4635 3613 4696 illustrabimus,
3642 4635 3724 4690 uti
3770 4641 3827 4688 et

2237 4726 2454 4780 nomina
2501 4727 2766 4795 locorum,
2795 4728 2996 4798 smpius
3036 4738 3214 4789 tamen
3256 4727 3582 4783 hariolando
3620 4734 3827 4783 extun-

2235 4817 2409 4880 denda
2436 4818 2617 4889 potius
2634 4834 2797 4888 quam
2818 4828 2973 4874 certo
2996 4819 3428 4876 dcterminanda.

2231 5009 2288 5084 εἰ
2345 5003 2627 5084 comesum
2675 5002 2823 5058 curia
2854 5001 3148 5084 matiensi
3178 5013 3403 5066 notatur
3431 5003 3485 5057 in
3526 5001 3825 5084 diplomate
