3970 5406
503 266 606 323 595

894 373 956 428 V'.
1001 371 1142 426 [ἵκω
1172 371 1232 428 S.
1275 372 1567 429 Gebelaardi
1597 381 1761 444 pater.

575 469 648 522 Ex
679 464 837 534 hujus
874 467 1056 535 itaque
1088 465 1294 521 semine
1325 477 1485 522 natus
1519 474 1602 520 est
1643 465 1836 528 Uozzo,
1874 467 1992 534 pius
2026 473 2078 520 et

413 620 420 624 _
498 556 824 613 venerabilis
865 569 1068 618 comes,
1101 554 1191 624 qui
1222 555 1502 609 habitabat
1543 555 1683 623 apud
1718 553 2078 624 Brigantiam,

499 651 616 704 loco
666 649 757 718 qui
801 647 980 702 adhuc
1022 647 1208 702 ruinas
1245 649 1483 702 ostendit
1518 648 1754 716 antiqua:
1789 647 2079 701 habitatio-

495 740 581 794 nis
609 737 778 811 (714).
809 735 907 792 Hic
932 737 1144 806 accepit
1175 752 1423 801 uxorem,
1458 737 1677 792 nomine
1705 735 2074 804 Dietpurgam.

494 831 792 887 secundum
838 828 1006 882 Deum
1037 827 1191 883 valde
1223 827 1549 898 religiosam,
1586 826 1881 880 secundum
1909 839 2080 879 s:ecu-

491 920 605 976 lum
629 935 762 976 vero
786 917 1199 974 nobilissimam.
1234 916 1331 972 llic
1362 916 1544 972 Uozzo
1575 923 1739 970 tautae
1775 915 1875 968 fuit
1905 924 2077 984 pieta-

494 1012 568 1068 tis
592 1022 649 1067 et
679 1009 880 1072 meriti,
914 1019 972 1062 ut
1003 1007 1168 1062 etiam
1212 1023 1340 1062 aves
1373 1005 1492 1072 ejus
1522 1005 1869 1059 sanctitatem
1910 1002 2078 1057 senti-

497 1114 636 1168 rent,
663 1111 718 1159 et
743 1103 806 1156 ad
835 1099 954 1170 ejus
990 1115 1230 1154 mensam
1261 1099 1528 1168 intrepide
1558 1095 1897 1161 advolareut,
1927 1105 1982 1150 et
2011 1096 2078 1151 de

490 1193 612 1265 ejus
642 1210 800 1249 manu
833 1193 1011 1248 cibum
1039 1199 1317 1262 caperent,
1353 1201 1408 1245 et
1436 1205 1560 1244 cum
1595 1187 1716 1241 alize
1744 1187 1955 1242 satiatae
1982 1187 2076 1239 ab-

491 1287 656 1352 irent,
685 1287 806 1341 alice
831 1285 1006 1340 denuo
1042 1284 1350 1339 saturandie
1379 1281 1643 1336 venirent.
1675 1281 1808 1334 Item
1838 1295 1943 1334 una
1989 1280 2075 1334 die
2123 1285 2126 1288 ’

491 1378 730 1434 diluculo
757 1376 824 1430 ad
862 1376 1061 1429 ostium
1092 1373 1209 1444 ejus
1244 1373 1438 1426 cubilis
1473 1386 1634 1426 cerva
1675 1385 1704 1424 e
1735 1370 1872 1424 silva
1915 1370 2075 1423 adve-

496 1475 653 1526 niens
694 1468 827 1540 pede
858 1466 1108 1538 pulsavit,
1147 1480 1379 1534 cumque
1419 1462 1678 1518 ostiarius
1722 1460 1978 1531 aperiret,
2021 1467 2076 1514 et

494 1563 726 1628 videret,
758 1575 820 1614 ac
865 1557 1197 1613 renuntiaret
1239 1555 1469 1609 bestiam
1521 1562 1722 1616 astare,
1767 1551 2076 1621 ostinmqne

498 1651 767 1726 pulsasse,
801 1650 890 1704 ille
935 1648 1138 1718 pietate
1185 1646 1412 1701 docente
1458 1656 1804 1713 prtenoscens
1837 1641 2072 1710 aliquam

491 1742 835 1800 necessitatis
866 1756 1084 1795 causam
1116 1739 1344 1795 bestiam
1378 1736 1504 1791 illuc
1538 1735 1860 1789 adduxisse:
1895 1753 1914 1784 ι
1947 1732 2068 1787 Eia!
2103 1753 2148 1813 Β

488 1835 666 1906 inquit
692 1832 758 1888 ad
789 1848 1027 1895 servum,
1056 1845 1283 1900 sequere
1307 1844 1446 1892 eam,
1477 1836 1533 1882 et
1554 1827 1677 1891 vide
1701 1826 1746 1880 si
1777 1824 2067 1894 quid._forte

488 1925 638 1980 velit.
682 1942 700 1976 ι
745 1922 834 1976 llle
871 1921 1003 1976 nihil
1030 1929 1270 1976 moratus
1305 1927 1521 1974 secutus
1541 1926 1626 1971 est
1654 1915 2068 1987 praecedentem,

489 2030 609 2086 quae
631 2013 918 2067 duxiteum
947 2013 1000 2065 in
1026 2011 1240 2074 silvam,
1263 2017 1316 2063 et
1338 2007 1576 2062 ostendit
1597 2006 1647 2060 ei
1675 2014 1886 2075 parttnn
1911 2019 2068 2058 suum

487 2107 540 2158 in
569 2103 825 2173 compede
854 2103 1149 2156 haerentem
1175 2099 1328 2168 pede,
1355 2107 1410 2152 et
1435 2105 1586 2181 stans
1611 2095 1846 2151 demisso
1870 2095 2066 2165 capite,

487 2206 637 2254 motu
659 2195 870 2251 aurium
898 2194 1052 2265 quasi
1082 2208 1272 2262 rogare
1297 2193 1482 2263 ctnpit.
1507 2191 1597 2246 Ille
1619 2190 1908 2246 confestim
1939 2190 2067 2243 dunt

485 2291 675 2360 pedem
709 2287 934 2342 binuulo
964 2289 1030 2340 de
1065 2285 1323 2356 compede
1356 2283 1608 2348 exsolvit,
1632 2297 1792 2338 cerva
1823 2295 1945 2337 cum
1971 2296 2066 2336 ca-

487 2382 602 2436 tulo
625 2382 744 2436 beta
767 2381 819 2434 in
844 2379 1036 2435 silvam
1057 2378 1209 2440 abiit.
1232 2386 1286 2431 et
1310 2392 1498 2432 servus
1519 2376 1584 2430 ad
1608 2376 1886 2431 dominum
1910 2388 2068 2428 suum

485 2473 670 2539 rediit,
709 2472 867 2540 eique
906 2486 1025 2540 qua:
1063 2477 1214 2541 gesta
1259 2475 1386 2524 sunt
1434 2466 1723 2521 nuntiavit.
1765 2463 1986 2519 Talibus
2015 2470 2073 2518 et

485 2566 572 2622 bis
603 2565 872 2622 similibus
904 2564 1100 2632 saepius
1132 2577 1252 2616 cum
1286 2562 1391 2617 boc
1431 2558 1722 2616 venerabili
1767 2558 1886 2612 viro
1930 2557 2072 2612 Deus

484 2662 641 2734 quasi
687 2659 1060 2730 joculabatur,
1107 2660 1232 2727 quia
1282 2657 1551 2728 joeundus
1601 2658 1786 2720 homo,
1829 2655 1919 2726 qui
1963 2655 2069 2710 mi-

485 2759 699 2814 seretur
749 2751 802 2805 in
853 2750 1100 2814 Domino,
1157 2765 1264 2804 non
1312 2748 1742 2804 commovebitur
1800 2747 1854 2802 in
1905 2755 2068 2802 teter-

486 2863 636 2901 ιιυιιι.

564 2937 684 2990 Alio
699 2949 913 3005 quoque
933 2943 1194 3004 tempore,
1212 2947 1336 2987 cum
1361 2931 1500 2986 idem
1524 2929 1847 2985 venerabilis
1862 2925 2072 2986 lluotzo

491 3040 674 3080 eomes
723 3026 775 3078 in
824 3023 945 3076 aula
1001 3022 1344 3090 imperatoris
1393 3021 1782 3082 demorarctur,
1846 3020 2074 3091 contigit

1255 259 1598 319 APPENDIX
1635 259 1723 316 AD
1763 255 2155 316 CHRONICON
2197 255 2559 316 HERMANNI
2595 255 3007 316 CONTRACTI.

3646 250 3738 315 set

2111 387 2153 442 Α
2184 388 2304 429 cum
2350 373 2459 429 Deo
2489 388 2649 445 agere
2677 375 2855 438 video,
2892 374 2960 428 ab
2993 372 3144 428 omni
3172 386 3267 427 vos
3295 372 3547 445 deinceps
3586 379 3738 446 togati

2183 464 2404 518 servitio
2430 463 2602 520 libens
2629 464 2868 520 absolvo.
2919 483 2937 516 ι
3221 499 3224 502 η

2557 555 2584 628 §
2631 556 2715 610 Vl.
2753 555 2827 608 De
2864 557 3106 626 progenie
3147 552 3381 609 Utzom's.

2252 645 2347 701 llic
2369 661 2494 716 ergo
2518 658 2749 714 quatuor
2771 646 2953 715 genuit
2983 645 3141 706 filios,
3167 661 3330 697 unum
3353 645 3573 700 nomine
3597 643 3742 703 Udal-

2179 738 2375 802 ricum,
2424 738 2652 792 alterum
2705 736 3107 805 Marquartlutn,
3142 735 3357 790 tertium
3407 734 3739 800 Luitfridum,

2179 838 2432 900 quartum
2492 843 2623 883 vero
2677 829 2840 882 totius
2887 828 3051 881 decus
3093 826 3309 897 generis
3352 824 3739 882 Gebeltardum.

2177 921 2355 992 ipsum
2400 920 2742 977 Uodalricmu
2789 921 2858 972 ob
2891 919 3010 987 lepo
3041 935 3126 972 em
3175 927 3507 990 vocaverunt
3551 917 3744 973 Uozzo-

2178 1028 2325 1075 nem,
2347 1010 2500 1079 cujus
2537 1011 2677 1065 lilius
2707 1009 3028 1064 Uodalricus
3060 1008 3160 1064 fuit
3199 1011 3250 1063 in
3286 1005 3425 1064 bello
3451 1012 3594 1078 quod
3629 1009 3745 1066 Ozto

2178 1103 2472 1172 imperator
2497 1119 2617 1158 cum
2651 1093 2922 1173 "nugaris
2955 1088 3382 1172 pugnavitjuxta
3416 1102 3742 1157 Vindelicam

2176 1197 2507 1264 Augustam;
2559 1202 2712 1263 pater
2759 1208 2888 1246 vero
2934 1189 3309 1261 Liudaugeuse
3364 1192 3744 1246 monasterium

2177 1285 2289 1338 suis
2311 1299 2377 1338 ex
2408 1283 2626 1353 praediis
2652 1283 2905 1337 nobiliter
2928 1283 3138 1344 ditavit,
3168 1283 3254 1336 ubi
3287 1290 3342 1337 et
3371 1282 3746 1336 venerabiliter

2177 1375 2468 1430 tumulatus
2488 1374 2739 1444 quiescit,
2763 1371 3223 1443 cujus'posteritas
3246 1372 3423 1426 adhuc
3446 1371 3595 1440 (716)
3616 1374 3744 1442 θριιει

2175 1465 2509 1539 Brigantiam
2566 1465 2741 1519 ﬂoret.
2801 1463 3158 1532 Marquardus
3210 1472 3389 1518 autem
3452 1465 3599 1519 filius
3641 1464 3748 1533 ejus

2173 1572 2357 1612 comes
2375 1554 2601 1610 eli‘eclns
2630 1556 2682 1609 in
2715 1554 2950 1607 amicitia
2980 1552 3192 1608 Ottonis
3221 1553 3570 1622 imperatoris
3591 1552 3747 1624 pluri-

2177 1661 2320 1701 mum
2347 1647 2540 1716 potuit.
2895 1691 2902 1694 _

2415 1735 2444 1808 ᾗ
2483 1735 2590 1790 V'lI.
2635 1734 2708 1788 De
2737 1731 3004 1802 Luitfrt'do
3031 1730 3295 1786 Gebhardi
3322 1731 3509 1800 fratre.

2243 1828 2412 1899 Igitur
2437 1843 2559 1882 cum
2600 1827 2651 1880 bi
2686 1836 2920 1894 quatuor
2953 1825 3153 1877 fratres
3194 1822 3467 1878 defunctis
3504 1824 3622 1893 jam
3664 1841 3748 1890 pa-

2172 1918 2417 1973 rentibus
2443 1918 2813 1972 luereditatem
2845 1914 2989 1969 inter
3011 1929 3070 1969 se
3104 1914 3345 1970 dividere
3372 1915 3600 1983 vellent,
3621 1933 3748 1974 unus

2171 2028 2359 2068 eorum
2408 2010 2706 2066 Luitfridus
2755 2011 3005 2081 superius
3059 2011 3384 2075 nozuinatus,
3436 2028 3568 2068 cum
3615 2024 3749 2069 esset

2171 2103 2328 2159 deses
2372 2112 2426 2158 et
2465 2101 2716 2166 imbellis,
2749 2087 3070 2170 exterisque
3101 2102 3507 2171 despicabibor,
3560 2119 3748 2159 verens

2172 2210 2240 2250 ne
2265 2193 2405 2250 forte
2434 2206 2653 2264 propter
2687 2193 2954 2262 ignaviam
2981 2209 3135 2248 suam
3173 2211 3205 2247 a
3234 2193 3501 2250 fratribus
3534 2196 3588 2251 in
3625 2197 3750 2250 divi-
3825 2196 3828 2200 ί

2171 2287 2324 2344 sione
2368 2295 2827 2350 contemneretur,
2869 2302 3053 2341 secum
3109 2294 3344 2341 tractare
3377 2289 3546 2358 C(Bpil
3597 2287 3746 2360 θοι

2170 2394 2274 2450 qtta
2313 2390 2430 2434 arte
2455 2394 2548 2434 eos
2584 2377 3021 2439 circumveniret,
3054 2385 3111 2430 ut
3140 2378 3242 2432 sibi
3275 2389 3486 2447 partem
3526 2379 3748 2433 inc-redi.

2172 2469 2301 2525 tatis
2323 2487 2428 2524 non
2455 2478 2730 2539 negarent.
2752 2467 2914 2522 Multa
2939 2469 3100 2539 igitur
3123 2483 3304 2522 secu'u
3329 2467 3583 2536 volvens,
3609 2480 3662 2525 et
3688 2470 3748 2524 ad

2172 2561 2420 2616 ultimum
2462 2562 2591 2616 utile
2628 2562 2731 2616 sibi
2767 2562 2986 2630 suisque
3015 2562 3251 2630 posteris
3281 2562 3572 2616 consilium
3609 2577 3751 2633 repe-

2173 2654 2342 2720 riens,
2365 2656 2443 2710 sic
2471 2671 2635 2709 untun
2659 2669 2728 2710 ex
2765 2654 3190 2718 fratribus'suis,
3213 2655 3332 2709 aliis
3359 2656 3752 2726 ignorantibus,

2173 2746 2366 2802 allatus
2396 2759 2478 2802 est
2504 2767 2516 2800 :
2555 2765 2575 2799 ι
2606 2747 2747 2811 Scis,
2786 2749 3060 2819 inquiens,
3088 2747 3279 2814 frater,
3311 2749 3422 2805 scis
3446 2750 3596 2817 quod
3637 2763 3754 2819 ego,

2172 2840 2325 2896 vobis
2355 2837 2616 2895 fratribus
2637 2841 2773 2895 meis
2795 2840 2991 2910 impar,
3017 2856 3358 2912 nequaquam
3387 2840 3628 2912 negotiis
3658 2855 3749 2895 sa!-

2173 2931 2278 2986 culi
2313 2931 2537 2986 idoneus
2563 2946 2828 3001 appareo;
2855 2932 2946 2986 sed
2979 2932 3024 2986 si
3049 2932 3181 2986 meis
3209 2933 3450 2988 consiliis
3469 2947 3753 2987 assensum

2174 3023 2493 3092 prtebueris,
2541 3039 2647 3078 non
2695 3023 2965 3077 modicqu
3005 3024 3348 3079 commodum
3399 3025 3503 3080 tibi
3550 3027 3756 3094 tuiqu

489 3134 600 3173 uno
633 3118 719 3171 die
747 3126 804 3170 ut
831 3115 916 3170 leo
940 3115 1004 3168 de
1035 3128 1201 3169 cavea
1231 3113 1502 3174 evaderet,
1537 3121 1589 3166 et
1620 3127 1772 3165 more
1799 3127 1900 3165 suo
1928 3127 2071 3182 qme-
2099 3112 2142 3172 C
2175 3115 2408 3185 posteris
2441 3114 2739 3182 praestabis.
2779 3113 2855 3168 Te
2897 3113 3041 3168 enim
3084 3130 3196 3181 prae
3239 3115 3452 3168 caueris
3498 3114 3758 3170 fratribus

489 3225 704 3280 cunque
718 3209 973 3262 invadere
986 3215 1198 3276 poterat
1210 3206 1539 3273 discerperet
1554 3221 1567 3268 ;
1584 3219 1815 3272 cumque
1827 3203 1875 3257 ei
1892 3202 2070 3257 nullus

490 3300 929 3372 appropinquare
959 3297 1204 3360 auderet,
1238 3295 1331 3351 sed
1367 3310 1556 3350 omnes
1589 3304 1714 3349 ante
1752 3310 1874 3349 cum
1917 3292 2069 3364 fuge-

485 3399 639 3453 rent,
683 3400 990 3459 suggestum
1020 3395 1102 3441 est
1130 3385 1442 3456 imperatori
1475 3400 1503 3437 a
1535 3382 1855 3454 quibusdam
1883 3395 2072 3452 quate-

482 3493 590 3534 nus
615 3476 722 3547 jam
753 3477 896 3530 dicto
935 3475 1052 3529 viro
1082 3473 1174 3529 Dei
1221 3472 1484 3528 lluotzoni
1521 3473 1709 3527 comiti
1753 3473 1979 3535 diceret,
2013 3479 2074 3524 ut

483 3567 699 3623 leonem
727 3566 998 3620 invirtute
1028 3564 1118 3618 Dei
1145 3561 1536 3632 aliqttantulum
1570 3562 1869 3632 mitigaret,
1897 3561 2074 3614 dicen-

482 3668 570 3712 tes
600 3671 660 3711 se
689 3655 1062 3725 experimento
1093 3652 1258 3724 300
1287 3652 1544 3706 didicisse
1571 3653 1742 3721 ipsmu
1769 3651 1818 3703 iu
1849 3649 2073 3703 Domino

483 3758 648 3806 tantm
683 3746 900 3804 virtutis
933 3744 1122 3809 fuisse,
1169 3753 1250 3808 ut,
1289 3743 1333 3797 si
1378 3742 1658 3804 voluisset,
1702 3741 1860 3796 facile
1901 3739 2072 3794 leonis

482 3839 821 3897 ferocitatem
853 3835 1141 3906 mitigaret.
1175 3833 1475 3902 Imperator
1495 3841 1674 3884 autem
1702 3831 1815 3884 haec
1841 3831 2069 3884 audiens

482 3933 564 3990 nil
600 3939 842 3988 moratus
880 3928 1216 3982 lluotzonem
1248 3923 1555 3986 advocavit,
1601 3921 1760 3991 eique
1795 3920 2072 3974 humiliter

481 4039 585 4095 pro
615 4022 836 4078 instanti
861 4035 1024 4076 causa
1047 4017 1390 4089 supplicavit.
1424 4016 1492 4068 At
1526 4015 1611 4070 ille
1648 4015 1823 4084 primo
1850 4014 2069 4068 ltumili-

485 4113 616 4168 tatis
650 4112 824 4183 gratia
855 4127 914 4166 se
943 4118 1093 4164 tanta
1119 4117 1326 4163 tentare
1356 4122 1512 4176 posse
1538 4106 1834 4169 excusavit,
1878 4105 1944 4159 ad
1977 4120 2073 4158 cx-

483 4216 720 4260 tremnm
743 4201 1134 4265 vero,,cunctis
1165 4200 1255 4269 qui
1287 4199 1533 4261 aderant,
1561 4195 1720 4259 simul
1754 4211 1874 4250 cum
1901 4196 2071 4264 impe-

485 4304 672 4352 ratore
704 4292 1104 4366 postulantibus
1131 4291 1428 4360 acquievit,
1460 4303 1626 4358 seque
1654 4287 1797 4341 leoni
1824 4286 2069 4342 saivicnti

483 4383 702 4444 obviam
735 4383 900 4438 dedit.
957 4380 1155 4437 Statim
1196 4396 1324 4450 ergo
1367 4391 1423 4433 ιιι
1456 4393 1580 4431 eum
1620 4376 1704 4430 leo
1746 4377 1900 4440 vidit,
1943 4392 2067 4430 cum

485 4476 637 4534 omni
660 4475 965 4538 ferocitate,
987 4473 1143 4543 quasi
1169 4482 1339 4528 totum
1365 4471 1620 4526 continuo
1634 4469 2070 4539 enmtliscerptu-
2101 4463 2149 4523 D

487 4583 607 4636 rus,
651 4566 920 4631 accurrit;
963 4565 1057 4620 sed
1088 4565 1176 4620 illo
1213 4563 1466 4634 expansis
1498 4562 1744 4616 manibus
1773 4576 1896 4616 eum
1927 4562 2073 4616 exci-

485 4663 696 4734 piente,
732 4654 954 4731 repente
993 4674 1143 4713 suam
1180 4657 1512 4713 ferocitatem
1562 4655 1645 4709 leo
1671 4654 1871 4709 oblitus
1904 4665 2072 4710 totum

491 4772 552 4813 se
581 4765 704 4810 ante
748 4755 911 4826 pedes
950 4753 1049 4806 viri
1094 4753 1186 4807 Dei
1234 4751 1551 4822 prostravit,
1601 4764 1801 4817 eosque
1838 4747 2074 4802 lambere

491 4853 687 4924 cmpit;
720 4865 881 4921 quem
932 4849 1019 4904 ille
1064 4864 1224 4903 manu
1269 4847 1584 4902 tlemulccns
1630 4845 1906 4916 magistris
1953 4844 2073 4912 ejus

493 4943 784 5014 imperavit
825 4953 884 4998 ιιι
931 4957 1053 4997 eum
1103 4940 1308 5008 absque
1363 4953 1566 5008 pavore
1613 4945 1865 4990 tenerent.
1913 4946 2075 5004 atque

489 5031 854 5089 recluderent.
911 5032 1022 5086 lloe
1067 5031 1184 5084 viso
1239 5031 1531 5100 imperator
1585 5027 1734 5098 (725)
1780 5027 2076 5096 obstupuit,

421 5193 432 5202 .
491 5125 655 5196 eique
683 5125 1066 5178 venerabiliter
1103 5122 1299 5179 obtulit
1337 5123 1547 5182 dicens.
1600 5140 1618 5172 ι
1667 5119 1933 5188 Quoniam
1982 5135 2081 5173 vos

571 5253 720 5323 (7M)
759 5253 918 5308 Teste
967 5254 1269 5323 Sprccbcro
1306 5253 1508 5312 Pallad.
1561 5256 1760 5312 libum.
1793 5253 1933 5306 anno
1976 5253 2080 5309 948

495 5321 843 5404 peroraturus
896 5321 1021 5404 dus
1055 5328 1384 5406 élemaunia:
1438 5338 1682 5383 castrum
1743 5327 2074 5406 Brigantiam

2175 3205 2309 3258 meis
2330 3204 2514 3274 diligo,
2535 3204 3082 3274 tecumquelntbitare
3106 3205 3376 3267 desidero,
3401 3215 3454 3258 et
3475 3205 3754 3271 ideo,cum

2173 3305 2393 3349 ventmn
2449 3295 2615 3350 fuerit
2662 3298 2730 3350 ad
2777 3297 3096 3352 divisionem
3152 3297 3483 3352 luereditatis
3538 3310 3756 3358 nostrae,

2171 3386 2318 3441 omni
2354 3386 2471 3440 nisu
2505 3397 2692 3456 satagc
2720 3397 2778 3440 ut
2804 3387 2856 3441 in
2895 3404 3068 3442 meam
3095 3399 3303 3456 partem
3341 3390 3504 3444 cedat
3539 3387 3760 3446 Wiatiro

2176 3484 2292 3530 tura
2341 3477 2488 3546 (7i?)
2533 3493 2656 3531 cum
2701 3479 2815 3532 suis
2861 3479 3219 3548 appendiciis.
3269 3481 3520 3548 sciasque
3577 3480 3756 3552 procul

2173 3565 2339 3619 dubio
2365 3566 2640 3635 quoniam,
2673 3566 2717 3620 si
2749 3569 2862 3622 haec
2894 3568 2946 3620 iu
2972 3584 3144 3622 nteant
3169 3569 3490 3623 devenerint
3515 3571 3752 3641 proprie-

2173 3661 2363 3719 tatem,
2398 3657 2540 3725 quod
2583 3657 2676 3710 tibi
2720 3673 2780 3711 ea
2820 3674 2938 3712 sum
2984 3657 3300 3724 traditurus,
3342 3671 3396 3713 et
3425 3661 3548 3730 ipse
3581 3673 3752 3717 tecum

2172 3747 2450 3817 deinceps,
2473 3747 3193 3817 quemadmodumjusseris,
3215 3765 3310 3802 ero
3333 3766 3754 3819 permansuros;

2174 3838 2227 3892 in
2269 3839 2370 3892 boc
2399 3855 2530 3909 ergo
2559 3848 2664 3893 tua:
2693 3839 2915 3894 consule
2957 3840 3199 3904 tttilitati,
3231 3850 3284 3894 et
3316 3857 3448 3896 mea:
3478 3842 3756 3911 obtempe-

2175 3943 2296 3982 rare
2321 3928 2476 3983 stude
2507 3928 2789 3983 voluntati.
2813 3949 2831 3981 ι
2859 3929 2949 3983 Sic
2966 3928 3118 3984 fratri
3141 3931 3497 3993 seruntlo,sic
3517 3931 3660 3986 clam
3684 3931 3757 3984 lo-

2173 4029 2328 4074 cutus
2354 4029 2438 4074 est
2459 4031 2510 4074 et
2541 4021 2723 4084 tertio,
2751 4021 2979 4092 singulis
2999 4022 3346 4077 credentibus
3368 4024 3512 4092 quod
3539 4025 3656 4078 lucc
3677 4021 3756 4076 sui

2172 4126 2359 4166 amore
2399 4111 2731 4180 loqueretur,
2768 4128 3064 4182 omnesque
3110 4113 3210 4168 bac
3237 4129 3332 4182 spe
3370 4127 3653 4184 promptos
3692 4111 3755 4166 ad

2173 4203 2420 4262 calamum
2443 4220 2554 4258 sua:
2582 4204 2878 4259 voluntatis
2901 4205 3150 4258 reddidit.
3174 4205 3361 4273 Itaque
3391 4220 3515 4258 cum
3543 4213 3753 4258 ventum

2171 4304 2318 4351 esset
2346 4298 2411 4349 ad
2447 4296 2788 4360 divisionem,
2821 4305 2878 4350 et
2907 4297 3202 4365 unicuique
3232 4313 3327 4350 sua
3359 4311 3482 4351 sors
3511 4297 3754 4360 caderet,

2171 4385 2366 4457 singuli
2412 4383 2744 4440 festinabant
2787 4383 3038 4440 Liutl‘ridi
3089 4386 3407 4456 petitionem
3459 4384 3755 4455 adimplere

2179 4488 2398 4547 propter
2451 4478 2590 4546 ejus,
2638 4493 2801 4548 quam
2845 4477 2958 4549 jam
3003 4476 3264 4540 diximus,
3317 4478 3751 4545 promissionem,

2180 4570 2495 4641 ignorantes
2531 4571 2749 4640 singuli,
2780 4571 2926 4640 quod
2972 4571 3263 4640 unicuique
3292 4585 3481 4624 eorum
3527 4569 3754 4643 aequalia

2181 4661 2537 4730 promisisset.
2571 4659 2631 4714 lit
2657 4663 2912 4730 quoniam
2937 4663 3178 4715 nuntium
3215 4676 3314 4732 par
3339 4670 3460 4716 erat
3482 4661 3752 4724 Voiun:as,

2178 4751 2335 4806 facile
2360 4753 2426 4806 ad
2458 4751 2706 4806 clfectum
2735 4762 2818 4806 est
2851 4753 3165 4819 perductum
3218 4754 3362 4824 quod
3399 4767 3590 4806 omnes
3620 4768 3750 4804 unu-

2181 4844 2401 4899 nimiter
2423 4844 2723 4906 voltu-runt,
2741 4855 2788 4896 et
2807 4841 3074 4897 Lttitlritlo
3097 4841 3420 4897 \‘Vintirtura
3440 4859 3562 4897 cum
3587 4840 3756 4896 omni-

2180 4936 2281 4990 bus
2310 4936 2645 5006 appeudiciis
2670 4935 2784 4987 suis
2809 4936 3286 4990 confirmaverunt.

2251 5028 2323 5083 At
2373 5027 2480 5090 ille,
2534 5010 2729 5080 merito
2767 5025 3122 5088 ltetabantlus,
3171 5025 3272 5077 sibi
3309 5025 3518 5078 tradita
3569 5006 3754 5078 adTens

2181 5117 2396 5190 egregia
2424 5117 2645 5186 pra-dia,
2677 5130 2775 5170 suo
2805 5117 2914 5186 jnri
2944 5117 3272 5186 mancipavit
3296 5119 3568 5182 universa,
3591 5126 3751 5185 atque

2250 5251 2406 5322 (716)
2445 5250 2870 5322 S:t-c.ulouempe
2895 5267 2994 5322 su,
3029 5266 3136 5318 quo
3162 5252 3376 5320 scripsit
3406 5261 3595 5306 auctor

2255 5321 2405 5392 (il?)
2443 5321 2580 5402 lude.
2609 5321 2888 5406 .diSt‘jlitIES
2928 5321 3627 5406 \Vlliﬁl'lltlll‘,‘Tlll'gOViIB
3662 5331 3752 5375 cao'
