3970 5406
186 280 276 338 309

1036 271 1426 332 CHBONICON
1467 265 2095 329 PETERSIIUSANUM.
2119 265 2335 323 —Llli.
2376 264 2414 322 I.
2463 325 2467 330 ‘

3278 261 3381 316 3l0

187 398 286 455 bus,
313 402 388 448 est
423 389 740 446 Cortstantia:
773 389 910 445 facta
935 401 1095 459 atque
1125 391 1398 454 roborata,
1421 389 1704 458 praesenti-
1735 395 1782 451 Α
1811 397 2002 442 aurato
2021 399 2192 456 cupro
2210 385 2463 440 decenter
2481 391 2692 452 operta,
2723 383 2926 438 habens
2956 383 3220 450 imagines
3251 397 3385 450 qua-

186 483 269 539 bus
288 481 364 536 bis
403 495 626 550 quorum
659 480 873 534 nomina
895 489 1021 535 sunt
1047 481 1290 550 sequenti
1318 480 1712 550 subscriptione

185 582 374 628 notata:
409 572 646 642 Meginzo
669 571 815 642 (737)
844 573 1312 645 arcbypresbyter,
1343 572 1586 640 Sigiboto
1614 571 1713 625 de-

183 679 346 727 canos,
385 662 520 716 lrinc
549 663 986 725 arcbidiaconus,
1009 662 1241 717 Gerbart
1271 661 1705 723 archidiaconus,

181 754 392 818 Albrich,
412 753 703 818 Gunderic,
722 763 774 807 et
797 755 917 808 alits
937 754 1341 824 quamplurihus
1358 754 1496 824 (sic).
1521 754 1712 807 Actum

181 847 364 916 publice
408 847 458 900 iu
501 858 682 920 sancta
734 849 938 917 synodo
971 846 1710 912 Constantiensis,ecclesiae,

182 952 306 991 anno
334 937 618 1000 Dominicae
649 937 1038 992 Incarnationis
1083 937 1491 1004 nongentesimo
1538 951 1713 990 nona-

181 1031 362 1100 gesimo
391 1028 604 1102 quinto,
633 1028 765 1083 feria
789 1046 862 1093 tv,
886 1031 1072 1083 indict.
1102 1046 1174 1085 vu
1197 1030 1368 1100 (758).
1411 1050 1430 1082 ι

843 1120 1016 1193 §xv.

236 1210 306 1266 Ad
341 1211 474 1264 idem
501 1210 888 1265 monasterium
920 1211 1127 1280 primus
1156 1211 1500 1281 Ruodpertus
1528 1225 1714 1264 mona-

175 1301 292 1359 chus
309 1302 370 1355 ad
392 1302 804 1356 conversionem
836 1303 998 1356 venit.
1026 1301 1099 1355 De
1123 1301 1256 1356 cella
1288 1317 1502 1372 quoque
1524 1299 1582 1355 S.
1607 1300 1716 1355 hle-

176 1393 355 1464 ginradi
388 1393 556 1461 (739),
581 1407 700 1461 qua:
723 1392 920 1446 dicitur
946 1392 1015 1444 tul
1040 1391 1344 1454 Soliturios,
1371 1404 1498 1445 suos
1527 1405 1714 1444 mona-

176 1484 287 1541 chos
315 1484 661 1541 Gebehardus
707 1501 951 1539 normam
993 1484 1204 1540 vivendi
1244 1494 1298 1538 et
1337 1484 1576 1554 regimen
1617 1485 1714 1539 Ita-

177 1571 284 1629 bere
312 1575 576 1638 decrevit;
607 1577 861 1645 quon'am
894 1575 1140 1632 monachi
1169 1573 1312 1630 illius
1334 1575 1564 1630 cmunbii
1593 1584 1717 1631 tunc

177 1668 404 1736 temporis
432 1669 659 1723 fuerunt
679 1666 1090 1738 religiosissimi.

252 1758 397 1832 307
430 1758 456 1831 ς
483 1757 624 1817 Χνι
652 1757 768 1824 Quo
797 1768 1026 1829 tempore
1057 1760 1293 1830 fundarit
1323 1760 1616 1818 ecclesiam.

231 1849 371 1905 Anno
431 1851 598 1921 igitur
642 1850 935 1907 Dominicm
987 1851 1260 1906 Incarnat.
1310 1853 1723 1922 nongentesimo

175 1940 472 2011 octogesimo
516 1940 680 1995 tertio
711 1940 846 2012 jccit
882 1940 1244 1996 fundamenta,
1275 1942 1543 2008 basiliczc;
1595 1942 1724 1999 fecit

174 2040 328 2100 autem
371 2031 539 2086 vallos
597 2033 793 2102 ubique
849 2049 945 2104 per
995 2033 1174 2090 locum
1222 2036 1290 2090 ad
1340 2036 1722 2092 exsiccandum

177 2121 447 2186 humorem,
474 2133 529 2178 et
554 2124 748 2180 obtulit
774 2136 1008 2196 quatuor
1033 2142 1227 2182 aureos
1257 2143 1394 2198 quos
1425 2129 1602 2198 posuit
1624 2128 1725 2184 sub

176 2214 381 2283 singulos
400 2214 646 2270 ecclesia:
669 2215 914 2286 angulos.
939 2215 1086 2271 Fecit
1109 2228 1353 2287 cryptam
1381 2219 1450 2273 ab
1462 2219 1717 2274 occiden-

176 2305 251 2357 tali
287 2315 458 2374 parte,
495 2307 554 2359 in
594 2322 698 2375 qua
734 2321 888 2376 aqua:
917 2315 1135 2378 puteum
1173 2307 1327 2372 fodit,
1362 2317 1417 2362 et
1455 2309 1627 2368 altare
1667 2310 1720 2363 in

177 2395 404 2457 honorem
446 2397 505 2452 S.
565 2397 774 2452 Martini
818 2399 869 2452 in
909 2415 972 2454 ea
1009 2398 1330 2462 collocavit,
1361 2402 1502 2469 quod
1535 2409 1723 2468 postea

173 2479 484 2547 Gebeltardus
521 2492 590 2547 llI
635 2500 854 2562 propter
887 2493 1168 2546 [rumorem
1197 2492 1490 2546 destruxit.
1538 2491 1719 2561 Super

177 2588 389 2651 cryptam
421 2583 796 2634 sanctuarium
828 2581 988 2644 fecit,
1027 2581 1114 2636 ubi
1145 2580 1446 2650 principale
1476 2580 1646 2636 altare
1671 2581 1726 2637 in

174 2668 402 2726 honorem
450 2670 510 2725 S.
561 2670 807 2742 Gregorii
847 2687 997 2742 papa:
1045 2671 1341 2736 constituit,
1393 2673 1563 2741 super"
1581 2671 1724 2741 quod

176 2762 412 2821 ciborium
436 2763 938 2833 nimisspeciosum
968 2761 1274 2820 fabricavit.

823 2851 850 2926 §
877 2851 1039 2908 XVII.
1717 2900 1725 2914 ἱ

231 2942 349 2999 Cum
389 2945 559 3015 igitur
609 2943 890 3004 columnas
924 2952 1158 3013 quatuor
1193 2943 1261 3000 de
1290 2944 1434 3015 ligno
1473 2946 1611 3002 ilicis
1641 2946 1724 3001 fe-

177 3033 330 3099 cisset,
361 3047 412 3090 et
442 3036 652 3107 ﬁguras
680 3036 800 3090 vitis
830 3037 880 3090 in
916 3035 995 3091 eis
1033 3037 1256 3091 formari
1287 3037 1521 3101 fecisset,
1563 3039 1727 3093 urba-

1815 485 1938 532 tuor
1979 475 2430 545 evangelistarum
2461 471 2601 528 elato
2637 487 2800 542 opere
2828 471 3070 541 aliasque
3102 468 3384 540 perplures

1812 569 2040 638 Species.
2101 566 2158 619 In
2203 575 2514 620 transversn
2567 579 2778 632 quoque
2839 560 2957 630 ejus
3003 576 3098 630 per
3152 569 3387 627 quatuor

1814 665 1998 726 partes
2043 663 2200 707 erant
2236 652 2451 707 latninze
2487 651 2657 706 aﬁixze
2701 660 3004 724 argenteae.
3035 649 3202 720 308
3230 657 3285 704 et
3331 649 3385 704 in

1815 760 2138 814 unoquoque
2157 744 2324 797 latere
2343 743 2688 811 conscriptus
2707 758 2846 796 unus
2859 750 2976 796 erat
2994 756 3182 796 versus
3204 741 3385 795 aureis

1815 837 2011 896 litteris
2041 837 2342 906 descriptus
2369 835 2434 890 de
2460 835 2784 904 subscriptis,
2809 851 2822 887 :
3379 833 3395 847 '

1937 951 2040 999 Hoc
2060 962 2184 1008 opus
2201 951 2432 1009 exiguum
2455 948 2660 998 diversis
2683 948 2868 996 artibus
2889 952 3085 996 auct-om

1944 1011 2054 1060 Iv‘ert
2082 1015 2186 1070 tibi,
2216 1010 2443 1071 Gregori,
2463 1009 2668 1069 supplex
2691 1011 2888 1058 devotio
2906 1012 3056 1068 servi,

1941 1069 2390 1130 Przesnlisindtgni,
2428 1069 2576 1131 quem
2600 1080 2650 1119 tu
2672 1084 2779 1119 cum
2809 1070 2952 1130 plebe
2978 1069 3105 1118 ﬁdeli

1941 1134 2210 1196 Conjuttgas
2237 1133 2406 1182 turmis
2439 1134 2686 1195 precibus,
2717 1133 2877 1188 Pater,
2902 1131 3030 1182 alme
3054 1133 3298 1193 supernis.

2480 1213 2508 1286 §
2548 1213 2732 1268 xvtn.

1889 1309 2066 1378 Super
2107 1307 2303 1363 tabulae
2355 1307 2646 1362 fenestram
2670 1295 2801 1361 'erat
2845 1305 3018 1361 cassis
3069 1305 3261 1376 ligneis
3298 1321 3390 1360 co-

1816 1401 2018 1455 lumnis
2052 1400 2279 1454 lornatis
2303 1400 2672 1470 superpositus
2691 1399 2981 1469 angulosus
3001 1410 3054 1454 et
3075 1397 3388 1461 demiratus,

1817 1500 1872 1546 et
1905 1506 2068 1560 super
2093 1490 2235 1544 hunc
2267 1490 2444 1558 imago
2478 1491 2600 1558 agni
2633 1489 2847 1544 candidi
2878 1489 2943 1542 ad
2983 1488 3234 1558 populum
3264 1503 3391 1558 pro-

1818 1582 2118 1652 spicientis.
2155 1581 2332 1651 Ipsum
2363 1583 2525 1636 etiam
2564 1582 2735 1635 altare
2774 1589 2892 1636 erat
2929 1595 3149 1638 cavmn.
3187 1581 3391 1636 habens

1821 1673 1889 1728 ab
1927 1673 2146 1728 Oriente
2179 1671 2413 1725 tabulam
2445 1687 2578 1726 auro
2618 1672 2822 1740 optimo
2867 1680 2921 1725 et
2971 1670 3233 1740 lapidibus
3266 1686 3393 1740 pre-

1749 1767 1793 1828 B
1824 1762 1974 1817 tiosis
2002 1747 2339 1826 decoratatn;
2371 1761 2438 1815 ab
2464 1761 2756 1817 Occidente
2785 1777 2910 1816 vero
2940 1760 3042 1814 alia
3071 1770 3182 1815 erat
3214 1760 3390 1815 tabula

1826 1863 2051 1922 argento
2075 1859 2348 1920 cooperta,
2385 1849 2586 1905 habens
2608 1852 2660 1905 in
2687 1852 2863 1906 medio
2897 1851 3179 1920 imaginem
3204 1849 3261 1905 S.
3285 1849 3399 1903 Ma-

1826 1943 1920 1997 ria:
1945 1942 2084 1996 elato
2113 1956 2275 2011 opere
2298 1941 2363 1993 de
2390 1955 2522 1994 auro
2560 1943 2787 2010 optimo,
2829 1943 3138 2011 appendens
3165 1941 3281 1993 auri
3316 1949 3398 1993 ta-

1825 2033 2048 2095 lentum,
2083 2047 2242 2100 qnatn
2287 2029 2610 2085 Bcrtholdus
2639 2031 2808 2085 abbas
2851 2039 3089 2100 tempore
3119 2029 3274 2084 famis
3299 2030 3402 2084 de-

1825 2124 2010 2194 posuit
2049 2133 2102 2178 et
2149 2124 2490 2188 comminuit,
2547 2140 2609 2178 ac
2651 2139 2748 2193 pro
2800 2124 3070 2178 frumento
3119 2123 3393 2178 distraxit.

1827 2215 2002 2286 Super
2039 2216 2212 2271 altare
2243 2217 2545 2286 dependent
2569 2217 2782 2272 diversa
2813 2227 3122 2272 sanctorqu
3153 2228 3395 2288 recepta-

1827 2308 1948 2362 cula
1977 2308 2346 2379 reliquiarum.
2381 2309 2459 2369 Ad
2484 2309 2655 2378 ipsum
2678 2307 2847 2364 altare
2877 2325 2971 2379 per
2991 2309 3190 2380 gradus
3218 2310 3400 2379 plures

1828 2400 2221 2456 ascendebatur
2269 2400 2336 2454 de
2390 2401 2584 2465 choro,
2630 2415 2766 2469 quos
2819 2401 2985 2455 abbas
3035 2400 3401 2458 Theodericus

1827 2489 2069 2553 abstulit,
2122 2491 2339 2561 quando
2381 2491 2606 2546 chorum
2667 2491 2965 2561 ampliavit.
3017 2491 3074 2545 In
3136 2507 3392 2560 supremo

1827 2581 2140 2635 eormndem
2200 2581 2462 2651 graduum
2529 2581 2581 2636 in
2637 2582 2928 2636 medietate
2989 2590 3108 2635 erat
3167 2582 3398 2653 spatium

1828 2671 2176 2734 submissum,
2212 2681 2475 2739 quantum
2520 2671 2689 2725 altare
2729 2670 2907 2724 fuerat
2945 2671 3131 2736 latum,
3171 2671 3396 2742 quadris

1829 2760 2096 2830 lapidibus
2112 2761 2572 2830 circumpositum,
2595 2761 2907 2832 pertingens
2932 2777 3100 2830 usque
3122 2763 3187 2816 ad
3205 2762 3402 2828 altare,

1830 2853 1922 2906 ubi
1957 2861 2180 2907 orantes
2233 2868 2405 2924 genua
2454 2853 2733 2907 ﬂecterent
2774 2869 2788 2906 :
2839 2861 2894 2908 et
2923 2852 3073 2921 juxta
3113 2855 3284 2910 altare
3321 2864 3399 2908 ta-

1829 2942 1949 2998 bula
2007 2939 2312 2997 marmbrea
2355 2943 2510 2996 viridi
2541 2941 2740 2996 coloris
2777 2943 3088 3012 pavimento
3125 2946 3398 3015 imposita,

1831 3031 1882 3084 in
1908 3047 2013 3101 qua
2039 3046 2208 3102 genua
2232 3031 2506 3087 flectentes
2528 3031 2994 3087 deoscularentur.
3026 3032 3237 3088 Cborns
3269 3050 3394 3090 veru

177 3141 256 3181 nos
289 3127 727 3182 Constantienses
777 3127 826 3180 in
886 3142 1048 3180 unum
1107 3129 1478 3198 congregavit,
1524 3143 1724 3198 eosque
1756 3128 1798 3188 C
1831 3131 1946 3176 erat
1972 3121 2125 3176 valde
2162 3138 2387 3192 parvus;
2416 3123 2669 3192 quoniam
2708 3139 2933 3180 ascensu
2971 3126 3232 3197 graduum
3271 3137 3390 3182 erat

175 3215 240 3270 sic
271 3216 454 3286 allatus
496 3216 627 3270 ait:
672 3236 689 3266 ί
729 3215 910 3271 Ilach
959 3226 1190 3286 quatuor
1240 3217 1396 3280 ﬁlias,
1452 3233 1590 3286 quas
1643 3233 1729 3273 me

175 3317 358 3380 oportet
403 3310 596 3380 nnptui
650 3310 883 3372 tradere,
934 3309 1028 3362 sed
1064 3325 1170 3364 non
1210 3324 1429 3379 possum
1467 3324 1562 3364 eas
1607 3309 1726 3365 sine

178 3396 413 3466 adiutorio
470 3409 657 3454 vestro
709 3414 938 3463 ornare;
993 3414 1056 3453 ea
1108 3400 1175 3455 de
1219 3414 1380 3454 causa
1429 3413 1524 3454 vos
1572 3400 1732 3454 modo

179 3493 436 3557 convenio,
475 3503 530 3546 et
583 3500 644 3545 ut
695 3490 824 3544 mibi
870 3489 1084 3560 aliquod
1131 3489 1385 3544 solatium
1417 3504 1514 3559 pro
1547 3491 1731 3558 acqui-

181 3585 339 3640 rendis
363 3583 700 3639 ornamentis
730 3598 825 3653 pro
849 3597 1003 3652 posse
1027 3590 1081 3636 ct
1112 3581 1244 3636 velle
1268 3590 1449 3636 vestro
1479 3581 1736 3636 adhibea-

183 3675 239 3729 tis
264 3683 395 3745 peto.
424 3695 441 3726 ι
475 3674 725 3742 Cumque
752 3687 940 3726 omnes
973 3671 1378 3741 restiondissent
1409 3687 1466 3724 se
1491 3670 1733 3725 libentis-

183 3768 295 3824 sime
344 3769 584 3825 l'acturos
631 3782 966 3838 qumcunqne
1018 3766 1104 3820 ille
1158 3768 1524 3838 praecepisset,
1572 3766 1735 3836 jussit

185 3855 433 3912 columnas
462 3855 717 3928 proferri,
741 3865 796 3910 et
825 3856 960 3909 dixit
989 3870 1046 3910 se
1072 3856 1170 3910 bas
1193 3854 1470 3910 columnas
1499 3864 1726 3928 argento

183 3944 296 4001 velle
320 3949 523 4009 vestiri.
547 3956 602 4002 et
630 3957 686 3999 ut
709 3946 807 4000 sibi
832 3947 896 3999 ad
923 3947 1024 4000 hoc
1054 3945 1308 3999 auxilium
1337 3945 1544 4000 ferrent
1566 3947 1732 4016 coepit

185 4037 365 4101 precari
393 4054 406 4090 :
439 4037 584 4111 quod
608 4050 799 4090 omnes
828 4037 1008 4089 animo
1030 4035 1436 4104 promptissimo
1459 4034 1728 4090 fecerunt.

186 4124 303 4185 Nam,
319 4144 498 4182 eorum
529 4128 722 4188 solatio
746 4126 1027 4182 columnas
1047 4135 1270 4194 argento
1291 4127 1494 4195 optimo
1520 4127 1734 4181 vestivit

190 4229 368 4289 easque
396 4235 560 4289 super
590 4219 747 4272 bases
799 4217 1038 4286 lapideas
1081 4217 1460 4270 decentissime
1493 4217 1733 4286 sculptas

190 4311 476 4376 constituit,
526 4325 690 4380 super
731 4308 1012 4362 columnas
1060 4324 1219 4361 arcus
1265 4320 1499 4376 quatuor
1535 4310 1730 4378 posuit,

191 4415 305 4470 quos
329 4420 390 4458 ex
419 4420 523 4457 una
555 4412 706 4472 parte
731 4417 795 4455 ex
826 4411 1018 4455 aurato
1047 4411 1289 4469 argento,
1317 4417 1384 4454 ex
1409 4401 1576 4457 altera
1605 4419 1734 4456 vero

194 4491 250 4548 de
291 4495 470 4548 aurato
514 4509 686 4563 cupro
733 4493 973 4547 vestivit.
1016 4492 1190 4560 Super
1225 4506 1390 4545 arcus
1429 4506 1642 4560 quoque
1681 4502 1737 4546 et
1768 4477 1814 4533 υ

194 4596 330 4651 super
360 4584 638 4638 columnas
672 4583 850 4653 posuit
876 4582 1111 4636 tabulam
1142 4590 1303 4635 tanta:
1358 4579 1740 4650 magnitudinis

199 4683 244 4726 ut
278 4683 436 4731 totum
463 4677 706 4745 operiret
741 4674 1030 4738 ciborinm,
1066 4674 1272 4728 habens
1303 4673 1356 4726 in
1384 4674 1563 4731 medio
1591 4674 1740 4728 fene-

199 4773 340 4820 stram
383 4766 672 4822 rotundam
719 4775 774 4820 et
826 4767 995 4834 ipsam
1037 4764 1090 4818 in
1136 4765 1363 4820 circuitu
1420 4765 1744 4820 intrinsecus

198 4870 364 4914 aurato
389 4870 842 4929 cuproopertam,
876 4857 1098 4912 inferius
1117 4866 1309 4911 ‘autem
1341 4856 1574 4910 habebat
1602 4872 1744 4911 mar-

201 4948 354 5018 ginem
401 4949 825 5017 prominentem,
855 4961 1016 5013 quem
1057 4955 1285 5016 argento.
1317 4945 1566 5009 vestivit,
1599 4946 1740 5014 (ιιιοά

201 5039 337 5093 etiam
357 5041 571 5109 quidam
602 5040 767 5107 abbas
788 5035 1009 5090 abstulit
1033 5046 1084 5090 et
1111 5038 1224 5107 ipse
1245 5035 1519 5106 plumbum
1548 5036 1737 5091 atlixit.

203 5123 300 5199 Ipsa
336 5139 508 5185 autem
545 5128 717 5183 tabula
749 5137 867 5182 erat
894 5141 988 5194 per
1011 5133 1174 5182 totum
1204 5143 1272 5182 ex
1305 5125 1544 5180 inferiori
1579 5137 1736 5197 parte

203 5273 516 5350 Riedbausen
558 5282 777 5350 accipio,
809 5278 1058 5350 parncbia
1088 5298 1191 5337 non
1217 5281 1374 5347 longe
1401 5277 1524 5334 inde
1553 5279 1737 5333 dissita

206 5349 260 5402 ad
287 5349 593 5406 Ostrachalu
616 5351 667 5404 ll.

1833 3211 2144 3266 diminutus.
2195 3211 2327 3267 Muri
2371 3227 2587 3283 quoque
2633 3214 2874 3270 basilica:
2930 3225 3088 3270 erant
3143 3231 3208 3271 ex
3255 3217 3402 3271 omni

1835 3311 1988 3372 parte
2008 3302 2369 3372 pulcherrime
2391 3305 2610 3375 depicti,
2634 3320 2698 3359 ex
2723 3307 2940 3361 sinistra
2967 3317 3122 3378 parte
3147 3307 3408 3363 habentes

1836 3395 2117 3451 materiam
2150 3395 2217 3450 dc
2248 3394 2450 3461 Veteri,
2480 3412 2508 3450 a
2533 3397 2723 3452 dextro
2754 3408 2932 3454 autem
2959 3401 3026 3455 de
3049 3400 3196 3457 Novo
3217 3399 3408 3457 Testa-

1836 3495 2036 3553 mento,
2073 3495 2130 3541 et
2163 3487 2467 3557 ubicunque
2505 3488 2682 3560 imago
2711 3490 2922 3545 Domini
2956 3492 3149 3558 fuerat,
3181 3507 3406 3547 aureum

1833 3577 1976 3632 circa
2012 3586 2172 3648 caput
2202 3576 2463 3633 circulum
2495 3579 2747 3636 habebat.
2784 3580 3131 3637 Venetiorum
3175 3599 3408 3654 namque

1833 3667 2116 3739 episc0pus
2169 3668 2342 3740 (740)
2394 3670 2630 3724 modium
2684 3671 2897 3740 plenum
2947 3673 3045 3727 sibi
3099 3674 3165 3727 de
3210 3672 3408 3729 Graico

1833 3757 2048 3823 colore,
2077 3759 2168 3828 qui
2203 3769 2427 3814 vocatur
2452 3759 2645 3825 Lazur,
2678 3763 2845 3833 gratis
2886 3779 2985 3834 pro
3018 3763 3282 3819 charitate
3307 3765 3404 3820 de-

1835 3847 2008 3914 derat,
2038 3848 2129 3919 qui
2155 3851 2318 3904 etiam
2348 3851 2584 3920 optimus
2605 3852 2754 3906 color
2785 3845 3276 3922 abundantissime,
3309 3858 3410 3910 sic-

1835 3947 1889 3990 ut
1936 3939 2034 4007 ipsi
2076 3939 2331 4004 vidimus,
2363 3941 2532 3998 muris
2567 3942 2803 4012 undique
2835 3943 3002 4017 illitus
3032 3954 3151 3999 erat
3179 3963 3192 3999 :
3244 3963 3404 4017 quam

1834 4029 2098 4099 picturam
2136 4029 2458 4085 Kuonradus
2501 4031 2667 4087 abbas
2695 4047 2761 4087 ex
2798 4043 2910 4089 toto
2953 4034 3247 4102 deleverat,
3273 4051 3408 4106 quo-

1836 4120 1981 4174 niam
2023 4121 2325 4190 antiqnitas
2364 4123 2414 4176 ei
2459 4120 2569 4190 jam
2603 4124 2856 4180 decorem
2895 4125 3212 4181 abstulerat.
3263 4126 3412 4183 Fecit

1834 4215 2021 4271 valvas
2079 4216 2520 4287 incomparabilis
2575 4219 2810 4286 decoris,
2857 4230 2912 4276 et
2953 4233 3078 4276 ante
3127 4222 3411 4278 ecclesiam
3451 4255 3456 4259 ς

1836 4296 2099 4376 porticum
2153 4305 2445 4362 admodum
2498 4311 2820 4380 parvulum,
2859 4327 3019 4382 quem
3049 4310 3415 4370 Theodericus

1837 4397 2004 4450 abbas
2040 4396 2317 4466 ampliavit
2345 4408 2400 4452 et
2431 4399 2754 4455 melioravit.

2283 4489 2446 4560 309
2477 4489 2505 4562 5
2533 4491 2673 4546 XIX.
2719 4491 2795 4546 De
2824 4492 2988 4564 fonte.

1907 4579 2039 4633 Cum
2075 4581 2239 4648 igitur
2268 4582 2497 4637 ecclesia
2523 4599 2734 4639 summo
2757 4587 2935 4642 studio
2957 4587 3124 4643 variis
3146 4587 3419 4644 coloribus

1839 4667 2242 4737 depingeretur,
2289 4670 2486 4726 accidit
2532 4681 2594 4726 ut
2638 4673 2873 4743 quodam
2925 4676 3013 4730 die
3062 4675 3182 4731 loco
3232 4677 3420 4731 eodem

1840 4758 2119 4814 secederet
2150 4769 2206 4814 et
2241 4761 2552 4830 aliquandiu
2602 4765 2778 4818 redire
2808 4780 2990 4820 moras
3019 4765 3244 4822 faceret.
3283 4766 3425 4821 Inte—

1843 4849 1947 4903 rim
2001 4866 2132 4919 ergo
2179 4852 2366 4922 perﬁdi
2403 4854 2640 4923 pictores
2673 4857 2906 4926 optimos
2936 4875 3183 4932 quosque
3211 4859 3427 4917 colores

1843 4937 2210 4998 fraudulenter
2234 4942 2546 4998 auferentes
2567 4946 2620 4999 in
2665 4948 2901 5003 vicinum
2932 4965 3122 5007 nenms
3158 4951 3427 5013 abierunt.

1844 5031 2025 5104 ibique
2055 5045 2252 5089 terram
2278 5035 2523 5090 clanculo
2548 5036 2815 5096 fodientes
2843 5043 3264 5103 absconderunt.
3291 5045 3426 5102 Cum

1846 5137 1975 5178 vero
2002 5133 2221 5181 sanctus
2251 5127 2444 5196 prtesul
2479 5143 2729 5186 reversus
2757 5142 2915 5197 esset,
2948 5145 3232 5210 cmperunt
3260 5139 3431 5208 picto-

1849 5277 2053 5347 scilicet
2081 5279 2354 5339 cmnobio,
2378 5275 2532 5344 cujus
2557 5284 2723 5338 etiam
2748 5284 2999 5344 alumnus
3021 5291 3188 5347 fuisse
3218 5289 3431 5344 videtur

1845 5346 2168 5401 Perirherus
2199 5349 2406 5406 primus
2442 5349 2610 5406 abbas
2645 5354 3099 5406 Pelerslmsnmm-
