3970 5406
539 379 644 433 51l-

1316 374 1658 435 APPENDIX
1698 381 1786 435 AD
1820 380 2216 439 CIIRONICON
2252 382 2614 441 HERMANNI
2652 385 3051 460 CONTRACTI

3680 380 3789 448 3η

538 506 624 544 res
651 489 973 560 importunis
989 490 1210 547 vocibus
1236 489 1447 546 colores
1468 505 1685 562 urgere,
1707 491 1952 547 dicentes
1974 505 2112 563 opus
2140 495 2186 554 Α
2215 507 2407 548 verum
2426 495 2593 563 etiam
2617 487 2793 552 hoe‘ei
2818 511 3133 555 concessum
3183 505 3267 553 est
3314 508 3373 554 ut
3403 508 3625 556 manum
3671 505 3790 559 mit-

538 595 649 652 βω
675 583 902 651 penuria
933 583 1178 639 colorum
1209 584 1543 656 negligenter
1575 585 1814 639 tardare.
1846 582 1999 649 Quod
2032 584 2117 637 vir

536 672 728 729 beatas
770 674 1000 731 aniens
1052 691 1346 746 parumper
1376 677 1556 741 siluit,
1601 687 1656 731 ct
1687 686 1805 747 post
1836 678 1949 731 haec
1980 678 2057 730 ait
2097 690 2113 729 :

535 782 560 821 ι
598 766 665 822 Et
712 768 757 822 si
789 768 950 823 nobis
981 771 1145 825 modo
1189 771 1363 835 deest,
1412 781 1471 825 ut
1524 772 1839 841 acquiratur
1888 784 2116 825 necesse

535 871 638 917 est.
678 862 823 931 Ergo
846 864 1047 926 venite,
1081 865 1367 934 sequimini
1402 881 1507 928 me,
1539 864 1767 919 forsitan
1813 865 1968 918 nobis
2015 863 2117 919 Do-

536 946 714 1009 ininus
753 968 849 1006 sua
877 953 1214 1024 benignitate
1254 954 1403 1009 dahit
1440 957 1582 1025 quod
1611 955 1869 1024 qumritis,
1897 965 1955 1009 ut
1982 969 2123 1026 opus

537 1059 814 1105 maturare
856 1047 1101 1103 valeatis.
1140 1066 1157 1101 ι
1203 1047 1269 1102 Et
1312 1049 1468 1102 duxit
1512 1063 1612 1102 eos
1653 1048 1770 1112 sine
1824 1048 2001 1113 indice
2048 1049 2117 1103 ad

536 1140 712 1195 locum
746 1140 834 1193 ubi
882 1140 980 1209 ipsi
1013 1137 1222 1194 colores
1255 1138 1693 1203 absconderant,
1728 1140 1910 1208 ibique
1952 1140 2120 1195 bacu-

536 1242 645 1285 lum
673 1245 833 1286 suum
868 1230 920 1284 iu
971 1240 1173 1285 terram
1222 1230 1410 1284 deﬁxit
1448 1230 1634 1285 dicens
1664 1247 1678 1284 :
1732 1249 1753 1282 ι
1805 1230 1905 1287 llic
1936 1230 1991 1285 iu
2020 1229 2116 1284 Dei

539 1321 754 1375 nomine
774 1319 973 1383 ,fodite,
1008 1328 1063 1374 et
1101 1320 1145 1374 si
1179 1320 1382 1389 aliquid
1414 1322 1725 1387 inveniatis,
1765 1323 1962 1379 videte.
1995 1342 2014 1373 ι
2049 1322 2127 1397 Αι

538 1412 633 1479 illi,
651 1413 789 1467 mala
811 1412 1140 1468 conscientia
1164 1404 1460 1483 perterriti,
1486 1410 1749 1468 fodientes
1773 1422 1971 1469 terram
1994 1428 2120 1484 ape-

536 1514 800 1571 ruerunt,
829 1515 886 1560 et
912 1506 1123 1561 colores
1161 1519 1299 1576 quos
1347 1506 1777 1569 absconderant,
1803 1521 2117 1576 quanquam

537 1595 712 1659 inriti,
747 1608 924 1654 tamen
952 1600 1315 1669 protulerunt.
1340 1598 1549 1665 Quibus
1581 1599 1663 1652 rir
1692 1598 1784 1653 Dei
1819 1599 1941 1653 laeto
1968 1599 2118 1655 vultu

537 1689 710 1746 dixit:
744 1710 762 1744 ι
811 1689 929 1745 1am
975 1707 1116 1747 nunc
1147 1694 1389 1763 pergite,
1424 1692 1605 1747 dilecti
1650 1693 1768 1757 lilii,
1798 1701 1862 1748 et
1904 1694 1972 1749 de
2016 1695 2120 1750 hoc

535 1782 656 1856 ipso
684 1786 826 1856 quod
866 1786 1126 1841 Dominus
1172 1788 1411 1842 ostendit
1457 1788 1669 1851 enixius
1713 1787 2032 1856 operamini.
2089 1806 2109 1839 ι

533 1874 615 1933 [lli
642 1888 821 1932 autem
852 1880 1130 1949 perterriti
1164 1880 1435 1944 abierunt,
1466 1895 1647 1935 secum
1681 1882 1942 1936 mirantes
1973 1880 2116 1950 quod

535 1965 740 2023 factum
773 1969 971 2022 fuerat.
998 1970 1072 2023 Ex
1099 1970 1215 2038 ipso
1236 1979 1415 2024 autem
1456 1970 1575 2025 loco
1609 1970 1729 2026 fons
1776 1972 1959 2026 statim
1992 1970 2117 2024 lita-

535 2058 832 2131 pidissimze
856 2075 1009 2129 aqua:
1031 2060 1244 2130 erupit,
1271 2062 1361 2131 qtti
1389 2074 1561 2130 usque
1587 2061 1640 2115 in
1679 2076 1918 2131 praesens
1951 2061 2119 2117 ﬂuere

536 2165 644 2206 non
675 2149 892 2205 desinit.
925 2150 1174 2211 Crastina
1203 2166 1330 2205 rero
1360 2152 1464 2213 die,
1494 2167 1620 2207 eum
1644 2153 1728 2208 rir
1753 2153 1843 2207 Dei
1873 2154 1939 2208 ad
1969 2168 2120 2209 men.

535 2257 653 2299 sam
683 2243 915 2305 sederet,
940 2250 994 2295 et
1020 2244 1256 2312 pictores
1274 2240 1386 2311 jam
1423 2243 1550 2297 dicti
1596 2242 1805 2298 confusi
1855 2244 2006 2313 operi
2038 2245 2119 2299 in-

534 2343 775 2398 starent,
808 2334 989 2390 subito
1032 2333 1387 2389 conciderunt
1417 2343 1472 2387 et
1510 2333 1662 2403 quasi
1706 2334 1990 2389 exanimes
2036 2333 2121 2403 ja-

536 2432 788 2482 cuerunt.
836 2424 993 2492 Quod
1038 2440 1159 2480 cum
1213 2424 1273 2479 Β.
1323 2424 1613 2480 Gebliardo
1663 2425 1841 2482 adhuc
1890 2426 2125 2497 prandio

534 2518 795 2576 assidenti
844 2535 967 2574 cum
1020 2534 1215 2589 magno
1265 2520 1494 2590 strepitu
1545 2520 1854 2575 nuntiatum
1905 2519 2116 2584 luisset,

535 2610 834 2680 tranquillo
890 2610 1073 2667 animo
1126 2610 1264 2666 dixit
1315 2629 1329 2665 :
1393 2629 1411 2663 ι
1464 2610 1673 2674 Sinite,
1728 2611 2119 2682 aqunantulum

537 2700 690 2757 luere
741 2701 1045 2779 debuerunt
1092 2702 1236 2771 quod
1287 2703 1340 2757 in
1405 2713 1718 2757 sanctorum
1769 2704 1931 2758 rebus
1982 2703 2119 2758 deli-

539 2799 793 2860 querunt.
832 2810 850 2843 ι
885 2790 1010 2846 llaec
1037 2791 1222 2847 dicens
1244 2792 1451 2861 absque
1473 2791 1877 2861 perturbatione
1901 2794 2120 2858 mansit,

538 2882 715 2938 donec
758 2896 1021 2937 emensa
1083 2898 1206 2937 cum
1257 2883 1542 2939 alacritate
1592 2884 1862 2940 discessit.
1920 2884 2123 2940 Deinde

538 2971 783 3027 ascendit
811 2975 975 3042 super
998 2972 1443 3038 instrumentum,
1472 2974 1562 3028 ubi
1595 2974 1666 3029 illi
1693 2975 1950 3044 jacebant
1976 2975 2123 3030 Veltll

539 3062 764 3127 mortui,
793 3074 847 3117 et
878 3064 1088 3125 baculo,
1131 3079 1293 3135 quem
1326 3081 1484 3119 manu
1510 3067 1747 3131 tenebat,
1773 3076 1999 3137 tangens
2025 3082 2121 3122 eos

542 3155 623 3215 ait
648 3173 661 3209 :
692 3175 711 3206 ι
747 3156 882 3219 Non,
914 3157 1152 3227 inquam,
1181 3158 1334 3212 vobis
1360 3174 1457 3228 pro
1489 3159 1589 3213 boc
1631 3160 1935 3214 mercedem
1964 3160 2118 3214 datu-

541 3264 638 3304 rus
664 3264 805 3312 sum,
835 3259 895 3304 ut
920 3264 1111 3305 somno
1147 3258 1422 3320 torpentes
1453 3251 1541 3306 hic
1571 3252 1884 3318 decubatis;
1917 3253 2122 3323 surgite

540 3352 693 3412 ergo,
747 3351 804 3393 et
848 3341 1167 3411 opereniini.
1227 3359 1246 3393 ι
1305 3342 1375 3396 At
1428 3341 1502 3395 illi
1554 3341 1837 3398 confestim
1884 3343 2125 3399 levantes

540 3431 721 3500 capita
757 3442 1112 3488 surrexerunt
1139 3433 1280 3499 sani,
1310 3443 1364 3488 et
1392 3434 1543 3504 quasi
1586 3433 1718 3489 nihil
1761 3436 1906 3505 passi
1946 3451 2124 3506 cmpe-

542 3532 672 3579 rnnt
697 3525 936 3592 operari.

614 3612 779 3685 310
810 3615 837 3687 §
876 3614 993 3672 XX.
1029 3616 1146 3683 Quo
1185 3627 1416 3689 tempore
1461 3619 1729 3677 ecclesiam
1768 3620 2050 3676 dedicavit.

613 3701 778 3767 Anno
818 3706 1212 3764 lncarnatiouis
1240 3710 1452 3766 Domini
1496 3714 1907 3782 nongentcsimo
1957 3730 2125 3768 nona-

546 3798 757 3871 gesimo
794 3801 1066 3870 secundo,
1094 3801 1282 3858 iudiet.
1323 3818 1386 3866 ν,
1420 3802 1629 3858 decimo
1669 3820 1812 3859 anno
1836 3817 2122 3876 postquam

547 3891 714 3963 cmpit
761 3892 1068 3956 aediﬁcare,
1131 3895 1244 3964 ipse
1300 3895 1360 3969 Β.
1417 3894 1773 3952 Gebcbardus
1837 3900 2125 3970 episcopus

550 3981 822 4039 dedicavit
888 3999 949 4039 cc
985 3983 1172 4039 lcsiam
1231 4001 1391 4057 quam
1442 3987 1760 4053 auliﬁcavit,
1804 3988 1889 4043 die
1934 4005 1964 4041 ν
2003 3989 2123 4061 Kal.

547 4071 683 4129 Nov.
719 4075 775 4129 in
796 4075 900 4130 lion
926 4091 1000 4132 ne
1020 4076 1080 4131 Β.
1106 4076 1349 4144 Gregorii
1379 4093 1527 4148 papte
1561 4080 1611 4133 in
1646 4095 1835 4151 magna
1861 4078 2051 4151 gloria.

743 4164 772 4237 §
802 4166 941 4221 XXI.
971 4166 1244 4233 Quomodo
1276 4168 1603 4240 priuilegium
1631 4172 1928 4242 acquisivit.

618 4255 861 4326 Denique
884 4257 1110 4312 Romam
1139 4261 1362 4315 veniens
1387 4261 1437 4315 in
1466 4270 1674 4317 tantum
1705 4279 1732 4317 a
1761 4280 1896 4335 papa
1919 4263 2128 4322 Joanne

547 4359 650 4418 pro
675 4348 758 4401 sui
785 4350 1136 4405 veneratione
1162 4336 1464 4407 honoratus
1488 4360 1596 4417 cst,
1622 4355 1755 4409 adeo
1780 4367 1837 4408 ut
1865 4373 1971 4411 non
2004 4367 2126 4411 tan-

545 4442 662 4490 tum
709 4438 757 4493 ei
789 4438 1148 4510 privilegium,
1176 4451 1338 4510 prout
1365 4444 1478 4513 ipse
1504 4444 1753 4513 petebat,
1777 4448 2124 4517 concederet,

617 4573 767 4646 (741.)
800 4572 1367 4646 ηἰειοιήῐειιιιίιιοτιιιςιιιιῑ
1401 4574 1558 4639 huius
1584 4577 1783 4646 capitis
1830 4580 1965 4634 satis
2014 4580 2123 4634 sin-
2152 4557 2211 4621 οη

544 4642 787 4718 gularem
820 4645 1073 4718 describit
1104 4645 1330 4700 Manlius
1360 4648 1410 4701 in
1454 4648 1567 4700 Vita
1600 4642 1665 4701 Sf
1686 4648 1956 4705 Gebbardi
1978 4667 2025 4703 c.
2060 4651 2127 4705 13

549 4714 722 4786 e116,
755 4714 885 4782 quin
939 4723 1120 4786 tautcn
1177 4718 1449 4786 exprimat
1479 4718 1727 4786 Magnine
1775 4735 1843 4773 an
1901 4721 2129 4775 alterius

548 4784 797 4855 Gregorii
836 4802 987 4854 papae
1012 4785 1198 4855 fuerit.
1227 4784 1389 4842 Certe
1440 4789 1494 4842 in
1547 4784 1817 4844 Chronico
1867 4790 1924 4844 S.
1982 4788 2126 4846 Petri

543 4854 673 4930 Viri
697 4857 1011 4930 (d’Acui-ztir,
1050 4854 1325 4930 ιςμὶτὲιηιἶ
1341 4857 1409 4930 ιι.
1441 4874 1493 4928 p.
1529 4858 1654 4922 M7,
1702 4876 1825 4914 nov.
1874 4862 1988 4927 ed.)
2012 4863 2125 4930 jam

500 4927 508 4935 ”
549 4927 692 4999 circa
723 4943 813 4999 an.
848 4928 952 4981 876
980 4925 1218 4999 Joannes
1245 4927 1350 4982 Vill
1384 4925 1515 4997 papa
1542 4931 1805 4999 Ansegiso
1829 4925 2126 4987 Statonensi

549 4997 959 5070 arch’cpiseopo
985 4997 1557 5070 iletlisscmemoratur
1599 4997 1759 5069 caput
1791 5000 1849 5054 Β.
1878 5001 2125 5070 Gregorii

2147 3207 2196 3270 ε

2219 592 2358 639 teret
2384 585 2451 641 ad
2479 600 2677 656 corpus
2708 585 2769 642 Β.
2791 578 3037 659 Gregorii
3064 603 3236 660 papze,
3268 598 3321 645 et
3349 590 3449 646 hac
3482 594 3793 661 conditione

2218 676 2320 733 hoc
2339 677 2389 731 ei
2412 679 2734 747 permissum
2764 689 2867 747 est,
2895 690 2953 735 nt
2981 681 3237 751 quidquid
3262 698 3368 737 uno
3391 692 3538 739 tactu
3560 686 3629 745 de
3650 688 3795 744 sziiiis

2164 842 2167 847 η
2218 771 2433 825 ossibus
2464 788 2624 827 manu
2658 772 2877 833 leraret.
2909 774 3011 841 hoc
3048 774 3234 846 procul
3271 776 3443 831 dubio.
3478 790 3665 833 secum
3698 778 3792 833 de-

2218 860 2409 915 ferret.
2437 860 2610 927 Unde,
2639 862 2732 917 Dei
2763 864 2954 934 gratia,
2985 877 3147 935 caput
3172 864 3288 931 ejus
3324 865 3471 935 (7-H)
3512 881 3638 923 cum
3679 867 3796 923 aliis

2219 942 2524 1025 magniﬁcis
2552 956 2619 1010 de
2644 957 2762 1028 ejus
2792 972 3020 1028 corpore
3060 957 3302 1027 reliquiis
3341 958 3597 1025 sustulit,
3627 961 3795 1015 omni-

2218 1046 2429 1116 busque
2459 1047 2526 1101 ad
2552 1046 2764 1102 libitum
2795 1063 2950 1103 suum
2992 1061 3329 1118 quaecunque
3371 1049 3584 1105 volebat
3631 1049 3806 1120 impeo.

2223 1138 2401 1206 tratis,
2433 1138 2585 1194 licius
2617 1139 2911 1209 repedavit.
3728 1132 3733 1137 ’

2902 1230 2929 1305 §
2961 1229 3125 1286 χχιι.

2290 1318 2453 1390 311
2480 1317 2593 1374 lloc
2615 1319 2886 1391 siquidem
2922 1322 3178 1387 dilectum
3212 1331 3373 1394 caput
3400 1324 3714 1379 invenimus
3744 1325 3802 1380 in

2220 1423 2406 1481 capsa,
2434 1409 2561 1464 olim
2583 1412 2800 1481 quidem
2834 1412 3063 1471 ﬁrmiter
3084 1414 3238 1470 valde
3259 1415 3511 1483 solidata,
3538 1420 3636 1472 sed
3657 1435 3801 1473 nunc

2214 1501 2327 1570 jam
2375 1516 2487 1571 pra:
2531 1503 3238 1573 antiquitateetincautela
3289 1508 3511 1577 penitus
3533 1507 3806 1585 resoluta,

2220 1608 2342 1663 qua:
2380 1595 2576 1663 priscis
2603 1597 2963 1666 temporibus,
2992 1597 3131 1653 sicut
3159 1599 3484 1659 audivimus.
3518 1600 3572 1654 in
3604 1601 3811 1658 altario.

2221 1683 2281 1740 S.
2311 1684 2455 1751 Petri
2487 1686 2541 1740 in
2568 1688 2865 1743 meridiana
2896 1688 3048 1759 plaga
3095 1699 3212 1744 erat
3240 1691 3543 1758 recondita,
3592 1692 3648 1745 in
3693 1707 3809 1762 qua

2222 1785 2377 1843 parte
2409 1774 2572 1830 etiam
2596 1774 2781 1834 Romm
2808 1776 2926 1845 ejus
2948 1779 3253 1849 sepulcrum
3283 1794 3403 1841 esse
3429 1783 3801 1851 cognoscitur.

2224 1866 2330 1922 Sed
2367 1883 2511 1923 nunc
2546 1879 2666 1924 erat
2693 1869 2765 1924 ibi
2790 1870 3024 1935 sublata,
3055 1880 3109 1926 et
3131 1887 3292 1942 super
3324 1872 3497 1929 altare
3529 1874 3590 1929 S.
3622 1872 3803 1928 Maria:

2220 1959 2504 2025 collocata,
2531 1970 2584 2014 et
2608 1961 2729 2016 ideo
2750 1959 2865 2029 jam
2894 1963 3097 2019 dictum
3125 1964 3297 2020 altare
3324 1964 3387 2020 S.
3415 1965 3559 2021 Petri
3587 1981 3803 2021 reman-

2220 2061 2367 2132 serat
2399 2056 2626 2105 i‘acuum
2651 2061 2704 2107 et
2728 2051 3008 2119 violatum,
3039 2071 3103 2111 ac
3147 2066 3432 2127 propterea
3475 2066 3668 2127 postea
3715 2072 3805 2113 re-

2219 2152 2496 2207 novatum,
2525 2152 2579 2197 et
2615 2159 2643 2197 a
2691 2142 2984 2200 Kuourado
3022 2145 3298 2203 Curiensis
3344 2148 3494 2221 (742)
3543 2148 3811 2205 Ecclesia:

2220 2238 2473 2306 episcopo
2512 2243 2598 2289 est
2629 2234 2975 2313 dedicatum.‘
2994 2235 3235 2306 Denique
3275 2237 3585 2307 aperientes
3630 2238 3808 2308 ipsam

2221 2338 2439 2393 capsam
2504 2322 2811 2385 invenimus
2873 2324 2925 2377 in
2984 2322 3100 2394 ipsa
3153 2339 3371 2393 capsam
3429 2325 3804 2392 rubricatam,

2221 2424 2536 2468 sanctorum
2563 2413 2840 2467 cineribus
2878 2413 3123 2491 plenam;
3158 2413 3298 2492 iutcr
3338 2429 3475 2484 quas
3518 2413 3808 2470 dilectissi-

2220 2521 2368 2560 mum
2398 2505 2709 2561 thesaurum
2740 2504 3063 2575 reperimus,
3083 2505 3281 2576 capitis
3297 2500 3498 2561 scilicet
3522 2505 3807 2562 sanctissi-

2222 2597 2294 2651 mi
2333 2611 2483 2667 papte
2504 2595 2773 2665 Gregorii,
2803 2596 2898 2650 sed
2927 2580 3319 2667 comminuttun
3350 2609 3446 2665 per
3469 2595 3804 2666 particulas;

2222 2689 2491 2744 doluimus
2510 2689 2653 2759 quod
2677 2688 2819 2742 unde
2842 2687 3107 2743 aeeidcrit
3134 2703 3276 2742 nunc
3307 2701 3478 2757 usque
3526 2687 3674 2744 scire
3702 2672 3817 2743 non

2223 2784 2519 2855 potuimus.
2550 2782 2700 2838 Alias
2733 2796 2864 2839 sane
2887 2782 3168 2853 perplures
3209 2782 3466 2852 reliquias
3510 2783 3564 2837 in
3619 2781 3808 2838 eadem

2224 2892 2385 2953 capsa
2431 2877 2914 2956 repcrimns,quas
2957 2876 3202 2946 ejusdem
3232 2876 3289 2931 S.
3323 2877 3505 2933 Patris
3553 2875 3809 2948 Gregorii

2223 2986 2345 3029 esse
2371 2986 2678 3040 speramus,
2709 2971 2967 3040 quoniam
3004 2979 3060 3025 et
3104 2969 3317 3025 nonnisi
3365 2985 3530 3023 unum
3587 2970 3811 3023 brevem

2225 3076 2348 3117 cum
2387 3063 2467 3117 eis
2510 3062 2848 3128 invenimus,
2878 3069 2934 3116 et
2979 3061 3268 3115 candorem
3320 3059 3435 3128 ejus
3486 3068 3825 3125 umerorum

2225 3156 2428 3210 ossium
2466 3156 2835 3211 ostentabant.
2877 3154 2943 3213 Et
2974 3156 3183 3225 integra
3217 3155 3435 3225 quidem
3480 3169 3610 3210 ossa
3648 3154 3817 3211 colle-

2227 3248 2421 3320 gimus,
2450 3256 2505 3302 ct
2533 3248 2670 3302 alias
2699 3247 3158 3318 transposuimus,
3204 3247 3418 3303 cineres
3467 3262 3600 3302 vero
3653 3260 3815 3318 repo-

2226 3340 2435 3394 suimus
2464 3339 2553 3393 ubi
2596 3349 2651 3394 et
2686 3340 2939 3408 primitus
2977 3339 3299 3394 invenimus.
3355 3339 3487 3406 Qua:
3528 3353 3693 3411 capsa
3746 3336 3814 3392 ad

2229 3429 2635 3485 Minnninltusitt
2665 3429 2811 3503 (743)
2840 3429 3091 3495 estdata,
3121 3429 3341 3500 quando
3360 3418 3491 3483 inibi
3510 3426 3818 3503 editicaba:

2229 3532 2317 3597 tur
2347 3521 2573 3593 capella.

2874 3616 2905 3690 ς
2946 3614 3130 3671 xxm.

2302 3711 2415 3767 lloe
2474 3718 2562 3765 cst
2621 3709 2961 3781 privilegium
3027 3708 3171 3779 quod
3236 3706 3299 3764 Β.
3360 3706 3721 3765 Gcbebardus
3778 3720 3825 3769 θ,

2229 3806 2390 3862 Rom.
2421 3805 2527 3860 PP.
2564 3802 2772 3858 Joanne
2821 3801 2969 3874 (744)
3008 3816 3172 3872 super
3229 3800 3405 3857 locum
3459 3801 3637 3871 ipsum
3687 3814 3813 3870 pero

2230 3896 2392 3968 cepit.
2451 3894 2801 3967 Pririlegium
2859 3892 3172 3948 monasterii
3231 3893 3285 3946 in
3337 3891 3498 3946 bibiis
3558 3889 3819 3961 primitus

2228 3991 2516 4061 scriptum,
2545 3988 2688 4060 quod
2720 3996 2773 4043 et
2814 3986 3077 4041 hactenus
3104 3994 3185 4042 est
3218 3986 3273 4039 in
3315 3983 3647 4040 monasterio
3683 3997 3813 4037 con-

2212 4089 2527 4138 serratum.

2304 4196 2322 4230 ι
2348 4175 2585 4231 10mm
2607 4174 2915 4246 cpiscopus,
2946 4188 3136 4228 servus
3160 4186 3439 4227 servorum
3466 4169 3585 4225 Dei.
3611 4166 3667 4222 lu
3712 4180 3821 4231 nos

2229 4269 2375 4326 mine
2406 4278 2608 4324 sancta:
2637 4276 2695 4324 ct
2742 4267 3032 4323 individua:
3056 4264 3364 4329 Trinitatis,
3398 4262 3576 4318 Patris
3618 4258 3813 4316 videlio

2227 4371 2337 4425 cet,
2363 4358 2508 4427 Filii,
2532 4368 2585 4414 et
2612 4338 2847 4429 Spiritus
2870 4356 3064 4412 sancti.
3830 4360 3835 4367 '

2305 4468 2333 4513 r
2356 4448 2551 4504 Notum
2600 4462 2721 4502 csse
2773 4447 3023 4501 volumus
3052 4445 3304 4500 omnibus
3333 4440 3533 4498 Christi
3566 4438 3819 4495 ﬁdelibus

2230 4582 2644 4639 comminutum.
2674 4580 2734 4635 In
2758 4579 3141 4651 martyrologio
3171 4593 3314 4651 tusc.
3337 4575 3596 4651 Pragensi
3728 4589 3812 4651 _e.,

2230 4671 2286 4726 ρ.
2334 4653 2504 4726 150)ζ
2534 4652 2601 4706 ad
2655 4651 2796 4726 diem
2840 4643 2915 4703 Η
2946 4643 3130 4726 Martii.
3178 4650 3250 4726 ita
3302 4643 3542 4726 legitur:
3579 4664 3599 4698 ι
3641 4643 3825 4726 lliujus

2231 4714 2406 4793 sancti
2441 4714 2735 4793 (Gregorii)
2766 4730 2928 4791 caput
2954 4720 3336 4793 serenissimus
3359 4714 3616 4786 princeps
3643 4714 3815 4793 Garg-

2231 4794 2319 4848 lus
2363 4783 2639 4847 Ινίὶοιῖι.
2692 4783 2877 4858 ἰιιηιλέ
2922 4791 3201 4843 obtentum
3256 4790 3309 4842 in
3360 4783 3696 4858 monasterio
3749 4783 3811 4838 S.

2230 4862 2503 4919 Gebliardi
2553 4863 2606 4914 in
2659 4857 2880 4915 civitate
2918 4859 3359 4920 Constantieusi,
3387 4866 3445 4911 et
3492 4857 3811 4909 decoratum

2232 4949 2365 4989 auro
2416 4943 2578 5000 atque
2628 4940 2853 5000 argento
2902 4929 3121 4985 donavit
3164 4926 3808 5000 ecclesiteAPragu-nsta

2234 5007 2314 5080 A_e.
2358 4995 2505 5056 saue'
2540 5002 2593 5055 in
2625 4995 2897 5080 _C_:italogo
2943 5000 3298 5080 reliquiarum
3354 4998 3513 5078 hujus
3568 4995 3815 5078 ecclesite
