3970 5406
185 391 277 448 313

1099 393 1491 453 cuuomcos
1528 396 2239 456 rerensucsmuu.—-
2263 357 2391 457 ιζιιι.
2426 401 2466 457 ι.

3296 366 3401 457 ali

182 484 398 576 qualiter
424 505 798 579 Cebeharlus
841 497 1111 576 secundus
1156 506 1406 563 amabilis
1450 506 1735 577 episcopus
1763 514 1806 572 Α
1837 509 2115 564 rec'tetnr.
2143 507 2244 577 Qui
2279 525 2406 565 vero
2439 510 2528 581 pio
2554 513 2750 566 intuitu
2793 521 2975 568 custos
3001 522 3056 568 et
3086 521 3400 583 procurator

182 608 364 653 sanctm
390 597 644 654 Ecclesia:
674 599 1104 656 Cunslantiensis
1129 641 1145 666 ,
1174 600 1561 656 dilectissimus
1599 616 1731 655 con-

181 688 336 743 frater
361 698 577 751 uoster,
608 691 872 745 orationis
912 707 1074 746 causa
1120 690 1344 747 Romam
1392 691 1616 746 veniens
1660 688 1729 745 ad

179 779 347 837 limina
392 782 753 850 apostolorum
808 783 1114 855 principum
1165 783 1308 837 Petri
1345 798 1409 837 ac
1450 781 1624 845 Pauli,
1676 789 1734 836 et

179 880 290 927 tmte
312 882 551 927 neStram
579 876 942 943 przesentiam,
976 875 1265 945 retulitqnc
1285 873 1444 930 nobis
1465 884 1733 945 quatenus

176 960 299 1031 ipse,
338 961 428 1016 Dei
482 974 614 1017 nutu
637 965 980 1034 compulsus,
1010 966 1295 1019 ecclesiam
1334 966 1732 1021 ctenohitarnm

177 1053 552 1108 construxisset
601 1070 763 1125 super
822 1056 994 1126 ripam
1044 1055 1281 1110 ﬂuiuinis
1338 1057 1482 1126 quod
1536 1056 1735 1113 dicitur

180 1139 401 1208 Rhenus,
434 1143 501 1196 ad
537 1144 794 1199 honorem
835 1140 892 1198 Β.
931 1143 1180 1216 Gregorii
1209 1146 1542 1201 confessoris
1574 1143 1734 1200 Chri-

177 1231 258 1293 sti,
282 1232 330 1284 in
364 1248 472 1303 quo
499 1232 619 1288 loco
656 1235 894 1305 regulam
928 1236 984 1290 S.
1015 1235 1291 1291 Benedicti
1520 1235 1734 1291 abbatis

175 1332 223 1381 et
256 1320 639 1377 n'miachorum
685 1323 910 1379 fratrum
966 1325 1393 1383 incnientissime
1432 1327 1732 1393 ordinaret,

174 1413 252 1475 ubi
284 1412 632 1473 devotissime
658 1415 723 1469 de
744 1416 856 1470 suis
876 1416 1109 1486 propriis
1141 1418 1356 1486 pmaiiis
1375 1458 1390 1482 ,
1416 1433 1540 1488 qua:
1568 1433 1597 1471 a
1618 1417 1733 1472 suis

173 1506 468 1574 parentibus
493 1506 566 1560 illi
595 1517 912 1572 evenerunt,
939 1518 991 1561 et
1016 1519 1222 1578 partem
1253 1509 1318 1563 de
1350 1511 1509 1565 rebus
1532 1520 1732 1565 sanctae

174 1613 269 1652 sua:
291 1597 547 1656 Ecclesia:
575 1599 918 1655 devotissime
940 1600 1156 1665 obtulit,
1192 1601 1257 1653 ad
1280 1602 1732 1656 sustentationem

175 1697 221 1742 et
248 1687 571 1757 stipendium
621 1690 831 1743 illorum
869 1690 1121 1745 videlicet
1174 1693 1599 1756 monachorum,
1639 1691 1731 1763 qui

176 1780 220 1839 in
240 1780 346 1851 ipso
364 1791 556 1835 sancto
583 1782 911 1837 monasterio
935 1782 1123 1837 sedulo
1149 1782 1352 1839 Christi
1383 1782 1572 1838 laudes
1610 1798 1733 1853 per-

1831 598 1992 667 hujus
2037 601 2207 656 nostri
2237 601 2490 672 praecepti
2522 603 2814 666 exstiterit,
2847 603 3238 659 benedictionis
3283 618 3400 675 gra.

1832 693 1964 747 tiam
2021 691 2298 762 vitamque
2344 705 2603 749 aueruam
2636 694 2705 748 ab
2752 695 2868 763 ipso
2913 693 3139 749 Domino
3185 694 3297 750 Deo
3350 696 3403 749 et

1830 782 2117 839 Saivatore
2145 794 2333 840 nostro
2363 784 2487 841 Jcsu
2509 783 2729 841 Christo
2754 787 3005 855 consequi
3037 792 3310 839 mereatur
3349 782 3403 838 in

1832 875 2028 930 saecula
2078 876 2425 932 stecuiorum.
2484 876 2677 930 Amen.
2735 876 3006 944 Scriptum
3066 891 3163 944 per
3215 888 3406 930 namus

1830 964 2059 1021 Joannis
2116 967 2354 1031 notarii,
2412 977 2467 1022 et
2518 967 2810 1037 regionarii
2855 975 2912 1020 et
2940 966 3206 1022 scriniarii
3260 962 3404 1021 sacri

1832 1057 2216 1115 Lateranensis
2253 1059 2438 1130 pslatii
2472 1060 2523 1113 in
2549 1075 2735 1114 mense
2761 1059 2989 1129 Aprilis,
3026 1070 3082 1114 et
3112 1057 3407 1112 indictione

1832 1148 2095 1205 secunda.
2139 1150 2274 1204 Data
2307 1165 2381 1205 vn
2425 1148 2543 1204 Kal.
2579 1147 2746 1203 Maias
2787 1165 2883 1220 per
2923 1163 3116 1202 manus
3163 1145 3407 1216 Gregorii

1831 1240 2067 1309 episcopi
2112 1249 2314 1294 sancite
2357 1239 2518 1310 313
2551 1237 2871 1295 Portuensis
2919 1237 3175 1294 Ecclesiae
3199 1279 3213 1301 ,
3241 1246 3294 1291 et
3329 1235 3412 1291 hi-

1831 1327 2171 1384 bliothecarii
2223 1328 2284 1384 8.
2341 1329 2486 1384 sedis
2542 1329 2849 1400 apostolicae
2877 1368 2894 1393 ,
2941 1344 3084 1383 anno
3129 1323 3412 1397 pontifica-

1834 1425 1919 1472 tus
1966 1418 2168 1475 domini
2211 1420 2382 1475 nostri
2431 1417 2653 1474 Joannis
2683 1418 3014 1474 sanctissimi
3052 1432 3205 1489 papa:
3241 1431 3410 1488 quar-

1834 1517 1889 1562 to
1913 1509 2085 1580 (745).

1834 1598 1863 1673 ᾗ
1897 1599 2083 1655 XXIV.
2118 1600 2391 1665 Quomodo
2421 1601 2491 1655 ad
2519 1599 2816 1671 sepulcrum
2846 1597 2905 1654 8.
2925 1595 3196 1653 Uodalriri
3224 1596 3410 1652 orarit.

1903 1688 2137 1746 Rediens
2164 1691 2346 1760 itaque
2375 1687 2437 1744 Β.
2488 1689 2731 1759 pontifex
2783 1687 3130 1743 Cebchardus
3155 1703 3183 1739 a
3216 1685 3416 1741 limini-

1834 1783 1935 1838 bus
1963 1782 2328 1853 apostolorum
2361 1791 2617 1855 percepto
2665 1780 2947 1853 privilegio
2989 1794 3053 1834 ac
3096 1784 3411 1833 sanctorum

174 1871 361 1929 solvere
396 1872 485 1927 diu
520 1885 796 1944 noctuque
839 1890 943 1927 non
975 1884 1213 1929 cessant.
1279 1874 1386 1931 Pro
1414 1874 1611 1946 quibus
1636 1892 1735 1933 ηο-
1764 1859 1809 1919 Β
1836 1868 2103 1944 reliquiis,
2134 1883 2191 1928 ut
2219 1888 2381 1944 supra
2423 1874 2691 1944 digestum
2723 1880 2840 1935 est,
2867 1887 2990 1926 cum
3021 1871 3185 1940 Alpes
3234 1879 3411 1923 traus‘

174 1973 283 2021 sine
324 1965 652 2019 humilitatis
677 1965 997 2037 supplicavit
1025 1965 1396 2032 clementiam,
1425 1978 1483 2021 ιιι
1533 1968 1731 2040 prmdi-

172 2065 275 2127 ctus
299 2055 446 2111 locus
474 2057 593 2126 ipse
619 2056 719 2115 sub
751 2057 977 2111 tuitione
1006 2066 1060 2111 et
1108 2056 1421 2113 defensione
1468 2057 1524 2113 8.
1563 2056 1733 2123 Petri,

172 2156 218 2200 et
235 2156 405 2200 nostra
436 2157 863 2216 nostrorumque
901 2163 1277 2204 suceessormn
1328 2148 1641 2219 pontiﬁcum
1680 2150 1733 2209 in

171 2246 463 2306 perpetuum
498 2249 739 2306 ntancai,
760 2240 833 2294 ita
862 2251 1043 2295 tamen
1065 2250 1123 2294 ut
1149 2241 1326 2297 nullus
1351 2257 1466 2306 rex,
1486 2252 1578 2296 aut
1605 2243 1737 2308 dux,

173 2344 325 2397 neque
372 2316 670 2396 marcbio,
720 2346 819 2388 nec
878 2333 1043 2386 etiam
1119 2333 1440 2404 episcopus,
1490 2334 1582 2404 qni
1639 2349 1739 2405 per

176 2426 391 2488 tempora
432 2421 485 2474 in
528 2421 649 2492 ipso
674 2423 948 2492 episcopiu
979 2421 1180 2489 fuerit,
1209 2435 1299 2478 aut
1342 2425 1450 2479 ulla
1503 2441 1737 2496 persona

176 2512 381 2566 audeant
410 2514 476 2569 de
512 2516 773 2570 omnibus
808 2532 927 2586 qua:
961 2514 1159 2571 ibiiem
1194 2518 1264 2571 ab
1305 2518 1424 2588 ipso
1453 2518 1564 2589 jam
1594 2519 1739 2574 dicto

174 2599 476 2657 Geiiehardo
497 2620 759 2660 concessa
784 2616 911 2661 sant
937 2606 1200 2670 alienare.
1231 2617 1325 2662 aut
1357 2610 1740 2680 qnoquomodo

177 2688 234 2745 de
254 2689 361 2761 ipso
389 2704 586 2750 sancto
614 2698 945 2751 nmnastcrio
976 2699 1283 2754 extrahere.
1311 2698 1615 2756 Constituto
1636 2742 1651 2767 ,
1683 2709 1741 2756 et

178 2781 394 2836 stabilita
432 2794 604 2855 atque
633 2786 787 2840 iirnia
813 2803 985 2859 usque
1017 2788 1069 2843 in
1113 2789 1292 2845 futura
1339 2799 1580 2862 tempora
1611 2807 1741 2848 con-

178 2873 395 2928 cedimus
417 2878 809 2944 permanentia.

241 2981 258 3014 ι
275 2962 445 3018 Sedet
470 2966 577 3019 hoc
591 2967 881 3036 apostolica
908 2967 1288 3038 praeceptione,
1305 2977 1528 3040 rogante
1553 2983 1741 3040 supra-

179 3053 304 3108 dicto
325 3054 607 3110 confratrc
648 3065 854 3121 nostro,
885 3057 1262 3113 interdicimus
1292 3058 1344 3112 in
1377 3058 1595 3113 nomine
1637 3058 1743 3113 Do-

179 3143 291 3214 mini
320 3147 490 3200 nostri
523 3145 655 3201 Jcsu
678 3146 907 3213 Christi,
940 3163 1008 3202 ne
1039 3148 1236 3217 aliquis
1262 3149 1437 3203 eidem
1470 3156 1743 3204 monaste-

1840 1964 1993 2030 isset,
2048 1974 2103 2018 et
2139 1965 2192 2018 in
2229 1963 2603 2019 Alemanniam
2650 1962 3020 2033 pervenisset,
3052 1959 3267 2016 devenit
3308 1961 3416 2014 Au”-

1836 2065 2050 2128 gustam
2109 2055 2482 2119 Vindelicam,
2538 2064 2595 2109 et
2640 2055 2707 2108 ad
2761 2054 3068 2123 sepulcrum
3113 2050 3415 2107 beatissimi

1839 2146 2115 2205 Uodalrici
2150 2147 2391 2219 ejusdem
2434 2147 2672 2203 civitatis
2701 2145 2963 2217 episcopi,
2991 2144 3081 2215 qui
3104 2142 3216 2213 jam
3248 2142 3419 2197 ferme

1838 2248 1965 2294 ante
1987 2238 2296 2308 quindecim
2324 2253 2497 2293 annos
2522 2253 2553 2293 e
2584 2238 2784 2292 mundo
2830 2236 2897 2290 ad
2923 2236 3204 2291 Dominum
3234 2242 3415 2287 trans-

1840 2329 2006 2395 ierat,
2059 2340 2317 2385 oraturus
2373 2329 2634 2395 accessit;
2691 2343 2924 2398 cumque
2979 2325 3091 2382 illic
3154 2323 3420 2380 attentius

1837 2433 2044 2487 eraret,
2081 2423 2285 2478 audivit
2330 2438 2518 2479 vocem
2564 2423 2718 2493 quasi
2751 2424 2818 2478 de
2856 2420 3065 2477 tumulo
3107 2435 3204 2476 son
3243 2427 3415 2482 ntetn,

1839 2515 2051 2585 sibique
2075 2516 2345 2573 dicentem
2379 2532 2393 2569 ε
2436 2532 2456 2565 ι
2492 2514 2630 2583 Quid
2662 2513 2861 2584 qmeris
2883 2554 2898 2575 ,
2934 2511 3017 2567 vel
3048 2510 3177 2582 quid
3227 2518 3416 2580 postn-

1842 2603 1944 2668 las,
1976 2603 2331 2660 Cebeharde?
2376 2624 2395 2655 ι
2429 2604 2498 2658 Δι
2529 2604 2639 2664 ille,
2669 2601 2822 2671 quasi
2854 2610 3172 2657 consuetam
3226 2612 3418 2653 vocem

1841 2696 2089 2761 audiret,
2115 2694 2380 2764 intrepide
2424 2694 2702 2764 respondit
2737 2711 2752 2748 :
2811 2712 2830 2744 ι
2881 2691 3176 2761 Quoniam,
3218 2688 3416 2760 inquit,

1844 2801 2015 2856 nuper
2061 2784 2236 2841 locum
2280 2784 2507 2841 Omnino
2542 2784 2899 2840 dedicandum
2945 2782 3245 2847 construxi,
3294 2788 3423 2850 peto

1844 2884 1903 2929 ut
1934 2875 2104 2929 isdem
2138 2874 2293 2929 iocus
2326 2882 2417 2928 tuo
2446 2874 2754 2944 patrocinio
2790 2872 3109 2937 illustretur,
3148 2881 3202 2927 et
3237 2871 3305 2926 de
3336 2885 3425 2924 sa-

1846 2964 2159 3020 eratissimo
2184 2979 2415 3034 corpore
2455 2972 2548 3017 tuo
2591 2963 2786 3033 aliquae
2816 2963 3056 3033 reliquiae
3096 2962 3224 3016 i‘liuc
3275 2959 3426 3017 deici-

1845 3056 2029 3110 rendm
2068 3056 2285 3123 pro'tua
2334 3054 2538 3122 pietate
2596 3052 2981 3107 concedantur.
3021 3070 3039 3103 ι
3072 3049 3172 3107 Cui
3218 3049 3418 3105 iterum

1846 3145 2000 3216 quasi
2038 3145 2105 3198 de
2148 3144 2333 3198 tumba
2378 3158 2695 3214 responsum
2720 3151 2847 3198 est:
2898 3160 2917 3193 ι
2960 3140 3076 3196 Non
3100 3182 3115 3204 ,
3146 3138 3421 3208 inquiens,

180 3236 248 3290 rio
279 3238 630 3308 pneliciatur,
681 3238 781 3293 nisi
814 3254 972 3308 quem
1005 3240 1278 3295 communi
1328 3254 1595 3296 consensu
1629 3240 1742 3294 fra-
1768 3230 1810 3290 C
1843 3237 1947 3292 hoc
1973 3235 2082 3289 nilo
2113 3236 2273 3290 modo
2307 3235 2421 3290 fieri
2453 3242 2652 3305 potest,
2694 3235 2949 3304 quoniam
2988 3233 3256 3304 integrant
3299 3244 3421 3285 cur;

180 3335 274 3382 tres
331 3328 534 3383 ibidem
596 3327 814 3385 Christo
862 3329 1047 3384 sedulo
1096 3331 1396 3385 servientes
1447 3330 1735 3400 elegerint,

178 3417 495 3490 electumque
511 3420 802 3490 episcopus
829 3421 1224 3477 benedictionis
1248 3422 1399 3476 titulo
1414 3421 1739 3477 conﬁrmare

178 3522 438 3589 procuret;
486 3521 547 3566 et
587 3513 689 3567 hoc
743 3514 918 3582 ipsum
953 3513 1019 3568 de
1063 3513 1309 3569 advocati
1346 3513 1611 3567 electione
1643 3511 1738 3567 de—

176 3604 304 3658 cerui
334 3600 561 3673 placuit.
589 3604 647 3658 Si
680 3619 829 3668 vero,
863 3605 1003 3673 quod
1034 3605 1202 3660 ahsit!
1239 3604 1529 3674 aliquando
1560 3603 1737 3659 conti-

177 3693 299 3761 gerit
321 3703 377 3747 ut
414 3694 710 3764 episcopus
744 3694 983 3763 ejusdem
1011 3703 1213 3749 sancite
1240 3694 1498 3749 Ecclesiae
1525 3692 1742 3748 lucreti-

177 3794 260 3836 ους
300 3781 379 3837 vel
434 3780 847 3839 sehismatieus‘
897 3786 1129 3850 existat,
1183 3784 1380 3840 fratres
1438 3785 1734 3856 supradicti

178 3872 468 3926 monasterii
494 3888 563 3927 cx
614 3873 938 3928 auctoritate
970 3875 1113 3929 sedis
1144 3877 1457 3946 apostolica:
1504 3877 1740 3931 habeant

176 3969 477 4030 potestatem
530 3964 935 4018 ecclesiasticos
986 3965 1206 4021 ordines
1254 3967 1563 4037 requirendi
1622 3966 1739 4021 ubi-

177 4064 366 4122 cunque
387 4055 715 4109 cathoiicmn
743 4066 1010 4111 noverunt
1032 4073 1152 4113 esse
1174 4058 1508 4129 episcopum,
1532 4072 1629 4114 nec
1650 4058 1737 4112 ille

174 4141 448 4216 iniqunsde
466 4148 569 4202 hoc
594 4147 832 4217 aliquam
848 4148 1189 4217 eisinjnriam
1215 4150 1734 4221 inferreprmsumat.

177 4229 290 4289 Nam
314 4235 365 4293 si.
384 4237 586 4308 aliquis
608 4237 791 4302 homo,
814 4236 1181 4310 cujuscunque
1203 4241 1273 4294 sit
1295 4241 1501 4295 ordinis
1530 4241 1608 4295 vel
1636 4256 1734 4310 po-

177 4327 391 4390 testatis,
412 4329 559 4398 quod
583 4344 690 4382 non
717 4328 1017 4394 credimus,
1035 4327 1161 4402 [hoc
1184 4329 1547 4404 privilegium]
1564 4332 1612 4385 in
1637 4331 1738 4387 aii-

174 4426 267 4484 quo
285 4416 622 4489 disrumpere
646 4420 936 4474 tentaverit
961 4418 1062 4493 [et]
1080 4436 1141 4474 ea
1161 4436 1282 4491 quae
1301 4422 1370 4475 ab
1392 4421 1507 4491 ipso
1523 4421 1636 4490 jam
1658 4422 1737 4476 di-

175 4512 249 4558 cto
266 4505 534 4563 confratre
559 4519 749 4565 nostro
773 4510 825 4563 in
848 4511 1109 4579 przedicto
1128 4512 1456 4566 monasterio
1475 4527 1728 4568 concessa

1840 3327 2119 3398 pusculum
2148 3342 2324 3382 meum
2368 3327 2469 3381 hoc
2506 3326 2559 3380 in
2608 3326 2727 3381 loco
2775 3327 2916 3380 diem
2971 3337 3283 3393 supremum
3324 3336 3419 3376 ch

1840 3429 2091 3491 spectare
2139 3421 2295 3485 vuio;
2346 3427 2402 3475 et
2446 3420 2573 3490 quia
2623 3434 2710 3474 me
2756 3420 2863 3474 tuis
2896 3417 3150 3490 precibus
3202 3415 3421 3487 pulsare

1838 3519 1893 3566 et
1928 3511 2229 3580 inquietare
2268 3510 2661 3579 praesumpsisti
2688 3550 2702 3573 ,
2728 3510 2988 3564 continuo
3010 3548 3027 3574 ,
3054 3523 3176 3561 cum
3214 3517 3417 3563 terram

1838 3601 2155 3656 monasterii
2205 3600 2278 3655 tui
2328 3600 2612 3670 attigeris,
2661 3601 2922 3655 ultionem
2971 3598 3211 3670 proinde
3250 3612 3422 3668 expe-

1842 3693 2023 3748 rieris.
2063 3712 2081 3744 ι
2116 3690 2231 3746 Tali
2260 3691 2484 3746 oraculo
2513 3701 2773 3762 percepto
2812 3691 3073 3755 recessit,
3110 3699 3165 3743 et
3191 3690 3260 3743 ad
3299 3702 3423 3758 pro-

1844 3786 1961 3856 pria
1996 3785 2276 3839 remeavit.
2304 3784 2472 3853 igitur
2495 3800 2616 3838 cum
2641 3784 2706 3837 ad
2733 3793 3032 3839 extremam
3059 3791 3264 3852 partem
3283 3771 3420 3851 agri.

1845 3878 1935 3948 qui
1974 3878 2041 3932 ad
2084 3876 2468 3931 monasterium
2517 3876 2843 3946 pertinebat.
2888 3872 3243 3942 pervenisset,
3293 3882 3425 3924 ecce

1843 3968 2028 4040 vepris
2054 3970 2270 4040 spinosa
2299 3983 2464 4037 super
2493 3967 2637 4020 viam
2660 3964 2967 4035 dependens
2991 3963 3220 4032 caligam
3240 3968 3421 4015 trans-

1841 4060 2022 4116 euntis
2059 4059 2299 4130 episeopi
2355 4058 2735 4128 apprehendit,
2764 4057 2922 4126 eique
2953 4054 3139 4110 tibiam
3165 4052 3417 4107 vulnera-

1839 4153 1953 4218 vit;
1985 4152 2074 4222 qui
2104 4167 2224 4205 cum
2255 4150 2494 4205 dolorem
2524 4165 2588 4205 ex
2620 4147 2776 4221 plaga
2803 4147 3082 4207 sensisset.
3115 4158 3248 4200 voce
3268 4143 3417 4198 clara

1842 4242 1980 4299 dixit
2010 4259 2024 4296 :
2063 4261 2080 4293 ι
2115 4241 2254 4296 Ecce
2291 4241 2433 4312 quod
2469 4238 2528 4296 8.
2569 4238 2891 4295 Uodalricus
2935 4237 3101 4291 verbo
3142 4233 3421 4306 prtedixit,

1839 4349 2006 4405 opere
2062 4331 2373 4401 complevit.
2436 4350 2456 4383 ι
2511 4329 2637 4385 limo
2681 4327 2835 4400 plaga
2894 4334 3078 4397 postea
3110 4326 3176 4380 de
3224 4324 3312 4378 die
3362 4322 3417 4377 in

1838 4425 1980 4481 diem
2029 4425 2081 4479 in
2122 4423 2275 4493 pejus
2324 4420 2584 4487 accrevit,
2630 4429 2685 4474 et
2735 4434 2904 4487 usque
2955 4418 3022 4471 ad
3077 4416 3237 4470 linem
3294 4415 3425 4469 vita:

1838 4516 1956 4586 ejus
2009 4517 2155 4573 nullo
2209 4531 2446 4587 unquam
2499 4514 2756 4585 deinceps
2820 4511 3181 4567 medicamine
3238 4507 3425 4603 curari

177 4603 302 4656 sunt,
336 4598 522 4667 ajure
570 4610 624 4654 et
672 4599 882 4654 ditione
929 4600 1097 4670 ipsius
1146 4602 1460 4655 monasterii
1512 4601 1732 4658 auferre
1763 4584 2035 4681 Dpotuit.

179 4683 531 4765 voiuerit,_nisi
563 4691 868 4761 resipiscat,
900 4693 1405 4747 excutumunieatus
1434 4708 1465 4746 a
1504 4708 1736 4764 corpore

177 4784 224 4829 et
245 4781 499 4848 sanguine
527 4780 738 4837 Domini
776 4782 943 4837 nostri
980 4781 1107 4838 Jesu
1138 4783 1339 4839 Christi
1365 4784 1650 4851 consistat,
1683 4794 1738 4840 et

179 4870 647 4944 anathematizatns
669 4891 698 4930 a
726 4875 826 4932 88.
850 4875 1105 4932 Patrihus
1125 4876 1396 4940 oumibus,
1414 4885 1470 4932 et
1490 4891 1520 4931 a
1546 4877 1732 4942 nobis;

179 4962 336 5031 ceciu
359 4964 510 5019 exitu
555 4966 680 5020 vita:
720 4966 1124 5030 communicet,
1155 4967 1250 5022 sed
1300 4967 1467 5024 etiam
1520 4979 1737 5024 mortuo

175 5059 352 5109 nomen
389 5055 509 5124 ejus
538 5056 679 5111 inter
717 5058 1008 5112 missarum
1060 5055 1321 5112 solemnia
1373 5056 1519 5112 nullo
1571 5057 1732 5113 modo

2016 4697 2048 4770 §
2077 4696 2243 4753 XXV.
2274 4697 2352 4752 De
2380 4695 2593 4752 brachio
2637 4695 2696 4751 S.
2731 4693 2962 4765 Pltiiippi
2996 4692 3239 4763 apostoli.

1906 4785 2036 4844 Otto
2062 4801 2276 4856 quoque
2309 4787 2606 4856 imperator
2632 4800 2855 4855 capsam
2902 4784 2952 4837 ei
3003 4784 3150 4838 dedit
3192 4788 3427 4849 argento

1836 4877 2113 4942 vestitam,
2143 4877 2195 4931 in
2224 4890 2328 4947 qua
2360 4874 2643 4929 brachium
2668 4873 2727 4928 8.
2759 4872 2985 4944 Philippi
3015 4871 3242 4943 apostofi
3272 4868 3422 4940 (7&6)

1838 4961 1960 5024 cum
2015 4967 2137 5022 aliis
2186 4967 2488 5040 magnificis
2536 4976 2592 5021 et
2644 4965 3036 5034 multiplicibus
3102 4971 3427 5016 sanctorum

1837 5058 2002 5134 314
2028 5060 2271 5130 reliquiis
2301 5059 2635 5124 habebatur;
2681 5059 2826 5127 quod
2869 5056 3088 5128 quidem
3138 5053 3419 5109 brachium
