3970 5406
521 251 626 313 315

1268 249 1607 341 Aprnuotx
1648 253 1742 312 AD
1775 231 2170 341 CIIRONICON
2207 248 2569 310 HERMANNI
2599 246 3010 311 CONTBAC’I‘I.

3665 255 3758 313 δη

466 408 469 411 ν
523 330 857 435 iemporibus
884 360 1206 420 Theoderici
1237 337 1754 420 abbatis'inventum
1785 338 1892 427 est,
1915 361 2007 420 sed
2044 364 2097 417 in
2129 367 2174 427 Α
2205 363 2317 419 rius
2347 363 2462 419 vice
2485 361 2736 436 Will'gisi
2768 363 3161 435 archiepiscopi
3188 362 3496 436 recognovi.
3541 326 3669 420 Data
3712 330 3757 430 tv

448 460 453 463 '
520 450 694 507 frusta
737 452 1155 518 comminutum,
1188 461 1372 523 postea
1422 468 1550 509 vero
1594 453 1924 524 temporibus
1964 450 2098 508 Ber-

522 544 689 602 tholdi
727 545 940 601 abbatis
975 559 1005 599 a
1032 543 1323 601 Kuourado
1362 545 1478 615 ejus
1506 553 1634 600 tunc
1661 543 1966 615 capellano,
2001 544 2097 601 sed

518 620 704 709 postea
727 637 944 702 abbate,
974 646 1024 692 et
1054 629 1083 690 ἐι
1118 637 1332 692 czeteris
1366 636 1627 691 fratribus
1665 651 1820 700 auro,
1848 644 2096 708 argento,

517 737 575 785 et
600 728 828 799 genunis
853 728 1163 784 decoratum
1202 735 1303 792 est,
1331 726 1382 780 in
1416 724 1570 794 cujus
1612 725 1726 781 basi
1776 741 1915 779 unus
1968 727 2101 780 arti-

516 818 671 885 culus
691 819 983 890 digitorum
1016 817 1075 873 S.
1107 816 1352 889 Gregorii
1393 833 1542 888 papa:
1568 832 1692 871 cum
1740 815 1862 870 aliis
1915 814 2099 872 multis

517 898 764 982 reliquiis
814 909 1127 966 reconditus
1174 918 1280 964 est.
1338 908 1507 962 Mater
1555 909 1754 979 quippe
1802 906 1915 979 jam
1967 905 2098 961 dicti

514 1000 779 1074 principis
805 1001 1020 1058 Ottonis
1062 1003 1129 1055 de
1168 998 1374 1055 Grmcia
1428 999 1660 1054 adducta
1714 996 1911 1064 fuerat,
1957 996 2098 1051 unde

514 1092 680 1164 etiam
736 1092 940 1151 dictum
987 1091 1272 1149 brachium
1327 1105 1512 1146 secum
1558 1090 1783 1146 veniens
1844 1099 2101 1161 appeta-

513 1182 669 1241 verat
712 1172 717 1179 ’
794 1184 799 1191 ’

515 1336 523 1343 ,
728 1272 759 1349 §
785 1272 976 1329 XXVI.
1004 1268 1344 1344 Pririlegium
1384 1289 1540 1343 super
1569 1269 1881 1341 Worndorf.

580 1364 760 1423 Isdem
794 1367 1090 1437 imperator
1117 1375 1305 1437 rogatu
1354 1363 1662 1435 Marquardi
1711 1363 1957 1428 comitis,
1981 1361 2093 1417 fra-

513 1458 615 1536 tris
638 1459 848 1516 scilicet
880 1459 938 1513 Β.
955 1457 1260 1515 Gcbehardi
1287 1458 1457 1529 (747),
1483 1456 1794 1527 prmdiolntn
1823 1455 2092 1525 quoddam

510 1548 691 1613 eidem
721 1550 1050 1604 monasterio
1076 1550 1375 1616 concessit,
1409 1565 1571 1620 super
1604 1547 1746 1618 quod
1778 1547 1883 1602 tale
1931 1545 2096 1618 privi-

510 1638 710 1715 legium
741 1641 1009 1696 conscribi
1043 1640 1174 1695 fecit
1201 1658 1216 1696 :

585 1751 605 1786 ι
639 1732 697 1788 ιιι
722 1732 941 1789 nomine
976 1742 1178 1789 sanettc
1205 1743 1259 1787 et
1288 1730 1578 1787 individua:
1601 1729 1906 1787 Trinitatis.
1931 1729 2087 1788 Οττο
2119 1741 2166 1803 Β

510 1822 694 1877 divina
730 1823 944 1878 favente
966 1823 1253 1879 clementia
1283 1837 1399 1877 rex.

588 1916 870 1974 «Omnium
901 1915 1136 1971 fidelium
1166 1925 1476 1972 nostrorum
1500 1915 1851 1986 prtesentinm
1873 1923 1922 1969 et
1950 1913 2092 1969 futu-

508 2010 820 2079 rorumpire
859 2008 1129 2064 devotioni
1168 2018 1351 2080 pateat
1376 2006 1832 2079 quemadmodum
1880 2021 1997 2072 nos,
2022 2004 2092 2061 ob

505 2099 820 2173 petitionem
876 2108 932 2156 et
984 2099 1347 2155 interventum
1398 2098 1704 2168 Marquardi
1756 2096 2004 2161 comitis,
2038 2105 2091 2151 ct

508 2204 613 2264 pro
670 2202 857 2246 amore
902 2189 1075 2244 fidelis
1135 2189 1303 2245 nostri
1347 2188 1787 2245 Constantiensis
1834 2187 2090 2243 Ectlesia:

507 2282 835 2359 venerabilis
860 2282 1097 2353 episcopi
1125 2281 1455 2349 Gebchardi,
1498 2282 1588 2353 qui
1632 2282 1789 2338 nobis
1834 2283 2088 2337 devotum

507 2372 789 2433 scrvitium
818 2372 1013 2441 Stl'pills
1038 2372 1305 2435 exhibuit,
1333 2372 1401 2427 ad
1436 2372 1723 2427 ecclesiam
1757 2371 1815 2427 S.
1842 2370 2090 2443 Gregorii

507 2461 568 2519 in
613 2460 734 2518 Ioco
777 2460 1109 2521 Petreshusa
1169 2471 1362 2518 vocato
1406 2461 1798 2519 honorabiiiter
1840 2472 2080 2518 construv

505 2559 694 2620 ctam,
750 2553 836 2608 cui
899 2553 1058 2609 modo
1110 2551 1434 2620 Berichcrns
1492 2554 1821 2610 reverendus
1870 2562 1922 2610 et
1977 2555 2090 2626 prl-

502 2657 632 2711 ‘mus
676 2641 824 2715 (748)
857 2643 1024 2698 abbas
1077 2642 1351 2713 ptmsidel,
1402 2641 1469 2699 de
1519 2653 1705 2699 nostra
1757 2643 2090 2714 proprietate

505 2718 756 2791 dedimus
784 2736 1044 2806 quidquid
1080 2735 1371 2792 habuimus
1411 2735 1465 2791 in
1501 2735 1643 2792 villis
1689 2733 2004 2800 Wornlorf,
2033 2744 2090 2789 et

496 2821 811 2888 ,Cruntaeha
872 2824 1017 2897 (749)
1072 2825 1283 2893 dictis,
1333 2827 1387 2881 in
1452 2842 1592 2898 pago
1646 2826 2088 2883 Goldinnesbun-

504 2914 638 2973 dere
688 2915 838 2988 (750)
889 2925 1102 2982 vocato,
1149 2932 1215 2973 ac
1265 2917 1527 2973 comitatu
1581 2917 1753 2988 ipsius
1791 2916 1904 2987 jatn
1955 2916 2084 2973 dicti

502 3006 665 3079 315
697 3006 1006 3077 Marquardi
1042 3007 1256 3095 comitis
1277 3008 1416 3074 sitis,
1448 3018 1611 3080 atque
1649 3010 1896 3066 eamdem
1953 3024 2085 3087 pro-

503 3098 791 3168 prietatem
848 3113 971 3153 cum
1023 3099 1277 3154 omnibus
1327 3099 1652 3155 utensilibus
1695 3101 1762 3154 ad
1811 3115 1933 3155 eam
1982 3095 2159 3158 riteC

500 3194 924 3265 pertinentibus,
958 3194 1010 3249 in
1042 3193 1207 3257 areis,
1231 3190 1497 3257 mdificiis,
1530 3191 1690 3246 terris
1718 3190 1880 3245 cultis
1906 3199 1961 3245 et
2004 3190 2089 3245 in-

504 3283 687 3347 cultis.
716 3285 885 3356 agris,
919 3285 1110 3355 pratis,
1142 3285 1351 3355 campis
1371 3325 1386 3349 ,
1418 3283 1658 3355 pascuis,
1701 3282 1876 3351 silvis,
1924 3297 2087 3338 vena-

503 3371 762 3439 tionibus,
799 3375 956 3443 aquis
976 3388 1352 3444 aquarumque
1400 3373 1744 3438 decursibus,
1773 3373 2087 3442 piscatioui~

501 3464 624 3531 bus,
642 3466 999 3530 .n‘toicmlinis,
1027 3466 1128 3521 viis
1149 3475 1205 3521 et
1236 3466 1394 3522 inviis
1412 3508 1426 3529 ,
1458 3465 1696 3521 exitibus
1720 3475 1775 3520 et
1802 3464 2083 3533 reditibus,

501 3555 747 3625 qutesitis
783 3565 838 3611 et
863 3556 1224 3627 inquirendis,
1251 3557 1571 3627 cunctisque
1600 3557 1721 3612 aliis
1748 3557 2085 3627 appendiciis

502 3658 627 3718 quae
673 3646 853 3702 adhuc
880 3645 986 3702 dici
1034 3655 1283 3716 possunt,
1336 3649 1403 3702 ad
1462 3647 1744 3717 prtefatam
1797 3647 2083 3719 ecclesiam

501 3737 803 3804 tradimus;
836 3753 898 3793 ea
924 3738 1176 3795 videlicet
1211 3741 1421 3796 ratione
1450 3750 1509 3796 ut
1556 3742 1746 3797 eadem
1776 3742 2084 3813 preprietas

496 3826 697 3889 dehinc
725 3829 826 3884 sub
853 3829 1022 3899 ipsius
1043 3829 1430 3901 ecclesiacjure
1467 3832 1672 3902 absque
1702 3831 1946 3886 omnium
1986 3832 2084 3887 ho-

500 3917 708 3973 ntinttm
736 3918 1167 3975 contradictione
1194 3919 1581 3991 perpetualiter
1612 3920 1890 3976 consistat.
1923 3919 1992 3975 Et
2024 3927 2085 3975 ut

456 4049 462 4055 -
502 4011 619 4068 haec
649 4020 852 4068 nostra:
877 4012 1214 4068 celsitudinis
1249 4013 1470 4068 donatio
1506 4029 1604 4085 per
1647 4013 1829 4068 futura
1875 4022 2081 4085 tempo-

500 4117 621 4158 rum
676 4088 945 4158 curricula
990 4101 1317 4159 inviolabilis
1365 4113 1696 4174 perseveret,
1729 4103 1833 4160 hoc
1880 4118 2081 4173 praece-

450 4224 453 4227 »
500 4198 651 4262 ptum
683 4191 807 4249 inde
830 4192 1195 4263 conscriptum
1228 4192 1386 4264 sigilli
1412 4194 1583 4248 nostri
1628 4193 1983 4264 impressione
2009 4194 2081 4249 si-

503 4295 673 4350 gnare
694 4280 977 4350 jussimus,
1020 4296 1293 4352 manuque
1320 4282 1560 4352 prepria,
1585 4292 1646 4337 ut
1676 4283 1814 4338 infra
1844 4283 2077 4348 videtur,

499 4369 987 4426 corroboravimus.
1032 4369 1357 4426 lliltiboldus
1386 4371 1670 4441 episcopus
1705 4381 1759 4426 et
1807 4370 2079 4427 cancella-

570 4516 717 4599 (747)
750 4530 824 4585 De
862 4530 964 4584 hoc
992 4528 1317 4598 Marquardo
1353 4529 1552 4584 comite
1579 4530 1917 4599 Brigantiuo,
1947 4531 2071 4586 vide

499 4599 642 4671 dicta
671 4608 839 4671 supra
859 4600 913 4653 in
939 4600 1171 4668 Disquis.
1207 4600 1235 4671 ᾗ
1278 4599 1358 4671 I8,
1392 4616 1443 4669 p.
1468 4599 1593 4671 286.
1642 4599 1791 4671 llane
1820 4616 1948 4656 vero
1976 4602 2070 4671 do-

496 4669 1005 4725 nationis’ehartant
1031 4669 1235 4737 pariter
1275 4670 1422 4724 sistit
1465 4669 1660 4742 Luuig.
1693 4670 1951 4742 Spicileg.
1976 4670 2073 4726 Ec-

499 4741 652 4795 ειυς..
681 4756 733 4795 n.
762 4756 846 4795 ιιι.
871 4756 921 4795 ι).
948 4742 1075 4795 4υο.
2062 4792 2067 4795 ,

499 4746 652 4802 ειυς...
681 4756 733 4805 p.
762 4756 846 4805 ιιι,
871 4756 921 4805 p.
948 4746 1075 4795 400.
2062 4792 2067 4797 .

506 4756 652 4802 ett-5.,
681 4756 733 4810 p.
762 4756 846 4805 ut,
871 4756 921 4822 p.
948 4756 1109 4816 4w._
1142 4812 1145 4815 _
1302 4810 1315 4822 ο
1831 4811 1843 4822 ι
2062 4792 2067 4797 .

506 4822 509 4825 ‘
568 4810 717 4884 ms)
768 4811 1136 4884 BericherusL
1166 4808 1679 4884 Pcrrtggerus,_vcl
1724 4809 2069 4884 ilcrrngerns,

500 4880 901 4953 primusﬂabhas
921 4896 1009 4935 an.
1035 4881 1139 4937 993
1178 4880 1507 4953 constitutus
1537 4881 1698 4951 (infra
1728 4881 1755 4953 §
1796 4880 1899 4953 ιι)
1920 4882 2069 4953 haud

499 4950 664 5006 dubie
699 4951 1052 5006 Einsidlensis
1080 4952 1376 5007 monachus
1406 4950 1528 5016 fuit,
1554 4950 1674 5005 cum
1707 4950 1764 5006 S.
1793 4950 2071 5007 Gebehar-

499 5020 602 5075 dus
625 5021 819 5075 eximie
849 5038 868 5071 ι
906 5022 1199 5077 monachos
1229 5036 1355 5076 suos
1382 5035 1626 5074 normam
1665 5022 1876 5076 vivendi
1905 5030 1953 5073 et
1987 5037 2069 5075 re-

500 5091 679 5136 crimen
712 5090 911 5136 haltere
942 5107 961 5136 ε
1002 5091 1305 5136 decreverit
1364 5090 1417 5136 IS
1451 5090 1561 5136 Hii-
1620 5091 1753 5136 Dum
1797 5106 1928 5136 vero
1962 5091 2069 5136 nri-

500 5091 679 5136 nimnn
712 5090 911 5136 haltere
942 5107 961 5136 ε
1002 5091 1305 5136 decreverit
1364 5090 1417 5136 IS
1451 5090 1561 5136 Hii-
1620 5091 1753 5136 Dum
1797 5106 1928 5136 vero
1962 5091 2069 5136 nri-

2109 4450 2161 4510 Ι)

2201 452 2338 511 Νοιι.
2360 453 2502 509 Junii
2534 472 2675 510 anno
2707 455 2995 512 Dominica:
3020 454 3421 514 lncarnationis
3454 470 3755 524 occecxcnt,

2201 543 2604 621 Indietione‘w,
2636 555 2989 600 annoautem
3044 546 3185 601 tertii
3235 545 3448 602 Ottouis
3500 549 3760 618 regnantis

2200 635 2430 690 decimo.
2463 636 2660 691 Actum
2686 635 2904 709 Birgila.
2951 656 2970 690 ι

2282 744 2312 816 §
2351 744 2561 800 XXVII.
2604 745 2877 812 Quomodo
2903 745 2968 800 Β.
2998 746 3339 804 Gebchardus
3363 748 3549 805 milites
3576 766 3703 807 suos
3744 790 3747 793 ‹

2735 816 2964 871 ccclesiis
2992 817 3205 872 άοιιαιοὶι
3776 828 3777 833 ‘

2270 905 2462 962 Omnia
2518 922 2857 985 (pta-cunque
2905 908 3094 963 habuit
3143 921 3227 966 vet
3272 890 3567 982 acquirere
3599 889 3760 985 potuit

2194 996 2571 1077 ‘Gebchardns,
2608 1000 2674 1054 ad
2716 1015 2873 1054 suum
2928 1001 3320 1057 monasterium
3381 1002 3617 1059 fideliter
3663 1005 3761 1061 Dee

2197 1086 2413 1150 obtulit,
2441 1088 2547 1146 nisi
2583 1090 2846 1158 quosdam
2891 1089 2957 1144 de
3003 1089 3447 1148 ministerialibns
3482 1093 3637 1158 suis,
3682 1094 3763 1164 qui

2198 1178 2424 1234 ditiores
2451 1188 2507 1234 et
2533 1180 2867 1251 potentiores
2901 1190 3091 1248 erant;
3132 1181 3305 1237 noluit
3345 1183 3474 1240 illuc
3520 1184 3761 1249 tradere,

2198 1276 2457 1338 reputans
2487 1269 2786 1338 prudenter
2823 1283 2892 1326 ne
2924 1267 3065 1325 forte
3105 1271 3251 1326 tenui
3290 1271 3411 1329 loco
3453 1271 3765 1337 detrimento

2196 1358 2375 1429 potius
2401 1367 2584 1414 essent
2608 1373 2770 1428 quam
2795 1358 3187 1430 supplemento.
3280 1424 3283 1425 ν

2622 1450 2661 1524 5
2686 1449 2920 1507 XXVIII.
2962 1451 3037 1507 De
3071 1450 3340 1511 Nuilteim.

2266 1540 2669 1598 Possessionem
2730 1544 2865 1599 satis
2918 1543 3270 1599 honorificam
3330 1547 3471 1617 apud
3528 1545 3767 1604 Nuibcitn

2195 1632 2344 1705 (751)
2369 1637 2721 1690 commutavit
2748 1635 2938 1690 beatus
2963 1634 3047 1688 vir
3076 1650 3105 1688 a
3141 1631 3693 1694 Marchdorfcusibus.

2411 1723 2438 1796 §
2478 1722 2670 1779 XXIX.
2697 1723 2772 1778 De
2794 1721 3127 1794 Tegirwilarc
3153 1734 3200 1779 et
3231 1717 3561 1784 Gouliubon.

2265 1814 2519 1882 ancdam
2558 1815 2721 1871 etiam
2776 1824 3023 1871 matrona
3077 1815 3272 1871 nobilis
3319 1818 3467 1873 dedit
3517 1818 3572 1875 ei
3620 1833 3770 1878 suum

2191 1890 2452 1978 prazdium
2476 1910 2615 1980 apud
2639 1908 2994 1982 Tegirwilare
3011 1909 3158 1982 (752)
3180 1919 3237 1966 et
3257 1909 3620 1980 Gottiliubon,
3639 1911 3771 1985 quod

2190 2001 2387 2057 eximie
2413 2016 2509 2072 per
2533 2002 2744 2057 diversa
2773 2010 3014 2073 tempora
3053 2012 3460 2073 augmentatum
3506 2013 3625 2072 est;
3656 2004 3768 2073 nam

2189 2090 2354 2163 316
2383 2092 2501 2147 dna:
2529 2092 2663 2148 inibi
2689 2091 2861 2148 vinea:
2888 2084 3231 2146 commutatae
3252 2102 3376 2147 sunt
3397 2093 3616 2149 duobus
3634 2108 3773 2148 man-

2191 2184 2288 2249 sis,
2304 2198 2442 2253 quas
2471 2181 2722 2238 dominus
2744 2182 2967 2255 Adilgoz
2985 2185 3051 2239 de
3068 2182 3373 2239 Marsteltin
3388 2183 3541 2255 (755)
3553 2184 3770 2238 dederat

2190 2274 2525 2330 monasterio
2548 2273 2743 2329 inloco
2766 2274 2856 2346 qui
2901 2274 3101 2329 dicitur
3125 2273 3464 2331 Ottinberch.
3489 2273 3574 2331 Ibi
3598 2273 3769 2345 acqui-

2188 2354 2325 2425 silus
2347 2379 2432 2424 est
2464 2368 2796 2439 temporibus
2822 2366 3095 2424 Uodalrici
3141 2366 3379 2439 episcopi
3419 2366 3462 2422 ll
3511 2382 3619 2439 pro
3662 2381 3773 2438 quo.

2189 2461 2328 2516 alius
2350 2460 2588 2532 optimus
2607 2475 2827 2515 mansos
2849 2459 3004 2514 datus
3022 2467 3105 2513 est
3125 2460 3265 2529 apud
3281 2456 3597 2529 Stalringen
3610 2455 3769 2529 (75‘),

2187 2552 2323 2612 Item
2354 2553 2495 2608 alius
2520 2568 2779 2619 mansus,
2807 2568 3038 2624 quorum
3066 2542 3464 2623 posSessionem
3498 2549 3777 2623 mancipia

2189 2643 2492 2708 constituit,
2525 2651 2580 2698 ut
2619 2642 2862 2713 quotidie
2908 2642 2960 2696 in
3001 2643 3116 2714 ipsa
3154 2641 3288 2697 cella
3319 2640 3629 2709 fratribus,
3663 2640 3787 2698 ubi-.

2188 2750 2403 2805 cunque
2426 2750 2651 2791 necesse
2701 2743 2868 2799 esset,
2899 2734 3377 2813 servirengvsiruti
3406 2742 3459 2789 et
3487 2733 3546 2789 hi
3605 2732 3697 2804 qui
3722 2734 3775 2796 in

2187 2826 2304 2898 ipso
2349 2826 2467 2882 loco
2507 2825 2855 2891 habitarent,
2906 2833 2962 2880 et
3003 2834 3063 2879 ut
3110 2824 3178 2881 de
3224 2823 3475 2880 Nuiheitn
3528 2822 3771 2880 arefacta

2178 2917 2330 2991 ligna
2364 2919 2736 2985 adveherent,
2766 2927 2821 2974 et
2850 2932 3064 2988 semper
3091 2916 3159 2972 ad
3203 2931 3365 2974 omne
3408 2915 3773 2973 ministerium

2187 3008 2359 3079 parati
2388 3015 2591 3064 essent.
3474 3056 3480 3075 ,

2622 3098 2786 3156 XXX.
2837 3099 2915 3156 De
2944 3100 3403 3157 Ministen’alibut.

2258 3190 2327 3245 Et
2358 3198 2418 3246 ut
2445 3190 2511 3246 de
2536 3189 2776 3256 vasallis,
2812 3190 2914 3245 hoc
2939 3199 3022 3245 est
3046 3190 3516 3257 ntinislerialibus,
3566 3190 3776 3267 plenius

2189 3283 2408 3340 dicam:
2441 3282 2731 3354 quemdam
2783 3281 3101 3337 Makkonem
3147 3290 3429 3354 parentem
3466 3280 3771 3355 Ruodelphi

2186 3373 2519 3433 Arbonensis
2545 3374 2692 3447 (755)
2714 3372 2938 3445 ejusque
2968 3375 3178 3446 stirpis,
3197 3387 3251 3431 et
3273 3384 3528 3446 parentes
3552 3375 3767 3432 ﬂacho-

2188 3466 2272 3523 nis
2300 3477 2355 3523 et
2380 3466 2499 3537 ejns
2546 3466 2890 3538 cognationis
2934 3466 2999 3523 de
3032 3466 3301 3539 Bolliugin
3347 3483 3471 3522 cum
3519 3469 3777 3523 omnibus

2186 3572 2306 3628 qua:
2335 3556 2723 3629 possidebant,
2771 3556 3015 3613 ecclesia:
3067 3555 3469 3615 Constantieusi
3524 3559 3769 3614 tradidit.

2183 3648 2303 3725 Jam
2334 3649 2509 3704 dictus
2552 3657 2730 3703 tamen
2777 3647 2970 3703 Makko
2998 3659 3207 3718 postea,
3246 3663 3474 3720 pergens
3515 3648 3773 3705 Hieroso—

2183 3740 2406 3813 lymam,
2454 3740 2778 3812 quibusdam
2837 3740 3080 3796 donariis
3141 3741 3475 3797 monasterio
3524 3741 3674 3798 datis
3716 3754 3772 3797 se

2184 3833 2435 3898 redemit,
2512 3833 2698 3888 dicens
2768 3848 2839 3889 ne
2904 3834 3043 3889 forte
3084 3832 3310 3902 alicujus
3371 3834 3581 3889 servitii
3647 3833 3770 3889 illuc

2181 3922 2449 3978 obnoxius
2475 3931 2640 3986 esset,
2677 3936 2741 3977 eo
2771 3922 2914 3992 quod
2946 3924 3091 3978 beati
3126 3923 3230 3978 viri
3259 3922 3515 3994 proprius
3538 3917 3781 3979 famulus

2181 4011 2392 4069 fuisset.
2419 4014 2715 4083 Quemdam
2747 4028 2874 4068 vero
2899 4014 3117 4069 nomine
3148 4014 3478 4071 Turlandnm
3523 4006 3767 4085 ejusdem

2180 4103 2399 4175 familia:
2449 4114 2504 4159 et
2552 4104 2847 4160 nobilitatis
2874 4113 3035 4174 atque
3076 4104 3402 4159 divitiarum.
3432 4105 3770 4160 monasterio

2180 4195 2439 4264 tradidit,
2467 4195 2623 4265 cujus
2675 4197 2965 4267 posteritas
3009 4210 3180 4266 usque
3223 4196 3276 4250 iu
3334 4210 3577 4265 prmsens
3626 4194 3767 4265 apud

2179 4286 2443 4359 Owingen
2493 4286 2646 4360 (756)
2686 4287 2855 4358 viget.
2916 4287 3274 4359 Pauperiores
3323 4303 3540 4358 quoque
3582 4286 3766 4359 plures

2180 4376 2513 4434 monasterio
2544 4376 2790 4442 contulit,
2816 4378 3013 4449 quibus
3043 4378 3295 4433 omnibus
3323 4377 3426 4433 hoc
3445 4379 3538 4449 jus
3561 4377 3764 4434 consti-

2186 4526 2193 4529 ’
2246 4528 2651 4602 (73|)_Yidetnr
2674 4544 2793 4602 esse
2819 4529 2943 4602 villa
2969 4547 3109 4585 nunc
3139 4510 3397 4585 Nenhaus
3416 4530 3583 4602 dicta,
3618 4530 3763 4586 haud

2214 4600 2362 4656 rocul
2405 4600 2733 4655 Markdorfio
2781 4601 2832 4654 in
2885 4600 3216 4669 Linzgovia;
3268 4617 3392 4656 cmn
3437 4601 3585 4655 enim
3637 4602 3761 4654 inde

2173 4616 2316 4726 iiuna
2362 4673 2428 4726 ad
2469 4672 2862 4725 monasterium
2917 4672 3121 4725 fuerint
3168 4671 3488 4726 advehenda
3532 4670 3587 4726 (ὅ
3639 4671 3757 4726 29).

2197 4673 2317 4743 igua
2362 4673 2428 4743 ad
2469 4672 2862 4743 monasterium
2917 4672 3121 4743 fuerint
3168 4670 3757 4743 advehenda__(§g29).

2174 4740 2478 4823 haudadeo
2501 4740 2755 4823 longeab
2775 4757 2839 4796 eo
2869 4742 3055 4798 dissita
3077 4757 3197 4797 esse
3216 4742 3413 4812 potuit,
3430 4757 3461 4796 a
3484 4740 3761 4797 Mai-Indor—

2174 4810 2422 4866 fensibus
2454 4810 2744 4881 acquisita.

2248 4881 2398 4952 (752)
2425 4877 2804 4952 ngervveilen
2830 4878 2969 4952 infra
2988 4880 3362 4952 Constantiam
3389 4882 3440 4935 in
3463 4877 3771 4951 Turgovia,‘

2177 4949 2322 5007 haud
2353 4951 2540 5018 procul
2573 4968 2604 5006 a
2631 4949 2960 5015 Gottiiebeu,
2984 4951 3037 5005 in
3064 4952 3221 5021 cujus
3251 4952 3445 5007 vicinia
3475 4949 3643 5008 etiam
3668 4958 3761 5007 est

2177 5021 2492 5090 Ottenherg.

2262 5089 2401 5136 (755
2428 5089 2456 5136 Υ
2499 5090 2812 5136 Marelnllon
2876 5090 3123 5136 dvnnetin
3179 5107 3345 5136 nmnn
3392 5091 3751 5136 Momminmn
