3970 5406
177 204 264 258 517
891 237 894 240 ’
1063 213 1456 280 CHRONICON
1503 223 2126 290 PETERSIIUSANUM.
2165 264 2234 276 -—
2269 234 2398 292 LIB.

3279 215 3404 295 aut

175 318 286 419 tu],
310 325 366 371 ut
399 333 517 372 :‘um
539 319 729 376 abbate
751 324 1076 394 equitareut,
1111 331 1269 399 eique
1291 333 1433 388 domi
1475 335 1714 408 forisque
1747 342 1792 400 Α
1822 342 1877 397 S.
1911 345 2153 416 Gregorii
2183 345 2409 417 pleniter
2437 327 2787 406 ministraret.
2833 349 3026 406 Postea
3073 369 3196 406 vero
3240 371 3400 424 quam

173 408 547 474 ministrarent,
575 427 741 480 equos
770 429 896 472 suos
925 426 1033 472 tam
1066 420 1246 476 abbati
1271 439 1432 493 quam
1466 425 1721 484 fratribus

170 499 289 564 suis,
330 514 650 572 quocunque
689 522 912 564 necesse
947 521 1164 576 essent,
1201 527 1548 582 praestarent,
1601 537 1720 575 mo-

170 593 446 645 nastcrium
470 609 570 663 pro
597 613 751 665 posse
772 615 870 653 suo
889 601 1255 669 defensarent,
1274 607 1472 664 nullius
1500 613 1722 669 servitio

166 697 370 751 prorsus
393 685 754 752 subiacerent,
785 703 1008 762 excepto
1039 696 1207 752 solius
1250 700 1460 757 abbatis
1496 703 1722 775 ejusque

167 774 559 830 monachorum.

499 867 528 939 ς
563 869 751 924 XXXI.
794 873 870 928 De
909 876 1029 930 dote
1057 882 1380 935 monasterii.

227 954 341 1010 Haec
365 965 515 1024 sunt,
545 975 666 1028 qua:
689 961 743 1014 Β.
771 962 1120 1022 Gebebardus
1139 971 1426 1042 episcopus
1453 985 1722 1030 monaste-

165 1047 236 1099 rio
275 1062 371 1101 suo
411 1049 480 1102 de
519 1050 834 1108 hmreditate
891 1069 1169 1126 parentum
1221 1077 1439 1118 suorum
1503 1065 1722 1121 tradidit

160 1136 234 1227 vel
263 1137 497 1227 aliunde
545 1143 831 1211 acquisivit
864 1164 876 1198 :
924 1146 1220 1220 Uowingen
1241 1192 1256 1218 ,
1297 1153 1523 1208 Suldorf
1547 1157 1718 1227 (757),

162 1226 620 1316 nnslecltiswilare
676 1232 888 1303 (758),
952 1237 1411 1310 Iliuisgemunde.
1471 1255 1526 1299 et
1560 1226 1718 1316 apud

162 1315 342 1386 llogste
385 1318 536 1388 (759)
591 1331 645 1376 et
693 1323 900 1394 Brugg.
959 1328 1104 1384 Ilode
1132 1331 1302 1399 (760),
1358 1334 1522 1405 317
1568 1315 1717 1392 Stet-

163 1407 418 1477 tin(761).
458 1409 736 1475 Mulheim,
785 1414 1291 1477 Wanbartiswilare
1323 1423 1494 1494 (762),
1538 1425 1717 1491 Slate,

161 1499 316 1569 ('65),
342 1499 586 1556 Rinhard
616 1503 784 1575 (764),
821 1518 1040 1576 partem
1069 1522 1320 1580 quartam
1367 1519 1720 1583 possessionis

161 1592 283 1658 apud
308 1591 606 1659 Eptindorf,
639 1605 689 1649 et
715 1595 988 1667 Togingen
1016 1601 1083 1656 de
1112 1602 1512 1662 Coustantiensi
1549 1609 1721 1662 eccle-

1823 435 2109 504 episcopus
2138 435 2312 492 factus
2338 448 2440 502 est,
2486 443 2872 496 monasterium
2902 442 3184 510 fundavit,
3215 455 3263 499 et
3286 446 3399 514 jam

1824 525 1964 580 dicta
1993 528 2187 596 prmdia
2225 543 2285 581 ea
2320 529 2428 600 ipsa
2482 547 2585 600 qua
2638 532 2873 587 diximus
2932 534 3240 591 conditione
3276 537 3404 593 illuc

1823 619 2116 683 concessit,
2147 628 2197 672 et
2225 635 2376 673 versa
2409 621 2523 674 vice
2549 621 2751 676 eisdem
2781 621 3039 677 fratribus
3072 625 3353 680 constituit
3379 667 3397 688 .

1825 718 1882 761 ut
1935 719 2016 763 ter
2070 711 2121 764 in
2176 726 2317 765 anno
2374 711 2598 767 solemni
2650 713 2992 784 processione
3036 717 3403 772 communiter

1823 798 2053 869 idipsunt
2099 805 2482 857 monasterium
2527 806 2724 860 adeant
2751 847 2765 870 ,
2821 815 2875 860 et
2924 805 3146 876 singulis
3190 809 3401 862 vicibus

1821 907 1919 960 pro
1939 892 2054 961 ejus
2080 895 2255 949 anima
2282 897 2497 950 missam
2522 906 2758 960 cantent,
2776 907 2826 952 et
2850 914 3012 968 super
3034 901 3147 953 lucc
3172 899 3222 952 in
3250 898 3402 956 festi-

1823 983 1987 1035 vitate
2024 981 2081 1035 S.
2121 983 2363 1054 Gregorii
2414 986 2679 1054 publicam
2725 988 2941 1041 missam
2988 988 3054 1040 de
3100 1002 3165 1041 eo
3209 987 3399 1042 festive

1821 1085 1942 1126 Cum
1972 1069 2228 1127 fratribus
2252 1075 2562 1140 decantenl,
2584 1087 2630 1129 et
2659 1077 2906 1130 monachi
2931 1078 3155 1131 chorum
3190 1085 3400 1146 regant,

1822 1171 1876 1216 et
1906 1163 1970 1215 ad
2001 1163 2172 1217 altare
2205 1164 2532 1229 ministrent,
2565 1175 2618 1220 et
2642 1166 2855 1221 clericis
2881 1183 2941 1220 ca
2967 1167 3072 1230 die,
3093 1167 3232 1220 sicut
3259 1168 3398 1220 dixi-

1824 1270 1963 1317 mus,
1993 1254 2059 1308 de
2086 1257 2415 1324 supradictis
2443 1259 2660 1326 prmdiis
2689 1258 2793 1312 duo
2838 1259 3036 1314 talenta
3077 1269 3131 1313 et
3161 1269 3400 1328 quatuor

1821 1345 1975 1399 solidi
2007 1345 2072 1398 ad
2097 1346 2375 1400 servitium
2407 1347 2619 1400 dentur.

2470 1437 2497 1510 ς
2526 1438 2740 1494 xxxv.

1891 1523 2078 1580 Modus
2102 1531 2284 1579 autem
2327 1527 2608 1581 ministerii
2639 1528 2876 1598 ejusdem
2926 1530 3028 1584 iste
3065 1541 3185 1584 est:
3222 1531 3399 1601 primo

1823 1625 1933 1670 tres
1964 1619 2125 1671 modii
2155 1617 2406 1672 frumenti
2444 1618 2510 1672 ad
2541 1634 2707 1688 panes
2736 1621 3053 1686 faciendos;
3093 1621 3286 1676 deinde
3326 1621 3397 1677 de

162 1682 228 1735 sia
253 1684 555 1753 acquisivit,
585 1686 725 1741 datis
759 1689 884 1744 illuc
911 1692 1147 1748 vicissim
1193 1696 1260 1751 de
1299 1697 1415 1751 suis
1457 1701 1709 1768 praediis,

1818 1706 2134 1762 occidentali
2170 1723 2352 1762 mensa
2380 1709 2433 1762 in
2463 1710 2753 1764 refcctorio
2780 1711 2843 1764 de
2873 1711 3132 1781 piscibus,
3157 1722 3208 1765 et
3236 1710 3397 1766 dimi-

161 1775 249 1829 hoc
274 1785 371 1838 est,
415 1777 729 1848 Luitvvmga
780 1791 834 1836 et
883 1781 1334 1856 Ratpirgahnsin,
1381 1790 1712 1846 Eichstettcn

163 1865 626 1935 (765),Epliudorf,
658 1870 928 1939 Nuiheim,
953 1874 1337 1945 Tcgerwilare,
1359 1878 1712 1948 Gottiliubon,

161 1958 438 2015 Tuscinanc
473 1961 651 2031 (766),
679 1972 732 2016 et
761 1963 1154 2037 Oberwangin,
1183 1985 1412 2040 quorum
1457 1988 1620 2028 unum
1651 1974 1716 2029 de

160 2049 421 2119 episeopii,
472 2051 622 2104 aliud
672 2053 736 2106 de
777 2058 1088 2110 monasterii
1139 2058 1299 2114 rebus
1339 2064 1712 2132 comparavit,

158 2139 432 2196 Obirndorf
455 2143 524 2196 de
550 2144 820 2214 cpiscopio
851 2150 1140 2203 concessit.

413 2233 441 2305 ς
471 2232 692 2289 XXXII.
730 2236 806 2290 De
841 2236 1080 2293 libertate
1110 2246 1430 2298 monasterii.

215 2324 410 2378 Nullum
451 2343 591 2382 sane
628 2330 935 2394 servitium,
977 2348 1150 2402 neque
1199 2335 1490 2402 tributum,
1541 2355 1714 2408 neque.

157 2417 376 2486 vectigal,
409 2433 590 2486 neque
623 2419 976 2488 legationem,
1023 2439 1195 2493 neque
1224 2426 1453 2495 alicujus
1497 2433 1715 2484 omnino

163 2506 420 2560 ministerii
452 2506 789 2563 [unctionem
838 2495 1227 2568 tam'Romano
1267 2519 1503 2586 pontifici
1550 2536 1712 2592 quam

160 2601 470 2668 imperatori,
504 2602 604 2656 sed
635 2617 807 2673 neque
852 2605 1102 2676 episcopo
1136 2607 1536 2666 Constantiensi
1560 2654 1574 2677 ,
1616 2630 1715 2670 nec

159 2691 292 2746 alicui
321 2706 592 2762 personae,
633 2695 999 2768 cujuscunque
1021 2701 1308 2768 potestatis
1329 2702 1398 2757 sit
1421 2714 1514 2758 aut
1538 2705 1714 2776 digni-

159 2783 285 2846 tatis,
309 2783 375 2839 de
403 2787 508 2840 hoc
554 2789 884 2843 monasterio
914 2789 972 2843 Β.
1005 2790 1356 2848 Gebebardus
1402 2796 1714 2866 impendere

158 2876 550 2938 constituitmisi
572 2879 670 2933 soli
695 2880 820 2934 Deo.
841 2881 1127 2952 Propte:ea
1151 2894 1204 2939 et
1235 2886 1346 2955 ipse
1375 2887 1524 2943 locus
1548 2906 1714 2960 usque

158 2968 200 3020 in
223 2985 442 3037 praesens
463 2972 795 3031 inviolabilis
820 2985 1152 3048 perseverat,
1181 2977 1253 3035 ita
1289 2990 1344 3035 et
1381 2981 1558 3038 uellus
1590 2997 1709 3036 eum

161 3069 398 3120 temerare
423 3079 743 3136 praesumat.

772 3161 798 3232 ς
837 3163 1071 3218 xxxm.

216 3246 317 3302 Alia
345 3265 540 3322 nempe
565 3257 917 3320 monasteria,
950 3274 1067 3326 quae
1097 3259 1260 3315 libera
1291 3273 1571 3326 vocantur,
1616 3283 1711 3319 an-

162 3339 336 3395 nuatim
365 3341 558 3399 Roma:
582 3361 803 3400 aureum
835 3366 1109 3403 nuunnum
1144 3353 1382 3424 quinque
1415 3357 1706 3411 solidorum

159 3429 360 3492 pretium
423 3431 719 3489 habentem
780 3441 1087 3505 persolvere
1148 3442 1371 3507 debent;
1426 3443 1709 3500 Pctrishu-

160 3518 306 3572 sensis
351 3531 537 3576 autem
577 3523 728 3580 locus
771 3543 944 3598 neque
982 3529 1199 3595 Romae,
1239 3547 1413 3602 neque
1444 3524 1710 3590 Constan-

160 3606 260 3670 tim,
289 3624 458 3680 neque
503 3613 816 3685 Moguntim,
850 3633 1020 3688 neque
1052 3622 1189 3691 regi,
1222 3639 1395 3694 neque
1421 3625 1541 3680 duci
1565 3667 1578 3689 ,
1612 3628 1706 3680 sed

158 3709 238 3750 nec
267 3699 356 3754 ulli
387 3702 594 3773 aliquid
624 3707 813 3772 debet,
841 3709 943 3764 nisi
985 3694 1189 3765 tantum
1233 3714 1464 3784 regulari
1513 3731 1708 3772 vacare

158 3785 396 3855 religioni.

188 3875 210 3946 §
236 3878 457 3937 XXXIV.
499 3883 580 3938 De
611 3887 898 3944 ministerio
925 3891 978 3944 in
1006 3891 1281 3960 festivitate
1313 3894 1374 3949 S.
1411 3894 1667 3966 Gregorii.

215 3968 342 4027 Sane
365 3975 506 4042 quod
541 3977 695 4031 nobis
719 3979 936 4048 quidam
964 3983 1138 4037 solent
1170 3986 1454 4054 imputare,
1486 3989 1625 4056 quod
1653 3989 1704 4042 in

160 4055 422 4142 festivitate
462 4066 521 4120 S.
573 4067 819 4139 Gregorii
870 4088 1021 4142 papae
1057 4055 1562 4130 Constantiensibus
1594 4076 1706 4130 fra-

163 4153 306 4208 tribus
331 4137 590 4213 debemus
621 4163 960 4229 praebendam
991 4165 1136 4228 dare,
1166 4168 1416 4221 noverint
1449 4168 1552 4222 hoc
1581 4179 1708 4224 ante

160 4245 476 4302 constitutum
499 4266 662 4320 quam
688 4253 789 4306 hoc
812 4255 1198 4309 monasterium
1222 4266 1365 4310 esset
1386 4257 1702 4326 inemptum.

164 4329 428 4402 Siquidem,
461 4341 604 4394 sicut
635 4344 881 4410 superius
917 4344 1194 4400 retulimus
1231 4345 1404 4416 (767),
1441 4347 1502 4400 B.
1530 4347 1700 4402 Gebe-

1819 1797 1939 1852 dius
1969 1798 2184 1853 modius
2213 1799 2343 1853 milii
2370 1800 2477 1869 pilo
2519 1801 2663 1855 tunsi
2684 1842 2724 1872 ,_
2749 1809 2803 1855 et
2841 1811 2949 1856 tres
2985 1802 3134 1856 urna:
3172 1801 3238 1857 de
3268 1804 3395 1858 vino

1817 1899 1871 1944 et
1898 1891 2138 1960 quinque
2192 1891 2347 1946 solidi
2381 1908 2741 1946 nummorum.
2777 1893 2888 1948 Iloc
2917 1902 3000 1948 est
3030 1894 3391 1957 ministerium

1817 1982 1957 2050 quod
2000 1981 2297 2036 debebatur
2329 1983 2555 2052 singulis
2591 1984 2750 2038 annis
2779 1983 2845 2038 de
2885 1984 3231 2059 supradictis.
3282 1983 3394 2042 Sed

1815 2072 2096 2128 Conradus
2122 2075 2290 2129 abbas
2313 2075 2516 2146 redegit
2539 2076 2680 2129 istud
2707 2077 2774 2131 ad
2802 2077 2926 2143 hoc,
2948 2085 3008 2132 ut
3031 2064 3398 2136 darentur'els

1817 2164 1927 2218 duo
1960 2163 2160 2219 talenta
2188 2174 2239 2219 et
2268 2167 2507 2234 quinque,
2535 2167 2712 2221 solidi.

2219 2256 2247 2328 ᾗ
2282 2256 2518 2312 XXXVI.
2558 2259 2635 2312 De
2667 2257 2996 2314 Eicltstetlin.

1884 2347 2012 2402 Erat
2043 2349 2261 2417 quidam
2290 2365 2492 2414 comes,
2517 2351 2732 2405 nomine
2760 2350 3083 2404 Adilhardus
3110 2353 3283 2421 (768),
3305 2353 3394 2410 vir

1813 2445 1931 2516 pius
1959 2456 2012 2500 et
2055 2447 2340 2518 religiosus
2363 2464 2425 2502 ac
2454 2449 2650 2504 timens
2680 2446 2876 2513 Deum.
2907 2450 3048 2504 beati
3078 2451 3175 2504 viri
3207 2449 3390 2508 Gebe-

1814 2536 1966 2590 hardi
2012 2536 2168 2606 juxta
2219 2539 2399 2591 carnis
2441 2539 2960 2608 consanguinitatem
3006 2541 3338 2610 propinquus
3369 2581 3388 2609 ,

1815 2643 2158 2698 nequaquam
2193 2637 2369 2683 tamen
2398 2627 2718 2698 Suevigeua,
2756 2630 2849 2683 sed
2878 2629 3127 2684 habitans
3156 2631 3207 2683 in
3241 2641 3385 2688 terra

1811 2719 2123 2789 longinqua,
2153 2719 2237 2774 cui
2257 2720 2378 2790 jure
2405 2719 2455 2772 in
2484 2719 2856 2773 ltzcreditatem
2885 2730 3157 2778 cesserant
3189 2737 3381 2792 magna

1811 2821 1864 2865 et
1896 2811 2058 2863 tnulta
2088 2803 2287 2879 inedia
2319 2810 2369 2862 in
2395 2825 2531 2879 pago
2550 2807 2960 2878 llrigovet769),
2983 2808 3087 2868 hec
3113 2819 3215 2882 est,
3245 2812 3390 2886 apud

1812 2900 2076 2954 Eicltstalt
2130 2908 2184 2952 et
2239 2899 2620 2967 Brciliubach,
2666 2898 2855 2959 Riedm
2906 2914 2960 2960 et
3017 2905 3387 2976 Husin‘atqne

1813 2988 2122 3048 Stciubach.
2149 2994 2197 3048 Is
2223 3009 2352 3063 ergo
2377 2993 2826 3063 quamlocuuque,
2852 2993 2916 3046 de
2940 3003 3081 3048 terra
3105 3009 3198 3048 sua
3224 2995 3385 3050 adve-

1741 3069 1784 3130 (ἶ
1817 3087 1992 3150 niens,
2030 3084 2140 3154 jam
2182 3085 2323 3138 dicta
2356 3100 2449 3137 sua
2484 3083 2682 3153 praedia
2715 3083 2972 3147 adiisset,
3022 3083 3162 3152 quod
3207 3083 3383 3139 tamen

1813 3175 2088 3228 rarissime
2120 3172 2346 3226 faciebat
2373 3213 2386 3230 .
2432 3171 2760 3226 festinabant
2820 3187 3009 3226 omnes
3053 3173 3386 3226 habitatores

1812 3275 1866 3318 ttt
1891 3280 2012 3320 eum
2046 3280 2165 3320 cum
2197 3263 2668 3324 munusculissuis
2702 3263 3005 3327 visitarent,
3030 3262 3170 3318 sicut
3198 3278 3383 3318 omnes

1811 3353 1950 3406 servi
1979 3352 2211 3405 dominis
2240 3352 2352 3405 suis
2381 3351 2560 3406 facere
2592 3351 2784 3405 solent.
2819 3351 2886 3404 At
2917 3349 3034 3415 ille,
3066 3367 3188 3405 cum
3240 3363 3386 3407 esset

1809 3441 2072 3510 benignus
2090 3449 2142 3492 et
2168 3440 2491 3504 misericors,
2513 3440 2885 3509 interrogabat
2907 3439 3033 3506 quid
3059 3440 3161 3493 sibi
3183 3437 3382 3523 vellent

1809 3531 1910 3585 ista
1946 3528 2246 3584 facientes?
2273 3528 2513 3598 Cumque
2541 3531 2928 3598 responderent
2959 3528 3057 3582 hos
3092 3541 3210 3582 esse
3255 3543 3384 3582 suos

1810 3620 2079 3684 homines,
2108 3628 2311 3674 etcum
2343 3620 2523 3674 debita
2571 3620 2947 3674 benedictione
2997 3618 3280 3672 advenisse
3328 3627 3385 3672 ut

1807 3728 1926 3768 cum
1957 3714 2254 3775 visitareut,
2281 3713 2370 3768 ille
2392 3713 2695 3783 subjuuxit:
2724 3733 2740 3763 ε
2771 3712 2974 3775 Facite,
2999 3711 3196 3779 inquit,
3215 3709 3380 3781 319

1809 3812 2243 3872 unumquemque
2269 3816 2453 3853 eorum
2482 3817 2576 3854 sua
2609 3799 2922 3852 munuscula
2967 3799 3181 3852 interim
3235 3798 3377 3866 apud

1807 3905 1865 3944 se
1894 3905 2242 3952 conservare,
2278 3903 2445 3957 usque
2476 3889 2601 3941 dum
2634 3896 2755 3956 post
2782 3887 3060 3956 prandium
3105 3887 3217 3956 ipse
3268 3887 3382 3942 lucc

1807 3995 1907 4049 per
1937 3987 2135 4033 memet
2173 3979 2376 4032 valeam
2432 3979 2772 4047 conspicere.
2806 3997 2823 4028 ›
2881 3975 3100 4040 Deinde,
3134 3978 3382 4033 omnibus

1805 4068 1959 4138 plene
1985 4077 2040 4122 et
2061 4067 2527 4122 abundantissime
2569 4069 2800 4131 satiatis,
2833 4068 3063 4122 addebat
3111 4067 3216 4122 illis
3264 4081 3384 4122 mu-

1807 4162 2030 4215 nuscula
2060 4161 2124 4215 de
2154 4161 2268 4215 suis
2289 4203 2302 4222 ,
2328 4159 2459 4214 nihil
2488 4161 2760 4229 accipiens
2791 4161 2860 4212 ab
2897 4161 3058 4229 ipsis,
3098 4169 3151 4213 et
3178 4159 3382 4214 dimisit

1805 4267 1898 4306 eos
1925 4252 2092 4313 abire,
2125 4253 2198 4305 ita
2231 4262 2287 4305 ut
2316 4253 2613 4322 gauderent
2642 4268 2699 4306 se
2745 4250 2868 4304 illuc
2894 4249 3222 4319 pervenisse.
3281 4247 3382 4304 llic

1807 4359 1937 4414 ergo
1961 4344 2460 4415 dealitBrigantinis
2487 4344 2732 4414 cognatis
2773 4345 2885 4397 suis
2930 4342 3186 4412 pra-dium
3239 4341 3380 4410 apud

165 4421 349 4490 bardus,
399 4443 690 4500 antequam
747 4434 900 4488 fieret
945 4413 1261 4506 cpiscopus,
1300 4413 1701 4494 constantiensi
1731 4413 1781 4472 υ
1808 4413 2119 4498 δῑέὶηικιεῑῖ,
2149 4413 2290 4502 (1"th
2319 4443 2502 4503 βοειθτι
2539 4413 2634 4500 Ile?
2657 4431 2922 4500 δροηδίιίίίι
2949 4429 3164 4485 dwell“
3195 4430 3248 4484 ίη
3279 4443 3384 4500 Ρ⁰⁴

166 4515 370 4572 ecclesia:
391 4535 546 4574 suum
577 4525 851 4593 proprium
878 4525 1040 4590 dedit,
1062 4527 1202 4595 qttod
1230 4528 1368 4596 apud
1385 4513 1704 4592 ‘Obirudorf,

166 4597 455 4679 l’ilomngin,
491 4611 862 4682 llagilimbach
893 4625 944 4670 et
967 4609 1390 4672 Luitheresdorf.
1414 4619 1621 4683 habuit,
1650 4628 1703 4673 et

167 4692 257 4759 ipse
281 4699 386 4755 lucc
411 4703 462 4756 in
494 4705 814 4760 beneﬁcium
843 4708 1062 4776 recepit,
1091 4724 1153 4763 ea
1189 4709 1356 4780 318
1392 4710 1699 4765 conditione

168 4788 214 4868 at
239 4793 330 4840 tam
359 4789 469 4860 ipse
513 4807 673 4862 quam
700 4795 1004 4863 quicunque
1025 4797 1125 4852 hoc
1151 4810 1271 4868 post
1298 4814 1356 4852 se
1383 4799 1700 4856 beneﬁcium

169 4867 374 4943 haberet,
403 4878 517 4946 jam
543 4883 697 4937 dictae
725 4882 968 4938 ecclesia).
1007 4867 1267 4942 fratribus
1309 4885 1364 4940 in
1410 4885 1704 4944 festivitate

381 5051 664 5125 Sauldorll‘,
697 5059 748 5110 in
772 5057 938 5125 capit.
967 5057 1277 5118 Mosskirch.

380 5124 538 5179 Forte
562 5116 794 5192 Audwil,
833 5116 884 5180 i'n
912 5116 1236 5191 districtus.
1265 5116 1428 5187 Galli.

226 5187 352 5277 ςεξρ)
379 5193 592 5277 poetisa
625 5187 861 5277 mitigat.
883 5200 1036 5277 μεχρι
1066 5187 1334 5277 Βώέςεη-

379 5261 513 5336 ﬂoth
543 5256 706 5336 prope
733 5256 1001 5322 Sattldorf.

174 5388 200 5406 ,,
227 5325 352 5400 (761)
381 5325 628 5391 Mulbéim
644 5325 768 5391 cum
795 5336 938 5390 liliali
965 5337 1260 5406 Stellemin
1288 5339 1454 5406 capit.
1479 5341 1696 5396 Wurm-

1810 4531 2058 4577 testatem
2088 4521 2667 4590 Chilichbergcnsium.

1808 4634 1835 4704 §
1870 4633 2129 4688 XXXVII.
2173 4633 2494 4688 Adilhardus
2534 4634 2674 4704 dono
2712 4633 2850 4704 dedit
2882 4630 3184 4704 Gebehardo
3214 4628 3385 4686 Eiste-

2245 4704 2348 4768 tiu,
2379 4703 2733 4765 Breitinbuch,
2773 4701 2980 4755 Riedin.

1876 4799 1994 4869 Ipse
2053 4800 2380 4854 Adilhardus
2444 4798 2563 4868 pius
2613 4812 2796 4854 comes
2839 4797 2988 4850 dedit
3050 4795 3229 4864 nepoti
3290 4787 3388 4851 suo

1805 4887 1870 4942 Β.
1912 4889 2232 4944 uebchardo
2274 4888 2526 4957 episcopo
2567 4885 2828 4957 quidquid
2877 4885 3062 4939 habuit
3112 4884 3391 4953 proprium

1875 5061 2024 5131 (765)
2057 5064 2414 5125 Aichstetlen,
2443 5059 2497 5133 in
2529 5055 2783 5133 stensi.
2813 5054 2935 5133 \‘id.
2967 5059 2994 5133 ᾗ
3025 5057 3170 5133 56.___

1855 5123 2024 5215 _('_7dt§_i
2052 5133 2329 5215 Tuisjiarig,
2358 5123 2410 5185 in
2439 5128 2864 5186 Steckbornensi
2888 5170 2902 5194 ,
2935 5123 3011 5186 υἷί
3041 5138 3096 5185 et
3124 5123 3391 5199 Wengen.

1805 5203 1923 5257 Vid.
1957 5203 2052 5256 lib.
2084 5219 2121 5256 ll
2153 5204 2180 5274 §
2209 5203 2260 5255 '5.
2962 5226 2989 5235 ·ι

1876 5272 2024 5341 (767)
2066 5271 2238 5341 Supra
2265 5271 2292 5341 ᾗ
2317 5271 2370 5324 9.
2477 5337 2492 5341 _
2738 5339 2754 5341 _
2775 5339 2786 5341 ᾗ
2810 5337 2826 5341 Α

1875 5337 2027 5406 (768)
2055 5337 2174 5396 Vill.
2204 5337 2436 5406 Disquis.
2471 5337 2499 5406 ᾗ
2534 5341 2624 5404 I3,
2651 5356 2704 5406 p.
2729 5337 2854 5393 280.
