3970 5406
569 286 678 344 3'25

1325 283 1667 345 APPENDIX
1706 290 1797 345 AD
1835 289 2232 349 CHBONICON
2275 291 2637 371 HERMAN'NI
2677 299 3048 356 CONTRACT
3087 352 3090 355 .

3730 307 3821 362 32!

571 397 741 490 sterio
769 395 1136 490 Sagire-geni,
1171 399 1314 468 quod
1347 398 1438 452 Pet
1451 401 1662 454 rislmsa
1701 401 1917 468 dicitur,
1970 402 2020 456 in
2071 418 2151 456 re-
2187 412 2231 464 Α
2266 402 2414 475 (791)
2434 408 2648 462 comitis
2667 409 2812 473 sitis,
2835 425 3062 479 quorum
3090 409 3301 484 [unum]
3324 412 3387 468 de
3409 414 3567 471 rebus
3589 417 3824 490 epianpTi

571 489 778 559 giutine
804 488 973 561 (7S7).

1309 583 1337 655 ς
1377 584 1436 637 ιι.

639 673 745 729 Per
790 673 930 730 idem
963 685 1172 747 tempus
1223 677 1482 749 Siggerus
1525 681 1742 748 quidam
1778 680 1974 740 nobilis
2001 691 2049 734 el
2081 680 2164 733 iii-

563 780 663 821 vcs
703 782 798 820 sua
832 768 1049 837 propria
1087 769 1291 838 prtedia
1336 771 1474 837 apud
1529 771 1834 825 Tusciuauc
1895 780 1952 824 et
1992 770 2159 826 Ober-

564 858 782 929 wangiu
815 859 962 928 (788)
986 874 1109 912 cum
1139 861 1252 914 suis
1281 862 1635 930 appendieiis,
1675 861 1925 917 ecclesiis
1951 863 2159 916 scilicet

563 954 623 1003 et
644 948 892 1022 decimis,
915 957 970 1002 et
1010 947 1133 1002 aliis
1159 950 1411 1002 omnibus
1457 950 1522 1002 ad
1557 951 1670 1004 lucc
1703 950 1816 1005 loca
1844 949 2159 1019 pertinenti-

565 1037 668 1094 bus
713 1038 826 1108 jam
875 1038 1020 1092 dicto
1065 1039 1396 1092 monasterio
1444 1041 1715 1104 vrudidit;
1771 1049 1828 1094 et
1878 1055 2001 1093 cum
2043 1040 2155 1108 ipse

567 1126 830 1197 Siggerus
879 1142 1001 1197 qua:
1032 1137 1399 1181 convenerant
1460 1129 1774 1198 recepisset,
1824 1139 1877 1182 ct
1919 1127 2028 1195 jam
2071 1128 2154 1180 di-

563 1228 708 1278 ctam
767 1218 1114 1272 traditionem
1198 1219 1493 1272 secundum
1558 1218 1681 1288 jura
1729 1217 2149 1272 Alemanuorum

563 1308 964 1371 confirmasset,
1008 1306 1329 1377 Lampertus
1381 1306 1666 1377 cpiscopus
1721 1323 1844 1361 cum
1883 1306 2150 1374 adjutorio

563 1395 782 1454 Ottouis
809 1397 952 1452 tertii
984 1397 1383 1467 impcratorisa
1415 1396 1678 1467 Gregorio
1710 1397 1750 1448 V
1781 1396 1938 1464 hujus
1979 1398 2151 1451 uomi-

563 1488 668 1552 uis,
696 1488 790 1558 qui
823 1498 878 1544 et
921 1488 1102 1543 Bruno
1153 1488 1458 1551 dicebatur,
1500 1498 1604 1542 tam
1633 1504 1795 1559 super
1817 1489 1991 1558 ipsum
2033 1504 2150 1542 mo-

562 1578 859 1633 nasterium
913 1593 1076 1648 quam
1127 1593 1290 1646 super
1339 1578 1543 1642 omnia,
1595 1594 1715 1648 qua:
1771 1579 1895 1634 illuc
1950 1580 2145 1634 tradita

559 1667 802 1734 fuerunt,
823 1666 907 1723 vel
939 1676 1084 1734 sunt,
1131 1668 1212 1722 vel
1246 1668 1419 1722 adlmc
1447 1677 1626 1729 erunt.
1658 1670 1761 1724 hoc
1806 1669 2144 1742 privilegium

557 1759 712 1832 (789)
742 1759 1053 1830 acquisivit.

1279 1852 1308 1922 §
1336 1852 1416 1906 tu.

631 1963 651 1998 ι
665 1944 720 1998 lu
735 1944 952 1998 nomine
965 1952 1167 1998 sanctae
1180 1953 1235 1997 et
1251 1945 1482 1997 dividua:
1500 1943 1802 2012 Trinitatis,
1816 1943 2142 2006 Gntzcouttts,

555 2037 652 2105 qui
677 2043 733 2090 et
763 2035 1178 2098 Bauuo,sauctan
1199 2034 1481 2089 catholicae
1503 2036 1870 2104 etapostoliczc
1894 2035 2148 2092 Romana:

559 2126 837 2192 Ecclesize,
871 2125 963 2180 Dei
993 2127 1193 2194 gratia,
1231 2125 1541 2196 epis‘wpus,
1569 2135 1620 2178 et
1647 2140 1836 2179 servus
1868 2141 2144 2181 servorum

557 2218 674 2273 Dei.

630 2325 652 2360 ε
681 2307 1040 2380 Desiderium,
1066 2307 1209 2378 quod
1260 2307 1327 2362 ad
1357 2307 1686 2379 religiosum.
1719 2308 2052 2377 propositum
2091 2317 2146 2363 et

552 2407 868 2454 sanctorum
925 2397 1087 2468 325
1121 2397 1388 2464 locorum
1465 2397 1811 2453 stabilitatem
1874 2399 2145 2468 pertinere

557 2498 911 2552 monstratur,
963 2490 1081 2544 sine
1131 2489 1308 2559 aliqua
1357 2499 1442 2545 est
1483 2490 1591 2545 Deo
1637 2500 1859 2544 auctore
1887 2490 2143 2544 dilatione

555 2578 946 2650 perficiendum
979 2595 993 2644 ;
1027 2587 1081 2632 et
1103 2579 1320 2648 quoties
1347 2579 1402 2633 in
1452 2580 1772 2649 quibusdam
1801 2589 2001 2634 sanctae
2042 2578 2144 2633 Ec-

552 2670 732 2724 clesia:
765 2669 1088 2724 utilitatibus
1119 2669 1199 2724 vel
1229 2670 1526 2725 commodis
1575 2677 1758 2724 uoster
1780 2686 2055 2734 assensus,
2089 2676 2144 2723 et

551 2764 770 2818 solitum
801 2763 1112 2835 apostolica:
1133 2762 1476 2818 auctoritatis
1489 2761 2138 2832 exposciturprmsidium,

553 2855 695 2910 ultro
715 2854 1063 2926 benignitatis
1094 2854 1312 2907 intuitu
1335 2867 1431 2906 nos
1457 2851 1716 2906 convenit
1744 2849 2049 2911 subvenire,
2086 2858 2138 2903 et

553 2955 734 3002 ratum
764 2946 1097 3016 propositum
1125 2959 1223 3015 pro
1263 2944 1473 3014 integra
1518 2943 1812 2998 securitate
1834 2958 1899 2997 ex
1929 2942 2138 2997 ratione

551 3039 816 3104 solidarc,
845 3047 906 3092 ut
950 3053 1017 3092 ex
1061 3038 1174 3092 ltoe‘
1194 3046 1509 3091 sanctorum
1553 3035 1830 3092 veneratio
1871 3035 2134 3097 locorum,

2267 510 2365 563 per
2389 499 2698 568 episcopum
2725 500 3124 569 Gebebardum,
3150 503 3291 558 aliud
3320 508 3384 559 de
3402 507 3638 575 ejusdem
3662 527 3826 573 mona-

2257 588 2416 660 sterii
2446 590 2605 644 rebus
2632 606 2727 660 per
2759 592 3004 645 abbatem
3031 592 3378 650 Pericherum
3399 600 3718 669 acquisitum
3735 613 3823 668 est,

2263 678 2348 732 vel
2370 681 2734 751 quodcunque
2755 697 2853 752 per
2865 682 3097 753 aliquem
3119 684 3286 741 Deum
3306 687 3605 747 timentium
3623 693 3827 750 adeum-

2263 771 2398 822 dcm.
2424 772 2569 837 pium
2620 772 2795 850 locum
2837 776 3243 833 concedendum
3273 762 3382 836 est
3409 791 3499 836 aut
3532 799 3824 842 concessum

2254 850 2365 920 iam
2399 861 2564 925 venit,
2606 865 2900 932 apostolica
2932 865 2992 920 Β.
3024 866 3169 922 Petri
3211 869 3521 927 defensione
3541 883 3597 929 et
3624 876 3825 933 tuitione

2258 947 2564 1004 staliilitum
2613 961 2669 1006 et
2724 953 3100 1011 incouvulsum
3154 959 3255 1014 sub
3279 959 3497 1016 varisti
3538 965 3826 1021 testimonio

2257 1052 2576 1108 permaneat
2594 1052 2648 1098 et
2673 1046 2950 1114 persistat.

2333 1149 2351 1181 ι
2383 1130 2496 1188 lloc
2519 1135 2682 1189 etiam
2709 1138 3389 1208 apostolicajnssiouecum
3417 1162 3686 1202 consensu
3701 1152 3822 1204 tcrtii

2254 1220 2467 1278 Ottonis
2495 1225 2842 1298 imperatoris
2871 1232 3091 1309 Augusti
3141 1242 3196 1289 et
3225 1235 3496 1306 Lamperli
3547 1240 3822 1308 supradicti

2256 1316 2516 1386 episcopi,
2541 1320 2632 1387 qui
2667 1322 2766 1375 boc
2809 1322 2924 1377 fieri
2975 1338 3326 1396 rogaverunt,
3369 1330 3593 1384 omnino
3627 1331 3824 1386 interdi-

2253 1405 2448 1470 cimus,
2481 1424 2549 1464 ne
2580 1409 2718 1465 forte
2739 1411 2936 1482 aliquis
2957 1416 3132 1472 eidem
3157 1421 3490 1475 tuonasterio
3511 1421 3820 1491 pneﬁgatur,

2256 1492 2359 1548 nisi
2397 1511 2556 1565 quem
2602 1503 2907 1556 communis
2937 1503 3166 1560 fratrum
3217 1506 3413 1564 ibidem
3447 1509 3562 1564 Deo
3606 1513 3823 1567 servien-

2254 1585 2386 1638 tium
2416 1589 2707 1644 concordia
2741 1591 2932 1664 eligat;
2971 1597 3037 1650 ad
3073 1597 3384 1669 cpiscopqu
3419 1617 3552 1655 vero
3603 1618 3720 1658 eum
3744 1605 3819 1674 qui

2254 1676 2326 1730 ita
2366 1676 2573 1734 electus
2625 1689 2709 1735 est
2740 1684 2982 1739 stabilire
3013 1695 3221 1742 tantum
3272 1691 3565 1758 pertineat.
3610 1694 3818 1766 ldipsum

2177 1778 2218 1838 [ι
2247 1768 2408 1822 etiam
2423 1773 2486 1825 de
2510 1771 3029 1830 advocatielectione
3043 1777 3408 1837 decernimus.
3445 1781 3634 1839 Eleclo
3660 1795 3818 1841 autem

2253 1859 2433 1915 abbati
2467 1862 2546 1917 vel
2577 1867 2892 1921 monasterii
2939 1869 3105 1942 326
3149 1873 3413 1931 advocato
3449 1892 3599 1931 cura:
3637 1876 3708 1933 sit
3747 1894 3819 1932 res

2255 1954 2566 2008 monasterii
2593 1971 3123 2030 procurare,easque
3148 1963 3540 2036 dissipautibus
3565 1969 3815 2023 resistere.

2253 2039 2308 2094 Si
2342 2044 2463 2112 quis
2487 2045 2717 2111 interea,
2748 2048 2889 2117 quod
2921 2067 3025 2106 non
3058 2053 3353 2120 credimus,
3379 2059 3673 2114 temerario
3703 2075 3818 2115 ausu

2249 2144 2440 2187 contra
2473 2151 2559 2201 ea,
2593 2153 2715 2207 quae
2744 2141 2812 2194 ab
2857 2139 2957 2196 bac
2984 2152 3168 2199 nostra
3195 2149 3525 2204 auctoritate
3557 2151 3645 2221 pie
3669 2161 3722 2208 et
3744 2151 3819 2206 lir-

2249 2225 2408 2280 miter
2439 2242 2533 2296 per
2562 2228 2664 2284 hoc
2695 2242 2937 2286 nosu'um
2979 2235 3321 2308 privilegium
3368 2241 3634 2312 disposita
3686 2253 3814 2306 sunt,

2247 2320 2543 2382 contraire,
2578 2321 2660 2377 vel
2689 2323 2821 2385 haec,
2846 2339 2967 2395 qua:
2991 2341 3019 2379 a
3053 2328 3210 2383 nobis
3236 2331 3302 2385 ad
3333 2331 3553 2388 laudem
3605 2334 3696 2392 Dei
3733 2352 3816 2405 pro

2247 2410 2545 2466 stabilitate
2586 2412 2699 2482 jam
2737 2415 2866 2469 dicti
2910 2420 3227 2474 monasterii
3259 2431 3461 2477 statuta
3493 2435 3642 2491 sunt,
3671 2427 3817 2481 refra-

2246 2500 2360 2568 gari
2409 2509 2503 2555 aut
2541 2502 2593 2556 iu
2649 2519 2922 2575 quoquam
2978 2511 3280 2580 transgredi
3337 2518 3653 2580 teutaverit,
3695 2519 3814 2572 sciat

2244 2605 2303 2646 se
2330 2594 2658 2650 auctoritate
2685 2594 2746 2650 Β.
2780 2596 2928 2652 Petri
2965 2600 3227 2673 principis
3263 2607 3659 2673 apostolorum,
3681 2609 3814 2678 cujus

2243 2680 2328 2736 vel
2368 2683 2624 2739 immeriti
2677 2685 2850 2743 vicem
2899 2691 3160 2759 gerimus,
3213 2695 3580 2768 anathematis
3624 2699 3812 2754 vinculo

2243 2768 2581 2840 iuuodatum,
2603 2785 2656 2832 et
2681 2793 2804 2832 cum
2830 2778 3046 2835 diabolo
3067 2791 3227 2852 atque
3243 2783 3376 2840 Juda
3403 2788 3667 2844 traditore
3679 2789 3813 2845 Clu-i-

2245 2865 2311 2918 sti
2372 2868 2594 2922 mteruis
2645 2870 2906 2926 incendiis
2949 2878 3428 2932 concremaudum.
3464 2881 3537 2934 At
3568 2897 3692 2936 vero
3733 2880 3811 2950 qui

2242 2956 2332 3025 pio
2361 2956 2555 3012 intuitu
2587 2961 2904 3016 observator
2939 2975 3137 3022 nostra:
3179 2968 3492 3047 salutiferae
3522 2972 3812 3042 przeceptio-

2245 3049 2330 3103 nis
2353 3050 2647 3119 exstiterit,
2681 3053 3069 3112 benedictionis
3098 3061 3330 3130 gratiam
3359 3079 3386 3115 a
3405 3062 3559 3132 justo
3596 3065 3809 3120 retribu-

551 3130 700 3186 salus
729 3140 786 3185 et
810 3128 1052 3184 indemni
1083 3125 1659 3197 asrproﬂigatur(790),
1678 3135 1727 3178 ct
1755 3126 1909 3180 nobis
1929 3141 2139 3195 queque

2250 3150 2363 3196 tore
2402 3141 2631 3198 Domino
2665 3145 3037 3217 multipliciter
3086 3166 3473 3223 consequatur,
3497 3167 3556 3211 et
3600 3157 3715 3211 vita:
3746 3172 3808 3210 ze-

551 3218 690 3276 lucri
716 3219 1056 3290 [uilissimum
1086 3217 1366 3287 pra-mium
1396 3231 1428 3268 a
1457 3216 1746 3270 Conditore
1761 3216 2140 3285 omniumpru-

548 3312 831 3368 scribatur.
1155 3367 1157 3369 ,

630 3422 650 3454 ι
688 3401 912 3457 Valente
951 3416 1082 3472 ergo
1111 3409 1278 3469 atque
1307 3407 1528 3470 rogante
1552 3398 1711 3453 tertio
1743 3397 1940 3453 Ottoue
1969 3397 2137 3468 impe-

552 3507 740 3554 ratore
771 3499 1040 3568 Augusto,
1063 3505 1119 3549 et
1157 3495 1448 3565 Lamperto
1475 3507 1680 3550 sanctae
1711 3492 2138 3549 Constantiensis

552 3590 809 3645 Ecclesia
857 3590 1129 3660 episcopo,
1179 3587 1450 3658 quoddam
1496 3585 1884 3640 monasterium
1936 3584 1989 3638 in
2023 3585 2137 3651 ripa

549 3683 728 3740 Elieui
771 3681 924 3750 juxta
963 3679 1356 3745 Constantiam,
1389 3679 1446 3733 in
1476 3678 1596 3731 villa
1623 3694 1742 3748 qua:
1774 3685 1994 3732 vocatur
2034 3673 2134 3729 Pe-

547 3774 812 3836 trisbusa,
842 3775 910 3846 de
937 3770 1261 3828 Gebebardo
1303 3769 1474 3824 beata:
1501 3771 1775 3822 memoria:
1801 3766 2053 3836 episc0po
2083 3764 2135 3820 in

547 3865 756 3922 honore
787 3864 849 3920 S.
899 3864 1144 3934 Gregorii
1175 3871 1572 3924 constructum,
1614 3858 1908 3928 apostolica
1952 3855 2136 3912 defen-

547 3957 701 4011 sioue
728 3956 1025 4018 innuimus,
1059 3963 1116 4008 et
1159 3953 1444 4024 praeceptis
1492 3951 1750 4005 liotnana:
1792 3948 2044 4004 Ecclesiae
2070 3964 2134 4003 eo

549 4059 741 4104 tenore
799 4049 1120 4102 dccoramus
1149 4036 1417 4114 quatenus
1450 4043 1678 4113 idipsum
1725 4043 2130 4108 monasterium,

543 4139 638 4207 cui
665 4155 811 4193 nunc
839 4141 1008 4193 abbas
1032 4138 1355 4192 Perit-herus
1384 4146 1598 4206 prmest,
1641 4151 1762 4191 cum
1791 4134 2039 4189 omnibus
2065 4134 2130 4187 ad

547 4241 610 4281 se
658 4226 1054 4296 pertinentibus
1093 4227 1322 4280 diversis
1369 4226 1606 4293 praediis,
1631 4225 1788 4278 cultis
1809 4233 1863 4277 et
1892 4223 2130 4287 incultis,

546 4317 758 4372 colonis
787 4326 842 4370 ct
860 4315 1106 4380 familiis,
1132 4316 1212 4368 vel
1242 4329 1575 4384 quaecunque
1603 4315 1743 4367 idem
1780 4313 2131 4369 Gcbeliardus

547 4409 840 4479 episcopus
876 4407 1226 4461 lncreditario
1267 4407 1393 4476 jure
1431 4405 1512 4460 vel
1549 4404 1728 4474 aliqua
1770 4403 2129 4472 acquisitionc

2249 3240 2416 3287 terna:
2461 3237 2732 3306 particeps
2778 3237 2916 3294 efﬁci
2971 3251 3248 3299 mereatur
3276 3261 3330 3300 ιιι
3359 3247 3561 3303 saecula
3611 3247 3810 3304 saeculo-

2245 3336 2384 3376 rum.
2417 3325 2613 3380 Amen.
2655 3345 2674 3378 ι

2337 3412 2367 3486 §
2403 3415 2490 3470 IV.
2527 3415 2600 3470 De
2632 3416 2880 3474 fleiuriro
2910 3438 3026 3492 rege
3060 3433 3110 3478 et
3148 3424 3428 3495 Lampcrto
3460 3429 3715 3496 episCOpo.
3763 3484 3772 3498 λ

2311 3503 2438 3559 Post
2469 3505 2582 3561 haec
2604 3519 2820 3564 mortuo
2841 3510 3037 3567 Ottoue
3064 3514 3386 3585 imperatore
3404 3534 3527 3572 cum
3548 3517 3807 3575 lleinritus

2241 3593 2532 3663 imperium
2577 3601 2926 3670 suscepisset,
2981 3614 3036 3659 et
3076 3604 3590 3678 Babimbergeusem
3622 3610 3807 3680 episco-

2239 3697 2424 3757 patum
2471 3693 2891 3760 construxisset,
2919 3699 3100 3752 omnia
3127 3715 3245 3769 quaa
3283 3703 3497 3756 fuerant
3525 3700 3804 3758 BurcLardi

2238 3780 2510 3848 quondam
2577 3783 2731 3838 ducis
2780 3785 2846 3840 de
2903 3797 3086 3844 moute
3150 3791 3335 3846 Duello
3373 3802 3428 3846 ct
3472 3793 3594 3863 ejus
3642 3791 3804 3847 uxoris

2239 3870 2549 3944 lladiwigze,
2580 3875 2634 3929 in
2685 3887 3014 3946 potestatem
3064 3897 3216 3937 suam
3266 3886 3420 3954 quasi
3478 3887 3803 3940 bmreditario

2229 3959 2352 4029 jure
2380 3965 2582 4033 redegit
2617 3965 2788 4036 (792),
2820 3968 3031 4039 hacque
3081 3973 3159 4027 de
3190 3991 3350 4028 causa
3386 3973 3668 4030 Steineuse
3710 3988 3802 4027 mos

2235 4055 2531 4133 uasterium
2564 4057 2614 4111 iu
2642 4067 2966 4128 potestatem
2995 4063 3160 4133 ipsius
3191 4067 3431 4122 ecclesia:
3453 4069 3683 4124 devenit.
3709 4065 3799 4120 Sed

2234 4153 2478 4198 nostrum
2510 4150 2917 4216 monasterium,
2949 4153 3048 4209 hoc
3074 4167 3158 4209 est
3179 4155 3539 4226 Petrisluhin,
3567 4167 3690 4212 tunc
3718 4141 3799 4226 per

2232 4231 2572 4303 privilegium
2606 4234 2823 4294 Ottouis
2870 4241 3216 4312 imperatoris
3263 4244 3548 4315 Eplindot-l'
3577 4245 3792 4304 retinuit.

2231 4325 2375 4393 quod
2401 4326 2514 4395 jam
2541 4329 2685 4383 dicta
2713 4329 2969 4387 l-ladewic
2995 4335 3057 4388 B.
3083 4337 3200 4392 viro
3220 4337 3541 4394 Gebeliardo
3563 4341 3794 4412 episcopo

2227 4416 2338 4485 jam
2361 4419 2568 4486 pridem
2595 4422 2645 4475 in
2673 4425 3058 4492 proprietatem
3088 4430 3403 4484 tradiderat.
3434 4430 3540 4486 Sed
3563 4447 3681 4486 cum
3693 4428 3793 4497 jam

549 4501 618 4554 ad
647 4500 788 4553 idem
836 4500 1226 4554 mouasterimu
1275 4498 1630 4561 contradidit,
1680 4507 1772 4551 aut
1801 4511 2131 4567 quascunque
2160 4485 2209 4544 Ι)
2237 4509 2411 4564 dictus
2443 4526 2534 4565 rex
2587 4485 2874 4570 "dmi-ms
2922 4520 3278 4590 undecunque
3323 4538 3387 4577 ex
3425 4523 3547 4580 aliis
3569 4485 3793 4580 ccclgsii,

548 4593 617 4648 de
655 4593 930 4662 cpiscopio
970 4591 1343 4652 commutavit,
1394 4598 1488 4644 aut
1539 4589 1656 4644 siue
1711 4589 2131 4644 commutatione

547 4681 816 4752 permisit,
856 4696 956 4736 nec
980 4696 1086 4735 non
1112 4679 1371 4750 quidquid
1407 4677 1663 4748 praefatus
1679 4678 1995 4745 Lauqtertus
2018 4677 2132 4746 epi-

545 4791 742 4845 scOpus
774 4774 841 4828 ad
871 4774 1012 4828 idem
1043 4774 1431 4828 monasterium
1461 4773 1513 4826 in
1551 4787 1877 4843 quocunque
1899 4770 2132 4842 negotio

544 4865 838 4928 concessit,
870 4879 992 4918 etnu
1018 4864 1225 4934 Siggcri
1247 4861 1855 4934 prtcdiis'l‘uzzinauauc
1881 4871 1936 4916 et
1962 4860 2130 4916 Weu-

541 4958 636 5028 giu
667 4957 892 5020 vocatis,
925 4957 979 5011 iu
1005 4972 1146 5027 pago
1173 4955 1434 5026 Tut'gcwe
1473 4955 1526 5009 iu
1558 4954 1814 5009 comitatu
1844 4951 2117 5008 Bertlioldi

616 5071 978 5144 (7787)‘Igitur
1027 5071 1246 5144 interim
1295 5071 1469 5144 quasi,
1503 5071 1652 5144 vices
1703 5067 1760 5122 S.
1816 5066 2119 5144 Gebeltardi

545 5140 1094 5210 gessit.'La'mbertus
1122 5140 1410 5212 episcopus
1454 5140 1891 5212 l’etersliusensis
1938 5154 2124 5212 mona-

543 5208 680 5265 clms
713 5212 878 5266 fuisse
905 5212 1118 5265 videtur
1146 5208 1208 5264 ex
1245 5208 1541 5264 Annalibus
1575 5209 1773 5271 Eretui,
1811 5209 1964 5270 cuius
2006 5208 2124 5262 obi-

545 5288 635 5335 tus
663 5283 728 5334 ad
757 5298 846 5335 an.
893 5281 1031 5336 1018
1074 5283 1124 5335 in
1174 5282 1275 5334 boe
1301 5281 1573 5336 Chronico
1599 5281 1832 5334 omis~ius
1865 5287 1966 5332 est.
2000 5277 2118 5332 Vid.

542 5349 885 5406 Hermanuus
909 5353 975 5404 ad
1003 5365 1093 5404 an.
1126 5353 1218 5404 cit.

2234 4616 2571 4672 qumcuuque
2588 4609 2896 4660 necessaria
2911 4622 3060 4663 eran:
3078 4612 3142 4664 ad
3157 4612 3436 4668 ditandum
3448 4614 3790 4670 etot-nandum

2233 4690 2410 4747 locum
2463 4709 2626 4764 quem
2694 4708 3097 4765 construxerat,
3144 4704 3540 4761 studiosissime
3587 4719 3790 4774 congn-

2220 4785 2408 4852 'garet,
2435 4784 2603 4838 u'mlta
2621 4784 2738 4839 loca
2761 4789 3006 4856 togaudo
3027 4791 3298 4860 spoliavit,
3329 4808 3609 4864 quousque
3633 4794 3787 4848 locum

2234 4872 2389 4924 suum
2426 4871 2565 4926 ultra
2597 4875 2809 4927 modum
2837 4877 3048 4932 ditavit.
3081 4880 3196 4946 Qua
3223 4883 3290 4937 de
3316 4900 3374 4939 re
3396 4883 3596 4941 factum
3622 4893 3700 4941 est
3740 4890 3789 4935 ut

2223 4960 2386 5015 etiam
2422 4959 2767 5031 Lampertuui
2791 4965 3224 5026 Constantiensis
3249 4971 3504 5029 Ecclesia:
3524 4974 3785 5046 praesulem

2226 5083 2358 5154 tam,
2391 5072 2714 5158 HerrgotLus
2742 5077 2807 5156 (ιτ
2852 5077 2912 5140 ll,
2946 5094 2998 5147 p.
3030 5096 3070 5147 t,
3099 5098 3151 5153 p.
3186 5084 3276 5156 9i)
3319 5097 3572 5158 corrupte
3615 5087 3781 5148 edidit,

2225 5145 2540 5216 cuikaAnuuu}
2570 5145 2668 5200 997
2697 5145 2957 5216 aSSignat.
3057 5145 3063 5147 ⁷
3099 5145 3115 5153 ’
3256 5145 3270 5156 ’
3484 5145 3498 5158 ⁵
3535 5199 3538 5202 ,

2229 5212 2446 5336 111990)
2496 5212 2657 5270 Forte
2713 5212 2995 5286 legendum
3043 5223 3349 5295 prwﬁgalur
3393 5237 3449 5283 et
3497 5227 3783 5299 prescribe-

2480 5351 2795 5406 BCI‘lIIO'dlIS
2837 5355 3001 5406 ἰιίιιιι·
3041 5361 3106 5406 ml
3156 5366 3380 5406 mmimc
3411 5367 3780 5406 Τιιιιηηνίιδηερα
