3970 5406
223 371 330 434 523

225 586 388 641 clesia
436 585 542 640 sibi
595 582 809 654 aliquod
859 582 1164 638 subsidium
1213 583 1510 652 subrogare
1579 580 1820 635 deberet.

225 677 384 734 Unde
422 674 630 729 factum
662 683 748 728 est
775 681 834 727 ut
860 673 1002 728 idem
1024 671 1369 742 Lampertus,
1399 686 1464 726 ex
1496 669 1824 726 monasterio

222 767 370 837 quod
395 766 456 819 Β.
473 763 829 821 Gebehardus
855 771 1262 828 construxerat,
1282 761 1448 816 multa
1474 761 1540 816 de
1571 761 1825 814 thesauro

222 873 387 928 quem
420 858 535 927 ipse
564 854 678 919 jam
723 855 898 910 dictus
921 840 1276 912 G'ebehardus
1311 852 1422 908 Deo
1451 861 1506 906 et
1533 850 1593 905 Β.
1620 851 1827 921 Grego-

225 950 311 1004 rio
351 950 669 1010 donaverat,
718 963 816 1018 per
849 947 958 1002 vim
1011 946 1358 1003 subtraheret
1386 952 1447 1000 ut
1481 942 1825 1014 imperatoris

225 1041 491 1098 voluntati
519 1039 879 1096 satisfaceret.

963 1151 1100 1221 δι’.

301 1266 407 1321 Iste
427 1273 514 1321 est
540 1265 836 1321 thesaurus
880 1263 1186 1320 Gebehardi
1215 1263 1648 1320 Constantiensis
1685 1262 1823 1318 diva.-

227 1357 510 1413 memoria:
533 1356 797 1427 episcopi,
827 1370 989 1426 quem
1019 1354 1106 1409 ille
1146 1355 1296 1410 dedit
1333 1355 1400 1409 ad
1431 1353 1606 1410 locum
1661 1368 1821 1423 quem

226 1456 619 1504 construxerat
665 1447 719 1502 in
758 1447 1020 1502 honorem
1052 1446 1112 1501 Β.
1157 1445 1403 1518 Gregorii
1459 1445 1821 1517 papaa,327

228 1555 388 1609 quem
424 1539 650 1594 abstulit
676 1537 996 1609 Lampertus
1023 1539 1308 1609 episcOpus
1357 1552 1641 1594 successor
1681 1535 1816 1604 ejus.

229 1631 448 1703 Nappus
467 1646 613 1687 unus
642 1647 765 1687 cum
796 1647 929 1687 auro
957 1641 1196 1702 paratus.
1226 1631 1464 1686 Pechina
1493 1631 1600 1685 duo
1629 1645 1820 1702 argen-

231 1732 338 1776 tea.
362 1722 534 1792 Nappi
562 1723 731 1777 etiam
776 1722 1017 1794 argentei
1057 1724 1182 1778 duo.
1215 1721 1450 1777 Scutella
1481 1737 1588 1776 una
1620 1736 1815 1792 argen-

1198 363 1593 430 CHRONICON
1631 357 2265 424 PETEBSRUSANUM.
2281 355 2472 415 -LIB.
2505 355 2549 414 ll

226 499 448 565 rogaret
473 500 534 547 ut
557 501 612 548 et
636 470 768 563 ipse,
800 489 960 546 sicuti
988 489 1169 546 ceteri
1203 489 1475 560 episcopi,
1499 488 1566 542 de
1596 501 1691 542 sua
1721 484 1821 539 Ec-
1850 485 1896 544 Α

3392 361 3501 420 526

2604 471 2644 548 Vg
2679 471 2807 529 vui.

1998 586 2320 658 Sigil'ridus,
2396 585 2626 656 primum
2683 581 3112 640 Coustauticusis
3179 583 3508 653 canonicus,

1926 677 2120 732 deinde
2151 676 2448 730 monachus
2480 675 2620 744 apud
2663 674 2850 728 cellam
2883 673 2939 729 S.
2983 672 3274 744 Mcginradi
3295 715 3309 739 ,
3353 684 3409 731 et
3438 677 3510 734 ad

1925 778 2228 823 extremum
2279 766 2446 821 abbas
2498 765 2828 821 constitutus
2874 773 2958 820 cst
3007 766 3146 835 apud
3197 764 3256 820 S.
3305 765 3511 842 Grego-

1931 877 2090 916 l‘llllll.

2669 976 2697 1045 ι
2737 976 2825 1030 Ix.

1997 1091 2393 1148 Ercbiuboltlus
2451 1091 2602 1164 (795)
2660 1094 2827 1148 abbas
2895 1094 3029 1148 nihil
3097 1097 3506 1151 memorandum

1932 1187 2172 1256 reliquit.

1925 1278 2088 1350 328
2139 1276 2166 1350 ξ
2217 1277 2284 1332 X.
2350 1276 2689 1348 Privilegium
2736 1295 2894 1346 super
2927 1280 3184 1348 prmlium
3227 1279 3504 1334 Rietilinis.

1996 1369 2281 1424 Folmarus
2322 1368 2492 1423 abbas
2533 1369 2822 1437 acquisivit
2868 1371 3196 1424 monasterio
3242 1370 3511 1428 Rietilinis

1924 1471 1980 1514 et
2024 1457 2340 1529 Wegel’aza,
2388 1458 2532 1513 sicut
2577 1458 2911 1530 subsequens
2959 1461 3300 1532 privilegium
3345 1470 3513 1518 testa-

1925 1558 2014 1604 tur
2043 1549 2216 1621 (796).

2002 1640 2089 1694 «lu
2121 1640 2339 1694 nomine
2363 1648 2568 1698 sanctae
2591 1649 2648 1695 et
2676 1640 2962 1696 individute
2987 1640 3286 1696 Trinitatis.
3308 1640 3505 1698 Notum

1925 1733 1997 1788 sit
2018 1731 2272 1787 omnibus
2296 1729 2500 1786 Christi
2535 1732 2803 1796 ﬁdelibus,
2837 1732 3194 1814 praesentibus
3218 1731 3424 1788 scilicet
3451 1741 3509 1787 et

225 1823 342 1877 tea,
383 1815 698 1871 cochlearia
740 1814 846 1870 duo
882 1823 1166 1886 argentea,
1215 1814 1540 1870 candelabra
1579 1813 1686 1868 duo
1732 1830 1821 1870 ar-
1852 1833 1896 1893 Β
1922 1822 2142 1887 futuris,
2170 1822 2316 1892 quod
2341 1836 2442 1892 ego
2466 1821 2798 1886 Erimbrcth,
2819 1813 3008 1890 rogatu
3038 1823 3334 1898 Eberhardi
3366 1823 3508 1879 con.

228 1914 422 1975 gente:
452 1924 465 1959 :
499 1921 762 1961 numerus
790 1907 1019 1976 argenti,
1069 1921 1240 1961 xxvut
1270 1905 1421 1961 libra:
1475 1905 1545 1960 ad
1590 1905 1816 1977 pondus.

229 1993 474 2049 Dorsalia
525 1995 652 2050 duo.
685 1993 922 2050 Pechiua
962 1995 1088 2050 duo.
1125 1995 1326 2052 Pecten
1361 2009 1526 2050 unum
1564 1984 1821 2068 elephan-

232 2085 424 2148 tinum,
471 2099 608 2139 auro
644 2093 917 2156 paratum.
971 2083 1230 2140 Mensalia
1306 2093 1549 2155 septem,
1601 2084 1823 2140 tuautile

230 2189 420 2240 unum,
452 2175 765 2248 tapetiolum
797 2192 984 2231 unum.
1021 2176 1270 2248 Scypbus
1322 2193 1462 2233 unus
1509 2186 1820 2248 argenteus.

230 2263 383 2320 Stola
417 2281 523 2320 una
552 2282 741 2333 aurea,
783 2277 840 2323 et
867 2267 1117 2339 mappula
1157 2269 1400 2341 ejusdem
1440 2269 1640 2339 operis,
1669 2268 1823 2340 cujus

228 2359 692 2429 prapendicu‘lnm
746 2358 968 2430 quidam
1020 2361 1088 2417 de
1145 2362 1426 2417 monachis
1465 2360 1732 2433 subripuit
1769 2370 1825 2416 et

231 2450 539 2516 abscondit,
568 2451 711 2522 quod
743 2461 798 2506 et
823 2452 1004 2507 adhuc
1034 2452 1106 2508 ibi
1136 2453 1387 2519 habetur,
1411 2453 1567 2507 valde
1597 2454 1819 2522 pretiosi

229 2559 431 2615 operis.

953 2659 984 2732 ε
1021 2658 1107 2714 Vl.

300 2789 655 2848 Ellimboldus
679 2792 832 2864 (793)
864 2793 1054 2860 abbas,
1093 2795 1186 2866 qui
1216 2795 1510 2866 Periggero
1536 2804 1818 2862 successit,

231 2878 302 3025 (ll:
325 2895 384 2936 se
411 2881 570 2939 nobis
594 2885 988 2940 monimentum
1019 2885 1253 2956 reliquit.
1291 2885 1428 2959 (Hic
1459 2887 1512 2941 in
1541 2887 1718 2942 codice
1745 2899 1820 2942 est

294 2972 490 3044 cuna.)

943 3067 970 3139 ε
1012 3067 1119 3124 vn.

1926 1911 2238 1969 stanticnsis
2277 1911 2532 1968 Ecclesiae
2575 1913 2835 1984 episcopi,
2883 1913 2988 1966 tale
3032 1913 3289 1982 prastlium
3346 1913 3508 1985 quale

1926 2005 2076 2059 visus
2104 2018 2222 2059 sum
2256 2003 2454 2060 habere
2488 2005 2542 2058 in
2580 2019 2717 2075 pago
2746 2002 3054 2075 Nibelgewe
3079 2005 3250 2074 (797),
3278 2005 3332 2061 in
3372 2004 3508 2061 locis

1927 2096 2178 2152 Ritilincs
2203 2106 2260 2151 et
2287 2094 2620 2166 Wegesaza,
2639 2095 2942 2156 curtilihus.
2980 2097 3149 2166 agris,
3168 2096 3361 2167 pratis,
3384 2111 3508 2168 pas.

1924 2190 2064 2254 cuis,
2106 2189 2262 2260 aquis
2291 2203 2666 2259 aquarumque
2695 2186 3035 2253 decursibus,
3068 2188 3227 2244 cultis
3253 2197 3310 2243 et
3337 2187 3508 2244 incul-

1929 2281 2021 2346 tis,
2059 2281 2222 2336 itibus
2251 2291 2306 2335 et
2337 2279 2622 2342 reditibus,
2651 2286 2707 2334 et
2736 2279 2790 2334 in
2822 2278 2956 2333 silva
2987 2279 3226 2335 Arinaue
3255 2294 3319 2334 ex
3353 2290 3508 2350 parte

1927 2371 2030 2426 mei
2057 2372 2266 2442 pradii,
2292 2379 2552 2442 quantum
2583 2369 2669 2425 his
2691 2371 2834 2424 areis
2864 2371 2916 2424 ιιι
2941 2370 3211 2441 prtedictis
3235 2369 3369 2427 locis
3396 2371 3506 2426 su!-

1926 2462 2074 2518 liciat
2120 2462 2186 2516 ad
2235 2460 2612 2516 :edilicandutu
2667 2469 2721 2515 et
2766 2460 2906 2532 ligna
2954 2461 3334 2526 inciJeudutn,
3385 2476 3507 2515 cum

1925 2557 2172 2627 pascuis,
2212 2555 2373 2611 itibus
2401 2565 2456 2610 et
2481 2553 2738 2620 exitibus,
2771 2569 2894 2608 cum
2932 2569 3094 2608 manu
3142 2555 3325 2609 uxoris
3369 2569 3505 2608 mete

1923 2647 2424 2720 lrmiugardzn,sine
2445 2646 2590 2701 omni
2614 2646 3065 2710 contradictione,
3081 2647 3190 2701 Deo
3208 2655 3263 2701 et
3285 2647 3342 2702 S.
3365 2646 3506 2702 Gre-

1924 2738 2076 2808 gorio
2103 2737 2160 2792 iu
2206 2737 2325 2792 loco
2365 2736 2456 2806 qui
2499 2735 2700 2792 dicitur
2737 2734 3084 2801 Petershusa,
3130 2744 3186 2790 et
3228 2735 3508 2791 moliar-his

1923 2831 2036 2886 Deo
2061 2830 2170 2885 illic
2190 2829 2552 2885 servientibus
2577 2828 2895 2898 potestativa
2921 2844 3082 2882 manu
3113 2829 3330 2884 tradidi.
3361 2827 3508 2884 Prm-

1925 2930 2075 2978 terca
2110 2928 2294 2975 notum
2344 2934 2464 2974 esse
2495 2919 2774 2983 desidero,
2806 2918 2950 2988 quod
3001 2917 3346 2989 Eberhardus
3391 2919 3507 2988 cpi-

1925 3026 2122 3081 scapus
2151 3024 2276 3064 cum
2308 3023 2470 3062 manu
2503 3006 2735 3062 Folmari
2768 3005 3008 3075 ejusdem
3043 3005 3150 3060 loci
3181 3006 3413 3070 abbatis,
3445 3014 3500 3061 et

1925 3099 2254 3156 lleremanni
2283 3099 2554 3161 advocati,
2597 3097 3116 3167 idipsumpmdiutn
3167 3097 3218 3150 in
3266 3096 3506 3165 przel'atis

303 3176 645 3234 Waltharius
685 3157 851 3252 ’(794)
905 3181 1074 3235 abbas
1121 3181 1360 3237 secundo
1415 3196 1557 3237 anno
1604 3183 1813 3253 imperii
1843 3197 1888 3260 ς
1921 3190 2051 3246 locis
2093 3189 2393 3244 Rictelines
2429 3197 2485 3243 et
2527 3157 2829 3258 Wegesaza
2858 3157 3219 3255 susceperunt
3250 3157 3420 3256 (793),
3449 3194 3506 3241 et

232 3269 474 3326 Heinrici
513 3273 656 3342 regis
698 3275 986 3343 acquisivit
1015 3275 1342 3329 monasterio
1385 3274 1640 3344 praedium
1676 3277 1817 3348 apud

233 3363 458 3434 Campis
487 3374 541 3420 et
575 3366 805 3431 Essauc,
835 3375 888 3422 et
918 3366 1225 3434 Quarabilis
1254 3381 1352 3436 per
1381 3367 1754 3422 coucambium
1787 3383 1820 3423 a

233 3457 469 3521 quodam
500 3455 844 3521 Burchardo,
886 3458 971 3511 cui
1003 3458 1189 3512 datum
1221 3465 1303 3512 est
1346 3457 1399 3512 in
1435 3465 1621 3511 mutua
1659 3457 1817 3512 vicis-

232 3549 471 3604 situdine
507 3566 536 3601 a
572 3549 921 3614 monasterio,
955 3549 1099 3620 quod
1133 3548 1322 3603 habuit
1363 3547 1639 3618 proprium
1677 3547 1818 3618 apud

234 3639 472 3698 Burron.
501 3650 554 3693 et
583 3638 722 3708 apud
753 3638 946 3709 Berge,
978 3648 1032 3694 et
1063 3639 1205 3710 apud
1241 3639 1386 3693 aliud
1419 3637 1608 3709 Berge,
1647 3649 1701 3694 et
1724 3655 1819 3695 ec-

233 3730 460 3786 clesiam
491 3732 632 3800 apud
668 3731 935 3794 Lindinis,
985 3733 1124 3802 quod
1155 3732 1369 3802 quidem
1402 3733 1660 3802 praedium
1693 3734 1819 3803 qui-

235 3823 356 3875 dam
379 3822 668 3892 presbyter
689 3817 909 3877 nomine
933 3823 1184 3878 Diethere
1209 3839 1308 3893 per
1328 3831 1508 3892 partes
1534 3824 1822 3892 acquisivit

235 3911 576 3980 temporibus
600 3910 818 3968 Ottonis
862 3913 1222 3983 imperatoris.
1270 3913 1446 3982 Super
1487 3914 1630 3981 quod
1667 3913 1819 3984 plura

235 4001 456 4069 quidem
491 4001 775 4070 privilegia
809 4001 1094 4066 habentur,
1138 4003 1232 4058 sed
1265 4003 1336 4057 ita
1367 4016 1475 4056 non
1509 4012 1633 4056 sunt
1667 4003 1822 4058 dicti-

237 4101 371 4155 taza,
402 4101 549 4146 utea
587 4092 674 4146 hic
704 4092 943 4147 inserere
969 4093 1190 4150 velimus

308 4249 462 4319 (795)
503 4250 558 4304 In
604 4249 779 4305 Gallia
824 4248 1131 4304 Christiana
1163 4247 1538 4304 Erlemboldus
1573 4258 1820 4313 vocatur,

236 4320 496 4374 Bucelino
527 4321 875 4385 Elenboldus,
905 4320 1059 4390 cujus
1086 4330 1325 4390 tempora
1365 4330 1419 4374 et
1457 4329 1574 4374 acta
1616 4320 1820 4374 incerta

237 4402 384 4445 sunt.

309 4462 460 4532 (794)
488 4460 589 4514 Hic
614 4461 666 4513 in
693 4459 866 4532 Gallia
887 4459 1088 4532 Christ.
1123 4476 1187 4514 ex
1212 4459 1475 4514 monacho
1497 4458 1818 4514 Einsidlensi

239 4530 330 4600 an.
366 4531 497 4585 10%|
539 4532 709 4585 abbas
762 4530 935 4584 factus
969 4531 1184 4595 dicitur,
1225 4544 1507 4600 perperam
1545 4540 1746 4600 tamen,
1773 4532 1817 4584 si

232 4599 344 4667 jam
391 4601 609 4656 llenrici
654 4602 866 4670 imperii
938 4616 1088 4670 anno
1124 4599 1360 4670 secundo
1407 4614 1500 4670 seu
1545 4599 1682 4655 ltll6
1729 4601 1816 4654 hic

241 4683 538 4726 memorata
577 4672 696 4726 loca
731 4668 1047 4739 acquisivit,
1080 4669 1131 4723 in
1164 4669 1366 4723 libastia
1400 4668 1646 4724 Curiensi
1687 4671 1812 4735 sita,

241 4739 456 4810 Campis
485 4758 582 4798 seu
612 4741 811 4804 Gams;
857 4739 1059 4794 Essauc
1087 4755 1179 4794 seu
1217 4740 1458 4804 Escheu;
1508 4739 1816 4806 Quarabilis

242 4826 332 4868 seu
373 4809 580 4875 Grabs;
630 4821 688 4867 et
734 4811 995 4876 Lindiuis,
1039 4809 1094 4865 id
1137 4820 1220 4866 est
1264 4810 1428 4864 Lieuz
1474 4810 1722 4880 superior
1761 4819 1817 4864 et

213 4903 217 4905 ·
243 4880 479 4936 inferior.
519 4881 642 4936 Vid.
675 4881 794 4934 Lew
823 4881 925 4934 (ex.

311 4953 457 5022 (795)
519 4954 594 5007 De
646 4951 912 5005 ambobus
973 4949 1055 5005 his
1100 4950 1382 5006 abbatibus
1431 4951 1634 5019 pariter
1680 4950 1814 5005 nihil

243 5025 377 5092 apud
406 5023 543 5077 alios
568 5023 670 5077 nisi
702 5023 938 5076 nomina.

242 5089 881 5166 »'(?96).Lrgitttr_li:ec
933 5091 1121 5146 cltarta
1178 5093 1318 5166 apud
1374 5091 1571 5163 Lunig.
1624 5089 1811 5162 SpiCIi.

247 5162 514 5233 eccles.'p.
545 5179 627 5226 ιιι,
661 5180 712 5232 p.
741 5162 867 5215 402.

250 5230 738 5306 ___('797)'Necduut
768 5232 923 5306 satis
962 5231 1347 5305 determinatus
1387 5244 1471 5288 cst;
1513 5233 1647 5288 situs
1693 5230 1815 5306 pagi

1924 3280 2331 3352 quatuordeeim
2362 3295 2581 3335 mansus
2613 3280 2664 3334 iu
2695 3278 2814 3334 loco
2844 3278 3088 3334 Eichstat
3113 3277 3260 3350 (799)
3293 3279 3422 3332 mihi
3451 3286 3509 3333 et

1924 3373 2082 3429 uxori
2104 3388 2238 3428 mea:
2267 3386 2437 3442 usque
2463 3371 2526 3425 ad
2553 3369 2762 3426 obitum
2789 3370 2913 3425 vitae
2936 3378 3138 3424 nostra:
3169 3369 3221 3422 in
3244 3367 3506 3424 beneﬁcio

1927 3461 2170 3518 tradidit.

2002 3573 2019 3607 ι
2051 3555 2184 3608 Acta
2232 3561 2361 3608 sunt
2406 3561 2590 3606 autem
2617 3552 2734 3608 lucc
2760 3565 2905 3606 anno
2928 3549 3220 3606 Domiuira:
3253 3549 3507 3606 incarna-

1925 3644 2086 3698 tionis
2117 3657 2314 3706 Ixuu,
2345 3642 2637 3698 indictione
2665 3658 2746 3706 XI,
2776 3641 2983 3711 epactis
3012 3651 3240 3710 septem,
3271 3655 3504 3696 concur-

1921 3735 2166 3791 rentibus
2196 3734 2458 3804 quiuque,
2491 3750 2578 3787 xvi
2607 3732 2727 3788 Kal.
2757 3733 2908 3798 Julii,
2934 3733 3055 3787 luna
3083 3749 3114 3786 v
3149 3732 3333 3802 329,
3367 3749 3504 3802 pne-

1921 3825 2164 3882 sentibus
2195 3825 2278 3879 his
2328 3824 2591 3878 testibus:
2629 3823 2913 3880 Udalricus
2963 3823 3305 3890 Brigantinus
3333 3821 3506 3892 (800),

1924 3914 2180 3979 Switker,
2227 3913 2436 3978 Wezel,
2483 3913 2747 3986 Swigger,
2800 3913 3014 3978 Ernest,
3057 3913 3264 3974 (ierolt,
3304 3911 3503 3981 Rnger,

1925 4005 2178 4069 Landolt,
2203 4002 2397 4073 Otgoz,
2422 4003 2703 4073 Lutpreht,
2736 4003 3033 4072 Sigipreth,
3062 4002 3297 4064 llartuit,
3324 4002 3507 4072 Eligil-

1923 4097 2124 4161 scalch,
2151 4095 2358 4160 Euceli,
2389 4091 2942 4164 Simprebt,'llunolt,
2976 4093 3146 4163 Eppo,
3178 4093 3317 4158 Ello,
3346 4094 3507 4149 Albe-

1927 4251 1978 4303 in
2005 4247 2136 4304 Cod.
2163 4246 2294 4316 dipl.
2337 4245 2514 4301 Alcm.
2543 4256 2674 4310 vet.,
2705 4247 2755 4300 in
2806 4247 2948 4300 notis
2986 4246 3052 4300 ad
3090 4245 3335 4316 chartam
3377 4261 3505 4312 ιιγ,

1925 4320 2073 4398 illum
2120 4314 2266 4372 circa
2311 4319 2589 4398 civitatem
2633 4314 3310 4398 iittperialetti_leutkirch
3361 4332 3509 4398 quaa-

1925 4387 2151 4444 reudunt
2175 4403 2293 4442 esse
2318 4388 2618 4450 existimat,
2650 4386 2724 4441 uti
2759 4389 2874 4443 loca
2907 4386 3145 4442 subinde
3166 4388 3416 4453 adjuncta
3447 4387 3505 4443 in

1926 4459 2131 4514 chartis
2185 4457 2663 4512 Sau-Galleusibus
2719 4460 3125 4520 demonstrent,
3193 4473 3506 4526 quanquam

1923 4533 2057 4584 urbs
2098 4529 2198 4583 ista
2242 4529 2375 4583 alias
2424 4545 2560 4599 pagu
2608 4529 2845 4597 Algovite
2891 4537 3299 4599 amaumeretur.
3351 4529 3505 4597 cujus

1925 4602 2063 4653 forte
2103 4613 2226 4667 pars
2251 4611 2371 4653 erat
2399 4597 2576 4652 minor
2601 4615 2783 4669 pagus
2814 4598 3128 4668 Nihilg‘cwe.
3155 4597 3320 4669 Certe
3348 4599 3496 4669 enim

1926 4670 1978 4724 iu
2007 4665 2194 4740 charta
2224 4670 2390 4732 iul'ra,
2412 4669 2562 4740 Litt,
2591 4665 2732 4740 ςιῐ,
2760 4670 2928 4740 insula
2959 4665 3122 4740 [totse
3155 4665 3504 4740 Petershusio

1927 4739 2208 4809 donatajn
2253 4754 2390 4808 pago
2433 4737 2766 4809 Nihilgouwe
2795 4739 2896 4793 sita
2927 4737 3282 4809 dicitttr,‘qui
3321 4750 3503 4809 tamen

1924 4808 2073 4864 locus
2119 4806 2654 4863 Reus—ee—notatur'iu
2685 4809 2869 4862 Rurali
2901 4808 3137 4876 capitulo
3166 4806 3413 4876 Isnensi,_
3435 4808 3504 4862 ad

1923 4879 2063 4950 quod
2097 4880 2302 4950 pariter
2327 4888 2538 4950 spectat
2580 4881 2833 4950 Oppidum
2879 4874 3190 4950 Leutkireh.
3232 4874 3508 4950 Besselius

1925 4943 2014 5004 liit:
2038 4966 2066 5002 a
2095 4943 2321 5020 Luuigio
2349 4943 2723 5018 deceptus-pro
2747 4948 2944 5020 Rutsee
2962 4947 3099 5020 legit
3125 4947 3315 5020 ltetlie,
3344 4943 3506 5014 idque
3580 4966 3583 4968 ·

1926 5034 2118 5073 nomen
2155 5015 2353 5074 ex'suo
2387 5015 2680 5092 sysicmaie
2732 5021 2789 5092 in_
2829 5015 3222 5092 Bottisfprope
3250 5015 3514 5072 Mouttort

1923 5092 2148 5159 qmerit;
2211 5092 2304 5144 sed
2351 5087 2609 5144 constans
2651 5097 2733 5142 est
2777 5087 2935 5159 lectio
2993 5087 3161 5142 Rotse
3213 5087 3264 5138 in
3321 5097 3513 5159 nostro

1927 5156 2130 5222 uindice,
2163 5162 2246 5212 cui
2278 5161 2440 5212 etiam
2477 5159 2665 5214 insulae
2688 5156 2976 5227 appellatio
3009 5162 3202 5215 melius
3229 5158 3507 5225 Competit.

1929 5229 2043 5283 \‘iil.
2072 5228 2312 5306 liul‘raLl.
2337 5245 2396 5306 γ’,
2431 5227 2457 5299 §
2489 5229 2542 5282 ὅ.
2577 5229 2752 5306 Prope
2778 5228 2998 5306 Rottsee
3034 5241 3091 5284 et
3126 5227 3348 5306 paruach
3378 5229 3515 5306 situs
