3970 5406
620 400 718 461 351

1367 404 1706 461 APPENDIX
1751 409 1841 463 AD
1880 405 2274 464 CIIRONICON
2317 404 2676 463 IIERMANNI
2716 407 3130 466 CONTRACTI.
3765 412 3846 470 53!

620 516 786 591 33¢
819 518 1151 589 temporibus
1195 516 1526 576 Theo-dorici
1582 521 1797 577 abbatis
1827 521 2211 577 venerabiliter
2239 527 2289 586 Α
2317 533 2484 587 usque
2518 519 2570 572 in
2603 518 2787 586 linem,
2814 529 2871 573 ut
2897 521 3190 584 credimus,
3253 523 3431 576 navim
3482 521 3573 576 Dei
3625 522 3844 584 inundans

622 611 782 666 valde
811 611 864 666 in
911 614 1100 667 eodem
1151 615 1483 669 monasterio
1529 626 1882 672 conversatus
1911 624 1996 671 est
2040 632 2211 687 usque

617 703 688 757 ad
709 703 916 758 obitum
938 719 1122 768 suum,
1144 706 1298 774 prius
1324 705 1376 758 in
1403 705 1752 760 harbatorum
1785 706 1994 772 habitu,
2014 707 2209 762 deinde

619 794 674 849 in
708 795 1116 850 monachorum.

887 887 916 961 §
950 887 1137 943 XXIII.
1187 888 1260 944 De
1289 888 1536 945 Ileinrico
1569 908 1686 963 rege
1712 904 1918 963 quarto.

691 981 848 1036 Anno
874 983 942 1036 ab
966 981 1343 1037 incarnatione
1372 983 1582 1037 Domini
1617 999 1764 1039 uLvn
1797 981 1973 1056 [am]
1997 983 2208 1038 llciuri-

623 1087 720 1126 cus
755 1071 946 1127 tertius
988 1072 1283 1142 imperator
1317 1071 1469 1136 obiit,
1498 1081 1552 1126 et
1584 1072 1724 1129 lilius
1770 1071 1886 1142 ejus
1919 1074 2210 1130 Ileinricus

620 1170 852 1232 quartus
902 1162 1169 1218 successit
1220 1163 1399 1218 adhuc
1461 1179 1617 1234 puer,
1674 1181 1942 1219 annorum
2002 1165 2208 1220 scilicet

621 1268 816 1308 novem
863 1252 1040 1324 (838),
1079 1253 1174 1323 qui
1211 1269 1310 1325 per
1351 1255 1711 1325 quadraginta
1761 1264 1818 1311 et
1869 1264 1993 1310 octo
2036 1271 2209 1311 annos

619 1344 776 1414 quasi
809 1344 928 1399 titio
966 1343 1237 1416 fumigans
1263 1346 1453 1400 oculos
1477 1345 1715 1400 ﬁdelium
1745 1346 2064 1403 terebravit.
2118 1346 2210 1400 Et-

625 1436 769 1490 enim
786 1434 1158 1491 felicissimum
1183 1435 1483 1492 Romanum
1511 1437 1795 1508 imperium
1825 1454 1947 1494 cum
1968 1439 2210 1508 accepis-

619 1540 704 1582 set
729 1529 1165 1594 serenissimum,
1195 1546 1291 1600 per
1315 1530 1496 1585 omnia
1547 1531 1784 1586 reddidit
1836 1532 2206 1602 turpissimum

619 1630 672 1672 et
699 1621 1138 1676 turbulentum...
1169 1621 1224 1676 In
1255 1631 1462 1677 tantam
1493 1631 1676 1678 autem
1710 1623 1991 1678 vesaniam
2016 1639 2206 1693 prorn-

618 1716 845 1782 pitnt...
879 1716 1060 1770 omnia
1090 1714 1464 1771 ecclesiastica
1513 1714 1686 1770 ollicia
1733 1715 2029 1771 simoniace
2075 1731 2206 1771 ven-

618 1807 794 1872 deret,
822 1814 876 1862 et
899 1821 1253 1876 quoscunque
1282 1806 1562 1877 religiosos
1578 1812 1863 1878 episcopos
1885 1824 1982 1863 sua
1998 1809 2204 1864 scelera

2319 621 2374 667 et
2403 612 2622 684 pulsare
2653 628 2761 668 non
2788 614 3054 669 desinit...

2971 705 2997 776 ς
3043 705 3229 762 xxw.

2385 797 2540 852 Anno
2593 813 2816 852 uuxvn
2873 797 3169 854 Iluodolfus
3227 801 3333 855 dux
3393 803 3681 859 Snevorum
3730 806 3845 876 (8H)

2309 883 2462 954 jussu
2494 887 2739 959 Gregorii
2769 906 2941 960 papae,
2969 885 3025 946 et
3073 892 3301 948 consilio
3323 892 3598 950 BerthoIdi
3629 897 3780 961 ducis,
3804 911 3846 954 et

2313 978 2578 1034 Well‘onis
2609 981 2976 1036 Baioariorum
3011 983 3186 1047 ducis,
3222 984 3558 1056 aliorumque
3609 993 3843 1060 quamplu-

2311 1069 2572 1123 rimorum
2610 1072 2999 1126 catholicorum
3025 1076 3076 1126 in
3108 1075 3227 1128 villa
3256 1073 3563 1132 Forichcim
3586 1096 3668 1134 rer
3692 1083 3848 1137 consti-

2313 1160 2512 1224 tuitur,
2543 1161 2635 1232 qui
2675 1163 2849 1216 tribus
2895 1171 2948 1218 et
2997 1163 3221 1220 dimidio
3264 1182 3408 1221 anno
3440 1184 3659 1238 regnum
3700 1182 3847 1227 contra

2311 1247 2624 1304 Ilcinricum
2669 1252 2862 1306 tenuit.
2894 1251 3134 1318 Initium,
3167 1253 3275 1309 imo
3310 1256 3692 1313 incrementum
3731 1263 3847 1314 dolo-

2309 1357 2429 1397 rum
2459 1343 2601 1409 hmc;
2633 1359 2757 1399 nam
2779 1333 2915 1401 inde
2946 1357 3134 1400 exorta
3160 1357 3288 1403 sunt
3313 1351 3500 1419 praelia
3527 1363 3582 1406 et
3601 1353 3849 1409 seditiones

2307 1441 2364 1487 et
2388 1433 2571 1488 multa:
2599 1435 2885 1506 sanguinis
2913 1434 3226 1505 effusiones,
3273 1438 3324 1495 et
3353 1442 3499 1513 quod
3530 1453 3609 1498 est
3638 1444 3845 1509 deterius,

2308 1521 2601 1578 multarum
2631 1526 2937 1581 animarum
2973 1529 3327 1597 perditiones.

2961 1617 2988 1690 §
3031 1617 3245 1676 xxvn.

2376 1706 2534 1762 Anno
2564 1723 2746 1762 ucxxx
2791 1707 3078 1766 Heinricus
3126 1729 3217 1768 rex
3259 1715 3739 1774 anathematizatus
3769 1715 3850 1774 Ro.

2309 1811 2592 1851 mamcum
2618 1814 2814 1869 magno
2830 1801 2930 1854 sibi
2955 1800 3170 1857 favente
3197 1807 3439 1861 exercitu
3469 1807 3851 1880 tendit,eauique

616 1909 972 1953 exsecrantes
1004 1900 1250 1961 resciret,
1283 1916 1378 1954 eos
1409 1901 1647 1970 propriis
1695 1902 1917 1956 sedibus
1948 1901 2201 1971 privavit,

2309 1886 2411 1942 sibi
2442 1904 2546 1944 non
2578 1889 2849 1946 immerito
2896 1905 3285 1964 repugnantem
3332 1898 3586 1965 obsedit,
3621 1901 3850 1970 armisque

614 2000 669 2046 et
703 1992 817 2060 ipse
845 1991 982 2044 alios
1015 1991 1128 2045 suis
1157 1990 1378 2062 ﬂagitiis
1405 1992 1648 2048 faventes
1673 1994 1919 2048 ecclesiis
1945 1993 2200 2065 prmtulit,

614 2095 670 2136 et
700 2083 882 2137 omnia
917 2092 1026 2136 tam
1053 2082 1426 2138 ceclesiastica
1443 2099 1605 2153 quam
1629 2084 1908 2139 saecularia
1924 2084 2050 2155 jura
2072 2099 2204 2140 cou-

616 2174 772 2228 l'udit.
792 2173 1206 2228 Perveniteuim
1238 2183 1367 2228 tunc
1389 2189 1554 2244 super
1577 2174 1878 2229 Romanum
1913 2175 2200 2245 imperium

614 2267 703 2322 illa
733 2267 1062 2333 maledictio,
1099 2283 1222 2339 qua:
1247 2283 1280 2322 a
1299 2267 1594 2323 Salomone
1620 2267 1935 2339 praescripta
1963 2267 2160 2339 legitur
2185 2282 2199 2322 :

621 2361 716 2418 Va:
759 2372 936 2429 terrae,
988 2361 1145 2432 cujus
1194 2377 1286 2416 rex
1335 2377 1467 2432 puer
1509 2370 1584 2415 est
1640 2360 1840 2432 (Eccle.
1903 2361 1989 2431 x);
2041 2369 2096 2416 et
2149 2359 2202 2414 in

611 2456 757 2512 Job:
793 2455 898 2523 Qui
935 2472 1154 2526 regnare
1177 2455 1303 2524 facit
1349 2454 1613 2510 hominem
1639 2454 1966 2525 hypocritam
1993 2461 2206 2524 prapter

609 2560 827 2620 peccata
850 2547 1033 2620 populi
1065 2547 1188 2621 (Job
1227 2551 1434 2617 xxxrv).

1275 2639 1304 2712 ς
1347 2637 1537 2692 xxrv.

682 2731 847 2786 Auno
898 2745 1066 2785 ucxrx
1117 2729 1416 2784 Rumaldus
1453 2725 1890 2782 Constantiensis
1919 2726 2229 2798 episcopus

603 2823 768 2888 obiit,
800 2831 858 2878 et
880 2821 1106 2878 Carolus
1127 2819 1513 2893 (839)quidam
1540 2834 1637 2890 per
1665 2819 1965 2875 Simoniam
1990 2835 2018 2873 a
2046 2818 2205 2873 llein-

614 2916 728 2970 rico
749 2929 875 2983 rege
901 2914 1078 2970 eidem
1108 2912 1370 2968 Ecclesia:
1395 2912 1447 2966 in
1473 2911 1787 2982 episcopum
1814 2910 2200 2977 transmissus;

612 3005 708 3062 sed
737 3005 790 3061 in
817 3005 932 3077 jam
977 3003 1122 3060 dicta
1159 3003 1352 3058 hmresi
1400 3002 1785 3074 deprehensus,
1817 2989 1850 3056 la
1877 3002 2026 3057 clero
2059 3002 2203 3056 Con-

606 3086 902 3154 stantiensi
929 3094 1194 3151 refutatus
1219 3096 1273 3153 in
1300 3095 1589 3166 praesentia
1616 3095 1780 3166 regis,
1808 3095 1925 3163 ipso
1954 3093 2205 3164 quamvis

612 3187 844 3262 nimium
869 3186 1103 3252 furente,
1131 3187 1454 3256 reprobatus
1483 3195 1586 3242 est.
1613 3184 1766 3240 Tune
1792 3202 1887 3240 rex
1919 3185 2200 3240 iracundia

2307 1978 2448 2047 cepit
2482 1979 2654 2049 (842),
2685 1981 3005 2053 Gregorium
3035 2001 3227 2055 papam
3263 1989 3390 2043 sede
3437 1993 3724 2061 apostolica
3764 1992 3852 2062 pul-

2305 2079 2428 2121 sum
2480 2068 2534 2122 iu
2582 2070 2834 2126 exsilium
2881 2075 3016 2128 satis
3050 2075 3214 2146 impie
3259 2078 3450 2145 trusit,
3496 2090 3555 2136 et
3598 2080 3851 2152 Wipertuia

2306 2159 2679 2217 Ravennatem
2722 2164 3193 2238 archiepiscopum
3217 2210 3232 2236 ,
3279 2171 3348 2226 ob
3399 2171 3610 2228 scelera
3643 2189 3731 2228 sua
3764 2173 3849 2242 jam

2305 2257 2592 2324 septentrio
2640 2260 3171 2316 excommunicatum
3201 2262 3384 2335 (843),
3438 2266 3735 2337 apostolica:
3766 2269 3852 2322 sedi

2305 2345 2582 2416 imposuit,
2607 2356 2662 2404 et
2688 2349 2757 2404 ab
2784 2365 2848 2406 eo
2870 2367 3130 2408 coronam
3154 2354 3363 2426 imperii
3388 2357 3492 2412 sibi
3519 2359 3712 2430 imponi
3732 2357 3847 2414 fecit.

2309 2441 2410 2497 Hic
2476 2444 2900 2513 nelaudissimus
2958 2446 3321 2504 haeresiarcha
3370 2461 3619 2506 sanctam
3667 2463 3850 2506 matrem

2305 2533 2603 2592 Ecclesiam
2630 2536 2904 2592 infestavit
2921 2539 3205 2610 plusquam
3225 2543 3412 2598 decem
3435 2552 3491 2598 et
3513 2559 3698 2600 novem
3712 2545 3850 2598 anuis.

2306 2625 2439 2707 Erat
2467 2635 2645 2682 tamen
2689 2629 2885 2684 litteris
2925 2633 3171 2701 apprime
3198 2635 3442 2691 eruditus
3463 2676 3480 2702 ,
3525 2646 3582 2691 et
3611 2637 3770 2708 lingua
3794 2636 3854 2688 la-

2306 2717 2692 2785 cundissimus,
2724 2729 2780 2776 et
2803 2721 2849 2776 si
2874 2720 3069 2792 justus,
3100 2724 3226 2780 huic
3249 2723 3424 2782 cilicio
3449 2728 3590 2783 satis
3618 2737 3747 2785 esset
3767 2727 3854 2783 ido-

2307 2825 2460 2866 neus.

2951 2904 2980 2980 ς
3019 2905 3254 2964 xxvm.

2378 2993 2513 3050 Cum
2561 2995 2728 3066 igitur
2770 2994 3058 3052 Heinricus
3095 3013 3187 3053 rex
3219 2998 3592 3056 ecclesiastica
3617 3001 3789 3066 ollicia,
3812 3010 3854 3052 ut

2306 3084 2563 3152 diximus,
2617 3101 2874 3156 perverse
2904 3095 3192 3155 tractaret,
3241 3101 3295 3145 et
3333 3089 3448 3159 jam
3485 3089 3854 3161 divinojudicio

2309 3175 2566 3229 contritio
2591 3184 2647 3230 et
2679 3175 2968 3232 infelicitas
2998 3178 3099 3233 viis
3126 3177 3240 3247 ejus
3265 3182 3685 3253 propinquaret,
3726 3183 3855 3252 ('thit

608 3255 897 3348 permotus
931 3278 1052 3333 ait:
1105 3252 1368 3344 Quoniam
1409 3277 1657 3332 idoneum
1701 3285 2022 3346 spreverunt,
2061 3277 2202 3330 acci-
2228 3252 2272 3315 ο
2304 3267 2445 3322 Viam
2490 3269 2638 3338 PaCiS
2684 3271 3000 3340 ρυνιιινὺτπθ
3025 3311 3039 3337 ,
3099 3280 3154 3326 οι
3203 3287 3304 3328 nec
3347 3273 3442 3330 Dei
3493 3278 3734 3331 timorem
3771 3288 3856 3344 pr-B

612 3370 758 3439 piant
789 3369 1068 3440 ignavum;
1123 3377 1179 3423 et
1235 3379 1362 3422 tunc
1399 3367 1655 3422 Ottonem
1693 3365 1983 3436 quemdam
2030 3365 2203 3430 Saxo;

608 3478 737 3515 item
767 3474 969 3532 genere
993 3460 1141 3516 dedit
1169 3459 1250 3514 eis
1273 3459 1611 3530 episcopum.

1283 3551 1318 3625 ,ς
1361 3551 1529 3608 xxv.

683 3652 841 3706 Anno
868 3665 1049 3706 IIL'XXV
1065 3664 1192 3705 cum
1226 3663 1318 3702 rex
1355 3645 1644 3702 Heinricus
1672 3659 1768 3716 per
1797 3645 1982 3701 omnia
2017 3654 2203 3718 tyran-

609 3745 734 3799 nice
780 3743 1010 3810 viveret,
1063 3751 1120 3799 et
1150 3757 1250 3797 nec
1277 3741 1445 3796 Deum
1479 3755 1581 3796 nec
1613 3740 1864 3796 homines
1891 3751 2198 3806 vereretur,

609 3846 666 3890 et
692 3836 1048 3892 investituras
1077 3833 1458 3904 episcoporum
1498 3839 1556 3885 et
1613 3831 1871 3886 abbatum
1929 3846 2027 3900 pro
2065 3831 2202 3887 velle

596 3919 711 3982 suo
736 3925 1116 3989 distribueret,
1139 3933 1193 3978 et
1220 3939 1342 3978 cum
1369 3938 1468 3994 pro
1499 3922 1603 3978 hoc
1627 3936 1772 3994 sazpe
1798 3939 1827 3977 a
1857 3921 2203 3992 IegatisGre—

610 4023 750 4094 gorii
797 4038 948 4094 papae
1002 4019 1315 4075 admonitus
1356 4026 1522 4082 esset,
1566 4030 1667 4072 nec
1693 4017 1989 4074 emendare
2016 4015 2196 4082 vellet,

605 4114 720 4185 iam
755 4115 932 4170 dictus
981 4127 1118 4183 papa
1170 4109 1490 4181 Gregorius,
1562 4107 1655 4178 qui
1704 4117 1760 4162 et
1802 4106 2197 4170 Hiltibrandus,

607 4215 938 4276 congregata
991 4203 1199 4275 synodo
1232 4199 1380 4270 (840)
1422 4198 1918 4256 excommunicavit
1966 4213 2112 4264 eum,
2146 4205 2202 4253 et

595 4294 800 4362 joumes
815 4293 976 4366 335
1001 4308 1264 4363 sequaces
1278 4292 1417 4360 ejus,
1436 4300 1494 4346 et
1510 4289 1727 4361 iuratos
1748 4291 1822 4346 illi
1847 4299 2014 4360 atque
2030 4289 2200 4346 finde-

609 4393 760 4442 ratos
791 4383 1044 4448 absolvit,
1089 4392 1145 4437 et
1190 4380 1521 4436 abalienavit
1549 4394 1643 4436 eos
1672 4381 1742 4435 ab
1789 4380 1904 4447 illo,
1947 4390 2003 4436 et
2031 4381 2202 4436 inter-

607 4475 744 4531 dixit
772 4487 843 4529 ne
893 4471 1091 4542 aliquis
1139 4469 1208 4525 ab
1256 4485 1322 4525 eo
1360 4468 1797 4526 ecclesiaSticum
1841 4469 2079 4525 ollicium
2111 4468 2196 4525 vel

607 4567 989 4625 Investituram
1018 4565 1350 4635 susciperet;
1404 4563 1628 4634 insuper
1679 4563 1894 4619 clericis
1941 4563 2193 4635 conjugia

601 4637 709 4718 sub
749 4657 1116 4714 anathematis
1163 4655 1386 4710 vinculo
1438 4654 1742 4710 interdixit.
1775 4653 1890 4711 Hac
1940 4655 2006 4710 de
2030 4670 2192 4711 causa

605 4761 754 4809 tanta
781 4747 1017 4822 procella
1071 4745 1371 4803 Ecclesiam
1421 4744 1657 4817 impulit,
1712 4761 1834 4816 quae
1883 4746 2198 4801 innumeros

599 4843 890 4908 subvertit,
922 4852 979 4898 et
1030 4841 1295 4896 hactenus
1345 4839 1530 4910 usque
1572 4838 1626 4892 in
1651 4853 1917 4909 praesens,
1960 4837 2056 4894 sed
2087 4852 2190 4892 nec

2228 4613 2278 4675 D

2302 3359 2474 3414 oculis
2500 3359 2720 3428 habere,
2747 3376 2847 3416 nec
2873 3362 3208 3431 hominibus,
3232 3379 3353 3435 quae
3372 3365 3523 3436 justa
3549 3376 3718 3433 erant,
3737 3365 3855 3420 exhi-

2303 3451 2455 3506 bere.
2505 3453 2573 3508 Et
2617 3461 2676 3507 ut
2726 3469 2898 3524 pauca
2947 3455 3014 3511 de
3063 3457 3248 3514 multis
3293 3459 3492 3526 dicam,
3540 3461 3719 3517 Ottoni
3755 3459 3851 3513 duci

2302 3541 2674 3600 Baioariorum
2703 3546 2964 3602 ducatum
2995 3547 3250 3614 abstulit,
3284 3558 3340 3604 et
3369 3548 3610 3607 Well‘oui
3639 3554 3701 3606 de
3723 3550 3853 3606 Ravi-

2303 3635 2560 3692 nisburch
2585 3637 2734 3710 (844)
2756 3636 2921 3710 336
2933 3639 3173 3694 tradidit.
3195 3640 3489 3697 Bertoll'um
3515 3643 3660 3714 (845)
3681 3652 3856 3712 quoque

2302 3728 2368 3782 de
2403 3726 2661 3798 Zaringin
2701 3730 2902 3784 ducatu
2933 3730 3335 3788 Cariuthiorum
3366 3735 3630 3806 privavit,
3671 3744 3721 3791 et
3756 3733 3855 3789 Lui-

2304 3819 2446 3876 toldo
2474 3820 2744 3878 Geuueusi
2771 3823 2919 3896 (846)
2949 3825 3117 3881 dedit.
3145 3825 3227 3880 Ad
3254 3826 3369 3882 haec
3394 3844 3518 3883 cum
3565 3830 3618 3886 in
3655 3827 3852 3885 Saxonia

2306 3928 2451 3984 saipe
2482 3930 2811 3984 moraretur,
2838 3932 2904 3972 eo
2932 3919 3073 3989 quod
3105 3919 3216 3990 ipsa
3241 3921 3517 3991 provincia
3549 3920 3855 3994 imperatoris

2302 4005 2533 4073 coquina
2577 4019 2697 4060 esse
2740 4007 3076 4077 perhibetur,
3109 4013 3276 4082 cmpit
3307 4022 3414 4067 tam
3447 4014 3700 4085 conjuges
3724 4024 3853 4082 quam

2303 4095 2442 4153 ﬁlias
2471 4099 2775 4169 principum
2809 4113 3166 4174 constuprare
3191 4114 3244 4160 et
3273 4107 3326 4161 in
3352 4105 3658 4176 hujusmodi
3689 4109 3856 4162 facino-

2301 4189 2454 4244 ribus
2479 4192 2696 4246 modum
2727 4209 2833 4249 non
2878 4195 3098 4253 habere.
3128 4196 3237 4254 llas
3286 4201 3614 4270 ignominias
3650 4203 3855 4258 Saxones

2303 4298 2412 4338 non
2453 4283 2691 4341 ferentes
2725 4288 2792 4341 ad
2818 4288 3188 4345 rebellandum
3226 4303 3352 4348 sunt
3385 4294 3596 4351 incitati
3623 4305 3674 4351 et
3695 4292 3855 4350 exinde

2303 4379 2487 4450 gravia
2517 4380 2703 4452 przelia
2729 4390 2788 4438 et
2815 4384 3111 4441 seditiones
3132 4396 3258 4442 sunt
3281 4389 3514 4459 experti.

2979 4475 3006 4549 ξ
3041 4476 3232 4533 χχιχ.

2373 4565 2460 4631 Ει,
2499 4574 2559 4621 ιιι
2587 4567 2655 4622 ad
2680 4569 2961 4640 superiora
2989 4581 3232 4642 tempora
3262 4588 3556 4645 parumper
3583 4573 3850 4632 redeamus.

2305 4671 2449 4712 anno
2477 4658 2870 4715 incarnationis
2905 4662 3194 4718 Dominicaa
3221 4681 3424 4721 ILXXIV
3465 4666 3613 4738 (847)
3633 4708 3647 4733 ,
3674 4662 3851 4720 Heinri-

2303 4765 2401 4805 cus
2425 4765 2520 4804 rex
2545 4761 2874 4823 congregato
2893 4756 3135 4810 exercitu
3167 4758 3462 4814 Saxouiam
3491 4761 3592 4816 sibi
3618 4757 3848 4816 rebellan-

2307 4855 2413 4902 tem
2439 4845 2713 4901 hostiliter
2736 4848 2979 4917 intravit,
3010 4861 3066 4905 et
3101 4853 3243 4922 apud
3274 4869 3443 4925 aquas
3474 4853 3723 4910 Unstruot
3749 4864 3848 4907 cum

2308 5063 2445 5088 I..._....
2513 5080 2574 5088 ρ...
2636 5065 2765 5088 ΙΛἾΩ
