3970 5406
555 252 662 311 335

1335 246 1674 306 APPENotx
1711 250 1800 302 AD
1835 247 2226 306 (31111οΝ1ίέοΝ
2266 247 2623 305 ΗΕΒΜΑΝΝΙ
2657 225 3064 308 (τομή-κλωπ.

3714 252 3816 312 336

553 373 877 442 transposita
907 377 1007 423 est.
1039 364 1094 422 In
1125 372 1226 420 hoc
1252 363 1393 419 bello
1414 364 1640 419 victoria
1668 361 1830 417 dubia
1859 361 1977 426 fuit,
2005 377 2138 430 quo-
2167 367 2212 424 Α
2242 368 2399 416 tenax
2423 362 2646 433 justitiaa
2679 364 2825 418 nullo
2855 365 3015 417 modo
3045 361 3252 418 deﬂecti
3283 364 3478 435 potuit,
3513 365 3619 420 nisi
3653 365 3737 421 ille
3757 370 3811 423 ab

550 466 698 521 niam
749 479 813 517 ex
863 470 1093 528 utraque
1139 469 1292 528 parte
1335 456 1585 526 fugerunt
1621 472 1633 508 :
1669 463 1907 509 attamen
1959 453 2138 508 Selavi

551 556 828 624 regionem
861 567 1016 604 suam
1049 549 1116 602 ab
1144 547 1427 601 invasione
1457 545 1734 598 Saxonum
1763 543 2134 598 defensarunt.

547 645 745 698 Actum
806 657 949 696 anno
991 639 1290 694 Dominiezc
1323 636 1713 691 incarnationis
1761 651 1963 701 mxxx,
2014 635 2139 690 ldus

547 731 822 791 Octobris.

1206 816 1234 890 ς
1279 815 1500 871 xxxv.

617 909 783 981 339
811 909 1018 963 Dehinc
1045 909 1294 978 sequenti
1328 922 1471 960 anno
1501 920 1754 975 proceres
1778 903 2057 959 Saxonum
2081 915 2135 958 et

546 1001 845 1057 Suevorum
884 1007 1252 1054 convenerant
1286 997 1362 1067 (in
1401 997 1540 1068 loco)
1574 997 1665 1066 qui
1706 1005 1934 1050 vocatur
1956 994 2132 1049 Obso-

546 1092 746 1157 nefurt,
771 1102 826 1146 et
855 1090 1242 1145 Ilerimannum
1275 1088 1676 1142 constituerunt
1698 1099 1904 1156 regem,
1935 1099 2132 1155 genere

543 1180 814 1240 Francum
847 1183 913 1237 de
943 1181 1235 1252 Gliebberg
1267 1180 1416 1250 (856)
1448 1179 1624 1233 virum
1657 1177 1916 1242 nobilem,
1964 1177 2121 1231 deco-

544 1293 689 1340 rum,
719 1284 998 1330 strenuum
1030 1280 1085 1325 et
1136 1272 1405 1335 idoneum,
1451 1284 1595 1324 anno
1646 1267 1918 1323 lncaruat.
1969 1265 2126 1320 Dom.

543 1380 743 1420 lexxt
779 1363 1132 1431 regnavitque
1159 1361 1316 1414 annis
1346 1370 1576 1428 septem.

1183 1449 1486 1522 §xxva

616 1547 745 1603 Post
786 1547 903 1602 lucc
931 1546 1037 1599 dux
1094 1543 1396 1599 Suevorum
1454 1541 1788 1607 Fridericus,
1831 1552 1884 1597 et
1938 1542 2121 1598 Cuono

541 1641 823 1698 Palatinus
849 1642 916 1696 de
946 1638 1254 1695 Foltiburelt
1291 1637 1439 1706 (857)
1463 1652 1586 1690 cum
1630 1637 1842 1692 caeteris
1883 1635 2120 1692 lleinrici

2198 452 2526 524 _impietate
2588 469 2683 507 sua
2739 453 3101 521 resipisceret.
3162 454 3238 508 Ae
3305 464 3585 525 propterea
3644 456 3813 526 prilstts

2241 542 2415 610 patria
2449 541 2734 597 Salernum
2767 543 2942 613 petiit,
2991 544 3173 613 ibique
3199 543 3346 615 (859)
3375 561 3510 616 syno
3533 546 3644 599 lum
3696 562 3812 602 con-

2239 633 2486 701 gregavit
2513 648 2578 688 ac
2619 633 2816 688 iterum
2846 643 3038 688 contra
3072 632 3377 703 Wipertum
3409 643 3464 688 et
3503 636 3807 690 lfeinricum

2237 716 2469 792 gladium
2496 721 3074 778 excommunicationis
3102 724 3336 786 exacuit,
3359 735 3408 778 et
3425 733 3618 778 contra
3639 741 3812 779 omnes

2235 811 2478 868 fautores
2508 819 2695 868 eorum
2722 823 2778 867 et
2823 815 3103 870 erroribus
3145 829 3333 870 eorum
3371 817 3808 883 consentientes;

2239 904 2454 975 excepit
2500 915 2680 961 autem
2729 906 2964 962 rusticos
3005 918 3062 962 et
3107 923 3305 978 pueros
3333 924 3396 964 ac
3444 909 3701 964 mulieres
3728 912 3810 980 qui

2239 1012 2339 1051 nec
2369 997 2538 1052 armis
2565 1013 2666 1054 nec
2693 998 2934 1054 consiliis
2959 1013 3053 1055 eos
3073 999 3349 1069 juvarent.

2306 1087 2360 1141 in
2404 1088 2592 1143 eadem
2632 1089 2856 1144 civitate
2894 1089 3000 1146 fine
3035 1092 3157 1145 vita:
3195 1100 3505 1161 praaveutus
3549 1093 3655 1149 hoc
3705 1110 3812 1149 me-

2233 1177 2464 1232 ntoriale
2492 1189 2620 1233 ante
2669 1179 2874 1234 obitum
2903 1197 3056 1236 suum
3101 1183 3301 1239 dixisse
3336 1194 3636 1239 narratur:
3677 1187 3810 1252 Quo-

2233 1269 2370 1320 niam
2389 1267 2628 1337 juslitias
2655 1269 2898 1335 dilexi,et
2921 1272 3170 1340 facientes
3187 1275 3638 1332 pravaricationes
3661 1278 3808 1344 odiri,

2230 1357 2346 1410 ideo
2381 1359 2579 1412 morior
2620 1359 2676 1414 in
2725 1360 2929 1417 exsilio.
2973 1361 3120 1419 Obiit
3149 1371 3330 1417 autem
3373 1379 3518 1418 anno
3545 1363 3808 1422 lncamat.

2230 1450 2383 1505 Dom.
2419 1466 2622 1505 uLxxxt
2653 1452 2825 1524 (860).
3842 1453 3847 1456 i

2300 1539 2418 1594 Rex
2480 1551 2660 1597 autem
2710 1542 3000 1601 Heinricus
3045 1547 3110 1600 de
3164 1544 3317 1600 Italia
3350 1546 3402 1600 in
3443 1547 3810 1604 'l‘lieutonieas

2227 1639 2410 1699 partes
2439 1633 2655 1688 rediens
2690 1633 2993 1692 Welfonem
3021 1637 3210 1693 ducem
3249 1637 3579 1695 Vindelicam
3631 1642 3810 1712 Augu-

541 1733 684 1804 regis
721 1730 1049 1786 satellitibus
1076 1729 1388 1798 congregati
1420 1728 1684 1797 quasdam
1715 1728 2043 1782 munitiones
2069 1729 2121 1782 in
2155 1723 2200 1784 Β
2227 1729 2366 1777 stam
2413 1723 2539 1779 odio
2595 1724 2834 1796 Sigifridi
2891 1728 3132 1800 episcopi
3187 1730 3524 1786 obsidentem
3582 1733 3807 1804 reperit,

539 1823 790 1878 Baioaria
821 1830 1100 1891 ceperunt,
1155 1830 1210 1874 et
1259 1835 1428 1889 usque
1475 1821 1541 1873 ad
1576 1820 1950 1885 munitionem,
2003 1836 2124 1889 qua:

540 1926 766 1970 vocatur
781 1912 1002 1977 Werdc,
1019 1921 1387 1976 accesserunt,
1408 1911 1572 1984 340
1591 1928 1819 1982 eamque
1840 1925 2118 1982 ceperunt.

544 2005 673 2059 Inde
705 2019 826 2056 cum
863 2003 1099 2066 abirent,
1127 2016 1256 2056 ecce
1299 2001 1659 2056 llerimannus
1687 2019 1779 2057 rex
1819 2019 1939 2056 cum
1969 2019 2124 2058 exer-

542 2097 653 2150 citu
698 2095 998 2149 Suevorum
1045 2091 1380 2162 supervenit,
1409 2107 1612 2162 eosque
1644 2095 1697 2146 in
1729 2092 1868 2157 loco,
1898 2094 1988 2162 qui
2028 2110 2122 2147 vo-

541 2195 698 2239 catur
725 2184 886 2238 lloste
913 2181 1346 2252 comprehendit.
1377 2181 1513 2235 Inito
1537 2191 1715 2236 autem
1751 2182 1892 2236 bello
1925 2183 2123 2238 acriter

549 2293 613 2332 ex
665 2289 898 2346 utraque
945 2285 1098 2344 parte
1148 2283 1545 2344 pugnaverunt,
1601 2290 1830 2344 cumque
1879 2276 2122 2331 animose

542 2373 868 2438 pugnarent,
907 2373 963 2419 et
1010 2373 1201 2417 neutra
1262 2379 1388 2434 pars
1421 2365 1614 2420 cedere
1667 2366 1848 2429 vellet,
1877 2381 2016 2421 unus
2052 2382 2119 2421 cx

537 2471 694 2533 parte
726 2459 1152 2512 Alamannorum
1193 2455 1462 2511 clamasse
1495 2455 1666 2510 fertur
1691 2471 1885 2526 magna
1918 2456 2120 2514 vocife-

539 2553 748 2605 ratione
781 2566 794 2604 :
831 2546 952 2612 Eia,
985 2548 1254 2616 inquiens,
1286 2546 1462 2615 Saevi,
1490 2549 1697 2617 fortiter
1719 2559 1982 2619 pugnate;
2005 2566 2120 2604 ecce

540 2641 800 2711 fugientes
847 2638 1131 2708 Bajoarios
1183 2639 1371 2702 ridete,
1433 2638 1634 2693 nullum
1664 2656 1728 2694 ex
1753 2640 2015 2709 eis_abire
2040 2640 2122 2694 di-

538 2734 745 2788 mittite.
785 2732 958 2798 Quatn
1009 2747 1196 2786 vocem
1236 2732 1518 2786 audientes
1549 2731 1801 2796 Baioarii,
1847 2742 1902 2787 et
1930 2742 2122 2803 putan-

535 2833 620 2880 tes
647 2825 719 2878 ita
745 2838 886 2888 esse,
915 2823 1058 2878 sicut
1086 2822 1174 2875 ille
1205 2822 1473 2891 malignus
1502 2821 1734 2886 dixerat,
1763 2837 1952 2879 omnes
1975 2825 2120 2894 pari-

540 2922 628 2972 ter
651 2923 800 2985 terga
850 2923 1136 2968 verterunt
1172 2921 1228 2967 et
1277 2929 1416 2966 unus
1467 2912 1630 2966 alium
1669 2912 1794 2984 fuga
1826 2915 2121 2983 przevenire

523 3006 858 3076 cupierunt;
892 3004 1076 3074 plures
1109 3013 1287 3057 autem
1318 3004 1390 3057 ibi
1439 3004 1774 3058 ceciderunt.
1815 3004 1891 3060 lbi
1923 3006 2121 3060 cecidit

537 3097 725 3153 Cuono
752 3094 1032 3150 Palatinus
1069 3095 1137 3147 de
1176 3093 1484 3147 Foltibureh
1513 3107 1634 3147 cum
1665 3092 1848 3150 multis
1870 3093 2008 3150 aliis.

1156 3183 1184 3254 θ
1233 3181 1494 3237 xxxvn.

612 3275 808 3330 Iterum
852 3290 946 3329 rex
1002 3273 1286 3328 lleinrieus
1333 3288 1527 3342 papam
1571 3273 1891 3343 Gregorium
1935 3277 2119 3330 multis

512 3366 811 3421 blanditiis
838 3363 984 3435 (858)
1017 3363 1264 3418 delinivit
1293 3374 1351 3416 ut
1374 3379 1432 3418 se
1473 3363 1879 3430 reconciliaret;
1911 3367 2005 3420 sed
2032 3366 2120 3422 ille

609 3500 755 3569 (856)
781 3501 1144 3554 Hermannum
1170 3514 1348 3568 regem
1383 3498 1595 3553 familiar
1618 3499 1871 3560 comitum
1890 3499 2118 3555 Lucem-

537 3573 888 3641 liurgensitnn
928 3572 1286 3641 adnumerant
1318 3570 1582 3641 bistoriei,
1611 3587 1672 3623 ex
1703 3586 1932 3639 quorum
1962 3581 2115 3626 testi-

503 3639 716 3698 -monio
743 3650 948 3710 patrem
981 3641 1166 3695 habuit
1189 3639 1546 3710 Qiselbertum
1575 3642 1949 3710 comitem,qui
1979 3643 2118 3696 filius

533 3724 656 3770 erat
680 3709 940 3768 Frideriei
969 3711 1185 3781 comitis
1210 3709 1703 3781 Luxetnburgensis
1733 3728 1754 3781 :7
1781 3713 1845 3766 de
1872 3709 1978 3781 quo
2003 3713 2117 3766 biec-

499 3778 507 3784 ’
535 3783 703 3866 refert
729 3797 1029 3866 anou‘ymlns
1048 3780 1505 3866 )‘Veingartensi‘s
1533 3784 1598 3835 de
1627 3778 2113 3866 Quclpbis’prinei:

531 3856 686 3924 pibus
709 3869 826 3923 cap.
859 3851 909 3908 5.
945 3851 1200 3925 (Leilznit.
1226 3852 1415 3925 script.
1448 3851 1724 3925 ΒηιηξυίσΣ
1748 3860 1786 3906 t.
1815 3851 1856 3915 Ι,
1886 3869 1938 3925 p.
1965 3854 2114 3925 785.)

536 3922 1284 3992 iGuelfoiililius.l’mdolpbi
1353 3925 1542 3976 fratris
1597 3922 1918 3978 S.Couradi
1977 3922 2118 3978 Cou-

534 3996 864 4064 stantiensis
882 3995 1152 4064 episcopi)
1171 4009 1386 4047 uxorem
1438 3994 1589 4046 duxit
1620 3993 1683 4045 de
1721 4003 1869 4064 genle
1912 3992 2114 4064 §aiica,

534 4067 598 4118 de
625 4076 796 4119 castro
824 4061 1090 4134 συμφαίη
1120 4062 1618 4134 Juithamdnomine,
1644 4061 1874 4134 sororem
1899 4063 2114 4119 Henrici

531 4137 681 4188 duris
719 4131 1054 4195 Noricorum,
1089 4144 1135 4187 et
1175 4133 1292 4186 NB.
1346 4131 1605 4186 Friderici
1639 4134 1788 4187 ducis
1843 4133 2119 4188 Lotltariu-

527 4222 736 4276 parum,
767 4215 874 4260 etc.
909 4223 926 4254 ι
956 4205 1116 4276 simul
1142 4206 1284 4257 enim
1311 4204 1676 4276 Lotltaringite
1705 4203 1980 4276 inferioris
2006 4207 2113 4259 dux

531 4274 651 4330 erat
699 4276 1009 4330 Friderieus
1041 4275 1164 4337 iste,
1195 4290 1284 4327 an.
1334 4277 1468 4328 tota
1496 4276 1564 4327 ab
1621 4274 1854 4328 llenrico
1891 4274 1953 4328 Ill
1981 4276 2111 4344 imp.

529 4348 880 4409 constitutus,
913 4347 980 4400 de
1007 4361 1115 4414 quo
1157 4345 1499 4399 llermamms
1532 4344 1585 4396 in
1615 4344 1872 4398 cltronieo
1899 4345 1986 4398 ad.
2023 4362 2112 4402 an.

2228 1830 2460 1888 eumque
2487 1819 2611 1874 inde
2638 1810 2903 1875 exterruit
2926 1821 3095 1893 (861).

2847 1909 2873 1982 §
2929 1910 3211 1966 xxxan

2296 1996 2453 2052 Anno
2487 1999 2754 2054 incarnat.
2786 2001 2940 2056 Dom.
2969 2018 3206 2056 uLxxxvt
3235 2003 3380 2074 (862)
3409 2003 3440 2057 fi
3461 2003 3592 2059 ieles
3620 2008 3676 2058 S.
3703 2003 3804 2059 Pe-

2225 2095 2293 2144 tri
2325 2091 2574 2160 generale
2610 2092 2936 2162 colloquium
2968 2102 3090 2161 post
3140 2093 3488 2148 festivitatem
3535 2096 3804 2164 apostolo-

2223 2195 2340 2233 rum
2371 2195 2534 2250 prope
2561 2181 2905 2237 Wirziburcb
2935 2196 3035 2236 con
3060 2182 3310 2239 lixerunt.
3342 2182 3493 2250 Quod
3524 2199 3616 2239 rex
3642 2184 3771 2238 llcin
3797 2213 3807 2230 ι

2223 2269 2365 2324 ricus
2413 2271 2735 2340 perturbare
2796 2271 2981 2327 volens
3025 2290 3148 2326 cum
3188 2277 3427 2328 exercitu
3466 2277 3796 2345 supervenit,

2221 2363 2317 2417 sed
2365 2362 2710 2418 tnultitudine
2738 2361 2896 2434 35.1
2949 2363 3247 2419 Suevorum
3294 2381 3416 2419 cum
3469 2367 3806 2437 principibus.

2221 2452 2334 2507 suis
2373 2455 2790 2522 superveniente
2847 2457 2914 2508 ad
2966 2465 3176 2522 tempus
3227 2455 3402 2509 locum
3457 2457 3624 2511 dedit.
3673 2458 3803 2526 Ipsis

2223 2551 2404 2597 autem
2432 2543 2761 2613 llerbipolim
2791 2543 3059 2614 adjunctis
3089 2543 3392 2600 Saxonibus
3417 2545 3802 2598 circum'anti-

2222 2635 2345 2702 bus,
2380 2635 2664 2692 lleinrieus
2695 2652 2786 2690 rex
2814 2638 3056 2692 exercitu
3107 2637 3292 2708 viginti
3323 2637 3550 2690 millium
3581 2653 3802 2707 congre-

2218 2737 2366 2800 gato,
2394 2729 2462 2783 ad
2488 2727 2818 2784 liberandam
2845 2728 3031 2783 urbem
3055 2729 3225 2783 aciem
3252 2729 3466 2784 direxit.
3494 2728 3570 2782 Illi
3599 2738 3796 2787 autem.

2219 2830 2402 2876 erecta
2431 2835 2594 2876 cruce
2634 2820 2851 2876 obviam
2905 2820 2954 2876 ei
2985 2820 3199 2877 duobus
3251 2820 3517 2877 milliariis
3557 2837 3664 2877 non
3694 2831 3798 2875 tam

2219 2912 2389 2967 armis
2437 2928 2598 2983 quam
2654 2912 3027 2968 misericordia
3083 2911 3174 2967 Dei
3225 2911 3371 2977 freti,
3399 2921 3798 2985 processerunt.

2221 3006 2524 3064 lnterfectis
2550 3013 2732 3061 autem
2757 3020 2823 3062 ex
2852 3014 3006 3077 parte
3036 3007 3182 3076 regis
3223 3005 3378 3060 valde
3405 3006 3609 3072 multis,
3642 3004 3797 3059 Saevi

2145 3078 2190 3140 (ἶ
2221 3111 2278 3156 et
2325 3099 2571 3154 Saxones
2606 3098 2844 3154 victores
2875 3097 3220 3164 exstiterunt,
3256 3107 3310 3152 et
3334 3113 3400 3153 ex
3432 3112 3530 3151 sua
3559 3096 3678 3152 acie
3699 3111 3798 3151 non

2221 3193 2325 3250 nisi
2353 3205 2462 3248 tres
2503 3191 2876 3247 tantummodo
2921 3190 3295 3262 perdiderunt.
3332 3189 3598 3244 'l‘ulerunt
3624 3201 3796 3242 autem

2221 3300 2327 3340 non
2357 3291 2566 3338 tantum
2599 3281 2804 3337 scrinia
2841 3296 2965 3337 cum
3011 3280 3282 3350 regalibus
3313 3281 3682 3346 vestimentis,
3711 3281 3799 3334 sed

2221 3384 2274 3430 et
2301 3376 2681 3445 episcoporum
2732 3371 2928 3428 infulas
2967 3371 3062 3444 qui
3106 3387 3230 3428 cum
3279 3387 3343 3428 eo
3373 3381 3531 3427 erant
3579 3373 3634 3426 in
3666 3371 3801 3426 bello

2222 3507 2459 3562 Hcinriei
2493 3507 2703 3562 steterit
2731 3507 2934 3576 pariter
2966 3515 3024 3561 ut
3055 3505 3372 3576 Rudolpltus
3403 3507 3509 3560 dux
3539 3515 3595 3560 et
3623 3503 3799 3560 Welfo

2221 3579 2529 3633 Hertnauno
2561 3595 2628 3632 ex
2653 3578 3023 3647 superioribus
3048 3576 3350 3647 iaﬂinitate.
3373 3577 3621 3646 junctus,
3651 3589 3800 3647 mque

2222 3659 2400 3704 tamen
2429 3663 2549 3702 cum
2582 3648 2686 3702 illis
2717 3645 2901 3716 postea
2931 3648 2999 3702 ab
3026 3646 3116 3701 illo
3153 3645 3386 3702 deiicere
3424 3647 3617 3716 potuit.
3675 3645 3800 3712 Qua!

2219 3720 2380 3773 etiam
2410 3718 2577 3772 videri
2616 3727 2796 3788 posset
2822 3719 2983 3782 ratio,
3013 3733 3111 3772 cur
3139 3733 3260 3771 eum
3286 3726 3409 3786 post
3437 3727 3674 3770 mortem
3699 3717 3798 3767 ltu-

2219 3789 2344 3844 dolli
2372 3805 2460 3842 an.
2491 3788 2618 3844 1081
2643 3789 2912 3859 principes
2933 3803 3112 3858 regem
3141 3788 3540 3859 constituerint,
3564 3788 3635 3842 ob
3656 3800 3802 3859 cont-

2218 3861 2503 3929 probatam
2554 3856 2748 3926 nempe
2785 3856 3030 3929 bellicam
3076 3859 3193 3927 ejus
3234 3857 3630 3912 fortitudinem.
3667 3856 3802 3929 Dum

2218 3927 2397 3985 autem
2420 3943 2621 3998 genere
2651 3929 2893 3983 Francus
2922 3928 3013 3984 hic
3035 3929 3253 3994 dicitur,
3283 3929 3534 3998 convenit
3566 3927 3804 3998 curacio

2219 4009 2333 4054 tato
2367 3995 2763 4069 Wiringartensi
2798 4014 3090 4070 anonymo,
3121 3999 3210 4070 qui
3273 3997 3607 4070 Fridericum
3663 3995 3802 4070 Her-

2219 4071 2399 4126 manni
2433 4067 2590 4123 avuin
2617 4071 2682 4124 de
2707 4078 2866 4138 gente
2905 4067 3081 4123 saliea
3131 4067 3299 4124 fuisse
3333 4068 3548 4132 scribit,
3574 4081 3642 4122 ac
3681 4067 3803 4122 ideo

2219 4150 2438 4194 notatur
2461 4148 2518 4194 ut
2555 4139 3028 4208 Lucemburgcnsc
3053 4148 3292 4193 castrum
3322 4138 3576 4208 Glizbejg
3603 4138 3788 4196 distin-

2221 4219 2422 4284 guatur
2447 4206 2990 4284 abalioACOgnotnine
3027 4209 3464 4284 castroLolimin
3498 4206 3804 4284 Thuringia

2220 4277 2386 4351 prope
2405 4281 2582 4351 lenam
2616 4277 2894 4335 sitoflnde
2916 4280 3054 4334 forte
3087 4281 3183 4351 fuit
3211 4281 3520 4351 Friderieus
3551 4293 3607 4333 et
3633 4277 3807 4351 frater

2219 4349 2336 4422 ejus
2371 4351 2436 4422 de
2487 4350 2799 4422 Glicltberg,
2827 4351 2917 4418 qui
2950 4366 3038 4404 an.
3083 4349 3221 4422 1059
3271 4353 3422 4420 juxta
3473 4349 3805 4422 Bernoldnm

531 4416 671 4472 1046
700 4426 755 4472 et
784 4430 900 4494 seq.
937 4409 1076 4494 item
1105 4430 1232 4494 vero
1258 4415 1458 4494 clarius
1483 4415 1717 4494 explicat
1748 4415 1888 4494 idem
1915 4430 2114 4494 anony-
2144 4435 2189 4494 ι)
2219 4409 2330 4494 rcgi
2355 4421 2700 4494 rebellarunt.
2740 4409 2798 4494 id
2827 4409 2955 4494 vero
2985 4423 3050 4475 de
3080 4409 3613 4494 [iet-mafnnornostro
3639 4419 3806 4494 intel-

531 4504 653 4544 nms
679 4503 747 4542 ex
777 4484 964 4557 codice
1010 4486 1406 4556 Weingartensi
1445 4487 1761 4541 emendatus
1791 4484 1950 4557 (lless
1995 4484 2112 4557 Mo-

459 4560 463 4565 ’
529 4569 763 4615 numerat.
801 4555 1026 4628 Guelplt.
1074 4572 1122 4626 p.
1164 4555 1250 4628 i2)
1271 4597 1286 4621 ,
1311 4557 1397 4610 ubi
1430 4557 1570 4628 idem
1598 4555 1835 4612 castrum
1867 4573 1972 4611 non
2001 4556 2112 4612 Gli-

529 4632 722 4698 hberg,
753 4630 847 4685 sed
879 4624 1188 4694 Gl’izbei‘cli,
1229 4624 1282 4682 et
1314 4642 1434 4698 pro,
1453 4624 1632 4681 Juitha
1682 4628 1843 4682 lmiza
1869 4629 2114 4682 nomina-

528 4711 639 4756 tur.
674 4697 918 4768 Utroque
944 4707 1126 4771 autem
1153 4699 1373 4771 nomine
1398 4697 1674 4768 Glitzberg
1695 4709 1747 4754 et
1772 4698 2109 4771 Lurerpburg

525 4774 746 4828 eosdem
768 4771 998 4826 comites
1020 4768 1517 4828 Luxemburgenses
1535 4773 1716 4824 venire
1741 4779 1893 4824 notat
1925 4768 2112 4824 Schei-

531 4845 653 4898 dius
697 4843 751 4896 in
780 4843 922 4896 notis
953 4841 1021 4895 ad
1057 4840 1295 4910 origines
1328 4839 1656 4908 Guelpbicas
1687 4847 1749 4910 (t.
1775 4841 1837 4902 ll,
1874 4848 1923 4910 p'.
1957 4839 2110 4910 222).

509 4915 664 4967 Dum
680 4927 809 4967 vero
832 4911 1030 4966 ibidem
1060 4910 1126 4963 ad
1145 4901 1496 4966 'Bertltoldum
1529 4927 1623 4966 seu
1656 4901 1978 4966 ltet'nold'mn
2014 4901 2108 4963 no-

529 4995 702 5038 strum
734 4982 1204 5056 Constantiensem
1235 4990 1289 5034 et
1336 4981 1680 5056 Lamliertum
1717 4983 2108 5056 Schallnabur-

531 5066 752 5124 gensem
787 5051 1067 5124 provocat,
1097 5066 1310 5124 vereor
1353 5069 1420 5107 ne
1481 5053 1836 5109 similitudine
1875 5051 2108 5124 nominis

530 5122 898 5194 deceptusrsit
949 5122 1254 5194 acltcidiu‘s.
1292 5124 1591 5179 Bernoldus
1647 5125 1866 5194 quidem
1918 5123 1984 5176 ad
2005 5138 2083 5194 an

2220 4489 2309 4562 ligi
2339 4493 2544 4562 nequit,
2574 4494 2662 4561 qui
2693 4491 2896 4548 nullum
2932 4489 3536 4562 fratrentﬂFridericum
3580 4489 3808 4562 babuit,

2219 4560 2282 4617 et
2305 4578 2374 4617 ex
2402 4560 2690 4616 Lamberto
2720 4564 2896 4616 adhuc
2922 4578 3012 4615 ait.
3054 4561 3189 4616 1075
3223 4561 3276 4616 itt
3302 4562 3542 4617 exercitu
3578 4560 3807 4615 Πειλῆοὶ

2219 4643 2440 4687 strenue
2473 4632 2741 4686 militavit.

2291 4701 2438 4772 (857)
2479 4701 2793 4757 Bertlmldns
2843 4703 2957 4757 haec
3007 4701 3075 4755 ad
3123 4716 3212 4772 an.
3265 4700 3397 4757 1081
3435 4700 3607 4756 refert
3640 4702 3724 4772 uti
3755 4710 3811 4756 et

2220 4771 2487 4826 annalista
2531 4772 2696 4839 Saxo,
2733 4773 2825 4841 qui
2874 4771 3147 4828 Cononem
3175 4773 3318 4826 hunc
3348 4771 3588 4826 Cononis
3645 4771 3809 4826 Pala-

2221 4842 2317 4897 tini
2345 4841 2561 4896 comitis
2588 4843 2752 4896 tilium
2776 4844 3042 4908 nominat,
3068 4843 3293 4896 Palatini
3317 4843 3524 4897 scilicet
3550 4843 3812 4897 Bavarici

2212 4914 2280 4969 de
2301 4911 2582 4981 Vohburg;
2611 4921 2860 4983 neutrum
2887 4922 3062 4968 tamen
3084 4915 3136 4966 in
3151 4912 3384 4983 Luea,p.
3405 4914 3540 4968 1158
3557 4914 3812 4983 reperire

2209 4991 2310 5042 est.
2343 4996 2444 5036 nec
2478 4982 2618 5051 apud
2659 4983 2903 5038 Larium.

2283 5051 2430 5123 (858)
2467 5051 2743 5123 [ξειέιιιοιιί.
2774 5056 2840 5106 ad
2871 5070 2959 5107 an.
2994 5053 3151 5108 1085.

2285 5120 2432 5195 (859)
2462 5120 2596 5195 νέα,
2624 5123 2760 5195 infra
2789 5124 2817 5195 §
2841 5124 2936 5190 42,
2965 5133 3020 5179 et
3050 5123 3376 5179 Bertholdns
3413 5124 3502 5178 ad.
3528 5125 3679 5179 hunc
3699 5139 3812 5177 an-

531 5192 1128 5266 nutn”l()59_scribit_:
1177 5191 1482 5250 Fridericus
1551 5205 1636 5266 et’_
1650 5191 1817 5266 frater
1848 5193 2113 5266 ejus‘_(a_ut
2211 5191 2472 5266 num,_ub'i
2499 5191 2838 5266 Sarlerttitatiz'n
2864 5195 2980 5249 haec
3001 5194 3239 5266 synodus
3267 5206 3452 5266 contra
3477 5201 3676 5248 omnes
3690 5197 3818 5249 fere

527 5278 599 5337 ex
635 5261 1056 5337 aliisrodicibus
1077 5263 1271 5332 fratres
1307 5266 1468 5337 ejus),
1501 5268 1565 5320 de
1595 5261 1905 5332 Glicltberga
1946 5261 2111 5337 Hein-

531 5335 641 5406 rico
677 5335 787 5406 regi
837 5333 1103 5400 rebellant,
1155 5337 1205 5388 id
1241 5333 1435 5391 tamen
1474 5353 1600 5392 mox
1639 5343 1828 5406 postea
1857 5334 2113 5406 explica-

2213 5262 2520 5334 astruitur.)
2550 5265 2680 5328 Quae
2711 5275 2890 5318 autem
2920 5267 3007 5320 hic
3021 5262 3088 5319 de
3107 5265 3442 5334 exceptisab
3481 5280 3818 5320 excommu-

2222 5334 2339 5406 nica
2349 5333 2505 5406 tione
2510 5333 2792 5388 habentur.
2815 5336 2881 5388 ad
2898 5336 3161 5404 synodum
3175 5333 3302 5388 anni
3332 5335 3470 5390 N78
3490 5337 3815 5406 pertinent.
