3970 5406
144 400 240 457 337

143 514 479 578 abstulerunt,
506 520 556 566 et
585 511 671 565 illa
696 520 850 566 nocte
881 511 933 566 in
958 513 1146 568 eodem
1169 529 1362 583 campo
1389 514 1526 568 inter
1549 511 1703 568 cada—
1730 512 1779 571 Α

144 621 255 659 vera
277 604 577 658 occisorum
601 610 778 657 castra
823 603 1009 656 Inetati
1057 612 1199 668 sunt,
1231 603 1425 656 deinde
1449 604 1516 655 ad
1545 602 1696 656 obsi-

142 698 337 751 dionem
372 701 730 757 revertentes,
763 693 1039 747 civitatem
1085 693 1203 748 sine
1239 694 1499 763 sanguine
1543 705 1701 762 cepe-

141 797 272 843 runt.

744 875 772 948 ς
820 873 1065 930 XXXIX.

202 988 359 1060 Igitur
400 987 763 1044 Herimannus
816 1003 912 1043 rex
939 987 1086 1060 (865)
1115 1003 1237 1043 cum
1271 989 1323 1042 in
1383 988 1701 1043 Alemannia

142 1087 574 1144 commoraretur,
621 1085 677 1133 et
721 1077 903 1148 regios
950 1085 1198 1147 sumptus
1223 1092 1329 1132 non
1367 1077 1611 1141 haberet.
1644 1086 1706 1132 ut

141 1170 416 1228 secundum
463 1169 667 1240 regiam
709 1168 1027 1240 dignitatem
1075 1167 1388 1222 conversari
1418 1167 1706 1237 potuisset,

139 1278 198 1316 eo
223 1261 356 1330 quod
381 1259 566 1315 nullus
595 1260 970 1330 episcoporum
1002 1257 1051 1312 ei
1090 1256 1281 1327 subjici
1331 1256 1512 1322 vellet,
1544 1256 1709 1310 deve-

141 1354 210 1408 nit
231 1352 600 1408 Constantiam
630 1350 907 1405 civitatem
931 1357 990 1404 et
1013 1348 1218 1418 aliquot
1245 1347 1434 1402 diebus
1458 1346 1530 1400 ibi
1553 1362 1705 1400 man-

140 1446 230 1507 sit;
267 1445 385 1500 inde
415 1443 664 1498 Rhenum
693 1441 964 1506 transivit,
990 1449 1045 1495 et
1069 1439 1123 1494 in
1154 1439 1486 1494 monasterio
1504 1437 1707 1492 Petris-

143 1535 334 1590 husensi
385 1534 500 1588 fere
552 1534 911 1604 septimanam
957 1532 1243 1600 transegit.
1287 1529 1486 1585 Postea
1539 1528 1710 1583 Saxo-

143 1628 266 1680 niam
289 1627 551 1696 perrexit,
577 1635 652 1692 et,
674 1641 798 1680 cum
829 1625 1063 1696 quodam
1093 1621 1496 1692 temporejuxta
1519 1620 1716 1675 castel-

145 1719 238 1772 lum
267 1718 535 1787 quoddam
567 1716 851 1783 transiret,
881 1730 1023 1771 unus
1063 1714 1130 1769 ab
1167 1728 1291 1768 arce
1318 1713 1542 1768 fortuito
1578 1727 1708 1767 casu

145 1827 308 1866 saxum
329 1811 484 1881 jecit,
521 1824 814 1880 regemque
840 1809 1120 1878 inepinato
1148 1806 1255 1859 ictu
1289 1805 1343 1858 in
1381 1803 1557 1874 capite
1583 1819 1709 1874 per-

145 1905 312 1969 cussit,
344 1917 412 1956 ex
435 1915 545 1973 quo
577 1915 686 1956 non
716 1907 836 1972 post
857 1898 1084 1955 multum
1110 1897 1275 1952 vitam
1303 1894 1497 1950 finivit.

823 2037 852 2112 ς
903 2036 1014 2093 XL.

208 2172 394 2227 Deinde
447 2181 575 2242 post
631 2187 729 2229 sex
782 2171 955 2228 ferme
1008 2187 1181 2227 annos
1205 2171 1350 2242 (864)
1385 2169 1710 2226 Cuonradus

150 2263 270 2317 illius
297 2263 536 2319 lleinrici
570 2265 716 2333 regis
736 2264 928 2334 patris,
957 2272 1016 2317 ut
1047 2263 1160 2334 ipse
1185 2261 1477 2328 fatebatur,
1507 2260 1714 2316 scelera

152 2355 338 2427 fugiens
364 2357 430 2410 ad
480 2356 695 2412 Italiam
747 2356 1016 2419 transivit,
1046 2356 1230 2424 ibique
1274 2367 1448 2424 pauco
1474 2362 1718 2420 tempore

150 2449 392 2516 regnavit,
422 2457 478 2504 et
522 2464 739 2505 veneno
786 2449 953 2503 vitam
990 2447 1166 2502 ﬁnivit
1205 2454 1367 2517 atque
1407 2445 1550 2516 apud
1600 2443 1717 2498 Flo-

151 2541 355 2596 rentiam
385 2541 668 2596 civitatem
697 2540 940 2611 sepultus
961 2539 1214 2610 quiescit.

835 2673 864 2744 δ
909 2672 1043 2726 XLI.

211 2803 327 2859 Post
369 2806 466 2861 has
507 2807 694 2861 varias
739 2806 932 2871 luctas,
961 2817 1017 2860 et
1047 2805 1244 2861 multas
1271 2804 1630 2869 calamitates,
1665 2813 1721 2860 et

153 2896 418 2952 immensas
461 2899 746 2968 sangmnis
788 2897 1080 2954 effusiones
1118 2905 1170 2951 et
1213 2897 1474 2966 plurimas
1515 2897 1720 2951 anima-

159 2999 261 3038 rum
294 2987 656 3054 perditiones,
708 2985 995 3041 Heinricus
1038 2987 1256 3042 demum
1297 2986 1444 3042 solus
1488 2985 1720 3042 obtinuit

156 3079 532 3146 Inonarchiam,
581 3094 774 3134 omnes
817 3094 954 3149 pene
991 3078 1259 3149 principes
1293 3079 1341 3132 ei
1368 3079 1714 3134 reconcilian-

157 3176 249 3232 tur,
283 3169 578 3241 legitimum
614 3171 993 3240 imperatorem
1044 3170 1304 3226 fatentur.
1356 3169 1599 3226 Habebat
1629 3185 1720 3224 au-

156 3269 247 3313 tem
273 3277 479 3332 semper
505 3277 701 3318 omnes
727 3263 976 3318 civitates
1019 3262 1210 3317 Rheno
1239 3262 1444 3316 flumini
1467 3260 1716 3329 adjacen-

157 3361 225 3405 tes
245 3354 474 3427 aliasque
505 3363 760 3424 potentes
786 3364 841 3410 et
868 3354 1312 3424 metropolitanas
1336 3354 1588 3408 civitates
1623 3353 1722 3406 foe-

158 3445 377 3513 deratas;
411 3449 506 3501 sed
549 3446 715 3519 342
743 3455 798 3501 et
848 3447 1093 3517 plerique
1130 3447 1506 3516 episcoporum
1549 3445 1600 3499 ei
1649 3446 1720 3499 ita

159 3545 294 3590 erant
326 3538 562 3592 connexi
589 3547 649 3592 ut
684 3537 832 3592 nulla
879 3537 1094 3593 ratione
1115 3537 1182 3592 ab
1208 3551 1274 3592 eo
1296 3536 1602 3607 potuissent
1642 3535 1727 3588 di-

159 3624 282 3680 velli.
321 3627 376 3683 In
407 3628 613 3699 quibus
639 3627 767 3685 Otto
817 3627 1251 3684 Constantiensis
1276 3627 1564 3697 episcopus
1601 3641 1722 3680 cum

159 3713 459 3787 iuramenta,
491 3738 620 3792 qua:
645 3722 695 3776 ei
714 3720 1018 3788 juraverat,
1047 3720 1351 3776 nullatenus
1390 3718 1724 3788 exjussione

160 3814 205 3859 et
225 3810 534 3866 auctoritate
560 3811 855 3881 apostolica
887 3810 1182 3882 infringere
1203 3810 1386 3877 vellet,
1411 3826 1441 3866 a
1464 3809 1726 3881 religiosis

160 3897 418 3957 catholicis
446 3903 772 3971 repudiatus
808 3910 912 3958 est.

811 4049 839 4123 ς
897 4051 1057 4108 XLII.

222 4180 365 4237 Anno
395 4198 462 4239 an
490 4186 767 4240 incarnat.
799 4201 1016 4242 ucxxxv
1055 4186 1349 4259 Gregorius
1373 4204 1535 4259 papa.
1565 4205 1653 4258 qui
1677 4199 1734 4244 et

167 4267 530 4341 Hiltibrandus,
561 4293 687 4333 cum
719 4290 865 4334 essvt
899 4278 1110 4333 Salerni
1168 4281 1347 4344 exsul,
1388 4281 1612 4336 collecta
1643 4298 1732 4352 sy-

177 4364 298 4419 nodo
319 4365 512 4424 iterum
568 4371 896 4425 sententiam
937 4371 1300 4426 anathematis
1331 4371 1383 4426 in
1430 4371 1734 4442 Wipertum

172 4452 577 4524 tchismaticum,
619 4469 676 4516 et
715 4459 1026 4516 Heinricum
1053 4478 1233 4532 regem
1257 4462 1459 4517 dictum
1482 4473 1539 4517 et
1561 4462 1614 4516 in
1637 4477 1732 4517 eo-

1029 395 1424 455 CHRONICON
1462 394 2096 453 PETERSIIUSANUM.
2134 425 2203 434 —
2227 392 2351 446 [.13.
2396 391 2459 446 ll.

3278 389 3384 445 358

2461 506 2493 577 δ
2547 505 2726 562 XLIII.

1875 600 1977 671 De:
2011 599 2326 669 llirsaugs'a,
2355 609 2402 652 et
2458 597 2762 679 Gelae/tardo
2801 596 2895 650 Ill
2940 596 3324 654 Constantiani

2462 683 2721 738 episcopo.

1873 785 1950 840 Ea
1994 791 2311 853 tempestate
2352 779 2614 849 spiritalis
2660 777 2960 848 disciplinac
3021 777 3186 830 ardor
3233 792 3394 847 quam
3439 807 3450 816 -

1804 877 2040 932 maxime
2085 875 2330 930 fervebat
2375 870 2515 942 apud
2565 869 2954 925 monasterium
2997 868 3140 936 quod
3197 867 3398 922 dicitur

1805 968 2113 1039 llirsaugia,
2145 974 2200 1022 et
2238 965 2390 1020 nmlti
2437 974 2545 1017 tam
2589 961 2846 1016 nobilium
2875 975 3036 1028 quam
3075 957 3396 1024 ignobilittm

1805 1059 2128 1117 clericorum
2155 1065 2210 1112 et
2239 1056 2526 1120 laieornm,
2555 1053 2650 1109 sed
2681 1062 2738 1107 et
2765 1051 3156 1107 monachorum
3187 1048 3254 1102 de
3277 1046 3400 1104 aliis

1805 1148 1938 1206 locis
1969 1147 2096 1204 illuc
2131 1143 2493 1204 confluebant.
2541 1154 2595 1198 et
2639 1143 2704 1196 de
2741 1140 2977 1212 procella
3007 1136 3397 1202 anathematis,

1805 1257 1928 1312 quae
1968 1249 2095 1296 tunc
2134 1237 2316 1292 navim
2371 1235 2623 1290 Ecclesim
2651 1234 2999 1288 vehementer
3044 1228 3396 1301 impingebat,

1807 1334 1964 1406 quasi
1986 1333 2051 1388 de
2080 1330 2318 1386 maximo
2345 1327 2628 1398 naufragio
2655 1333 2992 1394 emergentes
3021 1322 3130 1378 illic
3152 1321 3308 1392 quasi
3329 1319 3400 1376 ad

1807 1435 2022 1497 portum
2052 1423 2460 1493 confugiebant,
2481 1430 2536 1474 et
2564 1421 2800 1490 quietem
2814 1427 3010 1487 optata:
3026 1415 3216 1472 salutis
3244 1430 3304 1469 se
3326 1415 3404 1468 in-

1808 1515 2024 1570 venisse
2051 1513 2376 1584 gaudebant.
2407 1510 2551 1564 Inter
2582 1524 2718 1578 quos
2763 1507 3116 1563 Gebehardus
3141 1505 3221 1558 vir
3251 1504 3405 1558 nehi-

1813 1607 2080 1670 lissimus,
2106 1604 2280 1659 frater
2329 1601 2605 1678 Bertholdi
2635 1599 2676 1654 ll
2709 1600 2861 1653 ducis
2889 1599 2956 1653 de
3008 1595 3284 1666 Zaringin,
3311 1594 3404 1664 qui

1811 1699 2136 1771 prmpositus
2163 1705 2281 1751 erat
2315 1693 2455 1765 apud
2494 1690 2752 1754 Xantum,
2785 1690 3056 1745 mundana
3085 1687 3402 1754 relinquens

1815 1793 1884 1848 ad
1925 1789 2040 1858 jam
2093 1789 2298 1844 dictum
2349 1799 2409 1841 se
2461 1783 2691 1838 contulit
2734 1780 3124 1836 monasterium
3151 1776 3409 1848 (865),et

1736 1875 1783 1934 Β
1812 1880 1952 1936 sicut
1980 1877 2225 1933 habitum
2258 1883 2562 1931 mutaverat
2601 1873 2668 1926 ad
2713 1871 3018 1939 religiosum
3043 1867 3402 1942 propositum,

1817 1971 1890 2026 ita
1930 1967 2163 2040 arripuit
2193 1973 2247 2021 et
2273 1966 2589 2036 dignitatem
2616 1979 2846 2017 morum.

2487 2049 2515 2120 ς)
2557 2047 2737 2122 XLlV'.

1889 2147 2057 2217 Igitur
2081 2161 2202 2201 cum
2232 2160 2297 2199 ex
2342 2142 2610 2213 legatione
2636 2139 2930 2209 apostolica
2961 2136 3086 2192 Otto
3139 2135 3408 2192 Ostiensis

1819 2238 1969 2310 (866)
1993 2238 2278 2308 episcopus
2309 2231 2640 2290 Constantia:
2680 2231 3011 2294 advenisset,
3035 2239 3091 2283 et
3114 2229 3284 2298 ipsam
3306 2227 3407 2281 Ec-

1817 2329 2037 2384 clesiam
2087 2334 2304 2396 pastore
2331 2324 2605 2378 viduatam
2641 2331 2858 2390 propter
2897 2316 3299 2374 damnationem
3317 2315 3412 2371 Ot-

1819 2419 1984 2482 tonis,
2027 2417 2118 2487 qui
2166 2415 2238 2470 ibi
2274 2415 2561 2484 episcopus
2603 2411 2810 2476 fuerat,
2857 2409 3172 2475 invenisset,
3212 2408 3404 2463 habuit

1817 2507 2108 2565 consilium
2143 2503 2532 2562 venerabilium
2560 2501 2784 2556 Patrum
2808 2511 2863 2556 et
2893 2499 3268 2571 religiosorum
3309 2513 3402 2552 ca-

1820 2598 2168 2663 tholicorum,
2195 2593 2432 2666 qualiter
2460 2591 2702 2664 ejusdem
2743 2590 2999 2646 Ecclesia:
3018 2587 3411 2660 gubernationi

1819 2687 1981 2760 343
2013 2687 2342 2758 provideret.
2366 2683 2570 2739 Aderat
2600 2691 2728 2736 tunc
2757 2681 2896 2736 forte
2923 2680 3288 2737 Willihelmus
3315 2678 3414 2733 ab-

1822 2779 1922 2833 bas
1969 2775 2391 2847 Hirsaugiensis,
2423 2773 2530 2840 vir,
2587 2774 2828 2844 inquam,
2884 2771 2995 2827 Deo
3020 2781 3073 2826 et
3098 2770 3412 2826 hominibus

1822 2877 2100 2939 acceptus,
2130 2868 2255 2938 quia
2288 2875 2407 2920 erat
2453 2865 2649 2919 litteris
2691 2864 2934 2933 apprime
2978 2863 3222 2917 eruditus
3251 2872 3306 2917 et
3349 2859 3403 2914 in

1823 2959 2054 3031 regulari
2084 2955 2366 3026 disciplina
2394 2954 2848 3018 studiosissimus,
2882 2951 3120 3017 humilis,
3152 2964 3406 3006 mansue-

1824 3062 1930 3116 t-ns,
1969 3049 2153 3104 mundi
2180 3054 2546 3118 contemptor,
2589 3044 2982 3100 monachorum
3013 3051 3066 3097 et
3097 3041 3258 3096 totius
3285 3055 3412 3095 san-

1825 3140 2096 3195 ctimonia:
2122 3147 2333 3192 amator
2362 3134 2830 3206 diligentissimus.

2508 3233 2536 3307 ς
2575 3233 2735 3289 XLV.

1894 3351 1994 3405 llic
2050 3363 2172 3404 cum
2220 3347 2507 3403 conventni
2575 3347 2864 3400 interesset
2921 3354 2978 3398 et
3043 3339 3414 3413 supradictum

1822 3442 2199 3498 Gehehardum
2240 3455 2425 3496 secum
2456 3439 2710 3501 haberet,
2758 3446 2993 3492 tractare
3039 3443 3322 3505 coeperunt
3350 3432 3419 3489 de

1822 3533 2070 3604 eligendo
2098 3531 2354 3606 episCOpo
2375 3529 2667 3592 catholico,
2694 3528 2953 3598 quoniam
3002 3540 3126 3597 spes
3149 3540 3254 3579 non
3298 3531 3420 3578 erat

1825 3626 1892 3682 de
1906 3628 2102 3680 Ottone
2129 3623 2408 3678 damnato.
2441 3620 2586 3674 lnter
2609 3619 2916 3691 lmjusmodi
2944 3617 3215 3688 colloquia
3240 3615 3418 3673 Gebe-

1827 3716 2028 3772 hardus
2054 3705 2354 3770 monachus
2383 3721 2530 3766 retro
2577 3711 2747 3765 altare
2779 3710 2836 3763 Β.
2877 3708 3059 3762 Maria:
3091 3713 3418 3770 secesserat,

1827 3807 2009 3876 Ibique
2046 3804 2386 3861 orationibus
2418 3805 2682 3858 secretius
2729 3803 2978 3859 vacabat.
3013 3801 3153 3869 Quid
3201 3797 3417 3854 multa?

1827 3897 2089 3953 Eumdem
2120 3894 2502 3952 Gebehardum
2532 3893 2846 3963 episcopum
2885 3888 3286 3946 Constantiensi
3316 3887 3424 3942 Ec-

1829 3993 2009 4050 clesia:
2045 3992 2273 4062 eligunt,
2303 3999 2359 4046 et
2408 4000 2530 4060 post
2559 3989 2803 4045 onmium
2837 3987 3274 4046 unanimitatem.
3303 3984 3422 4054 ipso

1831 4099 1946 4138 rem
1973 4096 2198 4152 prorsus
2232 4081 2537 4152 ignorante,
2578 4079 2842 4134 accedunt
2871 4077 2938 4132 ad
2979 4091 3102 4132 eum
3129 4083 3186 4130 et
3232 4074 3424 4130 dicunt

1831 4175 1959 4244 quia
1990 4173 2084 4227 Dei
2107 4173 2306 4243 gratia,
2335 4172 2450 4227 haec
2467 4170 2708 4226 Ecclesia
2726 4179 2778 4225 te
2805 4169 2907 4226 sibi
2925 4168 3240 4239 episcopum
3260 4165 3426 4237 elegit

1834 4267 2015 4322 hodie.
2049 4266 2168 4333 Quo
2195 4266 2382 4320 audito
2404 4265 2630 4334 spiritus
2658 4264 2774 4333 ejus
2801 4263 3018 4333 elapsus
3036 4269 3144 4324 est,
3174 4259 3248 4314 ita
3281 4266 3338 4312 ut
3369 4257 3421 4312 in

1835 4368 2036 4414 terram
2067 4372 2351 4421 corruens,
2384 4357 2543 4428 quasi
2593 4370 2840 4411 mortuus
2864 4354 3094 4421 jaceret.
3125 4352 3426 4418 Resnmpto

1835 4463 2016 4509 tamen
2041 4453 2236 4524 spiritu
2266 4451 2492 4506 invitum
2527 4465 2650 4505 eum
2683 4449 2814 4504 fecit
2849 4450 2961 4518 ipsa
2991 4447 3102 4510 die,
3131 4447 3231 4500 hoc
3255 4444 3424 4499 estin

175 4556 273 4650 tum
302 4545 538 4608 fautores
578 4551 960 4624 promulgavit.
1012 4551 1167 4608 Hanc
1200 4552 1523 4607 sententiam
1569 4553 1731 4624 legati
1763 4543 2133 4650 Dfestivitate
2176 4543 2235 4599 S.
2283 4542 2526 4608 Thomm,
2579 4543 2954 4613 presbyterum
2979 4547 3034 4593 et
3059 4537 3296 4592 crastina
3339 4535 3428 4590 die

175 4635 296 4691 sedis
315 4642 641 4709 apostolica,
666 4642 918 4700 videlicet
944 4642 1141 4697 Petrus
1177 4642 1498 4698 Albanensis
1524 4642 1735 4713 episco—

175 4733 258 4789 pus
297 4726 345 4780 in
384 4729 649 4796 Francia,
701 4732 830 4788 Otto
876 4731 1144 4788 Ostiensis
1186 4732 1504 4803 episcopus,
1547 4741 1733 4804 postea

177 4827 283 4958 *εἷο
317 4834 468 4890 papa,
497 4823 552 4878 in
578 4835 720 4880 terra
751 4823 1210 4880 Theutonicorum
1235 4841 1622 4897 usquequaque
1645 4826 1733 4881 di-

178 4918 233 4957 Vlt
251 4925 492 4958 caverunt
503 4953 517 4958 -

251 4925 518 4980 gaveruut.

237 5035 367 5118 (363d
407 5042 670 5118 Specialia
689 5047 778 5103 hic
802 5049 867 5102 de
890 5047 1093 5102 ultimis
1121 5044 1414 5118 llermanni
1444 5049 1583 5118 regis
1609 5049 1734 5106 fatis

186 5101 572 5188 Wfﬁljcl'i'ptor
603 5101 973 5188 nostcrpquae
1002 5101 1205 5188 desunt
1235 5119 1287 5171 in
1329 5101 1732 5176 Berthgldoﬁa-d

185 5178 645 5258 #:10883ddenda
683 5178 803 5253 illis,
839 5178 964 5258 quae
995 5189 1155 5243 habet
1183 5187 1358 5244 Calles
1385 5191 1578 5244 Annal.
1624 5190 1730 5248 Ec-

187 5241 448 5332 clelsn.“t:‘V_,-
465 5274 514 5324 ι).
546 5257 648 5311 856

197 5317 371 5404 Iste)
409 5317 607 5404 Nempe
627 5344 678 5404 a_.
703 5317 869 5404 I9'9'3;
900 5343 968 5381 ex
995 5329 1280 5384 Bertholdo
1305 5344 1392 5382 an.
1421 5329 1548 5386 IIOI
1580 5347 1730 5385 mor—

1839 4639 2109 4696 ordinavit
2137 4637 2450 4708 episcopum
2490 4635 2662 4704 (867).
2695 4625 2820 4690 Otto
2852 4648 2982 4686 vero
3020 4629 3278 4701 depulsus
3299 4642 3425 4696 pos-

1839 4733 2136 4789 sessionem
2174 4728 2418 4798 ejusdem
2459 4725 2739 4790 Ecclesiaz,
2781 4739 2902 4793 quae
2935 4721 3136 4777 dicitur
3170 4717 3427 4773 Colmbra

1841 4825 2010 4897 (868),
2051 4821 2208 4886 adiit,
2261 4819 2463 4889 ubique
2522 4833 2632 4874 uno
2685 4830 2824 4887 pene
2867 4831 3014 4869 anno
3061 4819 3431 4869 commoratus
3488 4827 3496 4839 ο

1836 4918 2006 4972 vitam
2039 4912 2232 4968 finivit.

1845 5050 2089 5104 trilmens
2126 5046 2275 5100 illum
2321 5042 2462 5097 male
2512 5058 2637 5097 cum
2681 5037 3002 5095 Gehehardo
3049 5035 3090 5089 ll
3122 5031 3432 5091 confundit.

1843 5118 2104 5180 Xantnm,
2146 5116 2234 5168 nhi
2282 5113 2605 5182 praepositus
2643 5122 2798 5182 antea
2835 5116 3012 5182 eratL
3035 5106 3239 5182 cliviae
3272 5107 3432 5182 oppi-

1842 5191 1969 5245 dum
1997 5176 2236 5240 est’cum
2261 5176 2455 5251 insigni
2499 5185 2628 5239 olim
2656 5178 2882 5236 ecclesia
2913 5178 3195 5247 collegiata
3226 5176 3280 5231 in
3301 5176 3438 5236 dite-

1841 5261 1953 5316 cesi
1982 5254 2310 5312 Coloniensi.

1913 5327 2063 5404 (899)
2104 5326 2222 5404 yid.
2269 5321 2563 5404 Bgrthpldi
2594 5323 2808 5404 Chron._
2823 5319 3022 5404 Iarban.
3057 5317 3215 5404 1984.
