3970 5406
191 223 300 286 3H

1121 232 1513 289 CHRONICON
1551 230 2182 290 PETERSIIUSANUM.
2217 261 2286 271 —
2322 228 2447 284 UB.
2493 225 2574 281 ΙΙΙ»

3365 215 3471 271 ειη

192 353 264 405 ad
301 348 688 405 monasterium
732 355 1035 412 revocatus,
1072 362 1134 400 ac
1175 348 1320 416 prior
1352 349 1514 401 totius
1546 361 1770 418 congre-
1803 345 1854 406 Α
1881 342 2133 398 omnibus
2176 338 2655 397 accommodando.
2715 337 2793 391 Ad
2834 335 2938 390 hoc
2982 330 3277 388 accedebat
3324 333 3470 400 quod

195 441 436 512 gationis
457 438 754 511 appellatus
774 447 991 494 strenue
1020 452 1118 508 per
1149 439 1364 508 aliquod
1413 449 1622 508 tempus
1647 455 1779 508 prae-

195 532 318 587 fuit.

361 622 391 695 ς
433 623 516 678 \I.
544 622 814 688 Quomodo
843 622 1192 677 Theodoricus
1224 623 1499 677 ordinatus
1521 632 1617 676 est.

268 714 429 766 Anno
446 713 516 766 ab
538 712 906 766 incarnatione
933 711 1142 766 Domini
1167 721 1409 767 unum
1427 711 1782 768 Gebehardus

195 801 396 856 tertius
420 802 663 871 ejusdem
706 799 940 855 nominis
987 799 1415 858 Coustantiensis
1451 803 1783 858 reverendus

192 891 510 960 episcopus,
539 890 754 945 eximiis
781 891 1035 960 precibus
1064 891 1372 960 impetravit
1391 907 1420 945 a
1451 891 1784 946 Willihelmo

194 981 339 1036 divae
375 983 653 1037 memoria:
681 983 1048 1053 llirsaugiensi
1087 982 1300 1044 abbate,
1335 991 1391 1036 ut
1421 983 1783 1037 venerabilem

196 1073 378 1127 virum
409 1072 804 1129 Theodoricum
859 1075 1187 1130 monasterio
1227 1073 1287 1129 S.
1318 1073 1590 1146 Gregorii,
1641 1075 1785 1144 quod

195 1164 405 1218 dicitur
466 1163 671 1220 Domus
718 1163 885 1231 Petri,
950 1166 1229 1236 dirigeret,
1294 1173 1565 1234 quatenus
1609 1164 1786 1219 eidem

193 1262 464 1323 praeesset
511 1263 569 1310 et
623 1255 929 1324 regularem
972 1257 1137 1311 vitam
1173 1257 1300 1312 inibi
1328 1255 1483 1326 juxta
1539 1271 1785 1310 normam

193 1344 284 1396 ε·ιί
308 1345 627 1400 monasterii
675 1346 1001 1401 institueret.
1031 1345 1184 1414 Quod
1213 1362 1335 1402 cum
1365 1347 1712 1417 impetrasset
1735 1355 1790 1401 et

195 1434 341 1489 idem
367 1434 742 1492 Theodoricus
792 1438 1146 1493 transmissus
1187 1438 1514 1503 advenisset,
1545 1453 1612 1493 ex
1655 1453 1790 1492 con-

194 1528 349 1582 cordi
381 1527 646 1599 petitione
677 1529 918 1584 omnium
950 1529 1176 1584 fratrum
1214 1530 1490 1586 ordinavit
1532 1544 1654 1585 eum
1679 1530 1789 1601 jam

192 1620 382 1676 dictus
405 1620 693 1692 episcopus
721 1620 970 1676 abbatem
1003 1621 1175 1676 eidem
1203 1621 1532 1678 monasterio
1563 1621 1614 1676 in
1641 1619 1791 1676 festi-

1881 434 2132 490 omnibus
2162 434 2323 490 nimis
2368 440 2488 487 erat
2530 430 2714 500 largus
2749 438 2802 483 ct
2852 426 3071 483 sibimet
3098 423 3198 495 ipsi
3230 438 3466 494 parcns;

1883 541 2007 581 nam
2036 540 2233 595 corpus
2259 540 2412 580 suum
2437 521 2661 592 jejttniis
2697 521 2877 575 nintiis
2906 517 3224 573 attenuabat
3244 557 3257 574 .
3286 517 3470 571 omni-

1884 621 1982 675 bus
2014 631 2196 675 autem
2224 633 2406 674 secum
2442 617 2805 677 manentibus,
2831 613 2998 667 sedet
3033 609 3474 676 adventantibus,

1883 727 2099 766 omnem
2131 709 2522 765 abundantiam
2547 707 2842 762 tribuebat.
2878 703 3030 759 [inde
3058 704 3223 757 etiam
3254 715 3473 768 semper

1886 802 1937 855 in
1968 800 2204 855 maximo
2241 813 2442 869 angore
2494 806 2611 853 erat
2656 796 2886 866 positus,
2934 795 3190 866 quoniam
3223 791 3477 849 maximis

1885 893 2083 948 debitis
2139 890 2346 963 jugiter
2392 901 2513 947 erat
2561 889 2849 952 astrictus;
2895 895 3006 939 atta
3068 901 3161 949 eu,
3211 883 3473 954 quoniam

1888 985 1940 1039 in
1996 985 2223 1041 Domino
2272 983 2575 1056 sperabat,
2625 981 2740 1052 ipse
2790 979 2936 1036 facili
2983 978 3237 1049 largitate
3281 987 3477 1034 cuncta

1888 1076 2163 1134 reddebat.

2610 1167 2749 1240 εχ.

1958 1262 2112 1318 Anno
2151 1261 2218 1316 ab
2266 1261 2533 1316 incarnat.
2557 1261 2710 1315 Dom.
2741 1275 2913 1324 Ixcn,
2943 1256 3271 1313 venerabilis
3312 1256 3481 1312 abbas

1889 1352 2262 1408 'l‘heodoricus
2287 1351 2549 1422 capellam
2598 1351 2651 1406 in
2693 1350 2995 1405 meridiana
3036 1349 3193 1420 plaga
3244 1347 3483 1404 basilica:

1889 1459 2048 1500 secus
2106 1445 2479 1500 sanctuarium
2533 1443 2586 1498 in
2639 1442 2788 1498 edito
2827 1441 3135 1496 construxit
3181 1441 3232 1496 itt
3272 1441 3479 1496 honore

1891 1534 1950 1590 S.
1982 1534 2252 1592 Uodalrici
2284 1533 2544 1604 episcopi,
2600 1541 2656 1589 et
2701 1532 2758 1587 S.
2808 1531 3034 1595 Nicolai,
3079 1540 3134 1584 ct
3181 1528 3241 1585 S.
3291 1528 3476 1593 Alne,

1891 1636 2055 1695 atque
2089 1624 2190 1680 SS.
2223 1623 2451 1681 Joannis
2499 1633 2554 1680 et
2597 1624 2777 1688 Pauli,
2801 1640 2850 1678 vt
2904 1623 3021 1678 Kal.
3062 1621 3189 1678 Julii
3239 1620 3482 1676 dedicari

194 1713 370 1766 vitate
397 1711 459 1767 S.
499 1711 762 1768 Barnaba:
805 1712 1032 1784 apostoli
1065 1712 1237 1786 (872),
1289 1728 1522 1784 eumque
1580 1711 1790 1777 dilexit,
1821 1706 1871 1767 Β
1899 1718 2045 1774 fecit.
2078 1716 2378 1775 Collocavit
2412 1726 2593 1773 autem
2626 1717 2707 1771 ibi
2739 1715 2998 1786 reliquias
3025 1723 3359 1770 sanctorum.
3389 1751 3403 1766 .
3429 1752 3445 1767 .

195 1803 338 1861 fovit
363 1815 440 1873 et,
485 1807 541 1862 in
575 1807 985 1878 quibuscunque
1024 1807 1222 1878 potuit,
1261 1807 1309 1862 ei
1351 1819 1566 1878 semper
1595 1805 1789 1862 solatio

194 1898 324 1954 fuit.

894 1990 922 2064 §
964 1992 1070 2046 VII.

270 2080 578 2138 Ordinatus
601 2091 779 2138 autem
806 2085 950 2139 omni
1000 2085 1335 2156 religiositati
1375 2099 1596 2156 operam
1619 2084 1786 2151 dedit,

195 2185 256 2231 et
284 2176 498 2230 animas
521 2185 577 2230 et
610 2191 842 2246 corpora
886 2176 1227 2232 subditorum
1258 2177 1402 2232 omni
1429 2175 1790 2232 sollicitudine

198 2267 542 2336 procuravit,
573 2282 783 2321 summa
807 2266 1090 2336 disciplina
1121 2267 1339 2322 eosdem
1371 2267 1642 2333 educavit,
1691 2282 1791 2320 nu-

201 2377 416 2415 merum
445 2361 834 2430 discipulorum
884 2360 1264 2431 multiplicavit
1313 2361 1383 2415 ita
1445 2367 1502 2414 ut
1553 2359 1606 2414 in
1638 2358 1787 2413 brevi

198 2453 489 2524 plusquam
523 2453 883 2524 quadraginta
937 2454 1230 2508 monachos
1267 2460 1323 2506 et
1366 2450 1595 2522 amplius
1625 2464 1789 2520 quant

199 2545 597 2615 quinquaginta
650 2543 906 2599 barbatos
935 2542 1134 2600 fratres
1172 2544 1415 2607 haberet,
1459 2542 1655 2612 quibus
1675 2557 1791 2595 οιιι-

200 2655 326 2693 nem
351 2637 744 2692 abundantiam
795 2638 972 2693 victus
993 2646 1049 2693 et
1077 2637 1305 2692 vestitus
1343 2635 1534 2690 tribuit
1580 2649 1792 2690 eorum-

199 2745 309 2799 que
342 2729 513 2784 vitam
543 2728 599 2783 in
631 2743 821 2798 magna
852 2727 1194 2784 districtione
1216 2727 1478 2784 coercuit.

899 2843 927 2916 ς
967 2843 1096 2900 vnt.

275 2957 342 3012 Et
374 2959 498 3028 quia
521 2957 722 3013 chorus
745 2965 865 3012 erat
900 2958 1102 3022 brevis,
1133 2958 1388 3028 quoniam
1435 2957 1655 3029 gradus,
1695 2971 1794 3027 per

202 3066 344 3120 quos
377 3050 429 3105 in
459 3050 829 3105 sanctuarium
881 3049 1295 3114 ascendebatur,
1341 3048 1520 3104 locum
1562 3065 1796 3119 occupa-

204 3142 358 3205 bant,
395 3141 598 3210 gradus
655 3140 908 3195 diminuit
954 3140 1210 3211 lapidum.
1263 3151 1319 3195 et
1346 3157 1630 3196 numerum
1675 3157 1793 3194 ant-

206 3235 397 3302 pliavit
426 3236 761 3297 canentium,
785 3243 840 3289 et
860 3235 1066 3303 lapides
1112 3235 1334 3290 abstulit
1359 3243 1522 3304 atque
1546 3235 1797 3290 homines

208 3340 311 3393 pro
353 3325 432 3379 eis
455 3325 506 3379 in
531 3324 709 3379 locum
744 3327 980 3395 ipsorum
1005 3327 1317 3390 constituit;
1346 3327 1573 3381 chorum
1598 3325 1798 3395 quippe

208 3415 523 3469 sanctuario
563 3431 700 3486 pene
749 3418 1072 3486 coaequavit,
1101 3434 1208 3488 uno
1233 3426 1442 3472 tantum
1478 3418 1646 3489 gradu
1675 3432 1799 3470 san-

205 3509 421 3562 ctuario
441 3510 900 3578 supereminente,
928 3520 1090 3580 atque
1117 3510 1189 3564 ita
1225 3509 1279 3564 in
1317 3511 1482 3566 choro
1526 3510 1799 3565 stantibus

207 3599 387 3655 locum
413 3599 681 3656 dilatavit.
707 3639 725 3656 .
751 3639 766 3656 .

926 3693 955 3766 ε
993 3693 1083 3750 tx.

277 3805 438 3879 347
463 3808 538 3862 De
568 3808 700 3878 ipsis
729 3817 908 3864 autem
938 3811 1194 3881 gradibus
1232 3825 1368 3880 quos
1399 3810 1467 3867 de
1491 3810 1658 3866 choro
1683 3825 1801 3866 sus-

211 3895 426 3963 tulerat,
454 3897 558 3951 alia
588 3898 844 3968 deinceps
880 3899 1106 3956 tedilieia
1127 3900 1422 3956 decoravit.
1453 3900 1798 3956 Lavatorium

211 3987 408 4057 quippe
429 3987 577 4051 fecit,
607 3988 695 4043 ubi
731 3999 938 4057 partem
965 3991 1276 4047 eorumdem
1309 3992 1574 4063 graduum
1605 3991 1788 4062 posuit

215 4085 268 4131 et
290 4078 587 4146 capitulum
635 4087 692 4133 et
732 4088 900 4135 totum
951 4081 1003 4135 in
1053 4083 1284 4138 circuitu
1329 4084 1610 4139 renovavit
1646 4083 1795 4138 clau-

217 4178 402 4224 strum.
440 4169 716 4225 Ambitum
767 4187 982 4242 quoque
1027 4174 1173 4228 cella:
1219 4190 1377 4230 muro
1422 4173 1797 4239 circumdedit,

216 4262 306 4315 sed
359 4272 415 4317 et
467 4264 739 4333 porticum
807 4281 970 4334 super
1035 4265 1345 4336 sepulturas
1392 4275 1797 4322 antecesserunt

218 4368 432 4408 suorum
483 4356 742 4410 abbatum
798 4354 944 4410 fecit.
993 4355 1117 4412 Haec
1169 4367 1348 4413 autem
1386 4358 1569 4414 omnia
1598 4368 1652 4413 et
1692 4359 1795 4412 alia

218 4443 405 4499 dehinc
437 4446 706 4500 narranda
754 4460 861 4499 non
894 4461 959 4501 ex
998 4447 1318 4514 redditihns,
1367 4465 1466 4504 nec
1500 4466 1565 4504 ex
1593 4449 1798 4506 divitiis

220 4531 446 4599 ejusdem
475 4535 603 4599 loci,
634 4535 728 4590 sed
756 4551 824 4590 cx
858 4536 1239 4593 donationibus
1273 4539 1509 4595 fidelium
1536 4557 1800 4596 consum-

222 4629 414 4695 mavit,
461 4630 721 4700 quoniam
771 4639 995 4698 propter
1039 4631 1334 4686 novitatem
1389 4632 1602 4689 munda:
1650 4633 1798 4700 vita,

223 4735 331 4788 qum
376 4736 550 4791 nuper
597 4721 650 4775 in
699 4721 857 4776 istam
903 4731 1246 4790 processerat
1291 4737 1388 4793 per
1420 4739 1542 4777 eum
1583 4723 1806 4794 provin-

221 4812 370 4879 ciam,
420 4830 613 4869 omnes
642 4829 766 4869 eum
816 4814 1137 4870 excolebant
1165 4827 1220 4870 et
1260 4814 1512 4870 amabant
1541 4813 1726 4885 plures
1747 4813 1798 4870 ei

221 4919 273 4959 se
300 4921 504 4978 suaque
532 4908 819 4962 dedentes.
847 4906 953 4960 Sed
981 4917 1035 4961 et
1056 4909 1343 4978 episcopus
1371 4906 1803 4977 Coustantiensis

221 5001 563 5059 Gebchartlus
605 5019 768 5073 quam
800 5001 1036 5056 maxime
1081 5019 1204 5058 eum
1249 5003 1472 5074 juvabat
1513 5003 1710 5068 dando,
1749 5010 1806 5057 et

225 5113 562 5170 quoscunque
590 5096 692 5153 sibi
721 5097 793 5151 ob
821 5093 1008 5164 culpas
1035 5111 1160 5153 suas
1197 5097 1462 5153 obnoxios
1495 5105 1602 5152 tam
1646 5094 1804 5151 cleri-

221 5205 303 5246 cos
327 5209 488 5262 quam
515 5191 688 5247 laicos
728 5189 780 5244 ei
813 5187 1206 5246 committendo
1246 5199 1321 5253 et,
1371 5189 1624 5258 quoniam
1657 5187 1802 5241 idem

219 5281 365 5341 Pater
391 5285 659 5342 facundus
683 5289 811 5338 erat
861 5278 1066 5350 lingua,
1118 5296 1304 5338 aurem
1342 5280 1630 5352 benignam
1661 5277 1714 5333 ei
1744 5276 1800 5332 in

2607 1828 2635 1899 ς
2681 1827 2769 1882 χι.

1967 1924 2096 1978 Dein
2126 1930 2387 1994 sequente
2432 1937 2598 1985 anno,
2645 1920 2748 1974 hoc
2774 1927 2858 1973 est
2895 1917 3189 1972 Dominica:
3232 1915 3485 1970 incarna-

1893 2016 2058 2071 tionis
2093 2029 2263 2070 uxcm
2285 2055 2300 2078 ,
2325 2012 2512 2068 indict.
2547 2028 2588 2074 ι.
2616 2010 2744 2066 fecit
2769 2008 3034 2080 capellam
3062 2022 3128 2064 ex
3175 2005 3484 2076 aquilonari

1890 2117 2044 2178 parte
2095 2105 2349 2169 sacrarii,
2391 2119 2622 2175 eamque
2652 2120 2684 2157 v
2711 2103 2837 2158 ldus
2865 2101 3017 2172 Sept.
3069 2097 3307 2156 dedicari
3357 2097 3490 2152 fecit

1894 2198 1946 2254 in
1989 2199 2195 2252 honore
2241 2196 2301 2252 S.
2337 2197 2430 2252 Dei
2467 2196 2754 2267 genitricis
2780 2195 2984 2260 Mariae,
3015 2203 3072 2250 et
3097 2192 3329 2250 aliorum
3361 2206 3487 2246 san-

1891 2300 2103 2343 ctorum
2123 2329 2138 2352 ,
2173 2305 2407 2359 quorum
2439 2288 2684 2359 reliquiae
2716 2288 2788 2342 ibi
2820 2286 3111 2343 habentur.
3139 2325 3153 2340 .
3181 2324 3197 2340 .
3227 2284 3310 2338 Ad
3348 2282 3491 2338 hanc

1892 2381 2153 2450 capellam
2194 2390 2492 2436 conventus
2521 2380 2668 2436 omni
2700 2382 2792 2436 die
2833 2389 2956 2451 post
3001 2392 3260 2449 vesperos
3289 2384 3344 2430 et
3373 2391 3493 2430 ma-

1895 2475 2100 2528 tutinos
2152 2474 2207 2528 in
2257 2475 2464 2530 honore
2511 2473 2571 2529 S.
2622 2473 2806 2529 Maria
2857 2471 3174 2528 solemniter
3211 2467 3488 2540 procedit,

1896 2564 2080 2634 ibique
2112 2573 2237 2633 post
2267 2565 2542 2619 canticum
2588 2573 2645 2618 et
2691 2563 3045 2634 antiphonam
3093 2569 3254 2630 atque
3281 2558 3490 2614 oratio-

1895 2669 2019 2708 nem
2072 2653 2190 2721 ejus
2219 2695 2233 2720 ,
2279 2670 2542 2725 vesperos
2591 2655 2706 2710 sive
2764 2654 3063 2709 matutinos
3121 2652 3190 2707 de
3235 2649 3492 2707 omnibus

1895 2746 2098 2802 sanctis
2126 2755 2182 2801 et
2212 2762 2312 2818 pro
2337 2746 2608 2803 defunctis
2631 2746 2801 2801 canit.
3003 2750 3010 2757 ’

2671 2856 2786 2912 XII.

2671 2857 2786 2912 Xll.
2894 2902 2896 2904 ,

1965 2950 2132 3024 348
2151 2950 2283 3006 ltetn
2313 2964 2456 3005 anno
2485 2857 2637 3004 Doms.
2665 2950 2937 3004 inrarnat.
2966 2963 3180 3010 Ivcnn,
3209 2946 3397 3002 indict.
3424 2961 3488 3009 tt.

1823 3067 1869 3130 ρ
1902 3042 2273 3099 Theudoricus
2302 3041 2468 3097 abbas
2509 3041 2770 3112 capellam
2801 3040 2862 3098 S.
2897 3041 3176 3096 Michaelis
3207 3040 3493 3095 renovavit

1899 3144 1953 3189 et
1983 3135 2173 3199 anxit;
2217 3145 2334 3189 erat
2360 3133 2506 3189 enim
2535 3133 2858 3203 parvissima
2892 3133 2964 3188 ita
2998 3143 3055 3186 ut
3083 3133 3170 3186 vix
3205 3129 3490 3185 duodecint

1899 3226 2148 3282 homines
2173 3241 2368 3296 capere
2398 3225 2683 3295 potuisset.
2718 3225 2809 3280 Est
2837 3226 3036 3295 quippe
3058 3225 3212 3296 juxta
3247 3222 3493 3277 inlirnta-

1900 3317 2077 3377 riam,
2128 3315 2272 3372 inter
2317 3331 2480 3386 quam
2535 3325 2591 3372 et
2633 3314 2744 3384 jam
2802 3315 3002 3370 dictam
3058 3311 3323 3383 capellam
3373 3319 3494 3365 erat

1899 3406 2145 3469 aedicula,
2181 3405 2234 3459 in
2261 3421 2371 3476 qua
2399 3407 2565 3461 etiam
2584 3406 2913 3480 plerumque
2951 3404 3152 3460 infirmi
3187 3402 3492 3472 cubabant;

1899 3513 2060 3568 quam
2093 3497 2383 3568 praedictus
2411 3497 2580 3553 abbas
2613 3498 2898 3553 destruens
2927 3495 3148 3567 capellae
3178 3493 3408 3557 addidit,
3430 3507 3496 3546 ac

1900 3606 2096 3645 novum
2132 3590 2302 3645 altare
2333 3589 2644 3654 fabricavit,
2675 3605 2905 3662 eamque
2934 3605 2964 3644 a
2990 3578 3283 3643 venerabili
3320 3584 3496 3641 Gebe-

1901 3680 2073 3736 bardo
2093 3680 2370 3751 episeopo,
2407 3681 2570 3736 tertio
2600 3678 2716 3749 eius
2747 3680 3002 3742 nominis,
3047 3679 3189 3736 sicut
3234 3687 3287 3731 et
3334 3691 3494 3745 snpe-

1902 3773 2103 3838 viores,
2122 3773 2363 3827 dedicari
2395 3771 2695 3841 fecit(875)
2717 3771 2804 3825 die
2831 3769 3012 3824 Nonas
3038 3768 3163 3824 Julii
3196 3769 3249 3822 itt
3282 3767 3492 3821 honore

1901 3863 2110 3919 Domini
2141 3873 2197 3919 et
2239 3862 2296 3918 S.
2325 3864 2540 3928 crucis,
2572 3863 2881 3932 specialiter
2910 3877 3039 3916 vero
3089 3862 3142 3915 in
3191 3860 3397 3915 honore
3429 3857 3489 3914 S.

1900 3956 2082 4011 Mariae
2111 3956 2305 4012 matris
2333 3956 2566 4023 Domini,
2597 3964 2652 4011 et
2681 3954 2738 4011 S.
2763 3954 3043 4010 Michaelis
3085 3951 3395 4024 archangeli
3439 3960 3498 4007 et

1899 4047 2139 4103 ennium
2168 4055 2506 4103 sanctorum.

2589 4133 2616 4207 ς
2662 4132 2797 4190 xut.

1974 4252 2080 4309 Sed
2109 4261 2164 4308 et
2192 4249 2454 4322 capellam
2484 4248 2548 4305 S.‘
2567 4248 2804 4321 Andreas
2831 4249 3203 4322 augtnentavit
3232 4257 3288 4303 et
3315 4248 3493 4305 eidem

1900 4348 2086 4404 addita
2133 4344 2359 4400 aedificia
2407 4343 2654 4400 barbatis
2701 4344 2965 4398 fratribus
3013 4343 3336 4413 deputavit,
3376 4359 3498 4414 qua!

1824 4428 1876 4492 D
1903 4437 2054 4508 prius
2088 4444 2246 4492 erant
2274 4420 2585 4492 habitacula
2623 4437 2881 4490 abbatum
2920 4435 3165 4506 ejusdem
3213 4433 3338 4491 loci.
3375 4434 3496 4507 Ipsa

1905 4541 2085 4588 autem
2116 4529 2323 4601 capella
2356 4538 2476 4584 erat
2509 4514 2665 4584 valde
2693 4528 2935 4600 parvula,
2969 4538 3076 4584 etc.
3103 4566 3120 4582 .
3146 4568 3162 4584 .

2198 4621 2236 4694 ᾗ.
2271 4619 2406 4676 XIV.
2454 4619 2650 4687 Quales
2682 4619 2967 4692 discipulos
2993 4621 3196 4675 habuit.

1979 4714 2222 4770 l’iahebat
2276 4720 2459 4767 autem
2513 4711 2654 4766 idem
2694 4728 2814 4767 ven.
2847 4709 3010 4764 Pater
3059 4719 3186 4765 tunc
3240 4709 3501 4780 temporis

1905 4805 2153 4877 egregios
2198 4803 2348 4858 viros
2371 4843 2386 4867 ,
2417 4801 2574 4856 valde
2611 4802 2891 4872 religiosos
2913 4842 2928 4866 ,
2959 4803 3180 4870 optimae
3210 4798 3398 4856 forma:
3443 4808 3499 4853 et

1909 4897 2169 4955 doctrina:
2197 4895 2297 4950 sub
2327 4909 2457 4947 cura
2486 4909 2581 4947 sua
2609 4934 2622 4955 ,
2659 4895 2712 4948 in
2757 4893 2955 4963 quibus
2982 4902 3141 4946 erant
3188 4890 3500 4946 Meinradns

1908 4988 2118 5060 pridem
2144 4985 2334 5046 abbas,
2357 4981 2424 5036 de
2448 4998 2555 5052 quo
2577 4982 2827 5052 superius
2857 4979 3145 5036 retulimus
3173 4978 3339 5051 (874).
3368 4976 3502 5034 Ber—

1909 5077 2154 5135 nhardus
2228 5073 2607 5138 scholasticus,
2657 5083 2714 5128 et
2763 5072 2972 5136 Cuono,
3023 5070 3389 5130 Wernharius
3437 5069 3505 5125 de

1906 5169 2161 5227 Alshnsin
2191 5165 2434 5234 caiigans
2464 5164 2658 5229 oculis,
2691 5161 3028 5221 Gozhalmtts
3053 5175 3108 5221 et
3135 5160 3504 5226 Eberhardns,

1909 5276 2074 5334 atque
2128 5255 2718 5326 Heinricusscriptor.
2786 5253 2850 5309 lli
2895 5269 3093 5315 omnes
3145 5273 3212 5311 ex
3264 5250 3507 5325 antiquis
