4010 5328
590 293 698 381 5ιὸ

1351 297 1692 355 ᾹΡΡΕΝΒΙΧ
1731 299 1822 353 AD
1859 295 2254 353 CHRONICON
2296 295 2656 353 ΠΕΒΜᾹΧΝῘ
2686 278 3103 355 CONTRACTI.

3744 299 3837 356 5η

589 411 893 475 fratribus;
937 408 1032 465 sed
1083 415 1142 463 et
1191 407 1475 478 Sigiherus
1521 410 1872 475 scolasticus,
1903 415 1960 463 et
1988 408 2176 477 Eppo,
2204 408 2256 470 Δ
2283 419 2511 465 vocatur
2562 410 2982 469 Andoltisbuocb
3042 411 3229 481 (87-7),
3281 421 3335 467 et
3386 411 3591 468 fecerat
3647 415 3841 482 novalia

588 510 762 570 atque
786 497 1143 554 Gebehardus
1170 513 1305 554 avus
1336 515 1512 556 mens.
1541 538 1556 552 .
1585 538 1602 553 .
1926 540 1927 543 η
2066 566 2069 569 _

661 590 1011 647 Bernhardus
1034 631 1053 658 ,
1080 603 1243 659 quem
1278 590 1442 647 etiam
1471 592 1721 661 superius
1755 589 2175 655 nominavimus,

577 685 784 741 doctor
817 692 939 739 erat
979 682 1215 739 eximius
1240 723 1255 748 ,
1286 683 1600 740 monasticae
1622 698 1839 753 quoque
1880 682 2178 753 disciplinae

587 785 777 832 custos
824 775 1021 831 enituit
1073 776 1542 847 diligentissimus.
1585 776 1687 832 Hic
1733 775 1969 845 quadam
2019 783 2178 830 nocte

586 864 856 923 visionem
924 866 1100 932 vidit,
1150 881 1314 937 quant
1379 866 1494 937 ipse
1559 863 1763 920 litteris
1814 863 2175 935 comprehen-

583 958 822 1015 die...

1284 1047 1313 1119 ς
1354 1045 1474 1101 xv.

660 1160 793 1216 Erat
836 1159 977 1214 alius
1023 1158 1246 1230 quidam
1277 1158 1587 1229 presbyter,
1620 1158 1808 1214 (Συοηο
1836 1157 2058 1214 nomine
2080 1196 2096 1223 ,
2126 1156 2180 1210 in

589 1256 706 1325 ipso
742 1254 1090 1317 monasterio,
1136 1269 1299 1324 quem
1343 1255 1506 1309 etiam
1553 1262 1711 1308 antea
1757 1252 2183 1318 nominavimus,

591 1350 700 1415 vir,
753 1350 998 1418 inquam,
1049 1347 1320 1404 formosus
1347 1349 1523 1413 valde,
1574 1363 1640 1403 ex
1683 1347 1961 1419 prioribus
1990 1361 2180 1402 mona-

588 1441 735 1505 chis,
765 1441 858 1510 qui
900 1440 1066 1495 etiam
1097 1438 1662 1511 Rinaugiensis-(875)
1692 1438 2010 1495 monasterii
2038 1438 2182 1509 regi-

590 1546 715 1589 men
771 1535 1100 1603 promeruit,
1162 1534 1289 1590 illuc
1355 1533 1521 1606 359
1580 1534 1778 1604 quippe
1833 1534 1886 1588 in
1931 1534 2181 1588 abbatem

590 1636 907 1698 assumptus
946 1627 1153 1694 fuerat;
1200 1628 1292 1682 sed
1323 1627 1558 1697 quadam
1603 1628 1692 1682 die
1740 1636 1930 1682 contra
1967 1642 2183 1682 servum

586 1718 666 1780 ira
699 1727 1031 1786 commotus,
1056 1733 1180 1773 eum
1226 1733 1349 1773 cum
1379 1716 1596 1789 pessulo
1625 1717 1847 1774 incaute
1884 1718 2179 1788 percussit,

588 1828 656 1869 ex
692 1829 800 1883 quo
836 1813 947 1870 ictu
999 1814 1141 1867 idem
1180 1812 1346 1868 homo
1392 1812 1657 1867 inﬁrmari
1708 1812 1875 1882 erepit
1929 1821 1985 1866 et
2015 1812 2178 1866 vitam

594 1903 791 1958 finivit.
820 1902 894 1957 Ea
927 1919 1024 1973 pro
1053 1902 1209 1972 culpa
1241 1916 1349 1958 non
1381 1902 1561 1958 solum
1590 1902 1917 1974 presbyterii
1951 1902 2178 1968 honore,

555 2021 567 2029 -
589 1997 685 2050 sed
716 2004 775 2049 et
806 1993 1091 2064 regiminis
1134 2002 1219 2049 est
1249 1994 1494 2063 privatus
1519 1982 1805 2065 dignitate.
1832 1992 1975 2063 Ergo
2004 1994 2186 2061 ipsum

596 2088 778 2144 locum
802 2086 1042 2156 reliquit,
1068 2094 1128 2154 et
1154 2085 1206 2141 in
1232 2085 1592 2156 provinciam,
1619 2100 1740 2154 quae
1770 2092 1998 2140 vocatur
2024 2083 2178 2149 Riez,

587 2178 915 2250 abiit’atque
951 2180 1007 2234 in
1036 2179 1244 2235 eisdem
1288 2179 1545 2246 partibus
1566 2177 1925 2248 pontiﬁcatus.
1946 2175 2179 2233 cilicium

585 2271 717 2328 sibi
748 2271 1127 2327 fraudulenter
1171 2270 1495 2341 usurpavit,
1557 2268 1817 2325 ecclesias
1868 2267 2180 2333 dedicavit,

588 2364 845 2421 homines
866 2366 990 2421 oleo
1031 2363 1464 2420 conﬁrmationis
1514 2363 1777 2418 fallaciter
1824 2364 2078 2435 perunxit
2126 2371 2184 2417 et

590 2458 698 2513 alia
723 2458 1056 2528 pontiﬁcalia
1086 2455 1267 2513 ofﬁcia
1295 2455 1527 2526 peregit,
1556 2464 1613 2510 et
1639 2454 1838 2510 exinde
1868 2470 1974 2510 non
2003 2453 2184 2509 modi-

590 2565 711 2604 cam
740 2549 842 2605 sibi
876 2549 1161 2620 pecuniam
1205 2548 1537 2619 aggregavit.
1584 2546 1831 2616 Cumque
1857 2546 1910 2601 in
1942 2545 2046 2601 hoc
2083 2560 2185 2601 V09

2278 499 2443 574 350
2470 502 2615 558 circa
2647 517 2725 569 se,
2753 513 2809 560 et
2832 494 3112 560 videbatur
3141 505 3282 561 idem
3306 504 3456 573 locus
3483 507 3549 561 ad
3576 507 3840 560 servitium

2283 594 2492 650 Domini
2519 604 2876 665 opportunus.
2908 596 3203 667 Postquam
3229 612 3356 652 vero
3375 597 3490 667 jam
3518 588 3700 653 dictus
3726 599 3841 657 soli-

2282 685 2455 740 tarius
2490 686 2542 741 in
2572 685 2800 742 Domino
2828 689 3098 757 pausavit,
3126 685 3412 744 Udalricus
3439 676 3846 761 cotnesrogavit

2281 792 2406 832 ven.
2444 777 2837 839 Theodoricum
2874 788 2939 834 ut
2981 778 3180 836 ibidem
3218 780 3415 838 cellam
3460 782 3775 846 mdificaret,
3799 793 3846 837 et

2280 869 2580 941 regularem
2610 870 2777 925 vitam
2810 871 2939 927 inibi
2972 872 3281 927 institueret
3308 891 3328 926 ;
3349 874 3494 944 quod
3526 872 3616 930 ille
3644 891 3849 944 prorsus

2281 977 2339 1018 se
2366 963 2545 1018 facere
2569 962 2882 1033 abnegavit,
2907 963 3009 1018 nisi
3039 963 3289 1018 eumdem
3331 963 3508 1020 locum
3536 967 3852 1022 monasterio

2282 1067 2383 1107 suo
2416 1053 2469 1107 in
2520 1053 2904 1123 proprietatem
2949 1056 3321 1119 contraderet,
3366 1066 3425 1111 ut
3452 1057 3496 1111 si
3551 1055 3851 1119 laboraret,

2282 1143 2515 1214 aliquem
2557 1144 2683 1201 inde
2728 1145 2892 1200 etiam
2941 1144 3178 1205 fructum
3230 1147 3554 1219 perciperet.
3604 1148 3733 1202 Inde
3774 1148 3849 1202 diu

2283 1233 2469 1293 habita
2516 1234 2908 1305 deliberatione
2954 1238 3166 1292 tandem
3220 1253 3402 1294 eomes
3452 1239 3769 1303 consensit,
3804 1251 3853 1295 ct

2285 1327 2541 1396 reliquias
2589 1338 2935 1389 sanctorum,
2987 1344 3108 1399 rpite
3151 1328 3202 1384 in
3254 1329 3376 1385 loco
3424 1330 3735 1385 solitudinis
3755 1331 3857 1400 iam

2286 1417 2465 1473 dictus
2506 1433 2697 1477 servus
2727 1418 2819 1473 Dei
2864 1418 2918 1472 in
2943 1419 3186 1473 oratorio
3206 1433 3310 1475 suo
3340 1418 3634 1484 habuerat,
3660 1420 3729 1475 ad
3757 1437 3855 1476 tuo-

2288 1507 2583 1564 nasterium
2616 1509 2673 1563 S.
2699 1507 2945 1579 Gregorii
2976 1509 3301 1578 transmisit,
3327 1524 3391 1564 ac
3404 1520 3594 1581 postea
3623 1513 3854 1567 eumdem

2286 1600 2485 1664 locum,
2516 1601 2605 1670 qui
2640 1610 2865 1657 vocatur
2888 1601 3336 1668 Audoltisbuoch,
3374 1613 3430 1657 et
3458 1603 3624 1677 aliam
3666 1618 3857 1671 posses-

2288 1690 2496 1745 sionem
2527 1730 2542 1754 ,
2593 1704 2714 1760 quae
2759 1690 2961 1762 dicitur
2989 1690 3369 1749 Hasuuwuwa
3400 1692 3553 1763 (878)
3594 1692 3857 1748 Petrisbu-

2215 1763 2257 1823 Β
2284 1783 2432 1839 sensi
2486 1783 2817 1849 monasterio
2878 1783 2935 1839 in
3002 1794 3318 1855 perpetuam
3366 1785 3757 1856 proprietatem
3813 1794 3859 1839 et

2281 1874 2646 1931 ministerium
2694 1875 2939 1931 fratrum
2972 1876 3084 1932 Deo
3124 1886 3181 1933 et
3228 1876 3287 1933 S.
3325 1876 3593 1949 Gregorio
3624 1893 3722 1948 per
3751 1893 3858 1932 suc-

2281 1969 2559 2025 cessiones
2587 1977 2887 2039 temporum
2921 1968 3120 2025 ibidem
3138 1970 3344 2041 jugiter
3380 1970 3739 2024 servientium
3775 1984 3857 2024 co.

2282 2077 2401 2117 ratu
2453 2062 2660 2118 idoneis
2728 2064 2958 2120 testibus
3019 2063 3223 2133 absque
3290 2065 3397 2120 ulla
3440 2065 3862 2121 contradictione

2280 2155 2615 2211 contradidit
2642 2170 2707 2211 ea
2757 2156 3097 2221 conditione,
3140 2166 3202 2211 ut.
3229 2158 3428 2213 ibidem
3458 2158 3608 2213 cella
3644 2158 3861 2213 adifica-

2283 2258 2457 2314 retur,
2505 2256 2560 2303 et
2611 2249 3001 2305 monachorum
3042 2250 3306 2306 habitatio
3353 2265 3452 2321 pro
3482 2250 3746 2307 facultate
3773 2252 3867 2309 loci.

2277 2338 2483 2413 jugiter
2502 2342 2818 2398 haberetur.
3199 2386 3203 2390 .

2951 2433 2980 2505 §
3022 2435 3205 2491 xvuL

2357 2548 2470 2604 Hac
2495 2532 2784 2606 donatione
2812 2560 3029 2620 peracta
3073 2550 3240 2620 coepit
3287 2549 3454 2606 abbas
3501 2551 3865 2607 Theodericus

592 2643 793 2699 lentati
836 2657 949 2699 sua
993 2641 1150 2712 plene
1197 2639 1586 2706 satisfecisset,
1620 2638 1881 2710 depositis
1926 2638 2191 2694 vanitatis
2280 2642 2543 2723 enuntiem.
2583 2642 2760 2698 locum
2816 2642 3052 2699 incolere
3079 2684 3101 2709 λ
3141 2653 3197 2698 et
3250 2644 3422 2699 multo
3471 2644 3665 2702 labore
3716 2656 3865 2715 atque

590 2751 703 2791 sum
750 2734 935 2791 infulis
979 2737 1046 2789 ad
1093 2733 1480 2790 monasterium
1527 2748 1684 2789 suum
1732 2732 2055 2803 pristinum,
2081 2732 2184 2787 hoc

592 2838 678 2884 cst
730 2828 958 2883 Domum
1013 2826 1162 2883 Petri
1218 2826 1422 2893 rediit,
1477 2835 1531 2881 et
1576 2825 2002 2896 semagisterio
2059 2839 2183 2878 ven.

2288 2746 2504 2804 sumptu
2532 2736 2831 2791 oratorium
2871 2735 2942 2789 ibi
2977 2744 3031 2791 et
3070 2736 3367 2790 claustrum
3393 2752 3460 2791 ex
3494 2737 3698 2806 ligneis
3728 2740 3858 2792 labu-

2282 2825 2412 2900 latis
2436 2826 2764 2890 construxit,
2792 2827 2939 2897 quod
2983 2826 3036 2881 in
3074 2827 3338 2883 honorem
3370 2827 3431 2883 S.
3462 2828 3609 2884 Petri
3650 2830 3867 2895 apostoli

592 2920 912 2976 Theoderici
944 2919 1157 2975 abbatis
1199 2917 1458 2974 subdidit.
1503 2915 1750 2988 Cumque
1797 2915 1985 2971 altaris
2012 2914 2188 2970 officio
2288 2919 2528 2984 dedicari
2560 2919 2708 2981 fecit,
2757 2930 2841 2985 et,
2864 2919 3135 2992 deputatis
3184 2921 3310 2977 illuc
3340 2921 3551 2979 idoneis
3592 2920 3866 2986 fratribus,

582 3010 707 3078 iure
735 3020 969 3075 careret,
992 3020 1048 3067 et
1078 3019 1260 3066 tamen
1288 3009 1373 3065 vir
1401 3009 1554 3065 valde
1576 3009 1805 3064 idoneus
1828 3016 1994 3071 esset,
2019 3006 2187 3063 abbas

2291 3011 2624 3067 ltleinradum
2655 3011 2829 3084 (879),
2854 3013 2920 3067 de
2959 3029 3079 3083 quo'
3100 3014 3261 3068 etiam
3290 3015 3540 3084 superius
3566 3016 3863 3079 retulimus,

593 3102 970 3160 Theudoricus
1021 3102 1245 3160 obnixis
1293 3101 1549 3173 precibus
1608 3100 1750 3171 apud
1803 3098 2182 3155 Gebehardum
2212 3125 2257 3188 ο
2289 3104 2367 3160 cis
2398 3105 2657 3176 prtcfecit.
2688 3104 2929 3176 Cumque
2955 3107 3265 3177 aliquandiu
3296 3109 3403 3164 illic
3432 3110 3865 3173 demorarentur,

590 3196 905 3266 episcopum
935 3196 1244 3267 impetravit
1294 3195 1439 3267 quod
1465 3194 1513 3249 ei
1555 3195 1770 3248 tandem
1803 3193 2003 3248 missas
2023 3204 2183 3263 agere

591 3288 880 3343 concessit.
910 3325 926 3342 .
951 3327 966 3343 .

873 3400 904 3472 ξ
943 3399 1083 3456 XVI.
1129 3401 1207 3456 De
1244 3399 1496 3456 Udclrico
1531 3401 1907 3470 Briganliensr.

669 3511 829 3568 Circa
871 3512 989 3569 hare
1019 3521 1267 3583 tempora
1294 3514 1453 3568 multi
1502 3510 1885 3568 familiaritatis
1931 3527 2179 3582 magnam

488 3626 491 3631 ⁴
592 3605 823 3676 gratiam
854 3604 1128 3661 habebant
1158 3603 1300 3675 apud
1331 3619 1455 3658 ven.
1490 3604 1912 3667 Theodericum,
1944 3619 2009 3658 eo
2036 3604 2183 3673 quod

593 3697 711 3765 ipse
737 3705 884 3752 esset
926 3696 1011 3751 vir
1038 3695 1322 3767 religiosus
1365 3704 1421 3750 et
1462 3694 1720 3764 prudens,
1773 3702 1829 3750 et
1856 3692 2005 3748 utilis
2056 3704 2179 3750 actu

593 3799 649 3845 et
697 3790 925 3846 consilio
954 3803 977 3847 ε,
998 3799 1053 3845 et
1103 3790 1222 3845 ideo
1272 3789 1483 3845 nobiles
1517 3797 1571 3844 et
1619 3787 1815 3843 divites
1863 3787 2065 3857 quique
2113 3786 2180 3841 ad

594 3895 718 3937 eum
749 3876 1145 3936 enaveniebaut
1186 3881 1427 3951 undique
1471 3888 1529 3936 et
1575 3877 1694 3948 ejus
1740 3878 1988 3950 exemplo
2018 3886 2185 3949 atque

592 3971 819 4028 consilio
847 3972 1116 4041 proficere
1150 3971 1460 4044 cupiebant.
1511 3969 1660 4025 Inter
1706 3984 1848 4039 quos
1895 3968 2183 4025 Udalricus

590 4065 940 4138 Brigantinus
968 4065 1116 4137 (876)
1162 4078 1344 4120 comes
1372 4062 1460 4118 vir
1487 4061 1859 4118 nobiiissimns
1884 4071 1939 4117 et
1966 4060 2179 4132 specio-

591 4171 684 4210 sus
716 4157 1004 4211 maximam
1036 4156 1269 4211 habebat
1297 4154 1592 4210 amicitiam
1623 4170 1746 4210 cum
1773 4169 1838 4210 eo
1872 4162 1925 4209 et
1950 4153 2181 4209 familia-

590 4250 834 4309 ritatem.

1274 4337 1502 4410 s‘xvu.

2286 3207 2340 3252 et
2390 3213 2645 3254 numerus
2703 3198 2932 3253 fratrum
2981 3199 3166 3271 augeri
3219 3202 3612 3281 cepisset,_et
3661 3211 3865 3271 propter

2287 3291 2673 3362 longitudinem
2729 3301 2787 3347 et
2830 3291 3197 3349 difficultatem
3250 3294 3462 3348 itineris
3519 3294 3775 3350 victualia
3819 3301 3865 3345 et

2285 3398 2514 3453 qumque
2560 3382 2867 3438 necessaria
2911 3381 3017 3438 illic
3058 3384 3272 3440 deferre
3302 3383 3524 3438 minime
3553 3384 3869 3454 potuissent,

2284 3489 2350 3529 eo
2398 3475 2540 3544 quod
2591 3474 2731 3529 idem
2790 3473 2942 3530 locus
3000 3475 3159 3545 longe
3213 3476 3268 3530 in
3317 3474 3452 3530 saltu
3500 3476 3643 3532 situs
3699 3486 3865 3536 esset.

2283 3565 2525 3620 inierunt
2545 3567 2828 3622 consilium
2856 3576 2915 3620 ut
2945 3566 3135 3621 cellam
3165 3568 3231 3621 ad
3262 3566 3598 3638 Brigantiam
3632 3577 3865 3637 transpt»

2284 3668 2499 3720 nerent,
2546 3659 2634 3713 ubi
2680 3657 2874 3713 fratres
2904 3658 3116 3715 facilius
3143 3669 3201 3714 et
3227 3661 3590 3732 opportunius
3622 3676 3867 3717 necessu-

2282 3748 2367 3804 ria
2399 3748 2603 3805 habere
2636 3750 2959 3820 potuissent.

2972 3861 3184 3935 grex.

2355 3995 2526 4069 Igitur
2579 3995 2752 4051 abbas
2810 3994 3184 4052 Theodoricus
3240 3997 3390 4052 venit
3436 3997 3504 4053 ad
3555 3997 3738 4054 locum
3785 4010 3869 4066 qut

2283 4090 2483 4146 dicitur
2526 4089 2883 4160 Brigantium.
2913 4100 2969 4146 et
2995 4105 3179 4147 secum
3223 4089 3448 4144 adduxit
3491 4091 3865 4149 Gebchardnm

2282 4183 2616 4253 episcopum,
2647 4193 2701 4237 et
2726 4181 3088 4248 Meinradum,
3116 4189 3280 4251 atque
3315 4180 3668 4237 Uodalrieum
3708 4180 3867 4236 comi—

2286 4285 2393 4332 tem
2432 4291 2557 4331 cum
2599 4275 2720 4330 aliis
2765 4275 2893 4330 huic
2920 4274 3140 4344 negotio
3168 4273 3513 4336 necessariis,
3543 4273 3867 4345 arriderent

2284 4367 2504 4423 ubinam
2546 4366 2681 4422 cella
2708 4365 2965 4421 aedificari
3013 4364 3309 4430 debuisset,
3353 4365 3613 4434 quoniam
3652 4363 3860 4433 quidem

666 4457 731 4511 Et
761 4466 883 4513 erat
911 4458 1132 4528 quidam
1166 4456 1464 4522 soiitarius,
1494 4459 1711 4513 nomine
1743 4456 1929 4520 Diedo,
1974 4458 2067 4526 qui
2099 4455 2181 4512 fee
2212 4476 2260 4537 ο
2284 4474 2406 4516 eam
2446 4459 2514 4514 de
2545 4459 2684 4515 saltu
2713 4457 3011 4528 permutari
3047 4456 3364 4528 placuisset.
3393 4455 3493 4511 Diu
3527 4471 3660 4527 ergo
3689 4457 3755 4510 de
3782 4452 3865 4508 his

530 4550 533 4557 ’
593 4564 743 4612 cerat
800 4552 900 4608 sibi
948 4549 1246 4605 oratorium
1286 4558 1343 4604 et
1387 4547 1756 4603 habitaculum
1808 4548 1862 4601 in
1907 4546 2045 4602 saltu
2090 4549 2182 4619 qui

670 4747 815 4822 (875)
874 4745 1026 4822 quae
1082 4743 1327 4811 Gernngt
1382 4743 1727 4822 tn'_abbatia_
1772 4744 2177 4822 Rhenangicnsi

592 4815 738 4875 circa
768 4815 858 4873 an.
894 4816 1033 4871 1090
1076 4829 1362 4869 successor
1402 4815 1610 4884 primus
1655 4815 1727 4868 ibi
1758 4817 2179 4871 consuetudines

590 4889 1007 4961 llirsaugienses
1035 4901 1101 4940 ex
1129 4901 1238 4961 suo
1267 4885 1944 4961 uiuitasteriointromittit.
1982 4886 2179 4961 Perpe-

593 4971 735 5017 trato
756 4955 942 5014 autem
961 4956 1165 5019 casuali
1197 4955 1488 5028 homicidio
1516 4956 1701 5011 relicta
1730 4956 1992 5028 dignitate
2017 4956 2175 5011 alior-

592 5049 711 5088 sum
739 5031 878 5086 clam
906 5029 1065 5092 abiit,
1092 5026 1416 5096 episcopalia
1441 5041 1657 5096 quoque
1680 5026 1860 5081 munia
1884 5026 1984 5081 sibi
2017 5044 2174 5082 usur-

594 5118 751 5173 pans.
776 5098 1544 5173 ScriptorprovinciamRiez
1574 5106 1752 5173 vocat,
1779 5099 1921 5173 quod
1950 5097 2170 5173 dubium

591 5168 696 5228 est.
747 5187 816 5226 an
867 5168 938 5225 de.
984 5169 1144 5223 Riesa
1197 5184 1290 5222 seu
1344 5169 1538 5225 liiezza
1586 5168 1879 5223 lthgtiensi
1928 5183 2062 5228 pago
2115 5168 2169 5222 in

2287 4552 2472 4608 habita
2500 4551 2892 4608 deliberatione
2913 4549 3115 4621 placuit
3140 4549 3270 4615 illis,
3295 4558 3374 4615 ut,
3399 4548 3551 4620 juxta
3579 4547 3866 4603 ecclesiam

2283 4747 2464 4790 sermo
2488 4729 2861 4803 sitinihilque
2885 4728 2952 4803 de
2979 4727 3239 4803 dignitate
3267 4733 3637 4803 memoretnr._
3675 4795 3686 4803 _
3784 4791 3797 4803 _

2355 4803 2504 4875 (876)
2544 4801 2668 4856 Vixi.
2698 4794 2859 4870 supra
2993 4794 3245 4875 ll-,_§\20.
3269 4796 3375 4875 ilic
3412 4798 3483 4875 de
3504 4794 3858 4875 Udalricojlt:

2282 4862 2439 4935 aiore
2471 4862 2651 4929 sermo
2680 4862 2799 4934 est',
2830 4871 2920 4941 qui
2956 4870 3008 4941 in
3045 4862 3235 4941 clmrta
3269 4867 3483 4941 Henrici
3520 4867 3583 4921 IV
3613 4882 3701 4920 an.
3734 4862 3860 4941 Νξῦό

2284 4946 2569 5005 Odalricus
2616 4957 2801 4998 eomes
2848 4936 2915 4996 de
2963 4939 3663 5009 Braganit-aAnonninatur,
3714 4936 3861 5009 cujus

2283 5019 2572 5075 Comitatus
2617 5014 2670 5068 in
2721 5011 3031 5071 Chnmalia
3079 5006 3219 5064 situs
3274 5007 3394 5063 fuit.
3443 5008 3668 5079 Hergott
3711 5019 3750 5061 t.
3798 5006 3856 5068 ll,

2283 5108 2337 5161 p.
2376 5088 2498 5161 1'50.
2534 5084 2652 5161 yid.
2683 5083 2912 5153 disquis.
3297 5152 3309 5161 _
3370 5151 3382 5161 .
3576 5150 3608 5161 ._
3658 5149 3673 5161 _
3736 5147 3754 5161 '
3781 5148 3793 5157 .

2354 5160 2503 5228 (877)
2546 5147 2922 5213 Videtur-esse
2948 5147 3327 5222 Rudelspuceh
3369 5151 3422 5205 in
3469 5149 3713 5219 capitulo
3736 5147 3847 5201 Liu-
