4010 5328
185 322 273 387 345

1028 312 1421 371 ΟΗΠΟΝΙΕΟΝ
1459 312 2092 372 I’ETERSHUSANUM.
2130 348 2201 359 —
2228 314 2355 372 LIB.
2396 315 2484 372 III.

3304 314 3413 368 διδ

180 441 384 511 cium
404 431 552 504 351
573 424 675 481 loci
702 424 876 491 fieret,
906 433 959 482 si
998 426 1317 484 Ludewicus
1354 426 1503 497 (880)
1523 440 1709 481 cautes
1741 437 1760 493 ,ε

1867 444 1932 483 un
1963 439 2081 501 ejus
2110 428 2349 499 potentia
2397 427 2566 498 ipsam
2616 425 2672 480 in
2721 423 3129 481 matrimonium
3164 421 3413 492 accipete

184 544 311 587 suam
343 533 536 597 partem
581 522 819 593 ejusdem
871 521 1118 576 ecclesiae
1151 521 1217 575 ad
1253 521 1355 575 hoc
1395 519 1716 593 permittere

182 622 432 685 voluisset;
455 628 534 673 est
558 618 699 671 enim
722 617 793 671 ibi
818 616 1046 671 ecclesia
1063 613 1421 684 baptismalis,
1436 612 1592 682 cujus
1606 626 1718 667 me-

182 702 327 769 dietas
345 709 475 765 sicut
494 717 545 762 et
568 707 715 763 silva:
741 717 788 760 et
814 708 1053 759 Olllltltltll
1078 704 1384 759 retldituum
1408 701 1723 758 earumdem

182 803 379 877 partium
406 800 631 869 pertinet
654 797 720 876 ad
750 794 1215 851 Pluliudorfcnses
1243 810 1530 865 proceres,
1562 794 1726 850 sicuti

184 903 229 948 et
251 892 399 947 altera
428 891 685 944 medietas
712 890 779 941 ad
814 887 1238 959 Brigantieuscs.
1264 885 1449 954 Itaque
1474 883 1728 938 Ludewi-

184 1002 263 1041 cus
299 998 471 1040 comes
501 997 840 1053 nequaquam
886 981 1154 1048 acquievit
1203 988 1259 1032 ut
1315 990 1527 1048 partem
1572 993 1726 1032 suam

185 1076 406 1134 traderet.
436 1073 548 1140 Qua
574 1075 640 1127 de
666 1088 724 1126 re
753 1079 969 1126 cassato
998 1069 1165 1140 priori
1199 1067 1428 1123 consilio
1451 1074 1732 1123 verterunt

183 1184 231 1222 se
254 1165 365 1219 alio.
399 1165 461 1218 Et
504 1164 761 1233 quoniam
801 1163 951 1230 prior
982 1160 1116 1216 cella
1147 1158 1439 1230 quamdam
1472 1157 1729 1213 casellam

182 1267 304 1325 juxta
331 1256 669 1325 possederat,
721 1252 863 1308 hanc
907 1251 1161 1305 adierunt
1207 1257 1261 1302 et
1308 1248 1733 1318 circumquaque

183 1352 300 1405 inter
324 1349 513 1401 fruteta
541 1345 717 1399 locum
746 1352 1112 1414 opportunum
1140 1341 1508 1411 quaesierunt,
1537 1354 1599 1393 ac
1624 1338 1731 1391 Do-

183 1439 306 1499 mino
346 1445 794 1508 praemonstrante
837 1435 1191 1488 invenerunt.
1240 1430 1372 1484 Nam
1404 1446 1528 1483 ven.
1561 1428 1737 1484 Gebe-

184 1528 355 1587 Itardus
377 1529 499 1582 dum
526 1526 736 1582 orando
778 1524 1127 1588 circumiret,
1160 1531 1214 1576 et
1246 1521 1361 1576 loca
1408 1519 1731 1590 circumSpi-

185 1630 306 1677 ceret
348 1629 401 1675 et
446 1619 791 1691 exploraret,
842 1634 951 1670 tino
982 1617 1034 1670 in
1065 1615 1181 1671 loco
1224 1623 1445 1684 repente
1495 1611 1741 1669 substitit

183 1722 225 1767 et
260 1712 323 1766 ibi
366 1710 551 1767 cellam
585 1709 699 1764 fieri
723 1706 1006 1778 judicavit.

258 1866 265 1871 κ
848 1800 878 1873 §
919 1798 1041 1855 xx.

240 1897 470 1961 Omnium
517 1912 652 1968 ergo
680 1887 822 1949 votis
873 1894 927 1948 in
962 1894 1196 1962 idipsum
1241 1886 1740 1963 concordantibus,

186 1992 327 2062 ctrpit
350 1989 723 2044 Theodericus
746 1986 820 2041 ibi
843 1984 1033 2040 cellam
1059 1991 1408 2043 construere,
1440 1987 1495 2034 et
1525 1968 1741 2046 sumptu

186 2093 323 2154 atque
346 2081 614 2153 stipendio
634 2080 717 2135 sui
752 2076 1093 2143 monasterii,
1124 2076 1210 2130 cui
1241 2074 1381 2130 idem
1405 2074 1578 2137 locus,
1606 2071 1748 2124 sicut

188 2185 234 2229 et
270 2173 427 2246 prior,
483 2172 536 2226 in
589 2171 979 2242 proprietatem
1030 2168 1262 2223 traditus
1308 2164 1520 2229 fuerat,
1570 2162 1749 2234 primo

187 2268 372 2337 quidem
400 2266 735 2331 oratorium,
767 2262 964 2318 deinde
995 2262 1295 2317 claustrum
1336 2257 1485 2329 (881)
1510 2299 1526 2323 ,
1565 2255 1748 2310 omnia

188 2374 242 2416 ex
268 2356 488 2413 tabulatu
521 2356 703 2426 ligneo
734 2350 1025 2407 rediticavit
1073 2358 1127 2404 et
1160 2351 1212 2404 in
1250 2350 1458 2404 bonore
1508 2345 1569 2402 S.
1604 2343 1750 2399 Petri

190 2449 401 2504 dedicari
443 2447 608 2511 fecit;
656 2444 994 2500 Meinradum
1039 2449 1221 2496 autem
1270 2439 1467 2495 ibidem
1500 2437 1750 2492 abbatem

192 2539 470 2604 constituit,
520 2538 668 2593 sicut
716 2544 772 2589 et
815 2534 946 2590 olim
979 2533 1122 2603 apud
1157 2532 1383 2587 Domum
1437 2528 1583 2583 Petri
1627 2525 1751 2580 fuit.

190 2630 289 2701 Ipse
309 2626 480 2686 tamen
513 2629 831 2698 frequenter
854 2641 978 2682 eum
1011 2624 1189 2679 locum
1229 2620 1487 2678 visitabat
1536 2628 1590 2675 et
1638 2617 1755 2688 ejus

192 2725 488 2779 utilitatibus
541 2721 931 2793 prospiciebat.
989 2717 1122 2772 Nam
1189 2715 1306 2772 fere
1371 2730 1467 2786 per
1517 2713 1758 2783 quinque

194 2830 369 2882 annos,
396 2814 661 2886 quidquid
702 2813 768 2867 de
801 2811 1128 2867 Eicbstcttin
1161 2807 1227 2861 ad
1256 2804 1544 2861 Petrisbus
1573 2801 1761 2857 venire

196 2908 459 2972 debuerat,
483 2907 550 2961 ad
573 2903 991 2959 a'tlilicationem
1022 2900 1214 2954 harum
1239 2897 1468 2951 duarum
1500 2893 1759 2949 cellarum

196 2999 527 3069 expendebat.
580 2996 663 3051 Ad
720 2997 836 3050 lucc
887 3007 1076 3049 sacras
1131 3000 1311 3046 vestes
1366 2998 1420 3044 ct
1481 2988 1650 3041 libros
1698 2999 1762 3040 ac

1767 1791 1809 1803 ’Ὦ

1822 528 2132 590 cogeretur,
2160 526 2216 573 et
2238 518 2612 588 juramentum
2657 516 2803 587 quod
2850 515 2973 571 ﬁliae
3005 512 3304 570 Wornlieri
3327 510 3425 579 ju-.

1825 623 2042 670 raverat
2069 613 2413 677 emendavit,
2440 622 2496 667 et
2523 611 2706 668 omnia
2753 625 2877 681 qua
2919 610 2992 665 illi
3043 607 3425 680 spoponderat

1827 705 1893 761 de
1939 705 2052 761 suis
2101 703 2339 775 propriis
2386 703 2644 759 reddidit.
2689 701 2843 763 Unde
2891 701 3092 758 factum
3123 707 3251 761 at.
3294 712 3429 751 cunt

1827 797 2187 869 quorumdam
2220 810 2443 852 suorum
2489 793 2926 851 ministerialium
2960 792 3204 849 redditus
3238 798 3294 844 et
3325 787 3415 842 be-

1830 886 2025 941 neﬁcia
2072 886 2199 940 illuc
2226 886 2420 953 daret,
2451 894 2508 940 et
2545 899 2640 941 eos
2667 883 2804 939 alias
2840 891 3099 954 poneret,
3142 890 3205 936 ut
3256 878 3420 933 etiam

1831 977 2094 1046 quosdam
2128 977 2194 1030 ad
2231 974 2554 1046 Bigiubusin
2587 973 2941 1037 transferret,
2982 987 3213 1040 quorum
3243 978 3420 1040 poste-

1834 1071 1968 1124 ritas
2015 1070 2194 1124 adbuc
2249 1069 2320 1123 ilti
2374 1068 2542 1139 viget.
2598 1067 2739 1137 Ergo
2790 1082 2855 1121 ex
2908 1066 3040 1128 bac,
3091 1071 3152 1117 ut
3202 1059 3424 1132 Opinor,

1833 1164 2123 1219 occasione
2172 1162 2317 1217 idem
2378 1162 2639 1231 prmdium
2697 1157 3029 1215 monasterio
3084 1154 3424 1213 subtractum

1836 1252 2036 1309 fuerat.

2516 1356 2544 1427 ς
2597 1355 2756 1410 xxu.

1909 1473 2099 1543 Igitur,
2151 1482 2212 1527 ut
2260 1472 2511 1542 superius
2561 1471 2764 1524 dictum
2794 1476 2910 1532 est,
2972 1474 3031 1519 ut
3087 1460 3425 1533 Brigantium

1841 1566 2110 1633 reciperet
2183 1563 2467 1618 Udalricus
2540 1575 2765 1623 comes,
2817 1555 3154 1612 monasterio
3207 1552 3427 1623 quidem

1842 1655 2129 1711 I‘elrisbus
2170 1652 2489 1724 Bigiubusin
2531 1649 2800 1722 restituit,
2848 1658 2905 1702 ct
2945 1649 3014 1701 de
3043 1643 3430 1699 Andoltisbuoc

1845 1758 1899 1803 et
1925 1747 2307 1802 Hasuuuouwa
2335 1744 2468 1799 nihil
2500 1752 2583 1798 est
2609 1750 2840 1812 gestum.
2873 1738 2981 1795 Sed
3003 1737 3147 1809 quod
3179 1734 3435 1805 primitus

1847 1840 2255 1895 fueraLactum
2310 1835 2570 1891 remansit
2625 1835 2920 1897 intactum;
2978 1846 3042 1885 ex
3103 1825 3430 1898 negligentia

1847 1941 2027 1987 autem
2077 1937 2389 1983 nostrorum
2424 1925 2606 1981 cessit
2652 1925 2706 1979 in
2754 1938 2910 1977 usum
2956 1918 3434 1990 Brigantiuorum,

1848 2021 2101 2094 quamvis
2127 2018 2295 2074 etiam
2322 2015 2702 2071 concambium
2731 2011 3105 2084 Brigantiuum
3132 2021 3239 2061 non
3272 2001 3436 2058 fuerit

1850 2093 2187 2185 legitimum;
2217 2110 2475 2180 quoniam
2504 2117 2558 2162 et
2587 2105 2908 2175 Bigiuhusin
2938 2102 3091 2172 prius
3119 2093 3439 2153 monasterii

1851 2206 2063 2270 fuerat,
2113 2213 2168 2258 ct
2216 2202 2320 2257 hoc
2368 2209 2497 2255 tunc
2536 2199 2662 2269 jure
2710 2197 2875 2251 etiam
2924 2194 3046 2248 sine
3092 2186 3441 2257 coemptione

1854 2298 2166 2354 restitutum
2192 2294 2336 2365 quod
2369 2291 2543 2347 fuerat
2592 2289 2780 2343 fraude
2828 2284 3090 2340 ablatum.
3139 2279 3247 2334 Pro
3276 2289 3437 2332 οτηερ

1854 2389 2054 2447 mentis
2079 2396 2262 2441 autem
2306 2393 2362 2439 et
2402 2381 2726 2438 utensilibus
2752 2374 2999 2431 ecclesiae
3045 2383 3152 2427 tam
3184 2371 3236 2425 in
3267 2366 3444 2423 sacris

1854 2482 2098 2537 vestibus
2127 2491 2183 2534 et
2228 2476 2464 2532 metallis
2509 2481 2566 2528 et
2610 2471 2764 2525 libris
2818 2481 2980 2537 quam
3025 2465 3078 2518 in
3126 2468 3443 2517 sanctorum

1856 2574 2137 2646 reliquiis,
2185 2587 2306 2644 qua:
2349 2586 2380 2625 a
2418 2566 2751 2625 monasterio
2780 2563 2907 2617 illuc
2950 2559 3167 2614 fuerant
3195 2554 3447 2617 directa,

1856 2679 1918 2723 ut
1945 2667 2056 2722 illic
2084 2671 2495 2736 permanerent,
2525 2660 2646 2713 data
2678 2665 2805 2711 sunt
2836 2668 2941 2707 xxx
2976 2650 3197 2705 talenta.
3228 2645 3324 2700 His
3368 2643 3447 2698 ita

1859 2760 2027 2832 gestis
2050 2764 2331 2826 creperum
2358 2751 2647 2806 ecclesiam
2677 2763 2745 2802 ex
2780 2743 3049 2815 lapidibus
3075 2737 3372 2794 aedificare.

2511 2865 2538 2938 ς
2596 2861 2787 2918 xxut.

1934 2990 2039 3046 Per
2089 2988 2229 3043 idem
2286 2994 2498 3052 tempus
2550 2977 2834 3036 Udalricus
2877 2986 3062 3029 eomes
3110 2964 3352 3040 perrexit
3382 2964 3451 3019 ad
3498 3026 3501 3027 ν

198 3102 480 3147 sanctorum
514 3088 802 3157 reliquias,
829 3094 938 3140 tam
970 3100 1063 3139 eas
1091 3097 1209 3153 qua:
1264 3080 1515 3151 primitus
1542 3075 1760 3130 directae

1867 3082 2194 3150 Bretingcn,
2226 3087 2280 3134 ct
2328 3077 2399 3130 ibi
2431 3089 2527 3146 per
2572 3071 2775 3140 aliquot
2821 3067 2938 3121 dies
2985 3061 3301 3117 morabatur
3326 3072 3451 3112 cum

196 3144 1012 3241 fuerantfdeAttiloltisbuocb,
1061 3144 1223 3244 quam
1266 3144 1411 3225 alias
1460 3167 1659 3223 multas
1710 3174 1760 3221 et

1870 3171 2218 3230 multitudine
2246 3144 2499 3231 suorum;
2530 3172 2583 3218 et
2608 3161 2840 3231 quadam
2884 3157 2971 3211 die
3014 3149 3289 3223 juvenculi
3335 3155 3457 3217 post

202 3273 491 3346 magniﬁcas
522 3267 826 3343 (contulit).

873 3358 903 3430 §
941 3355 1082 3410 XM.

260 3455 450 3511 Deinde
506 3471 633 3510 cum
687 3452 829 3507 idem
883 3450 1036 3503 locus
1085 3445 1352 3517 prolicere
1408 3438 1669 3510 coepisset
1717 3445 1774 3490 et

205 3545 477 3612 ditescere,
504 3550 799 3613 cwpcrunt
830 3548 1068 3595 tractare
1091 3552 1196 3606 qua
1224 3534 1432 3588 ratione
1455 3531 1596 3585 idem
1622 3528 1773 3582 locus

205 3636 424 3693 libertate
466 3636 645 3707 possit
691 3632 904 3687 denari.
953 3627 1032 3683 De
1077 3627 1179 3681 hoc
1226 3624 1394 3693 igitur
1442 3620 1534 3675 diu
1587 3617 1775 3673 habito

206 3727 406 3783 consilio
457 3730 818 3787 invenerunt,
873 3719 1185 3776 nullatenus
1216 3718 1320 3771 hoc
1376 3713 1571 3768 tnelius
1616 3724 1777 3781 posse

208 3820 325 3884 fieri,
351 3820 449 3875 nisi
476 3829 535 3873 ut
556 3832 745 3873 corres
767 3812 1054 3871 Udalricus
1074 3804 1473 3865 Petrisltusensi
1508 3811 1780 3857 monaste-

209 3911 279 3965 rio
302 3913 553 3982 pnedium
573 3952 589 3973 ,
638 3908 785 3981 quod
815 3905 1017 3961 dicitur
1046 3901 1369 3973 Biginhusin
1404 3896 1552 3967 (882)
1574 3936 1589 3959 ,
1635 3893 1779 3964 (ιιιοὰ

210 4013 339 4071 pater
362 4019 489 4058 suus
510 4003 643 4058 olim
674 4002 1004 4063 donaverat,
1040 3995 1329 4057 redderet,
1373 4002 1431 4046 et
1476 3992 1591 4059 ipse
1622 4001 1781 4043 versa

211 4090 311 4144 vice
335 4092 671 4163 Brigantiam
718 4105 748 4142 a
799 4085 1132 4143 monasterio
1164 4084 1453 4154 reciperet.
1501 4076 1783 4147 Siquidem

213 4184 334 4240 idem
363 4201 544 4241 comes
569 4184 749 4238 adhuc
772 4181 1085 4236 adolescens
1110 4178 1273 4250 352
1298 4176 1463 4229 filiam
1489 4169 1785 4226 Wet-uberi

215 4277 404 4333 comitis
446 4277 514 4333 de
560 4275 963 4331 IIabicbisburc
990 4271 1137 4341 (885i
1181 4270 1283 4325 sibi
1331 4270 1787 4338 desponsaverat,

216 4379 263 4426 et
280 4372 323 4426 ei
344 4371 618 4443 sponsalia
635 4368 953 4438 iuramento
976 4366 1324 4427 ﬁrmaverat;
1347 4363 1442 4417 sed
1472 4360 1790 4430 priusquam

217 4476 319 4517 eam
343 4463 654 4534 acciperet,
686 4460 910 4515 devenit
938 4472 1062 4513 cum
1104 4454 1347 4509 Well‘one
1375 4452 1512 4507 duce
1545 4450 1612 4504 ad
1642 4447 1789 4504 Cha-

220 4549 484 4608 laminzam
517 4551 704 4624 (εει),
753 4559 809 4604 ct
858 4547 1113 4604 concubit
1146 4545 1379 4600 latenter
1424 4556 1546 4596 cum
1594 4539 1790 4593 Bertlta

222 4642 312 4699 lilia
343 4644 584 4701 Ruodolli
624 4644 774 4715 (885‘,
825 4641 1002 4711 regis,
1030 4652 1253 4707 remque
1279 4633 1448 4688 voluit
1471 4632 1668 4694 latere;
1698 4627 1794 4684 sed

224 4738 378 4807 puclla
408 4737 796 4810 promulgavit,
823 4734 1011 4803 sicque
1043 4730 1243 4785 factum
1269 4733 1354 4783 est
1382 4734 1442 4779 ιιι
1464 4722 1794 4794 propinquo-

284 4874 418 4945 (880)
455 4874 545 4945 Ex,
571 4879 829 4945 contextu
880 4862 1320 4945 Ludovicus‘bic
1365 4871 1550 4945 comes
1573 4852 1796 4945 th'i‘l‘en-

229 4924 1023 5001 dorfen’sis—"fuisseevincitur,
1071 4935 1161 5006 qui
1198 4933 1336 5006 forte
1374 4932 1537 5006 etiam
1573 4924 1790 5006 IIeIl‘en-

228 4995 494 5071 ualidius
524 4995 693 5081 fuit,
735 5021 899 5080 atque
938 5009 986 5062 is
1012 4995 1150 5076 ipse
1189 5005 1348 5081 facile
1396 4995 1791 5081 fueritnctljlls

230 5067 645 5157 uxtireiitﬂrapuit
661 5067 1041 5157 btto'cotnes,
1058 5067 1134 5157 'ut_
1174 5077 1411 5157 videtur,
1442 5067 1790 5157 Moittfqrt‘i‘t‘t‘s

228 5136 965 5222 ᾖῖέὶῖἰᾷξιὶίὶῖιῐίρξδδδξγίιι.
993 5136 1265 5205 Bcrtholdi
1282 5136 1497 5222 euroo.
1514 5158 1604 5222 an.
1630 5136 1789 5222 rosa.

1820 4500 1869 4560 Ι)

1870 3264 2157 3340 prandium
2209 3259 2571 3314 ascenderunt
2610 3254 2760 3325 juxta
2795 3250 2846 3304 in
2878 3244 3221 3317 supercilium
3256 3238 3457 3295 montis

1873 3325 2113 3419 excelsi,
2165 3359 2220 3407 et
2257 3355 2541 3418 eruperunt
2587 3361 2717 3398 saxa
2758 3337 3007 3395 evolvere
3044 3335 3097 3388 in
3141 3330 3335 3385 vallem
3374 3325 3460 3395 jo-

1874 3447 2032 3505 candi
2064 3443 2257 3515 gratia.
2292 3441 2359 3496 Et
2389 3452 2516 3494 ecce
2560 3450 2700 3490 unus
2728 3430 2946 3487 nomine
2992 3429 3223 3496 Opertus
3268 3434 3458 3475 saxum

1875 3510 2108 3603 evolvit,
2142 3546 2197 3593 et
2243 3543 2304 3589 ut
2351 3548 2409 3588 se
2457 3529 2840 3587 observarent,
2871 3518 2967 3591 qui
2996 3518 3190 3574 subtus
3236 3516 3288 3568 in
3324 3510 3461 3565 valle

1876 3642 2060 3697 erant,
2092 3624 2473 3701 proclamavit.
2507 3619 2721 3676 Accidit
2742 3626 2921 3671 autem
2961 3620 3021 3666 ιιι
3063 3623 3246 3665 comes
3296 3601 3463 3659 Udal-

1878 3728 2023 3783 ricus
2048 3692 2280 3778 econtra
2309 3712 2712 3775 deambularet,
2747 3717 2803 3762 et
2845 3703 3006 3776 353
3056 3701 3222 3755 icttnn
3269 3692 3467 3783 lapidis

1879 3817 2155 3876 declinare
2201 3810 2411 3874 noluit,
2461 3804 2557 3862 sed
2610 3802 2748 3859 saltu
2799 3794 3075 3853 transilire
3123 3789 3314 3847 voluit.
3371 3782 3469 3837 sed

1880 3912 2020 3983 lapis
2066 3923 2190 3963 eum
2233 3905 2286 3959 in
2337 3902 2467 3957 tibia
2508 3894 2779 3967 percussit
2824 3898 2879 3945 et
2926 3882 3225 3954 confregit,
3269 3888 3323 3933 et
3361 3892 3472 3931 non

1884 3965 2054 4062 multo
2086 4007 2207 4072 post
2236 3996 2377 4051 mala
2422 3990 2603 4046 vesica
2643 3981 2900 4041 accrevit,
2931 3988 3165 4044 eumque
3214 3972 3269 4025 in
3317 3965 3473 4024 brevi

1886 4066 2148 4151 exstinxit
2199 4086 2370 4159 (886).
2418 4083 2607 4150 Itaque
2655 4071 2993 4143 Brigantiam
3045 4066 3289 4125 delatus,
3347 4072 3472 4112 cum

1887 4184 2116 4245 ecclesia
2145 4179 2371 4235 necdum
2407 4180 2555 4231 esset
2597 4166 2868 4227 dedicata,
2895 4156 3197 4229 insepultus
3221 4148 3476 4209 servaba-

1892 4291 1995 4341 tur,
2026 4285 2311 4347 quousque
2354 4267 2642 4336 episcopus
2673 4259 2740 4315 ad
2767 4253 3126 4312 dedicandum
3174 4243 3474 4302 oratoriqu

1891 4343 2308 4431 convocaretur.
2329 4361 2512 4417 Abbas
2533 4367 2713 4412 autem
2739 4349 3110 4408 'I‘beodoricus
3135 4343 3362 4398 audiens
3384 4352 3480 4391 eos

1893 4473 2239 4520 murmurare
2262 4498 2277 4523 ,
2306 4452 2451 4526 quod
2499 4444 2819 4518 Bigiultusin
2871 4442 2924 4496 in
2962 4452 3118 4495 suum
3161 4433 3250 4507 jus
3281 4433 3481 4486 iterum

1893 4557 2096 4613 vellent
2141 4549 2461 4610 retrahere,
2501 4540 2814 4598 nullatenus
2867 4533 3184 4605 episcopum
3233 4520 3486 4597 permisit

1892 4660 1955 4705 ιιι
1994 4644 2283 4703 ecclesiam
2330 4639 2639 4698 dedicaret,
2689 4640 2982 4698 antequam
3045 4622 3244 4677 Bertba
3292 4615 3485 4671 relicta

1893 4738 2135 4797 Udalrici
2177 4749 2300 4792 cum
2349 4744 2510 4786 manu
2559 4726 2794 4780 filiorum
2841 4732 3064 4774 suorum
3114 4706 3385 4779 Rudolpbi
3431 4712 3490 4759 et

1894 4880 2016 4950 glco
2035 4866 2495 4950 1_.q“i..w(.3lphoiﬁ
2521 4862 2667 4950 duci.
3185 4912 3365 4950 ..ηωῖιί

2603 4912 2861 5016 plerique
2893 4912 3400 5016 El'lztltl‘l‘ptlii-(Efl-Tltis

1898 4993 2265 5075 Rliiit'felden,
2296 4993 2483 5078 postea
2533 4993 2872 5078 a_nt'icms:iris
2911 4994 3075 5078 filiam
3109 4993 3384 5078 statuunrt,
3410 4999 3497 5067 ,οι

2246 5053 2483 5135 ἐεύιιιιιιυ
2528 5053 2886 5145 ejushtittorc.
2940 5066 3015 5145 lle
3049 5060 3271 5145 _quibtt_s
3320 5053 3502 5111 fusius

1898 5130 2448 5217 iié'ig'."&'é}ite}iti§ia
2478 5130 2714 5201 tractatu
2740 5143 2805 5197 de
2835 5130 3120 5206 Iludolpbo
3147 5130 3497 5187 anticzcsare.
