4010 5328
481 257 515 312 3
528 258 586 311 Π

1231 259 1571 315 APPENDIX
1614 260 1703 315 AD
1742 259 2142 317 CHRONICON
2187 263 2544 321 llERMkN-Nl
2581 260 2996 319 CONTRACTI.

3640 259 3737 316 3%!

482 367 716 427 Udahici
748 354 1263 438 (887)B'rginhusia
1294 387 1476 426 coram
1501 370 1751 441 plurimis
1772 380 1826 425 et
1848 370 2064 425 libertis
2096 377 2143 435 Α
2175 376 2499 451 rosolymam
2550 377 2857 446 profectus,
2923 376 2975 429 in
3037 373 3151 442 ipso
3217 371 3410 427 itinere
3454 388 3485 426 a
3529 375 3742 445 paganis

480 468 537 515 et
560 457 851 513 servilibus
897 457 955 512 S.
996 457 1260 528 Gregorio
1289 469 1551 531 perpetuo
1587 461 1639 515 in
1681 460 2069 532 proprietatem

481 546 856 603 conﬁrmaret.
878 546 947 601 Et
967 547 1045 602 sic
1062 547 1398 620 Brigantiam
1422 551 1475 605 in
1493 551 1743 607 libertate
1758 551 2069 615 dimissum,

480 655 546 693 ea
598 648 781 713 tamen
834 639 1178 705 conditioac,
1238 649 1296 694 nt
1356 641 1427 695 ibi
1478 642 1790 697 habitantes
1858 655 2069 711 semper

484 739 793 799 respectum
836 729 902 782 ad
946 729 1173 785 Domum
1202 730 1349 785 Pezn'
1382 734 1666 795 haberent.
1696 733 1984 788 consilium
2017 742 2073 786 et

478 821 773 884 auxilium,
820 820 1069 892 regimen
1120 832 1177 876 et
1225 822 1476 876 abbatem
1520 824 1644 878 inde
1684 823 1971 887 baberent,
2020 832 2076 877 ct

480 919 841 982 uttumatque
887 912 1029 969 idem
1062 923 1264 969 essent.
1297 914 1474 985 Atque
1517 916 1589 971 ita
1639 917 1854 971 demum
1896 924 2076 971 orato-

482 1006 623 1058 rium
666 1014 752 1060 est
793 1006 1136 1071 dedicatum,
1181 1016 1239 1062 et
1288 1023 1488 1079 corpus
1535 1008 1773 1064 Udalrici
1813 1009 1942 1065 inibi
1990 1025 2077 1066 se-

481 1095 714 1164 pullum.

894 1190 922 1261 ς
960 1187 1150 1245 XXIV.
1192 1187 1271 1243 De
1298 1188 1673 1261 Woginhusin.

556 1278 624 1333 Et
645 1287 767 1334 erat
808 1280 895 1334 vir
930 1280 1128 1335 nobilis
1149 1321 1162 1345 ,
1196 1282 1284 1335 cui
1323 1296 1521 1337 nomen
1554 1282 1751 1345 Tnoto,
1808 1282 1900 1351 qui
1934 1298 2074 1353 pra:-

488 1363 632 1424 dium
662 1384 820 1424 suum
861 1369 1003 1440 apud
1040 1369 1408 1442 Wagiuhusin
1454 1370 1627 1443 (888),
1661 1380 1716 1425 ct
1744 1371 1850 1426 alia
1896 1374 2079 1427 omnia

484 1474 609 1529 qua:
652 1462 889 1517 habebat
916 1479 981 1518 ac
1009 1464 1360 1534 semetipsum
1410 1464 1479 1518 ad
1512 1463 1803 1520 Scal'busin
1851 1462 2078 1530 obtulit,

486 1561 545 1605 et
577 1551 856 1623 aliquanto
889 1563 1134 1625 tempore
1162 1554 1233 1610 ibi
1267 1556 1322 1609 in
1352 1563 1548 1610 sancto
1572 1556 1851 1626 proposito
1873 1555 2077 1627 degnit.

486 1641 687 1698 Postea
709 1658 768 1700 se
788 1654 845 1700 et
864 1646 1070 1708 omnia,
1093 1660 1215 1716 qua:
1236 1646 1365 1702 illuc
1390 1647 1714 1712 tradiderat,
1729 1646 2077 1716 subtrahens,

2173 478 2388 537 captus,
2411 477 2465 522 et
2488 465 2772 521 Corozaim
2797 464 3073 518 civitatem
3099 462 3391 532 perductus
3412 471 3466 517 et
3491 462 3740 518 custodia:

2174 557 2543 626 mancipatus,
2572 571 2637 610 ac
2665 564 2943 626 postremo
2971 551 3231 624 martyrio
3259 559 3561 608 coronatus
3586 560 3687 607 est.

2198 708 2199 713 η
2248 651 2274 724 §
2317 649 2503 704 XXVI.
2547 648 2713 719 Igitur
2738 663 2829 701 rex
2855 643 3142 701 l-l'einricus
3163 644 3413 698 abbatem
3437 643 3749 698 monasterii

2176 738 2234 797 S.
2265 741 2402 797 Galli
2432 739 2578 812 (89l)
2608 739 2978 809 patriar‘chatu
3019 735 3159 805 apud
3189 734 3529 806 Aquilegiam
3555 734 3722 788 consti

2177 836 2281 890 tuit
2300 876 2315 899 ,
2346 844 2400 890 et
2430 843 2717 902 utramque
2747 839 3067 902 potestatem
3108 828 3306 884 habere
3337 828 3621 898 permisit.
3665 844 3753 899 pro

2177 941 2243 980 eo
2281 925 2423 996 quod
2453 938 2669 992 semper
2714 921 2997 975 erroribus
3023 917 3140 986 ejus
3169 926 3280 971 toto
3305 917 3500 971 adnisu
3529 914 3754 983 favebat,

2177 1018 2269 1089 qui
2311 1034 2340 1072 a
2372 1014 2620 1087 Wiperto
2661 1012 2947 1067 ordinatus
2976 1017 3164 1064 contra
3195 1007 3499 1063 catholicos
3530 1007 3754 1079 tyranni-

2179 1107 2300 1161 dem
2326 1104 2640 1160 exercebat.
2675 1100 2750 1156 Ea
2779 1101 2844 1154 de
2875 1114 3038 1154 causa
3067 1098 3231 1152 etiam
3277 1113 3459 1169 regem
3491 1096 3760 1167 instigavit

2179 1207 2239 1252 ut
2268 1192 2627 1251 venerabilem
2650 1189 3030 1247 Gebeharduni
3061 1187 3542 1242 Conslanttensem
3566 1186 3762 1255 episcov

2183 1304 2309 1358 pmn
2339 1284 2661 1357 depelleret,
2689 1292 2745 1337 et
2771 1278 2934 1352 355
2959 1279 3125 1333 alium
3158 1295 3257 1350 pro
3284 1293 3349 1333 eo
3372 1278 3761 1338 constitueret,

2181 1392 2247 1434 eo
2276 1376 2419 1446 quod
2443 1374 2556 1445 ipse
2585 1386 2859 1442 nunquam
2882 1370 2930 1424 ei
2956 1368 3043 1423 vel
3062 1367 3221 1422 alicui
3252 1368 3526 1422 fautorum
3550 1381 3760 1421 suorum

2183 1466 2289 1523 ulla
2322 1467 2532 1521 ratione
2557 1462 2963 1519 communicare
2990 1459 3268 1515 voluisset.
3296 1458 3424 1512 Erat
3450 1457 3601 1513 enim
3630 1456 3758 1511 idem

2183 1558 2536 1615 Gebehardns
2591 1565 2719 1611 tunc
2786 1553 3046 1624 temporis
3115 1551 3326 1621 legatus
3400 1558 3460 1604 et
3537 1549 3765 1602 vicarius

2184 1650 2516 1724 apostolicus
2543 1648 2597 1704 in
2625 1645 2979 1702 Theutonicis
3002 1643 3267 1714 partibus.
3292 1640 3411 1695 Jam
3436 1640 3624 1696 dictus
3648 1654 3769 1710 ergo

491 1734 657 1788 tantis
680 1749 776 1790 eos
799 1735 1060 1792 molestiis
1080 1735 1273 1792 afﬂixit
1313 1747 1374 1792 ut
1398 1737 1450 1793 ci
1480 1738 1695 1793 tandem
1728 1738 1831 1792 tria
1877 1737 2080 1808 praedia
2111 1738 2156 1800 Β
2188 1743 2477 1802 Udalricus
2497 1741 2587 1796 diu
2611 1754 2734 1796 cum
2759 1751 2885 1809 rege
2911 1734 3319 1807 conspiratione
3345 1732 3538 1789 habita
3563 1732 3771 1786 domum

490 1824 805 1893 traderent,
835 1834 888 1882 et
928 1841 988 1883 se
1033 1828 1384 1893 abdicarent,
1416 1827 1631 1884 scilicet
1677 1826 2079 1899 Waginbusin,

487 1917 656 1992 354
698 1918 788 1975 ubi
832 1920 946 1991 jam
967 1905 1190 1977 ‘cellam
1231 1920 1512 1986 fecerant,
1540 1920 1818 1991 Gapellam
1847 1930 1905 1976 et
1936 1920 2084 1979 Hon-

491 2012 678 2077 strtiu,
704 2022 763 2066 ut
785 2013 980 2069 saltem
1008 2013 1114 2083 ipsi
1140 2022 1339 2069 exetera
1362 2014 1550 2083 quiete
1577 2013 1944 2083 possiderent.
1968 2013 2084 2069 Hoc

491 2110 704 2171 patrato
730 2101 871 2159 idem
902 2102 1078 2158 Tuolo
1098 2103 1212 2173 jam
1262 2105 1465 2159 dictam
1494 2103 1687 2159 cellam
1721 2103 2083 2175 Waginbnsin

493 2206 618 2246 cum
637 2193 888 2248 omnibus
915 2195 1251 2264 appendiciis
1273 2187 1386 2251 suis
1410 2196 1813 2252 Constantiensi
1838 2196 2086 2254 ecclesia:

496 2283 634 2338 tradi
660 2284 752 2349 ;it,
801 2296 1016 2341 astante
1044 2286 1399 2344 Seafbuseusi
1448 2288 1646 2344 abbate
1685 2288 1969 2344 Adilberto
1990 2329 2004 2355 ,
2032 2298 2089 2344 et

495 2375 615 2445 ejus
643 2378 711 2433 ad
724 2386 908 2433 vocato
944 2378 1223 2436 Adilberto
1248 2381 1451 2436 comite
1484 2379 1550 2436 de
1580 2380 1913 2437 Morisberch
1939 2378 2086 2452 (889)

494 2476 552 2521 et
580 2466 826 2538 pluribus
845 2484 914 2526 ex
935 2469 1215 2535 fratribus,
1235 2486 1335 2526 nec
1356 2471 1887 2540 contradicentibus;
1910 2480 2090 2529 actum

496 2558 551 2613 in
575 2560 790 2629 publica
813 2561 1022 2633 synodo
1043 2561 1382 2621 Constantia:
1401 2579 1585 2619 coram
1608 2563 1859 2634 plurimis
1880 2563 2090 2620 idoneis

498 2652 750 2708 testibus.
777 2650 1135 2709 Gebehardus
1173 2663 1357 2709 autem
1390 2654 1682 2724 episcopus
1706 2653 1965 2709 traditum
1987 2650 2091 2708 sibi

500 2744 680 2800 locum
732 2745 1073 2802 Theodorico
1140 2747 1322 2804 abbati
1386 2747 1819 2814 commendavit,
1874 2755 1932 2802 et
1976 2745 2095 2817 ipse

499 2838 699 2896 fratres
746 2841 970 2897 idoneos
1018 2840 1149 2898 illuc
1188 2842 1443 2904 adduxit,
1503 2857 1602 2915 per
1645 2857 1783 2913 quos
1835 2844 2089 2897 eumdem

499 2929 679 2986 locum
710 2931 895 2987 multis
917 2935 1074 2988 annis
1102 2932 1360 2990 excoluit.
1390 2932 1522 2990 Post
1550 2935 1665 2989 haec
1692 2931 2093 2991 Scafhusenses

503 3035 562 3081 et
582 3025 827 3081 barredes
850 3026 1115 3083 Tuotouis
1135 3018 1614 3097 cmperunt'ipsum
1637 3025 1814 3081 locum
1840 3024 2098 3080 addicere

2182 1835 2379 1894 obtulit
2398 1835 2446 1892 ei
2472 1847 2636 1889 unum
2659 1832 2724 1886 de
2745 1829 3027 1886 monachis
3051 1827 3166 1883 suis
3186 1868 3201 1891 ,
3230 1825 3449 1881 nomine
3478 1822 3769 1879 Arnoldum

2184 1931 2251 1987 de
2300 1928 2693 1983 Sanctomonte
2737 1921 3114 1995 progenitum,
3161 1917 3491 1991 promittens
3542 1923 3621 1979 ut,
3654 1914 3697 1970 si
3726 1911 3771 1968 ei

2184 2022 2553 2092 episcopatum
2601 2016 2782 2079 daret,
2838 2015 2953 2085 ipse
2996 2027 3122 2067 eum
3166 2013 3373 2080 absque
3424 2008 3549 2078 ejus
3600 2008 3775 2062 labore

2186 2113 2516 2169 intruderet.
2549 2109 2738 2180 Itaque
2766 2122 2889 2161 cum
2930 2121 3022 2162 rex
3057 2105 3200 2159 votis
3235 2101 3354 2174 ejus
3383 2100 3772 2163 satisfecisset,

2187 2206 2276 2262 ille
2327 2205 2544 2260 domum
2600 2215 2884 2272 regressus
2934 2213 3056 2254 cum
3108 2212 3297 2268 magna
3341 2210 3509 2250 manu
3563 2188 3772 2247 militari

2187 2295 2483 2353 Aruoldum
2507 2290 2882 2350 Constantiam
2905 2287 3157 2352 adduxit;
3181 2286 3275 2342 sed
3297 2286 3535 2352 civibus,
3549 2282 3618 2339 ad
3632 2294 3773 2337 arma

2189 2385 2645 2444 concurrentibus
2695 2392 2753 2438 et
2804 2380 2933 2436 forti
3006 2378 3307 2452 pertinacia
3364 2373 3776 2437 resistentibus.

2194 2474 2360 2541 inacti
2388 2484 2738 2535 recesserunt
2760 2473 2933 2547 (892).

2851 2565 2880 2638 §
2919 2562 3130 2618 xxvn.

2266 2661 2397 2718 Item
2432 2657 2715 2717 Heinricus
2742 2657 2944 2711 fratres
2963 2653 3187 2710 Arualdi
3220 2651 3524 2708 advocatus
3557 2648 3626 2706 de
3652 2648 3779 2703 San-

2194 2762 2469 2812 stomonte
2507 2759 2835 2823 congregata
2872 2745 3220 2803 multitudine
3278 2759 3504 2801 suorum
3538 2740 3780 2807 advenit,

2197 2857 2254 2903 et
2290 2846 2345 2902 in
2384 2841 2720 2900 monasterio
2759 2840 2818 2895 S.
2852 2836 3101 2909 Gregorii
3145 2832 3487 2907 tyrannidem
3519 2830 3780 2888 exercuit.

2198 2936 2333 2992 Nam
2364 2933 2620 2990 victualia
2654 2933 2882 2985 fratrum
2918 2927 3208 2984 temeraria
3241 2940 3402 2980 manu
3435 2925 3781 2984 invaserunt.

2202 3026 2408 3100 gladios
2448 3039 2576 3079 suos
2615 3022 2670 3077 in
2710 3036 2900 3075 eorum
2940 3016 3269 3074 animalibus
3313 3014 3692 3087 probaverunt
3733 3019 3784 3066 et

503 3127 830 3181 asserentes,
853 3131 976 3172 eum
1005 3116 1070 3171 ad
1099 3132 1157 3172 se
1181 3117 1306 3188 jure
1337 3118 1555 3187 utrique
1580 3106 1966 3187 pe'rtiitc're',‘ac
1999 3113 2097 3186 per
2124 3097 2171 3163 (ἶ
2206 3097 2376 3177 inuita
2416 3117 2677 3190 ﬂagitiosa
2718 3120 3119 3186 perpetraruul-
3156 3110 3303 3166 Inter
3357 3110 3458 3165 llas
3502 3107 3693 3162 varias
3734 3112 3786 3160 ει

506 3208 610 3263 hoc
658 3209 996 3266 incremento
1039 3208 1155 3279 ejus
1190 3226 1365 3281 usque
1410 3210 1463 3265 in
1504 3225 1746 3282 praesens
1795 3210 2098 3267 maximum

508 3299 955 3371 impedimentum
986 3300 1160 3356 fuere.

905 3390 933 3463 §
972 3389 1143 3446 XXV.
1184 3390 1261 3445 De
1293 3389 1544 3445 Heinrico
1569 3406 1704 3461 rege.

583 3476 690 3535 Per
720 3480 863 3535 idem
898 3490 1108 3552 tempus
1134 3482 1338 3554 grande
1361 3482 1600 3536 schisma
1638 3487 1752 3535 erat
1781 3479 1833 3537 'tn
1862 3479 2101 3537 Ecclesia

514 3583 738 3643 propter
771 3575 1388 3631 excommunicatibnem
1423 3575 1659 3631 lleinrici
1692 3575 1870 3647 regis,
1901 3586 1958 3631 et
1986 3575 2104 3645 ejus

515 3666 713 3722 intrusi
740 3666 1011 3738 Wiperti,
1043 3668 1165 3723 aliis
1201 3668 1316 3735 bis,
1346 3678 1400 3725 et
1429 3669 1548 3725 aliis
1576 3669 1837 3727 Ecclesia:
1868 3669 2103 3725 faventi-

517 3761 620 3815 bus
656 3779 670 3814 :
700 3776 763 3817 ac
792 3777 887 3831 per
914 3762 1017 3816 hoc
1045 3761 1209 3832 aliqui
1257 3763 1634 3833 episcoporqu
1684 3763 1916 3834 propriis
1943 3761 2105 3832 pelle-

513 3852 717 3908 bantur
742 3862 797 3908 et
825 3870 1055 3926 peregre
1090 3855 1446 3925 vagabantur.
1470 3855 1527 3910 lu
1569 3856 1767 3926 quibus
1795 3856 1982 3911 Diemo
2010 3853 2105 3911 Ju-

514 3946 768 4002 vavensis
802 3945 948 4016 (890)
981 3948 1425 4018 archiepiscopus
1469 3949 1655 4002 niultis
1686 3948 1877 4003 diebus
1924 3944 2102 4013 exsul,

516 4052 636 4087 cum
670 4033 993 4090 Gebeltardo
1043 4034 1441 4091 Constanticnsi
1492 4038 1747 4108 episcopo
1795 4036 1937 4108 apud
1989 4050 2105 4090 m0.

518 4124 822 4178 nasterium
855 4123 1057 4179 Domus
1091 4124 1233 4179 Petri
1285 4129 1621 4194 morabatur,
1654 4143 1718 4183 ac
1765 4137 1951 4199 postea
1981 4125 2105 4183 Hie-

595 4276 738 4349 (887)
782 4279 856 4333 De
907 4279 1031 4334 filiis
1087 4279 1325 4335 Udalrici
1390 4280 1688 4349 Brigantini
1753 4281 1973 4337 comitis
2033 4297 2103 4337 ex

521 4349 722 4409 Bertha
753 4366 920 4417 agens
961 4350 1155 4406 Latius
1206 4366 1235 4404 a
1283 4367 1342 4406 sc
1392 4354 1507 4419 ipso
1555 4352 1839 4419 dissentit,
1875 4352 2004 4407 dum
2053 4353 2105 4406 in

523 4420 815 4492 comitibus
846 4419 1198 4492 _Brigantinis
1250 4421 1325 4489 (p.
1382 4421 1505 4492 557)
1565 4420 1892 4492 Udalricum
1935 4421 2100 4476 filium

523 4490 778 4545 comitem
843 4490 1175 4561 Brigantiae,
1251 4491 1588 4561 llodolphum
1656 4507 1784 4547 vero
1876 4491 2101 4547 fratrem

523 4561 779 4617 comitem
836 4563 902 4617 de
956 4561 1278 4616 l’fnleudorf
1321 4562 1488 4616 fuisse
1541 4566 1765 4629 assierit,
1820 4574 2100 4619 auctorem

514 4633 762 4687 .cmnoiiii
802 4633 936 4697 Auw
976 4649 1147 4704 supra
1179 4633 1538 4703 Brigantiam;
1573 4643 1730 4704 antea
1761 4650 1888 4689 vero
1930 4651 2003 4704 pa
2035 4633 2098 4688 51

526 4706 671 4776 hunc
719 4705 894 4776 ipsum
924 4703 988 4776 ill
1013 4703 1258 4776 lalricum
1304 4704 1592 4759 comitibus
1615 4705 1680 4759 de
1712 4703 1941 4776 Sulgau,
1982 4703 2102 4775 Sig-

529 4773 809 4847 rnatjiugbu
837 4786 890 4830 et
921 4773 1239 4847 Pfulendorf
1248 4776 1605 4847 admouerat,
1634 4773 1941 4847 Δ(ξιιῙιιιιιᾷἰείιι
1974 4773 2102 4847 ιιι-ὁ·-

493 4874 499 4881 -
529 4845 740 4917 geniem
771 4856 1034 4902 recenset.
1068 4844 1186 4900 Vid.
1227 4846 1443 4901 disset'l-
1482 4845 1676 4917 prmia
1703 4846 1740 4917 ἃ
1761 4846 1849 4917 Ξδο

602 4916 747 4986 (888)
786 4917 1202 4985 Ἦιιεριιιιιιιιεθιι
1229 4919 1294 4971 ad
1323 4917 1493 4986 ripam
1525 4916 2055 4973 Rheuillelveticam
2080 4933 2111 4973 e

532 4988 753 5055 regione
808 4988 993 5058 oppidi
1047 4988 1234 5053 Stein,
1282 4987 1374 5043 ubi
1421 4988 1564 5043 aliud
1620 4988 1821 5056 pariter
1883 4986 2113 5043 Benedi-

531 5057 802 5108 ctineruae
862 5057 1169 5108 emnnhinm
1233 5068 1385 5108 erat.
1433 5059 1562 5108 olim
1616 5060 1856 5108 eiusdem
1902 5057 2112 5108 ordinis

2205 3211 2558 3270 multimodas
2609 3206 3043 3265 conflictationes
3091 3202 3447 3260 Gebehardus
3498 3200 3786 3270 episcopus

2204 3306 2562 3363 munitionem
2593 3303 2696 3358 sibi
2714 3298 3017 3356 construxit
3048 3297 3100 3352 in
3120 3295 3298 3365 capite
3321 3293 3499 3349 Rheni
3528 3290 3785 3352 nundinis,

2206 3399 2261 3454 in
2296 3398 2428 3468 ipsis
2466 3394 2717 3461 fluentis,
2756 3401 2816 3446 ut
2842 3390 2959 3461 ipse
2989 3388 3120 3444 inibi
3155 3395 3305 3442 tutus
3337 3398 3564 3440 manere
3594 3381 3791 3454 potuis-

2206 3496 2309 3544 set.
2358 3486 2439 3541 Ad
2489 3483 2738 3538 ultimum
2794 3490 2903 3535 tam
2964 3478 3134 3534 frater
3185 3476 3304 3547 ejus
3353 3475 3460 3531 dux
3510 3471 3790 3530 Bertohlus

2185 3599 2368 3655 (quam
2401 3581 2581 3638 caeteri
2614 3592 2804 3635 omnes
2836 3590 2974 3649 pene
3001 3572 3243 3644 corrupti
3276 3580 3404 3628 sunt
3441 3569 3785 3629 muneribus,

2207 3687 2263 3734 et
2290 3673 2683 3732 abominabiles
2714 3671 2842 3726 facti
2871 3678 2999 3724 sunt
3029 3668 3110 3734 ei,
3141 3675 3196 3722 et
3225 3681 3331 3721 non
3364 3671 3485 3719 erat
3511 3662 3607 3733 qui
3636 3660 3684 3715 ei
3715 3657 3787 3711 fa-

2208 3779 2355 3826 ceret
2393 3767 2629 3832 bonum,
2670 3778 2843 3833 usque
2878 3760 2945 3816 ad
2978 3774 3145 3815 unum
3175 3755 3610 3820 Theodoricnm,
3639 3763 3787 3823 quctr

2211 3863 2263 3919 in
2296 3859 2549 3918 omnibus
2579 3854 3023 3914 tribulationibus
3054 3851 3259 3922 reperit
3290 3848 3477 3903 fidunt.

2850 3946 2880 4020 ς
2914 3943 3151 4001 xxvui.

2280 4044 2466 4115 Itaque
2506 4056 2696 4096 eormn
2742 4037 2985 4109 perfidia:
3032 4035 3210 4090 locum
3259 4032 3392 4086 dans
3438 4028 3791 4115 reressrt,ye_t

2212 4110 2600 4206 usquequaque
2638 4144 2736 4202 per
2774 4142 3001 4198 regnum
3038 4125 3213 4179 vicem
3267 4119 3454 4176 domui
3507 4110 3787 4188 apostolici

2211 4283 2502 4346 bebltardo
2554 4288 2843 4356 episcopo,
2902 4287 2993 4353 qui
3041 4279 3176 4356 illud
3238 4275 3602 4356 paucis_po§t
3644 4269 3790 4356 ann-is

2213 4341 2652 4416 subnAdalber'to
2698 4341 3051 4410 Séal‘hus'ensi
3087 4341 3282 4405 abbate
3332 4363 3386 4400 a.
3436 4344 3576 4399 1099
3613 4341 3789 4416 ‘clecto

2213 4412 2310 4486 ceu
2343 4412 2454 4483 rem
2479 4443 2630 4482 suam
2663 4422 3080 4480 Petersbusanis
3108 4417 3520 4475 commendasse
3544 4412 3787 4471 refertur,

2133 4470 2180 4530 ί)
2209 4470 2541 4557 Eﬁiie'éuan".
2584 4495 2944 4565 primossuos
2964 4493 3188 4546 abbates
3209 4487 3436 4565 accepit.

2282 4549 2672 4642 (888j-Nobilles
2791 4564 3071 4642 Morsperg
3095 4577 3188 4615 seu
3213 4549 3487 4642 Mersperg
3512 4557 3572 4642 i2
3596 4549 3788 4642 A'lsatia

2208 4624 2506 4698 occurrunt
2532 4641 2584 4692 in
2617 4638 2785 4691 variis
2822 4624 3026 4690 chartis
3040 4624 3182 4688 "szec.
3214 4646 3311 4685 xui
3345 4624 3497 4699 apud
3530 4626 3592 4680 P.
3627 4624 3786 4680 Herr-

2212 4697 2677 4788 gott.AYitl_._}_list.
2707 4707 2870 4788 Silvae
2895 4705 3108 4774 Nigrae,
3139 4711 3183 4788 ιἒ
3211 4700 3286 4788 ιι,
3306 4697 3528 4788 Pisae.

2284 4781 2432 4854 (890)
2451 4779 2827 4854 rTbiemonem
2858 4769 3000 4831 hunc
3042 4774 3184 4844 apud
3208 4769 3608 4854 Gebehardum
3637 4780 3790 4854 exsth

2215 4838 2357 4910 lasse
2387 4838 2553 4906 e'tiam
2582 4849 2908 4905 documenta
2959 4838 3143 4900 nostra
3189 4843 3483 4897 domestica
3531 4838 3786 4910 produnt.

2215 4907 2293 4981 EE
2311 4907 2511 4996 quibus
2539 4921 2726 4976 Charta
2760 4915 3190 4996 thuis‘abbatis
3216 4913 3276 4969 S.
3310 4912 3470 4996 Blasii
3499 4907 3552 4963 a.
3577 4907 3789 4996 ίιοιι

2225 4977 2541 5051 laudatione
2572 4988 2890 5047 monasterii
2937 4984 3524 5056 chseuhusaniAcum
3574 4977 3790 5056 consiiio

2219 5050 2608 5108 ιιι-ριιίριιίςρηηί
2646 5058 3057 5108 Salzhumensis
3101 5053 3419 5108 Tbiemouis
3460 5060 3519 5107 et
3560 5050 3787 5108 eoismtti
