4010 5328
202 362 284 419 Si)
1044 366 1435 425 CHRONICON
1483 364 2104 422 I‘ETERSIIUSXNUM.
2142 397 2210 407 -—-
2248 365 2377 421 LIB.
2416 365 2500 422 ill.

3315 362 3423 420 350

201 504 363 560 magna
394 500 509 541 cutn
550 481 719 554 gloria
754 481 1005 552 quamvis
1033 483 1188 536 exsul
1224 483 1487 537 exercuit.
1527 480 1731 534 Deinde
1763 484 1806 542 Α
1832 495 1998 550 quam
2028 491 2209 536 autem
2238 479 2572 537 Wernberus
2599 495 2723 536 cum
2753 479 2868 537 suis
2906 477 3211 536 fautoribus
3238 489 3296 536 et
3318 482 3417 535 Ar-
3464 523 3479 561 ,ἡ

201 580 330 652 quasi
363 566 597 633 effrenati
632 589 755 629 cum
792 586 989 642 magno
1026 574 1257 647 strepitu
1296 573 1596 629 Arnoldum
1638 571 1735 627 ad-

198 676 462 731 duxerunt,
493 676 545 723 et
580 667 851 721 cathedrae
885 666 1325 723 Constantiensis
1372 666 1630 721 Ecclesia:
1676 665 1731 719 in

194 763 539 822 Pnrilicatione
566 760 623 815 S.
648 759 831 815 Maria!
861 761 1256 830 imposuerunt,
1286 775 1428 813 anno
1450 758 1517 814 ab
1547 757 1728 811 lucar-

195 868 285 915 nat.
337 856 482 910 Dom.
536 869 691 909 lClll.
746 853 873 908 llzrc
918 869 1094 908 werra
1148 868 1247 922 per
1298 850 1583 905 duodecim
1621 849 1736 905 fere

190 963 332 1004 annos
354 955 648 1017 protracta,
681 961 825 998 nunc
851 945 916 998 ad
945 943 1242 1014 perfectum
1270 943 1469 997 malum
1494 951 1575 997 est
1604 957 1733 1012 per-

190 1040 342 1094 ducta.
372 1035 657 1105 Postquam
698 1047 880 1089 autem
917 1033 1187 1088 Arnoldns
1224 1032 1596 1103 episcOpatnm
1633 1033 1734 1086 ob-

189 1128 352 1191 tinuit,
391 1124 674 1181 confestim
722 1124 897 1188 misit,
928 1135 982 1179 et
1019 1123 1492 1195 congregationem
1532 1121 1735 1176 Domus

186 1217 306 1273 Petri
335 1215 521 1269 obnixe
551 1213 842 1282 postulavit
870 1224 928 1267 nt
956 1214 1138 1282 quiete
1165 1229 1228 1268 ac
1260 1211 1485 1283 paciﬁce
1517 1212 1570 1267 in
1610 1227 1732 1266 mo-

184 1308 390 1363 nasterio
432 1321 530 1361 suo
578 1306 919 1370 residerent,
970 1315 1023 1360 et
1065 1305 1298 1361 Domino
1349 1304 1514 1377 356
1562 1304 1733 1360 servi-

183 1407 308 1465 rent,
339 1411 498 1466 seque
525 1397 779 1466 promisit
812 1395 1014 1450 nullam
1046 1395 1129 1451 eis
1166 1396 1469 1451 molestiam
1505 1395 1729 1450 omnino

181 1488 436 1543 illaturnm.
478 1486 601 1557 Ipse
638 1497 823 1543 autem
876 1487 1103 1542 Romam
1139 1487 1417 1556 perrexit,
1458 1496 1515 1543 et
1548 1503 1579 1543 a
1616 1488 1732 1543 Wi—

179 1586 304 1647 perto
329 1576 464 1647 (893)
497 1577 973 1633 consecrationem
1006 1577 1238 1646 accepit.

801 1669 828 1742 5
871 1667 1064 1725 xth.
1120 1655 1126 1660 ’

232 1758 293 1815 At
323 1760 693 1816 'fbeodoricns
729 1760 897 1817 abbas
930 1762 1136 1816 nullam
1178 1760 1415 1833 quietem
1462 1769 1585 1832 post
1620 1762 1734 1817 dis-

1837 572 2030 628 noldus
2048 588 2174 628 cum
2196 573 2311 629 suis
2333 589 2421 628 res
2442 572 2757 629 monasterii
2776 572 2846 628 ad
2869 571 3115 629 ultimam
3139 573 3420 644 penuriam

1835 674 1892 719 et
1916 665 2149 734 inopiam
2172 666 2543 735 perduxerunt
2560 705 2574 728 .
2603 666 2715 735 ipse
2744 664 2937 720 relicto
2961 664 3175 721 abbatis
3198 664 3421 722 nomine
3460 716 3467 725 .

1836 757 1904 811 ad
1935 757 2333 813 Theodericum
2378 774 2438 813 se
2468 758 2520 816 in
2550 758 2854 813 Baioariam
2886 759 3152 821 contulit.
3181 760 3342 829 eique
3363 773 3425 814 se

1835 848 2097 919 subjecit,
2127 850 2330 919 quique
2359 865 2483 904 eum
2515 850 2746 918 benigne
2786 852 3022 918 suscepit
3043 891 3057 911 .
3102 851 3263 922 eique
3302 848 3424 905 oﬂi-

1836 943 1982 997 cium
2024 941 2216 996 altaris
2258 940 2431 995 invito
2471 942 2727 1011 episeopo
2765 939 3093 997 Gelteltardn
3141 942 3421 1007 restituit;

1836 1035 1933 1090 sed
1963 1050 2069 1090 non
2100 1034 2192 1089 diu
2223 1034 2527 1102 perntansit
2551 1049 2723 1088 cornu
2752 1034 3056 1104 peccatoris
3087 1033 3256 1105 (896).

2154 1125 2181 1198 §
2219 1123 2434 1179 XXXII.
2478 1124 2554 1179 De
2595 1124 2843 1179 Hcinrico
2878 1122 2924 1179 ν
2966 1142 3104 1189 reae.

1907 1217 2065 1270 Auno
2107 1216 2343 1285 denique
2384 1232 2487 1271 κον
2518 1200 2808 1270 Heiu'ricus
2836 1213 2979 1270 ﬁlius
3011 1214 3249 1271 lleinriei
3280 1214 3427 1285 regis

1836 1310 1978 1366 tertii
2011 1308 2122 1377 (iV)
2153 1308 2378 1363 recessit
2407 1322 2434 1360 a
2465 1318 2621 1378 patre
2647 1307 3156 1375 excommunicato,
3201 1316 3257 1362 et
3293 1321 3426 1362 cor:-

1834 1399 2193 1455 sentientiltns
2212 1397 2547 1467 principibus
2575 1413 2797 1470 regnum
2825 1406 3015 1453 contra
3046 1408 3254 1467 patrem
3281 1395 3390 1452 ιι*τί
3409 1426 3425 1440 ο

1835 1488 1971 1559 pnit.
2004 1488 2127 1542 Inde
2151 1487 2386 1541 maxima
2416 1496 2606 1542 exorta
2630 1497 2716 1543 est
2737 1489 2954 1544 occasio
2981 1489 3223 1543 rixarum
3247 1505 3264 1550 ;
3296 1503 3423 1543 natu

1836 1580 1951 1649 ipse
1990 1589 2148 1649 pater
2187 1577 2495 1642 lleinricus,
2527 1594 2651 1633 cum
2693 1594 2799 1633 non
2838 1588 3017 1648 posset
3045 1578 3209 1633 lilium
3254 1578 3321 1633 ad
3362 1593 3424 1635 se

1839 1684 2126 1733 revocare,
2156 1677 2483 1740 congregato
2522 1669 2768 1723 exercitu
2807 1684 2998 1723 omnes
3039 1667 3282 1723 fautores
3307 1666 3426 1734 ejus

1836 1761 2041 1832 rapinis
2082 1769 2139 1815 et
2179 1761 2447 1817 incendiis
2495 1761 2750 1816 maximis
2794 1760 3101 1826 lacessivit,
3145 1773 3424 1830 nunquam

178 1869 357 1910 cessent
384 1851 690 1909 Gebeltardi
716 1853 954 1925 episcopi
980 1853 1185 1909 habere
1217 1869 1442 1925 passus,
1472 1853 1730 1924 quoniam
1763 1861 1805 1920 Β
1837 1864 2017 1910 tamen
2045 1869 2238 1926 pugnae
2268 1853 2577 1909 facultatem
2604 1853 2855 1925 prtebuil.

177 1958 277 1997 eunt
311 1952 364 1997 ut
400 1944 641 1999 animam
678 1960 830 1999 suam
870 1945 1089 2011 dilexit,
1132 1944 1225 2000 sed
1261 1944 1379 2016 ipso
1408 1960 1584 2011 anno,
1620 1946 1727 2001 ltoc

174 2046 243 2091 est
286 2052 406 2091 lClll
441 2035 664 2107 reliquit
700 2038 1089 2091 monasterium
1130 2052 1320 2102 suum,
1346 2046 1402 2091 et
1427 2037 1728 2093 monachos

173 2143 277 2181 suos
310 2137 465 2196 atque
501 2125 766 2182 barbatos
797 2125 997 2182 fratres
1027 2127 1337 2199 dispertivit
1367 2138 1423 2183 et
1452 2143 1728 2183 commen-

173 2217 293 2273 davit
328 2234 418 2288 per
460 2218 830 2284 monasteria,
876 2219 993 2289 ipse
1036 2224 1167 2273 vero
1212 2220 1509 2289 assumpsit
1539 2233 1726 2273 secum

170 2306 412 2363 duodecim
447 2323 588 2377 quos
623 2308 820 2378 elegit,
866 2317 922 2363 et
956 2323 1052 2365 eos
1087 2323 1270 2363 secum
1312 2308 1365 2362 in
1418 2307 1726 2377 Bajoariam

170 2404 313 2468 dttxit,
342 2403 406 2457 ad
442 2404 833 2458 monasterium
884 2404 1026 2472 quod
1056 2403 1257 2458 dicitur
1285 2401 1734 2457 Wezzinisltrun-

170 2494 244 2546 nin
272 2493 407 2563 (89%)
427 2536 441 2560 ,
473 2502 525 2549 et
560 2494 632 2549 ab
659 2492 987 2550 Adilberone
1024 2494 1321 2549 venerabili
1355 2493 1552 2549 abbate
1580 2494 1730 2564 ejus-

168 2584 267 2638 dem
295 2584 387 2640 loci
416 2586 721 2642 honoriﬁce
767 2597 1085 2659 susceptus,
1125 2596 1182 2641 et
1231 2587 1558 2642 charitative
1602 2603 1729 2644 cum

168 2676 259 2731 suis
297 2678 538 2734 omnibus
581 2694 680 2750 per
719 2679 927 2749 aliquot
957 2695 1173 2735 menses
1206 2680 1426 2736 habitus
1451 2687 1554 2736 est.

810 2769 838 2841 5
885 2770 1051 2826 xxx.

225 2880 407 2937 Deinde
456 2883 685 2953 quidam
737 2883 1116 2939 nobilissnmus
1164 2884 1251 2939 vir
1300 2893 1355 2939 et
1405 2885 1729 2958 religiosus,

168 2974 358 3031 nomine
387 2975 892 3044 Fridericus,tulit
932 2994 1027 3034 eos
1069 2979 1194 3035 inde
1234 2987 1291 3035 et
1327 2981 1733 3035 commendavit

164 3063 231 3119 eis
253 3066 431 3122 cellam
454 3108 473 3133 ,
506 3084 674 3138 quant
705 3068 820 3140 ipse
849 3078 1093 3139 cceperat
1117 3070 1169 3124 in
1214 3068 1333 3125 loco
1373 3086 1469 3125 suo
1511 3069 1733 3141 proprie

164 3154 209 3209 in
250 3158 455 3213 excelso
498 3169 728 3226 monte,
777 3161 870 3231 qui
926 3169 1149 3215 vocatur
1195 3159 1489 3216 Castellum
1541 3161 1725 3233 (895),

2474 1948 2504 2021 5
2544 1947 2783 2003 xxxm.

1903 2039 2189 2095 lleinrieus
2227 2054 2359 2111 ergo
2401 2050 2686 2111 postquam
2719 2056 2944 2110 regnum
2977 2040 3220 2095 obtinuit
3240 2081 3255 2103 ,
3288 2055 3422 2096 eon-

1831 2131 2011 2188 festim
2059 2133 2284 2204 expulso
2324 2133 2563 2187 Arnoltlo
2606 2133 2992 2190 Gebeltardnm
3032 2151 3156 2190 cum
3187 2134 3431 2191 maximo

1832 2224 2041 2279 ltonore
2067 2224 2121 2278 in
2149 2225 2524 2295 episcopatum
2551 2241 2708 2279 suum
2737 2226 2993 2280 restituit.
3022 2225 3427 2281 Theodericum

1835 2316 2085 2371 abbatem
2116 2317 2484 2373 confessorem
2514 2318 2617 2372 sibi
2650 2319 2850 2389 elegit,
2880 2328 2937 2373 et
2966 2319 3299 2374 monasterio
3325 2332 3429 2374 suo

1832 2408 2069 2464 restituit
2089 2408 2249 2481 eique
2276 2410 2495 2480 triginta
2528 2426 2743 2466 marcas
2772 2412 2984 2477 argenti
3018 2410 3359 2475 transn'tisit,
3389 2423 3423 2465 ε

1833 2501 2034 2569 quibus
2064 2501 2232 2555 abbas
2259 2517 2345 2557 res
2376 2502 2696 2558 monasterii
2724 2502 3013 2575 dissipatas
3040 2513 3342 2572 opportune
3367 2509 3428 2558 el

1833 2591 2043 2648 utiliter
2070 2593 2364 2664 reparavit.

2468 2683 2496 2757 5
2550 2683 2788 2739 xxxw.

1906 2772 2109 2828 Deinde
2152 2772 2441 2828 Heinricns
2482 2775 2685 2838 senior,
2717 2784 2772 2829 et
2802 2774 3088 2830 lleinricus
3110 2772 3298 2844 iunior
3330 2786 3426 2846 ge~

1837 2864 2023 2918 nerale
2076 2863 2406 2933 colloquium
2459 2862 2745 2933 Moguntina
2795 2863 3075 2928 fecerunt,
3126 2864 3216 2918 ubi
3270 2872 3426 2934 pater

1837 2953 1953 3008 ﬁlio
1982 2962 2257 3025 sceptrum
2291 2954 2441 3023 regni
2471 2962 2526 3008 et
2555 2968 2810 3008 coronam
2840 2970 2966 3009 cum
3008 2954 3225 3010 caeteris
3268 2970 3426 3024 rega-

1829 3045 1975 3102 libus
2002 3046 2257 3110 tradidit,
2289 3046 2517 3117 ipseque
2541 3060 2599 3100 se
2626 3055 2750 3100 ante
2783 3046 3168 3101 ϐθΙιοΙιειτιΙιιιιι
3191 3086 3206 3109 ,
3238 3054 3425 3116 utpote

1834 3139 1979 3195 sedis
2013 3138 2324 3210 apostolica:
2369 3138 2635 3209 legatum,
2686 3137 2739 3192 in
2783 3146 2985 3193 terram
3014 3138 3333 3207 prostravit.
3366 3148 3424 3191 et

163 3251 390 3320 omnique
420 3266 516 3306 eos
550 3227 892 3307 ιιυεηηηίιξηε
936 3252 1070 3306 {mm
1112 3260 1169 3307 ει
1211 3252 1519 3307 honorqu
1552 3227 1727 3308 ben}-
1754 3227 1798 3288 C
1830 3231 2057 3286 multum
2103 3228 2235 3286 ﬂens
2276 3229 2480 3286 absolvi
2527 3246 2587 3286 se
2619 3230 2691 3285 ab
2728 3229 3289 3285 excommunicatione
3329 3244 3425 3301 po-

164 3353 255 3408 que
274 3341 406 3397 idem
434 3344 592 3398 bona:
618 3344 895 3399 memoria:
921 3344 1083 3399 heros
1100 3387 1115 3408 ,
1147 3343 1458 3399 Fridericus
1484 3346 1724 3408 nomine,

154 3430 369 3487 habebat
395 3433 570 3489 ﬁlium
597 3434 853 3491 Ottonem
887 3438 1136 3502 nomine,
1167 3452 1391 3491 summa:
1427 3434 1726 3491 nobilitatis

163 3525 430 3585 etdeceris
470 3530 690 3597 virum,
733 3530 824 3599 qui
857 3546 962 3585 una
1004 3547 1125 3586 cum
1167 3540 1321 3602 patre
1362 3540 1571 3587 etcum
1603 3533 1726 3588 aliis

164 3605 454 3682 proceribus
485 3619 733 3687 ejusdem
767 3622 1059 3689 provinciae
1088 3622 1334 3691 cognatis
1376 3622 1628 3679 videlicet
1668 3633 1726 3680 et

165 3708 458 3778 propinquis
485 3720 656 3780 atque
688 3712 880 3768 atnieis
905 3714 1051 3779 suis,
1082 3714 1446 3769 venerabilem
1479 3714 1729 3771 Theodo-

168 3795 313 3851 ricunt
341 3808 395 3855 et
428 3800 636 3857 fratres
660 3801 781 3870 ejus
810 3819 1023 3858 summo
1055 3804 1261 3859 bonore
1288 3806 1609 3862 excolebant
1629 3849 1643 3873 ,
1669 3818 1725 3863 et

162 3887 312 3945 locum
342 3894 555 3965 magnis
583 3893 796 3951 divitiis
822 3895 1171 3953 cumulabant
1202 3897 1254 3952 in
1290 3908 1534 3966 tantum,
1566 3908 1626 3954 ut
1668 3899 1723 3954 in

162 3982 286 4036 brevi
312 3985 512 4041 multos
537 3984 642 4040 sibi
669 3986 869 4043 fratres
894 3999 1248 4060 aggregaret,
1279 3999 1334 4043 et
1364 3991 1721 4046 monasticam
1798 4062 1803 4065 _

159 4074 301 4130 vitam
328 4077 718 4135 honestissime
748 4079 880 4134 inibi
910 4080 1209 4135 ordinaret.

867 4191 1061 4246 XXXI.

216 4273 506 4334 Recedente
547 4295 678 4352 ergo
1099 4283 1165 4337 de
1213 4285 1382 4339 Domo
1427 4283 1597 4350 Petri,
1643 4285 1720 4349 bi,

159 4367 232 4435 qui
274 4378 393 4426 tunc
437 4382 855 4438 remanserant,
899 4375 1302 4431 constituerunt
1345 4376 1712 4433 Wernherum

158 4467 447 4533 quemdam,
480 4466 550 4522 de
591 4466 879 4538 Epﬁndorf
915 4481 1142 4535 natum,
1184 4469 1285 4525 sibi
1327 4471 1380 4525 in
1424 4469 1715 4537 abbatem,

1827 3320 2066 3376 stulavit.
2093 3321 2246 3389 Quod
2290 3320 2379 3375 ille.
2421 3320 2605 3376 facere
2648 3337 2707 3375 se
2734 3328 3017 3392 propterea
3052 3322 3259 3385 renuit,
3289 3336 3425 3389 quo-

1828 3411 1974 3465 niam
2024 3412 2247 3466 timebat
2298 3427 2365 3466 ne
2404 3413 2448 3466 si
2480 3410 2621 3466 forte
2649 3427 2772 3466 eum
2812 3410 3166 3477 absolvisset,
3194 3425 3423 3481 regnum

1828 3505 1895 3557 ad
1938 3519 2062 3559 eum
2106 3505 2302 3559 iterum
2347 3504 2635 3568 transiret,
2678 3514 2733 3558 et
2775 3503 2929 3558 ﬁeret
2968 3518 3125 3557 error
3152 3503 3425 3574 posterior

1824 3594 1982 3666 pejor
2010 3596 2190 3666 priore
2218 3595 2389 3666 (897).
2418 3598 2689 3651 Atlantem
2708 3636 2723 3659 ,
2754 3610 2876 3650 eum
2912 3612 3016 3650 non
3044 3605 3165 3665 post
3190 3594 3422 3651 multum

1827 3690 2001 3762 Spirat:
2042 3691 2301 3758 obiisset,
2345 3690 2458 3745 lilio
2503 3691 2644 3760 apud
2686 3689 2965 3745 Pascalent
3005 3705 3200 3760 papam
3242 3689 3420 3759 impe-

1827 3792 2037 3846 trante,
2079 3782 2509 3838 ecclesiasticam
2549 3782 2882 3853 sepulturam
2908 3779 3079 3851 358
3121 3779 3425 3851 promeruit

1824 3883 2045 3945 propter
2094 3874 2522 3929 satisfactionem
2556 3915 2572 3938 ,
2624 3890 2784 3943 quam
2839 3882 3146 3943 prostratus
3197 3869 3416 3929 publica

1826 3983 2007 4022 coram
2040 3965 2186 4021 clero
2213 3975 2267 4021 et
2293 3966 2493 4037 populo
2524 3966 2707 4021 facere
2735 3981 2840 4021 non
2868 3964 3087 4020 erubuit
3113 3964 3289 4032 (898).

2472 4081 2500 4154 5
2551 4079 2771 4136 xxxv.

1895 4169 2083 4240 Itaque
2115 4171 2443 4227 venerabilis
2464 4171 2846 4231 (Theodericus
2873 4187 2995 4227 cum
3020 4167 3418 4225 monasterium

1823 4259 2159 4316 Castellense
2199 4260 2512 4327 fundasset,
2557 4262 2838 4317 basilicam
2876 4260 3149 4317 :ediﬁeare
3190 4257 3421 4331 (coepis-

1822 4354 1942 4423 set)
1966 4394 1981 4420 ,
2024 4352 2251 4409 fratrum
2298 4355 2769 4426 congregationem
2798 4353 3139 4424 collegiSset,
3180 4366 3417 4407 venera-

1823 4445 1986 4501 bilem
2018 4446 2191 4499 virum
2217 4444 2570 4501 Altmannnm
2600 4448 2750 4519 (899)
2782 4447 3033 4503 abbatem
3082 4447 3162 4502 eis
3206 4446 3416 4501 consti-

159 4560 204 4603 et
224 4552 362 4609 obliti
413 4557 685 4629 regularis
713 4558 1015 4630 disciplinre
1053 4576 1214 4629 quam
1248 4561 1591 4627 didicerant,
1635 4579 1720 4620 re-

1852 4540 1927 4593 uit
1948 4580 1962 4606 ,
1990 4547 2043 4594 et
2071 4539 2183 4609 ipse
2214 4554 2336 4594 cum
2372 4540 2485 4595 suis
2516 4541 2582 4594 ad
2618 4541 2846 4595 Domum
2877 4539 3023 4596 Petri
3053 4538 3341 4594 remeavit.

161 4643 349 4701 tuissins
377 4665 539 4720 agere
574 4662 880 4720 cmperunt.
910 4653 1183 4708 Arnoldns
1215 4670 1435 4724 quoque
1468 4658 1715 4713 intrusns

158 4739 415 4811 episcopus
436 4744 703 4800 beneﬁcia
726 4745 852 4800 inde
878 4747 990 4801 suis
1013 4747 1315 4803 concedere
1337 4750 1523 4818 C(Bpil,
1550 4749 1714 4821 357

156 4830 278 4897 (100d
302 4834 433 4888 nulli
466 4851 705 4906 unquam
732 4836 1108 4908 episcoporum
1142 4835 1327 4894 facere
1355 4838 1527 4895 licuit.
1560 4839 1717 4898 Post-

218 5031 354 5113 (893)
393 5034 471 5091 Ex
513 5035 689 5113 Gallia
730 5036 1043 5113 Cbristiana
1086 5051 1141 5096 et
1187 5038 1390 5113 Manlio
1418 5041 1573 5111 prius
1595 5043 1711 5113 jam

584 5107 868 5175 Amidae
917 5127 948 5166 a
977 5109 1254 5170 Clemente
1304 5110 1370 5166 ιιι
1420 5103 1712 5185 Ξιηιίῃεῖρθ,
1778 5128 1783 5131 ‘

2534 4655 2776 4711 XXXVI.

1890 4751 2020 4806 Post
2064 4751 2180 4806 hare
2221 4655 2808 4805 Hartmaﬁnd‘sxrit‘nles
2839 4749 3024 4803 senior
3054 4746 3199 4816 (900)
3230 4743 3295 4797 de
3325 4741 3419 4797 Di-

1821 4841 1990 4916 lingin
2022 4842 2235 4915 rogavit
2261 4856 2385 4897 eum
2417 4848 2477 4895 ut
2506 4840 2559 4894 in
2594 4848 2835 4895 utentem
2860 4880 2876 4907 ,
2904 4839 2998 4908 qui
3026 4845 3255 4892 vocatur
3283 4831 3420 4887 Ner-

1899 5044 2045 5104 (896)
2083 5043 2203 5096 Vill.
2236 5042 2377 5098 infra
2410 5040 2437 5113 ς

1890 5116 2043 5202 (ἔ97)
2062 5113 2201 5204 "Viri.
2228 5105 2465 5204 {annales
2486 5110 2987 5204 lllltl'e'SIISIIPEHSPS
3012 5110 3231 5204 "asinae...
3288 5106 3415 5204 [οξ.

2756 5182 2890 5204 -2“-..
2926 5200 2953 5204 ..
3012 5181 3114 5204 non
3178 5178 3266 5204 HL:
3297 5180 3387 5204 -..ε
