4010 5328
484 120 586 173 551

1228 113 1577 176 APPENDIX
1612 120 1705 177 AD
1736 118 2131 178 CHBONICON
2173 121 2529 178 HERMANNI
2569 123 2978 180 CONTRAC'I'I.
3012 80 3019 87 ἱ

3645 123 3740 180 552

484 227 742 288 nistheiin
772 229 918 301 (901)
940 269 954 294 ,
984 230 1071 284 ubi
1100 231 1217 302 ipse
1247 233 1523 304 regulares
1549 236 1841 291 canonicos
1870 237 2074 291 consti-
2102 239 2149 296 Α
2170 243 2231 290 et
2260 234 2500 290 laborem
2521 234 2746 293 sulferrc
2770 253 2875 291 non
2905 243 3107 308 posset,
3129 238 3347 306 reliquit
3372 241 3547 305 ipsum
3568 236 3739 291 locum
3772 291 3778 295 _

486 330 666 377 tuerat
684 362 699 384 ,
730 320 843 391 ipse
868 330 1021 391 paler
1044 321 1417 380 Theodoricus
1439 328 1734 383 monachos
1758 328 1916 382 adduv
1935 338 2074 390 cret,

484 422 543 470 et
574 414 930 469 monasticam
961 416 1036 470 ibi
1068 417 1237 471 vitam
1267 418 1600 475 institueret.
1632 419 1798 489 Cujus
1830 421 2074 490 petitioni

486 517 770 557 assensum
812 506 1064 574 praebens
1106 507 1333 562 adduxit
1371 508 1597 565 idoneos
1634 510 1814 576 viros,
1856 509 2078 564 Bernol-

487 593 651 654 dum,
687 608 846 664 quem
884 595 1121 665 priorem
1162 597 1327 665 fecit,
1363 598 1697 655 Gebinonem
1738 602 2064 656 avunculum

486 699 699 749 meum,
753 684 1121 742 Wernlrcrum
1175 691 1574 760 superpositum
1621 691 1770 763 (902)
1821 706 1977 746 suum
2024 701 2080 746 et

487 772 624 829 alios
655 775 831 829 eidem
870 775 989 831 loco
1029 777 1374 834 suilicientcs.
1416 780 1481 835 Et
1518 788 1576 835 ut
1612 782 1778 837 semel
1806 782 1983 838 dicam
2014 782 2080 838 dc

485 861 595 931 jam
629 865 909 918 nominato
939 864 1243 922 Wcruhero
1265 909 1280 934 ,
1318 884 1443 923 cum
1481 870 1535 925 in
1574 871 1764 927 eodem
1799 872 1920 928 loco
1952 888 2081 943 ope-

487 955 646 1009 ribus
684 966 975 1025 praeesset,
1007 972 1063 1013 et
1092 958 1323 1015 licenter
1348 970 1572 1031 ageret,
1605 976 1941 1033 quaecunque
1974 963 2081 1018 vel-

488 1043 561 1099 let
581 1086 598 1109 ,
626 1056 681 1101 et
709 1062 739 1101 a
770 1048 982 1102 cunctis
1007 1057 1197 1103 contra
1232 1051 1483 1105 meritum
1515 1066 1672 1106 suum
1699 1053 2080 1118 ltonoraretur,

493 1153 618 1193 cum
646 1137 760 1206 jam
799 1149 946 1194 esset
982 1154 1182 1205 senex,
1223 1142 1489 1207 recessit,
1523 1150 1580 1197 et
1613 1142 1856 1199 habitum
1892 1160 2082 1200 mona-

488 1230 689 1287 cliilem
736 1231 984 1302 deposuit
1023 1239 1079 1288 et
1119 1231 1434 1289 saecularem
1481 1234 1811 1304 assumpsit;
1860 1242 1915 1291 et
1961 1250 2082 1289 cum

490 1320 708 1375 cuidam
747 1321 940 1375 turrim
984 1321 1310 1387 mdilicaret,
1351 1330 1526 1378 morte
1559 1332 1865 1394 praeventus
1902 1324 2080 1380 periit.

1224 1414 1461 1469 iXXVll.

1224 1414 1291 1468 ’Χ
1448 1455 1461 1469 .

566 1503 720 1559 Anno
748 1521 855 1561 lex
882 1504 1037 1578 (905)
1068 1414 1441 1563 Ιιὲἰιέἰοιίἳᾘ
1465 1521 1558 1562 rex
1588 1522 1820 1578 magnus
1849 1508 2085 1561 maximo

2177 336 2231 382 et
2261 328 2420 383 rediit
2447 328 2513 382 ad
2564 331 2950 385 monasterium
2995 345 3171 384 suum.
3207 328 3548 399 Quapropter
3578 326 3741 382 Theo-

2178 420 2395 475 doricus
2452 419 2646 475 iterum
2692 431 2910 491 rogatus
2958 420 3340 476 Wernbarium
3387 419 3451 474 de
3498 418 3742 472 Alshusiu

2178 511 2349 566 ot-ulis
2404 510 2765 581 caligantem,
2823 529 2979 567 suum
3032 519 3349 567 veteranum
3405 509 3742 573 monachum,

2180 603 2435 657 abbatem
2482 601 2782 667 constituit,
2836 603 2927 673 qui
2980 603 3142 658 etiam
3192 598 3504 673 aliquandiu
3558 599 3747 668 absque

2179 691 2592 747 consecratione
2616 690 2848 762 praefuit.

2887 780 2915 853 δ
2954 780 3067 836 XL.

2252 870 2478 925 Factum
2510 881 2594 928 est
2639 880 2819 925 autem
2855 879 2914 924 ut
2942 870 3174 939 quodam
3209 876 3449 937 tempore
3476 863 3752 921 Udalricus

2182 965 2619 1021 Constantieusis
2647 963 2849 1019 electus
2877 963 3025 1033 gravi
3075 959 3402 1015 necessitate
3437 972 3541 1028 pro
3578 956 3750 1026 acqui-

2187 1056 2349 1110 renda
2379 1055 2605 1125 pecunia
2632 1053 3119 1124 constringeretur.
3149 1050 3288 1105 Ecce
3315 1057 3498 1103 autem
3528 1046 3754 1100 Theode-

2187 1146 2331 1201 ricus
2385 1145 2554 1201 abbas
2591 1161 2687 1215 per
2732 1146 2873 1199 idem
2922 1154 3134 1212 tempus
3178 1140 3450 1210 quoddam
3503 1137 3751 1209 praedium

2187 1235 2543 1300 'l‘otirnhusin
2571 1235 2718 1306 (908)
2762 1235 2965 1289 dictum
2996 1248 3096 1302 pro
3122 1232 3308 1287 decem
3347 1229 3553 1284 marcis
3583 1228 3754 1281 vendi-

2187 1329 2362 1393 derat,
2389 1343 2456 1382 co
2477 1328 2620 1396 quod
2653 1326 2780 1380 illud
2811 1326 3014 1379 redemi
3042 1340 3148 1378 non
3179 1330 3391 1393 poterat
3419 1321 3493 1375 ab
3521 1320 3626 1382 bis,
3652 1319 3757 1388 qui.

2093 1467 2098 1473 .
2189 1418 2288 1473 btts
2318 1418 2446 1473 illud
2475 1417 2800 1473 Lambcrtus
2829 1416 2897 1470 de
2927 1414 3269 1484 Birlttilingin
3294 1411 3406 1481 jam
3440 1420 3606 1466 antea
3633 1425 3753 1464 con-

2188 1519 2448 1574 cesserat,
2479 1508 2751 1580 quiaao
2772 1506 2903 1561 illud
2933 1505 3261 1561 monasterio
3284 1502 3611 1557 tradiderat.
3635 1499 3759 1571 Ergo

494 1612 620 1652 cum
657 1599 901 1652 exercitu
944 1597 1173 1653 Romam
1223 1598 1613 1669 gloriosissime
1658 1599 1897 1669 perrexit
1946 1607 2005 1652 ut
2053 1614 2081 1651 a
2114 1580 2159 1638 Β
2190 1605 2292 1659 hac
2337 1602 2739 1673 opportunitate
2808 1600 3028 1653 inventa
3094 1597 3262 1652 abbas
3314 1595 3466 1648 dedit
3523 1591 3762 1648 Udalrico

495 1702 636 1758 papa
668 1687 967 1757 imperator
998 1686 1191 1754 ﬁeret;
1248 1688 1342 1743 sed
1378 1704 1500 1743 cum
1542 1702 1681 1759 papa
1734 1688 2086 1743 investituras

495 1793 636 1848 quas
670 1793 830 1849 reges
866 1793 1038 1849 usque
1076 1787 1206 1833 tunc
1234 1778 1463 1835 licenter
1496 1795 1595 1850 pro
1647 1779 1786 1834 velle
1834 1794 1933 1835 suo
1983 1779 2082 1834 tri-

496 1870 770 1935 buebant,
811 1870 882 1923 ab
917 1884 983 1925 eo
1017 1880 1327 1941 reposceret
1364 1879 1426 1925 ut
1454 1870 1648 1926 electio
1685 1869 1856 1925 libera
1895 1869 2085 1936 ﬁeret,

498 1959 593 2016 ille
627 1960 803 2015 iratus
842 1957 1161 2016 Paschalem
1200 1976 1394 2032 papam
1430 1962 1483 2016 in
1520 1961 1888 2033 captivitatem
1932 1962 2089 2017 rede-

496 2057 606 2124 git,
637 2052 947 2109 cardinales
977 2053 1287 2123 injuriavit,
1319 2053 1558 2108 inﬁnitas
1584 2054 1805 2122 rapinas
1832 2062 1887 2108 et
1911 2053 2091 2109 credes

498 2143 763 2200 Romanis
797 2143 979 2198 intulit
1012 2160 1025 2198 :
1066 2143 1299 2199 Romani
1334 2143 1533 2213 quippe
1569 2143 1766 2199 bellant
1806 2144 1854 2198 ei
1893 2142 2091 2198 intule-

495 2241 660 2300 runt,
692 2234 786 2289 sed
834 2249 931 2290 rex
976 2233 1149 2290 victor
1192 2233 1435 2290 existens
1479 2233 1873 2289 inenarrabiles
1912 2232 2091 2289 caedes

499 2325 767 2381 exercuit.

1110 2415 1138 2488 ς
1194 2414 1481 2474 xxxvm.

570 2505 747 2577 359
766 2504 983 2562 Interim
1008 2520 1139 2577 ergo
1170 2506 1485 2562 reverendae
1509 2504 1787 2562 memoriae
1816 2503 2095 2560 Gebehar—

511 2598 615 2652 dus
633 2596 1069 2653 Constantieusis
1105 2588 1393 2667 episcopus
1423 2597 1490 2652 de
1533 2598 1636 2652 hoc
1664 2597 1863 2651 smculo
1897 2597 2097 2666 migra-

508 2690 589 2742 vit
615 2688 788 2759 (904),
821 2698 874 2744 et
901 2689 1030 2743 dum
1062 2703 1158 2745 rex
1180 2688 1536 2759 apostolicum
1567 2688 1620 2743 in
1647 2688 1899 2744 custodia
1929 2688 2097 2743 habe-

504 2789 593 2835 ret
625 2780 795 2851 (905),
825 2779 975 2836 venit
1023 2781 1249 2836 nuntius
1277 2780 1367 2849 qui
1400 2780 1514 2852 regi
1547 2780 1752 2835 obitum
1787 2779 2095 2835 Gebehardi

504 2874 750 2943 episcopi
779 2875 1070 2939 nuntiavit,
1099 2885 1154 2931 cl
1182 2875 1233 2931 ei
1262 2875 1471 2946 virgam
1498 2873 1825 2945 pastoralem
1854 2884 1907 2929 et
1926 2888 2099 2927 annn-

2187 1693 2360 1750 electo
2402 1702 2527 1748 octo
2558 1704 2772 1747 marcas
2810 1704 2908 1758 pro
2952 1688 3188 1759 quadam
3229 1686 3388 1757 augia
3427 1682 3602 1737 Rotse
3629 1680 3762 1752 (909)

2188 1787 2354 1850 dicta,
2390 1785 2481 1840 ubi
2526 1783 2656 1839 olim
2707 1781 2927 1853 quidam
2968 1779 3255 1849 religiosus
3300 1788 3355 1830 et
3400 1775 3516 1830 Deo
3555 1774 3765 1829 devotus

2190 1878 2508 1943 monachus,
2541 1876 2760 1931 nomine
2791 1871 3175 1944 Ratperonius,
3207 1869 3486 1925 basilicam
3520 1878 3759 1935 magnam

2189 1979 2593 2033 construxerat,
2630 1967 2785 2035 cujus
2826 1964 3131 2035 sepulcrum
3166 1962 3307 2017 Deus
3351 1959 3571 2016 crebris
3612 1958 3765 2012 mira-

2190 2066 2437 2122 culorum
2488 2063 2660 2134 signis
2705 2060 3135 2120 clariﬁcavcrat;
3187 2056 3301 2126 ipse
3346 2053 3553 2123 quippe
3594 2051 3768 2105 beatus

2192 2155 2557 2226 Ratperonins
2581 2153 2829 2208 eumdem
2870 2150 3047 2205 locum
3095 2162 3126 2202 a
3154 2145 3457 2209 nobilitate,
3493 2155 3618 2210 quae
3656 2146 3769 2195 tunc

2193 2247 2333 2317 apud
2360 2245 2611 2301 Arnancb
2647 2242 2791 2314 (910)
2816 2239 3096 2302 ﬂoruerat,
3126 2250 3227 2307 pro
3260 2235 3553 2290 devotione
3581 2232 3634 2286 in
3664 2245 3769 2317 pro-

2192 2341 2476 2411 prietatem
2508 2344 2809 2407 acceperat,
2850 2344 2905 2389 et
2938 2334 3052 2403 ipse
3092 2347 3216 2386 eum
3256 2325 3771 2385 ConstantieusiEc—

2196 2430 2376 2487 clesia:
2412 2429 2716 2484 tradiderat
2756 2441 2821 2481 ea
2866 2438 2960 2494 spe
2991 2432 3050 2478 ut
3095 2420 3220 2477 inde
3249 2418 3659 2480 sublimaretur,
3689 2412 3770 2469 sed

2195 2538 2258 2578 ea
2290 2538 2412 2591 spes
2462 2520 2720 2574 frustrata
2753 2528 2890 2573 erat.
2934 2517 3229 2584 Postquam
3279 2520 3459 2565 autem
3509 2522 3635 2562 eum
3662 2522 3771 2560 ven.

2196 2611 2566 2668 Theodericus
2605 2617 2835 2683 emerat,
2882 2605 3228 2678 privilegium
3278 2599 3385 2657 tale
3412 2599 3772 2670 conscriptum

2196 2720 2296 2776 pl‘O
2323 2720 2388 2759 00
2417 2718 2539 2758 (3588
2565 2708 2797 2756 constat.
2852 2774 2855 2777 ι

2392 2783 2401 2793 '
2882 2787 2910 2860 ς
2949 2784 3089 2842 XLI.

2274 2884 2471 2939 Notum
2508 2883 2579 2937 sit
2607 2880 2860 2935 onmibus
2884 2877 3121 2948 qualiter
3144 2873 3471 2944 Lampertns
3496 2870 3569 2925 de
3590 2866 3776 2923 Birtbi-

514 2966 628 3021 lum
660 2966 872 3022 detulit.
919 2967 1051 3035 Quae
1096 2967 1185 3023 ille
1214 2966 1471 3021 continuo
1511 2964 1765 3021 Udalrico
1791 2963 1903 3017 tilio
1941 2962 2095 3016 llart—

2205 2975 2393 3047 liugin,
2410 2974 2574 3028 homo
2604 2971 2817 3036 nobilis,
2845 2970 2950 3023 duo
2972 2965 3194 3037 przedia,
3215 2979 3335 3034 qum
3353 2964 3435 3018 sui
3442 2961 3593 3029 juris
3612 2965 3778 3021 erant,

511 3057 698 3112 manui
737 3057 886 3128 (906)
909 3059 1124 3113 comitis
1143 3059 1209 3112 de
1233 3057 1468 3127 Dilingin
1490 3055 1741 3126 praebuit,
1766 3052 2102 3110 etConstan-

511 3145 780 3201 tiensibus
807 3147 1120 3217 episcopum
1147 3146 1472 3217 designavit.
1501 3145 1696 3200 Postea
1732 3160 1862 3200 vero
1886 3151 2103 3215 aposto-

510 3237 657 3299 licus
709 3246 764 3294 et
819 3253 913 3292 rex
960 3237 1062 3293 sibi
1100 3237 1331 3292 invicem
1379 3238 1676 3302 conciliati,
1707 3247 1762 3291 et
1797 3238 1913 3307 ipse
1942 3237 2103 3293 abeo

510 3328 812 3399 imperator
839 3338 1188 3385 consecratus
1214 3330 1462 3385 recessit.
1493 3330 1560 3385 Et
1588 3337 1768 3384 tamen
1819 3328 2104 3385 Udalricus

516 3421 697 3492 ipsum
743 3436 937 3492 papam
980 3418 1398 3476 infestissimum
1439 3419 1652 3485 habuit,
1681 3435 1746 3474 eo
1775 3419 1918 3489 quod
1970 3418 2105 3474 inte-

517 3516 647 3579 rim,
680 3513 807 3569 dum
846 3513 962 3584 ipse
1006 3521 1200 3583 captus
1250 3511 1559 3577 tenebatur,
1603 3526 1633 3565 a
1669 3526 1791 3581 rege
1820 3510 2107 3565 iuvest‘itus

511 3614 656 3671 erat,
684 3620 786 3661 nec
819 3620 1084 3675 unquam,
1120 3603 1249 3660 dum
1300 3604 1413 3674 ipse
1447 3602 1603 3668 vixit,
1635 3602 2105 3658 consecrationem

516 3700 814 3769 impetrare
846 3697 1039 3769 potuit,
1086 3712 1152 3753 ac
1185 3708 1474 3767 propterea
1506 3703 1631 3751 octo
1678 3695 1859 3759 minis,
1910 3693 2107 3764 quibus

516 3789 796 3847 Paschalis
826 3790 1112 3861 superfuit,
1156 3789 1529 3860 episcopatum
1574 3787 1781 3856 absque
1820 3800 2110 3842 consecra-

518 3883 665 3938 tione
690 3883 882 3938 tenuit.

1158 3973 1186 4046 ς
1225 3971 1466 4028 xxmx.

589 4064 725 4121 Cum
774 4080 905 4136 ergo
957 4064 1480 4121 Neruistbeimeusis
1509 4063 1657 4136 (907)
1705 4062 1840 4118 cella
1884 4061 1952 4116 ad
2003 4060 2112 4117 hoc

522 4155 884 4228 pervenisset,
929 4165 990 4211 ut
1037 4156 1221 4211 abbati
1280 4156 1473 4210 idonea
1522 4161 1689 4219 esset,
1737 4152 2111 4209 Theodoricus

520 4248 688 4322 abbas
735 4248 1024 4319 quemdam
1073 4264 1281 4312 senem,
1332 4246 1706 4317 Sigibotonem
1754 4246 1994 4311 nomine,
2042 4244 2111 4300 de

520 4340 812 4413 Hirsaugia
848 4339 1093 4407 adduxit,
1124 4356 1355 4411 cumque
1386 4340 1636 4396 abbatem
1665 4338 1966 4395 constituit.
2002 4335 2106 4405 Qui

519 4450 648 4492 cum
677 4435 959 4493 aliuuanto
987 4440 1229 4505 tempore
1266 4433 1384 4488 sine
1408 4431 1823 4488 consecratione
1849 4437 2109 4503 praeesset

595 4573 743 4643 (901)
779 4572 935 4643 Nunc
973 4568 1643 4643 Nercsheim‘cmnobium
1692 4566 2104 4643 Benedictiumn

525 4646 580 4699 in
604 4637 851 4706 “Suevia,
897 4642 963 4698 de
998 4658 1104 4712 quo
1146 4641 1252 4712 viil.
1298 4639 1590 4712 Bruschius
1630 4637 1843 4712 p.531
1872 4646 1927 4691 et
1969 4637 2109 4712 infra

527 4716 556 4785 ᾗ
601 4715 689 4770 59.
744 4716 821 4769 De
862 4715 969 4768 hoc
1009 4707 1138 4767 vero
1184 4711 1309 4767 silet
1338 4710 1398 4764 P.
1430 4707 1659 4765 Kbamzu
1694 4710 1747 4763 in
1784 4707 2103 4764 llierarchia

524 4788 862 4842 Augustana.

598 4802 1016 4927 (ἷξὶῗῗιξιέίιίςει
1035 4852 1286 4908 abbatem
1314 4851 1646 4909 Petersbusii
1678 4851 1734 4907 in
1763 4849 1882 4920 ejus
1914 4848 2112 4904 absen-

528 4924 615 4983 tia
635 4928 863 4997 electum
879 4966 894 4989 ,
928 4925 957 4997 §
986 4924 1074 4980 5-1.

529 5068 571 5122 s
602 4996 750 5120 (9:5)
790 4994 903 5051 lmo
930 4989 1100 5052 'atmo
1146 5002 1407 5065 sequente
1442 4993 1604 5050 1111.
1662 4992 1786 5050 Vid.
1840 4989 2111 5045 annalista

573 5082 637 5122 ax
682 5107 696 5121 .

573 5081 696 5122 διο.

605 5120 752 5205 non
783 5134 973 5193 Obitus
1013 5135 1314 5193 Gebchardi
1355 5134 1421 5192 ιιι
1456 5151 1487 5191 a
1517 5133 1711 5191 Manlio
1739 5141 1887 5188 recte
1922 5130 1991 5185 ad
2019 5120 2129 5183 an.'

534 5207 691 5269 Ill0,
720 5206 948 5262 lS-Nov.
978 5210 1252 5264 statuitur.

606 5265 754 5328 (905)
793 5278 1014 5328 Scilicet
1054 5295 1084 5328 a
1128 5280 1215 5328 die
1244 5277 1311 5328 1-2
1341 5276 1501 5328 Febr.
1548 5290 1721 5328 usune
1761 5273 1850 5328 ad.
1878 5270 1914 5326 8
1941 5265 2112 5328 April.

2204 3082 2270 3122 ex
2305 3064 2620 3121 licereditate
2653 3072 2941 3134 parentum
2972 3074 3219 3120 suorum,
3256 3072 3421 3109 unum
3452 3053 3602 3123 apud
3625 3050 3778 3107 Geilic

2205 3175 2423 3225 nouwa,
2457 3156 2601 3212 aliud
2634 3156 2775 3226 apud
2805 3153 3104 3208 Totirnltus
3125 3150 3273 3203 dedit
3296 3148 3361 3202 ad
3394 3142 3778 3201 monasterium

2207 3252 2265 3307 S.
2296 3249 2540 3321 Gregorii
2572 3261 2739 3317 papae,
2771 3244 2914 3314 quod
2938 3242 3137 3297 dicitur
3157 3237 3491 3299 Petrisbusa,
3518 3234 3590 3288 ad
3625 3230 3782 3286 servi-

2207 3341 2339 3396 tium
2375 3338 2629 3403 fratrum,
2657 3336 2747 3406 qui
2780 3333 2888 3388 illic
2913 3331 2999 3386 die
3030 3345 3092 3384 ac
3120 3338 3278 3383 nocte
3321 3327 3430 3381 Deo
3455 3322 3780 3391 deserviunt,

2207 3432 2412 3500 absque
2438 3429 2543 3484 ulla
2581 3425 3034 3487 contradictione,
3056 3423 3109 3477 in
3136 3435 3355 3476 manum
3378 3416 3624 3474 lleinrici
3647 3412 3782 3483 (9U)

2209 3521 2455 3577 advocati
2499 3518 2738 3590 ejusdem
2772 3513 3109 3578 monasterii,
3159 3524 3342 3566 coram
3391 3506 3610 3563 idoneis
3646 3501 3783 3557 testi-

2208 3615 2329 3670 bus.
2365 3611 2471 3667 Sed
2500 3625 2622 3664 cum
2656 3608 2797 3664 idem
2845 3605 3165 3673 Lampertus
3204 3615 3370 3656 unum
3420 3597 3646 3659 horum,
3695 3592 3785 3646 hoc

2210 3716 2297 3763 est
2324 3704 2642 3768 Totirnhus,
2695 3716 2801 3756 non
2835 3709 3018 3768 posset
3044 3695 3315 3751 redimere
3355 3690 3423 3746 ab
3463 3688 3574 3749 his,
3604 3685 3786 3756 quibus

2211 3796 2344 3852 illud
2395 3795 2446 3850 in
2502 3791 2825 3848 beneﬁcium
2875 3793 3250 3849 concesserat,
3302 3779 3531 3837 consilio
3578 3781 3787 3843 accepto

2186 3890 2379 3945 abbas
2412 3886 2652 3956 ejusdem
2686 3880 2997 3936 monasterii
3022 3875 3391 3932 Theodericus
3418 3869 3665 3926 vendidit
3685 3865 3786 3935 jam

2212 3980 2414 4035 dictum
2446 3976 2727 4049 praedium,
2761 3969 2904 4041 quod
2935 3968 3136 4025 dicitur
3163 3963 3513 4025 Totirnbusa,
3560 3975 3660 4030 pro
3698 3956 3785 4011 de~

2211 4086 2329 4127 cem
2358 4068 2580 4131 marcis,
2617 4075 2671 4119 et
2699 4063 2989 4119 occasione
3016 4061 3238 4115 inventa
3264 4055 3415 4114 dedit
3452 4069 3522 4109 ex
3548 4052 3655 4108 hoc
3683 4050 3786 4119 ipso

2212 4163 2389 4235 pretio
2415 4169 2540 4216 octo
2571 4172 2783 4213 marcas
2821 4170 2921 4226 pro
2948 4152 3184 4225 quadam
3225 4148 3400 4204 insula
3443 4148 3496 4202 in
3537 4161 3677 4218 pago
3698 4142 3786 4198 Ni-

2213 4253 2503 4322 bilgouwe,
2520 4264 2640 4320 qua:
2661 4255 2887 4301 vocatur
2901 4245 3085 4306 Rotse,
3098 4256 3220 4312 quas
3241 4239 3308 4295 ad
3325 4237 3785 4295 Constantiensem

2214 4342 2510 4399 Ecclesium
2541 4337 2937 4411 pertinebat,et
2960 4335 3247 4404 episcopus
3274 4330 3515 4398 ejusdem
3545 4323 3787 4381 Ecclesiae

2214 4434 2522 4498 Udalricus,
2552 4438 2773 4501 accepto
2816 4425 2929 4497 jam
2987 4426 3131 4480 dicto
3171 4421 3371 4493 pretio,
3427 4418 3482 4474 id
3543 4425 3631 4472 est
3672 4419 3785 4467 octo

2217 4568 2529 4629 Udalricum
2560 4564 2767 4629 pariter
2793 4558 3110 4615 Hartmauni
3139 4556 3309 4629 tilium
3336 4552 3499 4607 dicit.
3552 4619 3592 4629 __
3719 4614 3733 4629 _

2290 4582 2529 4624 Iatrtcnm
2597 4582 2767 4621 artter
2797 4582 3110 4615 naruuzmut
3140 4582 3309 4611 ullum
3336 4582 3489 4607 ιιιωι.
3772 4612 3785 4625 ⁵

2290 4639 2440 4710 (907)
2474 4582 2596 4691 Viti).
2629 4651 2750 4710 mox
2785 4631 2812 4705 §
2956 4631 3223 4710 (heternm
3265 4613 3786 4710 hfccnm

2192 4694 2480 4777 .Catalogo
2505 4706 2646 4761 haud
2677 4694 3150 4777 convenittut,_qui
3178 4712 3281 4777 n_ec_
3301 4694 3787 4777 Sigibotonetn

2215 4760 2602 4837 Wéﬁuﬁumm
2632 4778 2773 4830 inter
2792 4760 3507 4842 abba.esi§éreslteime'ns.es
3528 4760 3784 4842 recenset.

2215 4826 2932 4908 ﬁliaefiliﬁiciééaspetra
2962 4843 3014 4895 in
3032 4839 3231 4894 Suevia
3257 4826 3787 4912 ecclesiastica,_t’orte

2216 4892 3153 4992 ἴπῖἱυὶΐξέιιῖιίτῖἰίᾘῆᾝᾱιοῆἱᾲὶιςένίιιί,
3203 4917 3299 4962 aut
3345 4900 3612 4961 benedicti
3654 4892 3785 4952 haud

2216 4993 2438 5049 fuerint.
3129 5050 3139 5054 Α
3308 5047 3319 5054 _
3385 5044 3400 5054 _
3468 5043 3529 5054 η
3553 5042 3565 5054 ,

2290 5043 2435 5129 i908)
2465 5059 2633 5114 Forte
2674 5054 3102 5129 [)otternhausen
3128 5050 3178 5104 in
3201 5044 3439 5129 capitulo
3468 5043 3749 5129 Fglringen.:

2469 5111 2635 5184 ’Νὶὶιίὸ
2675 5126 2898 5181 Rottsee
2944 5122 3120 5199 lilialis
3174 5111 3447 5199 parochias}

2220 5181 2454 5272 cantata
2482 5181 2710 5272 mgna
2736 5206 2792 5272 ei
2818 5209 2955 5266 pago
2981 5181 3282 5272 Νξιιίιεάνεε
3306 5182 3700 5272 Peliacis";
3716 5181 3789 5272 ‘2“

2739 5244 3201 5328 Eiu'st'ibﬁdubie,
3232 5258 3344 5313 vid.
3371 5254 3511 5328 iul‘ra
3543 5253 3578 5306 Ι.
3600 5246 3706 5319 v,§
3734 5244 3786 5298 6.
