4010 5328
175 338 277 398 355

171 555 216 598 et
254 536 498 593 uttmibus
541 533 605 584 ad
652 529 825 599 ipsum
862 524 1274 596 pertinentibus,
1325 522 1471 593 agris
1499 521 1730 585 scilicet,

172 630 320 704 pratis
344 637 396 680 et
426 626 605 694 aquis,
638 619 970 680 nemoribus,
1001 616 1246 687 quaesitis
1271 624 1329 671 et
1359 615 1729 685 acquirendis,

171 721 426 776 adnitente
476 724 532 768 et
595 711 841 767 tradente
902 717 1067 777 atque
1123 707 1421 776 accipiente
1470 705 1732 762 advocato

169 809 398 865 lleinrico
428 807 497 859 de
525 805 932 863 Sanctomonte,
968 799 1035 852 ad
1080 797 1467 852 monasterium
1500 795 1559 850 S.
1592 796 1730 852 Gre-

168 900 283 971 gurii
313 911 480 968 papae,
511 895 598 948 cui
628 907 823 959 nomen
850 889 1186 951 Petrishusa,
1219 888 1284 941 ad
1317 903 1472 942 usum
1499 886 1728 940 fratrum

165 993 378 1062 ejusdem
404 985 742 1041 monasterii.
759 983 826 1037 Et
841 980 953 1050 jam
977 981 1154 1035 dictus
1173 979 1457 1049 episcopus
1482 978 1728 1032 eamdem

166 1082 367 1138 insulam
403 1093 528 1132 eum
559 1074 812 1130 omnibus
839 1072 952 1127 suis
993 1069 1332 1140 appendiciis
1370 1069 1438 1122 de
1466 1066 1590 1136 jure
1618 1082 1730 1122 sua:

165 1171 381 1226 ecclesia:
407 1164 707 1221 transfudit
729 1165 784 1219 in
822 1161 914 1232 jus
949 1161 1266 1216 monasterii
1299 1158 1536 1231 legitima
1566 1158 1731 1213 tradi-

167 1263 310 1325 tione,
357 1269 412 1314 et
463 1260 714 1313 eamdem
761 1256 1106 1310 traditionem
1151 1253 1498 1310 conﬁrmavit
1543 1267 1729 1307 coram

165 1353 417 1408 canonicis
472 1349 914 1406 Constantiensis
944 1346 1220 1412 Ecclesiae,
1259 1355 1316 1402 et
1363 1347 1486 1402 aliis
1518 1347 1729 1403 idoneis

166 1445 386 1499 testibus.

819 1529 1046 1603 §XLn.

219 1624 362 1695 361
397 1622 490 1678 llis
539 1621 876 1693 temporibus
906 1621 1057 1691 (912)
1105 1620 1406 1676 rebellabat
1448 1623 1561 1687 regi
1610 1619 1725 1674 Mo-

163 1715 476 1787 guntineusis
527 1714 734 1768 electus
779 1712 1129 1776 Adiibertus,
1186 1711 1343 1781 cujus
1393 1710 1621 1767 consilio
1673 1720 1729 1766 et

647 383 650 386 .
1029 323 1422 381 CI‘IRONICON
1463 315 2095 379 PETERSHUSANUM.
2135 346 2201 354 -η
2235 315 2358 370 UB.
2402 315 2480 369 ill.

173 452 370 509 tttarcis.
397 443 615 500 tradidit
635 439 882 495 eamdem
915 435 1146 490 insulam
1173 451 1296 489 cum
1319 435 1562 490 oratorio
1588 432 1730 502 ejus,
1757 437 1807 492 Α
1837 441 1948 480 rem
1999 425 2222 489 ῐηαιιειῖῑν
2255 440 2414 493 quem
2463 435 2589 479 ιυηο
2632 439 2767 494 papa
2799 435 2853 480 ει
2896 426 3077 480 οωιονῖ
3118 433 3302 498 υιροιο
3325 445 3422 485 ειε

3311 317 3422 374 554

1834 517 2294 574 communicatum
2323 516 2796 571 abomiualtantur.

2509 606 2735 678 §XLV.

1902 701 2072 771 Igitur
2100 717 2224 757 cum
2256 700 2424 755 abbas
2455 700 2823 755 Theodericus
2853 715 2976 755 cum
3023 701 3138 758 suis
3167 717 3226 757 se
3251 702 3306 758 in
3331 703 3421 761 ine-

1835 794 1998 850 solito
2025 793 2206 849 calore
2249 793 2456 848 aestatis
2497 792 2681 848 Roma:
2733 793 3002 849 incautius
3041 795 3418 863 observarent,

1831 887 1974 941 circa
2009 885 2279 939 Kalendas
2321 886 2596 956 Augustas
2644 885 2782 940 mori
2831 895 3132 954 coeperunt.
3162 887 3420 946 Videnles

1828 984 2010 1029 autem
2042 976 2339 1045 periculum
2361 977 2462 1030 sibi
2494 977 2797 1041 imminere,
2817 991 2846 1030 a
2873 976 3042 1030 Roma
3071 989 3418 1035 recesserunt

1829 1066 1918 1134 qui
1949 1067 2126 1121 adhuc
2153 1066 2471 1136 superstites
2502 1064 2720 1120 fuerunt
2748 1075 2803 1120 et
2829 1065 2895 1119 ad
2917 1065 3154 1120 Sutriam
3185 1081 3246 1122 se
3284 1083 3418 1123 con-

1833 1156 2086 1212 tulerunt.
2123 1158 2200 1212 lbi
2227 1159 2407 1228 itaque
2449 1174 2640 1212 onmes
2666 1158 2871 1227 pariter
2908 1158 3166 1212 infirmati
3211 1158 3420 1230 migra-

1831 1250 1985 1310 bant.
2045 1251 2217 1305 donec
2275 1251 2423 1304 illum
2474 1249 2644 1304 solum
2699 1250 2972 1304 infirmttm
3024 1248 3412 1321 relinquerent.

1828 1341 1990 1408 Quid,
2045 1342 2286 1410 inquam,
2345 1341 2434 1395 ille
2489 1352 2619 1395 tunc
2673 1341 2912 1411 angoris,
2958 1339 3088 1410 qttid
3140 1343 3416 1407 mereris,

1827 1449 1990 1504 quam
2039 1449 2281 1488 amaram
2329 1445 2558 1489 mortem
2607 1435 2870 1499 hauserit,
2903 1435 3100 1490 viderit
3131 1437 3224 1505 qui
3265 1436 3416 1502 velit,

1828 1538 1951 1578 cum
1982 1522 2187 1576 nullum
2215 1539 2436 1577 suorum
2483 1525 2813 1579 remansisse
2853 1525 3195 1594 conspiceret
3241 1541 3299 1582 se
3331 1543 3420 1584 so-

1827 1612 1936 1667 lum
1967 1629 2190 1684 peregre
2216 1624 2270 1668 et
2297 1615 2459 1669 rebus
2487 1624 2542 1669 et
2569 1616 2732 1670 sociis
2779 1616 3029 1670 orbatum
3070 1617 3412 1673 moriturum.

1827 1703 2192 1758 Contubernia
2228 1705 2514 1760 mulierum
2561 1706 2629 1761 ab
2674 1707 2790 1775 ipso
2838 1707 2993 1760 initio
3047 1709 3417 1766 conversionis

162 1807 354 1866 auxilio,
385 1815 443 1858 ιιι
471 1814 607 1859 ωηο
662 1803 964 1868 ferebatur,
1006 1802 1187 1857 omnia
1229 1803 1316 1857 ina
1360 1802 1498 1857 mala
1541 1810 1730 1874 egerat
1762 1788 1803 1845 Β
1833 1808 1944 1848 suae
1971 1809 2186 1864 semper
2212 1802 2270 1849 ut
2298 1803 2502 1864 pestem
2534 1795 2824 1857 devitalzat.
2869 1795 3056 1852 Nullus
3079 1797 3242 1852 etiam
3266 1799 3386 1853 viro

165 1911 264 1965 qua!
290 1893 470 1950 Romae
497 1903 942 1964 perpetraverat;
974 1896 1068 1949 sed
1091 1909 1238 1948 nunc
1265 1908 1388 1947 eum
1417 1908 1584 1963 regno
1609 1894 1722 1963 pri-

165 2001 270 2040 vare
309 1987 630 2048 conabatur,
671 1985 827 2056 quasi
863 2001 959 2054 pro
999 1985 1236 2040 vindicta
1279 1985 1584 2053 apostolici,
1629 1987 1723 2041 sed

165 2078 319 2130 verius
343 2093 438 2146 pro
463 2076 762 2132 ambitione
789 2077 962 2146 magis
985 2091 1146 2145 quam
1176 2093 1275 2146 pro
1296 2077 1528 2146 justitia.
1553 2076 1722 2143 Quem

166 2167 429 2234 imperator
483 2177 708 2236 captum
762 2167 817 2220 in
853 2181 1132 2221 carcerem
1181 2167 1381 2236 posuit,
1432 2179 1485 2220 et
1541 2167 1724 2222 multis

164 2258 326 2312 diebus
346 2259 617 2313 acerrime
646 2257 856 2313 amisit.
893 2258 974 2312 Ad
1023 2257 1273 2312 ultimum
1305 2260 1374 2312 ad
1405 2260 1721 2327 petitionem

163 2346 628 2418 Moguntinensium
671 2350 968 2412 relaxatus,
1014 2358 1068 2404 et
1117 2349 1434 2420 imperatori
1479 2352 1726 2406 reconci-

164 2436 316 2502 liatus,
338 2450 458 2508 post
481 2440 651 2494 breve
673 2440 867 2494 iterum
889 2441 1177 2496 scintillam
1199 2441 1401 2507 emisit,
1419 2458 1523 2510 qua
1552 2450 1720 2496 totum

166 2543 361 2599 regnum
403 2530 781 2586 inflammavit.
813 2532 948 2586 Nam
979 2534 1093 2601 ipse
1134 2542 1189 2586 et
1233 2533 1542 2587 Fridetieus
1570 2533 1724 2587 Colo-

164 2621 338 2674 niensis
366 2623 809 2693 archiepiscopus
836 2623 1120 2678 anathema
1143 2639 1304 2694 super
1335 2625 1719 2694 imperatorem

165 2709 479 2773 infamarant,
538 2728 604 2768 eo
651 2713 793 2785 quod
841 2714 1195 2784 apostolicum
1241 2715 1292 2768 in
1347 2717 1720 2784 captivitatem

165 2801 435 2872 redegerat,
464 2813 525 2858 et
572 2804 714 2858 intra
744 2806 908 2860 breve
940 2815 1149 2877 tempus
1181 2816 1350 2861 totum
1393 2824 1615 2879 regnum
1649 2810 1720 2864 ita

166 2895 292 2949 abeo
341 2907 664 2951 averterunt
709 2908 766 2953 ut
801 2899 852 2952 in
885 2897 1223 2955 Theutonico
1252 2917 1358 2955 non
1386 2913 1568 2971 posset
1594 2903 1721 2958 sub-

165 2985 348 3052 sistere,
378 2992 470 3044 sed
517 2989 799 3046 Friderico
841 2991 963 3046 duci
1016 2991 1341 3059 Suevorum,
1371 2993 1481 3048 lilio
1513 2995 1720 3048 sororis

164 3091 254 3131 suae
279 3095 540 3136 summam
576 3097 754 3137 rerum
782 3083 1184 3138 commendavit
1207 3094 1260 3139 et
1285 3085 1398 3156 ipse
1427 3086 1479 3140 itt
1508 3085 1716 3141 Izaliam

166 3171 376 3224 secessit.

813 3261 1047 3335 §XLm.

223 3351 290 3405 Eo
324 3362 595 3424 tempore,
647 3354 864 3424 quidam
914 3372 1077 3410 senex
1129 3356 1448 3420 monachus,
1502 3357 1718 3412 nomine

167 3442 499 3508 Antilhardus,
534 3446 585 3498 in
618 3445 868 3500 cmnobio
897 3445 1098 3500 Domus
1148 3446 1292 3501 l‘etri
1346 3463 1466 3500 cum
1516 3448 1582 3502 de
1615 3448 1718 3502 hoc

166 3534 330 3588 seculo
353 3535 630 3606 migraret,
657 3536 798 3591 sicut
821 3537 934 3605 ipse
957 3537 1122 3602 abbas
1142 3536 1511 3592 Theodericus
1539 3537 1716 3607 palam

168 3622 209 3675 in
231 3625 448 3694 capitulo
497 3625 791 3692 referebat,
825 3627 1022 3680 auditae
1062 3637 1186 3680 sunt
1222 3642 1380 3681 voces
1405 3627 1716 3682 canentium

167 3716 440 3784 angelorum
471 3727 527 3772 et
556 3718 879 3786 ejulantium
912 3718 1323 3772 daemoniorum.

805 3808 1052 3882 έχων.

225 3896 364 3953 Anno
389 3901 457 3954 ab
497 3901 768 3956 incarnat.
821 3901 970 3955 Dom.
1023 3916 1183 3954 ucxvt
1230 3899 1378 3972 (915)
1431 3900 1717 3957 Udalricus

157 3985 561 4048 'Constantiensis
581 3993 810 4056 electus,
837 3991 1005 4047 nimio
1031 3993 1190 4046 tmdio
1216 3992 1442 4046 affectus
1470 4007 1568 4061 pro
1596 3992 1717 4046 ditt-

170 4076 257 4131 tiua
296 4080 547 4136 dilatione
566 4098 678 4137 suae
699 4081 1074 4147 ordinationis,
1101 4081 1285 4135 multis
1320 4081 1572 4151 precibus
1617 4097 1714 4136 ex-

170 4180 347 4226 oratum
377 4175 603 4229 Romam
645 4174 949 4229 transmisit
993 4173 1243 4228 abbatem
1293 4173 1713 4238 Theodericum,

1832 1899 1950 1936 rum
1995 1899 2190 1951 corpus
2233 1882 2350 1951 ejus
2388 1884 2588 1937 nudum
2633 1899 2737 1937 non
2777 1884 2900 1939 dico
2926 1896 3289 1952 contrectare,
3319 1888 3415 1943 sed

1829 1990 1929 2028 nec
1962 1975 2145 2028 videre
2185 1991 2419 2043 unquam
2465 1976 2661 2044 potuit,
2708 1976 2963 2046 quoniam
2999 1977 3335 2032 verecundus
3361 1987 3416 2032 et

1828 2065 2210 2134 pudicissimus
2241 2064 2362 2119 fuit.
2401 2065 2474 2120 At
2520 2075 2650 2120 tunc
2680 2067 2746 2120 ad
2781 2068 2923 2122 hanc
2965 2069 3242 2122 miseriam
3270 2069 3417 2124 venit

1827 2165 1884 2208 ut
1913 2155 2352 2210 muliercularum
2402 2155 2703 2210 ministerio
2746 2166 3038 2212 contentus
3081 2158 3262 2224 fuerit,
3297 2174 3417 2228 quae

1825 2247 1873 2301 ei
1903 2247 2239 2314 sternebant,
2273 2250 2563 2319 ponebant,
2607 2259 2663 2304 et
2711 2251 3071 2306 sublevabant
3112 2261 3168 2307 et
3196 2252 3414 2308 balnea-

1827 2338 1977 2403 bant,
2026 2347 2191 2408 atque
2243 2349 2440 2394 caetera
2486 2340 2812 2406 ministeria,
2847 2357 2968 2412 quae
3009 2343 3059 2398 ei
3106 2345 3412 2400 necessaria

1828 2431 2062 2496 fuerant,
2099 2435 2448 2504 peragebant.

2489 2524 2737 2596 §XLVL

1893 2613 2026 2666 Cum
2054 2627 2292 2683 congrua
2317 2628 2447 2684 ergo
2471 2617 2789 2684 pteniteutia
2820 2617 3036 2671 transiit
3063 2616 3130 2672 de
3158 2619 3407 2675 convalle

1829 2706 2191 2778 lacrymarum
2223 2709 2290 2761 ad
2319 2707 2508 2776 gaudia
2535 2709 2734 2762 civium
2774 2724 3151 2778 supernorum,
3184 2714 3412 2768 transla-

1825 2807 1928 2862 tus,
1963 2810 2021 2853 ut
2044 2801 2339 2862 credimus,
2372 2799 2438 2853 ad
2465 2799 2670 2854 aethera
2692 2815 2744 2854 tv
2767 2798 2903 2853 Non.
2934 2799 3186 2870 Augusti.
3217 2801 3411 2872 Sepul-

1822 2899 1909 2945 tus
1934 2899 2018 2945 est
2040 2892 2428 2946 venerabiliter
2460 2891 2600 2960 apttd
2631 2891 2902 2960 quoddam
2937 2892 3232 2946 oratorium
3261 2893 3407 2963 ejus-

1821 2982 1941 3036 dem
1957 2982 2212 3044 civitatis,
2240 2996 2302 3035 ae
2328 2992 2510 3049 postea
2541 2980 2836 3035 translatus
2868 2982 2920 3034 in
2952 2984 3068 3050 ipso
3096 2987 3406 3040 sanctuario

1818 3073 2057 3141 ejusdem
2099 3074 2320 3127 oratorii
2369 3075 2418 3126 in
2459 3071 2776 3126 occidentali
2822 3072 2978 3140 plaga
3023 3082 3208 3126 contra
3235 3075 3408 3132 altare

1745 3167 1788 3226 C
1822 3167 2027 3235 positus
2053 3174 2137 3220 est
2161 3165 2213 3218 in
2237 3163 2570 3233 sarcophago
2592 3162 2822 3232 lapideo.
2850 3164 3198 3233 Reliquorum
3223 3166 3404 3223 obitus

1819 3259 1960 3311 diem
2001 3257 2334 3328 ignoramus,
2388 3256 2478 3326 qui
2523 3272 2645 3310 cum
2695 3271 2761 3311 eo
2799 3257 3130 3327 peregrinati
3174 3270 3320 3324 sunt,
3353 3261 3405 3316 id

1820 3359 1924 3415 est,
1950 3349 2192 3420 Sigifridi
2223 3348 2542 3420 presbyteri,
2575 3349 2760 3420 Operti
2788 3349 2997 3405 barbati
3027 3362 3082 3406 et
3111 3353 3273 3408 trium
3303 3355 3404 3410 lai-

1820 3457 2030 3503 eorum,
2064 3441 2386 3507 Eberhardi,
2417 3441 2736 3514 Regiuboldi
2759 3452 2815 3496 et
2844 3441 3156 3498 Gozohaldi.

2486 3534 2749 3606 §XLVH.

1891 3625 2215 3680 Placentinae
2245 3635 2422 3680 autem
2454 3625 2689 3678 civitatis
2715 3625 3001 3695 cpisc0pns
3025 3625 3400 3695 hujuscemodi

1819 3715 2012 3771 litteris
2041 3717 2158 3786 ejus
2186 3709 2389 3770 exitum
2419 3714 2719 3768 intintavit:

1897 3827 1917 3860 ι
1945 3809 2009 3862 Α.
2038 3808 2210 3879 (9M),
2239 3808 2330 3861 Dei
2360 3807 2531 3876 gratia
2563 3806 2891 3862 Placentina:
2915 3807 3171 3863 Ecclesia:
3193 3809 3402 3880 episco-

1817 3911 1938 3967 pus,
1995 3897 2275 3951 canonicis
2321 3906 2376 3948 et
2419 3896 2671 3950 omnihus
2719 3907 2921 3950 sanctae
2972 3896 3403 3954 Constantiensis

1820 3988 2072 4043 Eccles'az
2103 3985 2350 4040 fidelibus
2373 3984 2669 4038 fraternam
2701 3985 2754 4038 in
2781 3985 2997 4039 Christo
3031 3986 3396 4044 dilectionem.

1894 4101 1912 4129 ι
1941 4077 2156 4131 Gratias
2179 4077 2385 4146 agimus
2407 4074 2702 4143 inspectori
2719 4075 2898 4130 cordis
2926 4083 2982 4128 et
3001 4089 3190 4129 renum
3217 4076 3401 4130 Domi-

1818 4186 1907 4234 no,
1947 4169 2072 4240 quia
2121 4168 2419 4222 visceribus
2465 4167 2656 4222 matris
2692 4166 2853 4238 363
2884 4166 3138 4221 Ecclesiae
3171 4167 3401 4222 feliciter

1817 4260 2164 4331 incorporati.
2191 4258 2447 4314 nobiliter
2467 4258 2755 4326 procreati,
2775 4257 2913 4312 lacte
2933 4257 3099 4328 ipsius
3121 4266 3399 4326 gratanter

173 4354 425 4418 apostolico
465 4356 782 4425 impetraret
809 4370 906 4424 pro
932 4353 1304 4408 familiaritate
1326 4370 1486 4424 quam
1512 4354 1713 4408 dudum
1818 4353 2126 4416 incrassati,
2153 4351 2325 4406 solido
2347 4348 2462 4418 ejus
2479 4365 2616 4419 pane
2640 4348 2929 4404 confortati
2963 4349 3015 4403 in
3043 4349 3202 4404 virile
3233 4351 3400 4405 robur

173 4444 282 4508 apud
308 4444 474 4514 ipsum
512 4452 706 4516 papam
755 4447 1006 4509 habebat,
1040 4461 1138 4516 pro
1177 4445 1361 4500 multis
1386 4444 1599 4501 collatis
1623 4446 1716 4501 be-
1817 4445 2158 4508 excrevistis,
2211 4452 2267 4498 et
2311 4457 2406 4512 per
2453 4442 2556 4495 hoc
2597 4456 2720 4495 cum
2752 4441 3110 4512 gaudentibus
3139 4441 3396 4512 gaudere,

176 4533 345 4588 ueliciis
383 4536 621 4604 ejusdem
675 4538 900 4592 nuntiis.
972 4537 1253 4591 Profectus
1305 4550 1435 4607 ergo
1487 4538 1712 4592 Romam
1742 4536 1795 4596 D‘
1815 4553 1938 4594 cum
1966 4537 2218 4592 ﬂentibus
2245 4534 2465 4600 ﬂere,in
2489 4532 2764 4604 prosperis
2782 4530 2867 4586 vel
2890 4532 3129 4587 adversis
3159 4534 3397 4588 medium

176 4617 445 4681 l’ascltalem
499 4643 690 4698 papam
745 4643 843 4697 pro
895 4625 1147 4682 Udalrico
1191 4627 1578 4697 interpellavit,
1615 4629 1710 4683 sed
1813 4632 2071 4685 decenter
2101 4639 2284 4681 tenere
2332 4626 2570 4697 plenarte
2618 4623 2903 4680 didicistis.
2937 4622 3105 4693 Igitur
3139 4625 3206 4679 de
3246 4625 3394 4679 obitu

175 4714 278 4770 nihil
305 4721 552 4787 profecit;
587 4723 688 4776 hoc
719 4722 912 4775 itinere
941 4721 1040 4773 fuit
1068 4737 1190 4774 cum
1215 4735 1282 4775 eo
1309 4719 1520 4776 Gebino
1543 4724 1711 4774 av‘un-
1812 4721 2106 4779 confratris
2151 4720 2344 4784 nostri,
2395 4719 2603 4775 scilicet
2651 4717 2862 4773 abbatis
2908 4719 2974 4770 de
3023 4715 3392 4780 Petrishusen,

175 4806 295 4862 culus
320 4826 482 4868 meus.
523 4813 720 4868 Iterum
763 4814 1002 4867 secundo
1028 4813 1177 4867 misit
1219 4827 1342 4866 eum
1389 4827 1489 4881 pro
1515 4812 1706 4867 eadem
1811 4813 2068 4879 hominis,
2123 4813 2366 4880 inquam,
2422 4811 2530 4864 Deo
2583 4808 2784 4871 dilecti,
2837 4821 2941 4861 non
3001 4805 3250 4860 turbetur
3298 4822 3394 4860 cor

175 4912 332 4968 causa;
359 4904 447 4958 sed
475 4905 527 4959 in
555 4907 736 4975 priore
769 4904 1102 4975 profectione
1133 4904 1267 4959 satis
1292 4911 1547 4958 accurate
1569 4914 1622 4958 et
1652 4918 1709 4958 se
1810 4920 2075 4967 veszrttm,
2104 4904 2195 4957 sed
2222 4901 2400 4972 potius
2425 4899 2725 4971 gaudeatis,
2749 4899 2838 4968 qui
2866 4897 3098 4951 feliciter
3123 4897 3396 4967 migravit,

175 4997 216 5041 et
242 4989 396 5047 locum
442 4996 780 5065 procuravit;
835 4995 886 5047 in
919 4995 1153 5048 secunda
1200 5008 1328 5047 vero
1377 4993 1468 5046 vix
1510 4992 1706 5048 fratres
1813 5007 1960 5050 certa
1992 5009 2089 5066 pro
2118 4992 2361 5056 incertis,
2390 5006 2488 5061 pro
2513 4988 2897 5060 temporalibus
2923 4995 3126 5040 :eterna
3152 5002 3398 5042 commu-

177 5092 275 5134 suos
306 5084 544 5138 salutavit
575 5095 627 5139 et
673 5085 872 5138 multis
910 5084 1104 5136 debitis
1153 5082 1422 5137 involutos
1467 5081 1706 5152 reliquit.
1795 5090 1970 5150 tavit,
2007 5094 2062 5141 et
2089 5084 2216 5154 quia
2262 5083 2466 5138 credita
2515 5080 2616 5136 sibi
2656 5080 2854 5135 talenta
2903 5076 3310 5149 multiplicavit,
3337 5089 3400 5132 ut

178 5165 322 5198 It........
353 5191 440 5198 ...._
463 5186 531 5198 ....
652 5177 797 5198 :Il,.-..
831 5183 1073 5198 ,νη-ηιμ...
1108 5189 1202 5198 ..η-
1230 5174 1434 5198 1...1;.-...
1469 5174 1672 5198 ........I...

1833 5177 1984 5198 3|-I3-
2035 5186 2077 5198 ιιι

173 4273 361 4327 sperans
392 4266 535 4334 quod
586 4265 700 4334 ipse
731 4264 831 4319 sibi
880 4263 1154 4319 licentiam
1187 4263 1617 4318 consecrationis
1646 4263 1714 4317 ab

2131 5173 2367 5198 ..κ-...ᾹΑ-ηι-
2409 5172 2745 5198 λξθκηοιοηολ-
2793 5169 2846 5198 :n
2899 5169 3154 5198 ann-13:...“
3191 5169 3400 5198 nnn\:l~:
