4010 5328
567 298 676 354 ζ’)ἲὶῖἰ

1300 296 1636 353 AI‘Ph'NDIX
1677 294 1766 351 AD
1803 293 2190 353 CIIRONICON
2229 292 2582 348 III‘LRMA‘NNI
2615 292 3026 350 CONTRACTI.
3711 295 3804 350 356

563 416 721 484 digna
747 424 844 482 per
876 425 972 465 nos
999 409 1201 464 exitum
1245 424 1402 463 suum
1447 423 1870 464 consummasse.
1897 407 2140 477 Quapro-
2173 413 2216 470 Α
2245 405 2482 476 praefuit,
2527 416 2581 459 ct
2621 407 2698 462 sic
2741 407 2792 460 in
2845 422 2976 476 pace
3023 405 3228 473 quierit
3271 406 3323 458 it:
3371 415 3650 460 senectute
3685 408 3806 463 bona

562 515 684 575 pter
711 501 1049 557 orationibus
1079 500 1278 554 vestris
1303 509 1357 554 et
1383 501 1550 554 totius
1585 498 1839 554 Ecclesiae
1865 513 1986 553 eum
2017 497 2139 552 dili-

563 603 752 667 genter
777 592 1238 648 commendamus.
1265 591 1337 644 De
1360 599 1554 645 cadem
1575 598 1750 644 certos
1776 605 1870 643 vos
1891 589 2143 653 facimus,

563 685 893 743 confratrem
923 693 1190 746 nostrum,
1217 681 1447 736 electmn
1479 691 1657 736 autem
1689 691 1950 744 vestrum,
1975 678 2147 734 domi-

563 797 692 837 num
716 776 1025 834 Udalricum
1040 774 1285 843 (9I5-IG)
1298 774 1435 828 bene
1451 773 1648 838 valere,
1672 790 1770 828 nos
1786 786 2000 842 quoque
2021 786 2144 824 cum

564 871 816 928 Omnibus
845 867 1179 938 coepiscopis
1216 867 1413 920 nostris
1441 881 1655 920 causam
1689 865 1856 933 ipsius
1879 873 1933 917 et
1961 861 2146 916 Eccle-

563 963 664 1017 sia:
693 975 805 1014 sua:
839 958 1192 1027 peragendam
1245 955 1573 1009 unanimiter
1615 955 1666 1007 in
1698 953 1914 1008 Christo
1963 965 2151 1005 susce-

567 1057 734 1125 pisse.
759 1051 923 1107 Orate
948 1066 1045 1119 pro
1079 1047 1254 1103 nobis.
1289 1047 1483 1102 Obitus
1515 1062 1678 1118 supra
1710 1045 1993 1100 memorati
2023 1059 2150 1099 cou-

571 1146 758 1201 fratris
786 1141 956 1197 nostri
988 1141 1198 1196 abbatis
1227 1155 1279 1194 Iv
1302 1137 1438 1192 Non.
1467 1138 1714 1206 Augusti.
1747 1157 1766 1190 ι

1215 1227 1242 1299 §
1289 1227 1510 1281 XLVIII.

643 1325 830 1392 Itaque
861 1337 984 1376 cum
1013 1321 1097 1375 lue
1139 1319 1332 1374 litterm
1363 1317 1733 1372 Constantiam
1773 1316 1994 1386 perlatae
2025 1314 2156 1370 fuis-

574 1423 718 1478 seut,
765 1412 1014 1468 canonici
1063 1410 1395 1464 unanimiter
1449 1409 1834 1462 monasterimn
1884 1408 2149 1468 adierunt,

574 1525 776 1580 easque
816 1507 963 1561 omni
1011 1504 1412 1574 congregationi
1459 1502 1823 1571 perlegerunt.
1865 1500 2031 1555 Ortus
2073 1509 2158 1553 est

577 1603 756 1656 luctus
786 1597 1144 1654 intolerabilis
1171 1597 1238 1648 ab
1279 1593 1554 1656 omnibus,
1588 1602 1642 1646 et
1674 1592 2000 1660 planxerunt
2033 1605 2154 1644 cum

575 1691 754 1754 valde,
785 1689 948 1743 etiam
977 1686 1028 1740 bi
1058 1685 1146 1754 qui
1179 1699 1366 1754 parum
1393 1682 1514 1735 boni
1542 1681 1612 1738 ab
1645 1696 1709 1735 eo
1733 1683 2007 1735 consecuti
2041 1681 2159 1734 fue-

2244 511 2391 550 anuo
2420 497 2487 550 ab
2533 497 2906 551 incnruatione
2939 497 3144 549 Domini
3182 511 3363 560 MCXVI,
3395 511 3460 550 ex
3495 512 3608 565 quo
3638 497 3808 549 funda-

2248 597 2360 642 tmn
2407 598 2491 640 est
2535 587 2921 641 monasterium
2967 589 3266 641 centesimo
3317 589 3597 657 trigesimo
3647 591 3807 640 tertio.

2247 679 2638 733 Bibliothecam
2672 679 2927 734 nobiliter
2968 689 3370 746 augmentatam
3419 680 3668 745 reliquit;
3702 697 3810 732 nam

2248 769 2415 824 libros
2468 785 2606 840 quos
2646 771 2953 840 acquisivit,
3000 773 3112 840 ipse
3152 769 3429 824 subnotari
3462 771 3812 838 praecepit..."

2981 860 3008 931 §
3048 861 3108 914 [..

2319 949 2483 1022 364
2516 951 2643 1004 Erat
2674 959 2857 1005 autem
2904 950 3044 1004 idem
3090 949 3248 1004 Pater
3296 966 3558 1020 procerus
3607 960 3818 1012 sutura,

2249 1044 2470 1112 optima:
2497 1042 2850 1106 habitudinis,
2872 1043 3149 1096 subductis
3179 1042 3503 1111 superciliis,
3530 1045 3819 1094 veneranda

2253 1134 2471 1197 canitie,
2507 1134 2774 1187 submissa
2803 1148 2934 1186 voce
2963 1149 3073 1202 prie
3112 1133 3462 1194 abstinentia,
3496 1132 3820 1185 orationibus

2251 1233 2310 1280 et
2339 1224 2594 1296 lacrymis
2627 1225 2886 1288 intentus,
2921 1225 3076 1278 bonis
3104 1224 3376 1287 amabilis,
3417 1225 3636 1277 vitiosis
3665 1224 3822 1277 horri-

2255 1316 2402 1380 bilis,
2443 1317 2631 1370 dicens
2672 1315 2989 1381 magistrum
3033 1316 3230 1370 debere
3267 1330 3388 1369 esse
3430 1316 3482 1367 in
3515 1313 3749 1384 capitulo
3777 1323 3824 1366 ut

2256 1406 2491 1471 leonem,
2518 1407 2569 1460 in
2601 1415 2872 1460 conventu
2903 1415 2960 1460 ut
3001 1416 3230 1476 patrem,
3261 1407 3328 1459 ad
3361 1421 3610 1460 mensam
3643 1415 3700 1458 ut
3725 1420 3824 1458 Ina-

2261 1510 2417 1552 trem.
2471 1497 2590 1566 Ipse
2644 1513 2862 1567 quoque
2911 1507 3032 1551 erat
3075 1498 3390 1553 monastica:
3445 1498 3744 1567 disciplima
3781 1508 3828 1554 et

2258 1589 2667 1644 consuetudinis
2704 1589 3152 1659 diligentissimus
3186 1601 3392 1655 custos,
3425 1591 3494 1644 ad
3537 1591 3644 1644 hoc
3685 1589 3826 1644 etiam

2261 1680 2534 1750 subjectos
2558 1681 2846 1752 instigans,
2877 1681 3072 1736 litteris
3105 1683 3307 1752 optime
3337 1683 3609 1736 eruditus.
3643 1683 3829 1753 Corpus

577 1789 718 1835 rant.
753 1779 860 1832 Res
890 1792 1024 1846 quas
1048 1775 1286 1844 reliquit,
1316 1773 1615 1842 imperator
1646 1771 1901 1827 Udalrieo
1923 1787 1989 1826 ex
2026 1773 2160 1825 intc-
2196 1764 2239 1822 Β
2265 1790 2422 1828 suutn
2471 1774 2681 1828 crebris
2717 1771 2955 1846 jcjuniis.
2978 1776 3309 1838 macerabat,
3345 1776 3516 1846 virgis
3552 1775 3716 1831 etiam
3755 1790 3828 1828 se-

574 1888 673 1942 gro
713 1871 861 1925 reddi
899 1868 1085 1936 jussit,
1128 1883 1264 1937 quas
1307 1864 1394 1918 ille
1434 1864 1713 1933 expendit,
1762 1878 1860 1917 nec
1902 1861 2163 1916 fratribus

563 1963 780 2032 aliquid
810 1962 956 2017 dedit
981 1976 1046 2015 ac
1072 1961 1135 2014 de
1157 1968 1356 2014 czetero
1384 1958 1561 2012 eidem
1589 1957 1922 2010 monasterio
1947 1970 2164 2026 semper

579 2056 827 2125 ingratus
853 2051 1067 2107 exstitit

1238 2141 1265 2214 ς
1306 2139 1492 2196 XLIX.

2263 1864 2550 1933 metipsum
2577 1863 2776 1932 smpius
2799 1865 3065 1928 caedebat,
3093 1866 3328 1920 maxime
3353 1867 3405 1919 in
3431 1876 3654 1920 secreto
3677 1867 3831 1920 noctis

2262 1956 2498 2012 silentio.
2527 1955 2737 2010 Nullum
2754 1957 2996 2010 divinum
3021 1956 3254 2012 ofﬁcium
3279 1959 3492 2028 publice
3517 1960 3734 2028 agebat,
3756 1973 3832 2012 nc-

2259 2061 2367 2117 que
2387 2047 2682 2106 cantando.
2712 2063 2885 2118 neque
2919 2049 3161 2120 legendo,
3185 2059 3239 2104 et
3260 2052 3510 2120 quamvis
3533 2051 3649 2119 ipse
3676 2050 3834 2104 facere

2263 2156 2370 2196 non
2397 2149 2599 2211 posset,
2621 2140 2753 2195 alios
2774 2149 2953 2196 tamen
2983 2142 3374 2197 studiosissime
3390 2153 3446 2197 et
3470 2142 3834 2198 honestissime

649 2238 946 2296 Ordinatus
971 2245 1055 2291 est
1080 2234 1408 2290 venerabilis
1430 2233 1595 2287 abbas
1624 2230 1995 2286 Theodericus
2018 2245 2161 2285 anno
2216 2277 2229 2291 .
2262 2245 2444 2302 agere.
2466 2231 2708 2286 divinum
2732 2246 2866 2302 Opus
2897 2229 3096 2295 facere,
3121 2233 3399 2301 aequisono
3423 2242 3594 2286 cantu
3623 2231 3837 2285 delecta-

577 2331 649 2385 ab
694 2330 964 2384 incarnat.
996 2328 1148 2382 Dom.
1183 2340 1442 2388 ntxxxvr,
1486 2322 1785 2378 centesimo
1822 2337 1950 2375 vero
1979 2323 2161 2387 tertio,

2260 2323 2440 2386 batur,
2457 2323 2594 2378 adeo
2616 2331 2676 2376 ιιι
2700 2322 3012 2392 plerumque
3029 2321 3360 2392 inlacrymas
3385 2331 3838 2391 moveretur,gra-

576 2433 645 2475 ex
691 2435 800 2490 quo
841 2416 1248 2473 fundatum—est
1280 2412 1688 2478 monasterium,
1738 2411 1962 2480 triginta
2003 2412 2165 2466 annis
2259 2413 2416 2469 ciletn
2451 2429 2636 2469 vocqu
2664 2415 2810 2468 viros
2836 2421 3062 2469 cantare
3083 2415 3304 2468 omnino
3331 2414 3683 2483 prohibebat.

1441 2581 1906 2671 INCIPIT
1978 2583 2337 2673 LIBER
2409 2584 2998 2694 QUARTUS.

869 2756 900 2831 ς
937 2755 980 2810 1.
1023 2753 1099 2808 De
1126 2751 1373 2808 electione
1413 2747 1626 2817 Bertolﬁ
1656 2748 1884 2802 abbatis.

652 2851 982 2920 Pervulgato
1034 2846 1184 2901 obitu
1246 2841 1542 2897 venerandi
1594 2840 1764 2910 patris
1819 2837 2164 2902 Theoderici,

579 2940 895 3015 congregati
936 2947 1062 2996 sunt
1109 2933 1359 2992 canonici
1407 2931 1874 2992 Constantienses,
1910 2939 1964 2983 et
2007 2943 2171 2983 vene-

584 3045 715 3093 runt
755 3035 822 3088 ad
867 3028 1252 3086 monasterium
1293 3024 1492 3078 Domus
1540 3021 1682 3076 Petri
1721 3031 1777 3075 et
1824 3023 2170 3076 intraverunt

580 3123 876 3196 capitulum
909 3118 1165 3182 fratrum,
1212 3125 1374 3184 atque
1423 3111 1676 3183 perlectis
1717 3111 1913 3165 litteris
1956 3121 2063 3164 tam
2103 3110 2170 3164 de

2272 2749 2492 2820 quippe,
2527 2748 2619 2819 qui
2661 2749 2727 2802 ad
2768 2748 3133 2805 Neruistheim
3167 2748 3313 2821 (918)
3341 2751 3514 2807 abbas
3556 2751 3720 2806 datus
3745 2751 3842 2808 tue-

2276 2849 2382 2903 rat,
2413 2849 2538 2894 tunc
2567 2839 2775 2906 aderat,
2797 2850 2852 2895 et
2879 2838 3230 2910 principalem
3265 2840 3446 2896 sedem
3467 2852 3839 2911 occuparent.

2273 2931 2568 2987 Ordinatus
2614 2939 2700 2986 est
2743 2940 2922 2986 autem
2964 2947 2995 2985 a
3043 2929 3260 2987 Witone
3307 2932 3562 2988 Curiensi
3608 2934 3842 3003 episcopo

2274 3038 2418 3079 anno
2442 3039 2604 3079 Itcxw
2630 3025 2801 3096 (9I9).

581 3183 735 3276 obitu
781 3213 992 3270 abbatis
1023 3227 1186 3281 quam
1217 3183 1382 3263 etiam
1413 3207 1479 3260 de
1507 3205 1889 3262 exhortatione
1928 3203 2166 3260 Udalrici
2199 3183 2244 3243 ο
2347 3204 2573 3270 Deinde,
2623 3205 2866 3276 sequenti
2913 3183 3080 3272 anno,
3130 3206 3408 3262 Paschalis
3438 3223 3581 3278 papa
3625 3208 3760 3262 obiit
3798 3216 3845 3263 et

582 3307 742 3366 electi
773 3305 1036 3376 episcopi.
1060 3317 1166 3374 qua
1194 3299 1511 3355 hortabatur
1538 3295 1737 3351 fratres
1773 3296 1840 3349 ad
1865 3295 2171 3366 eligendum

583 3399 869 3459 abbatem,
911 3389 1297 3446 existimabant
1332 3386 1579 3442 canonici
1609 3384 1753 3454 quod
1795 3399 1986 3438 eorum
2019 3384 2172 3437 arbi-

588 3489 696 3543 trio
743 3484 938 3541 electio
988 3482 1166 3535 futura
1217 3487 1390 3542 esset;
1447 3492 1608 3546 quam
1653 3485 1709 3531 et
1752 3477 1938 3529 statim
1987 3474 2174 3544 perfici

586 3579 974 3635 hortabantur.
1023 3571 1176 3627 Tunc
1217 3569 1465 3625 seniores
1513 3568 1754 3622 modeste
1796 3577 1852 3620 et
1899 3567 2177 3621 hmnilitcr

589 3670 991 3742 respondebant
1022 3681 1125 3720 non
1160 3677 1314 3734 posse
1352 3663 1454 3716 hoc
1502 3662 1572 3715 ita
1607 3675 1948 3731 praepropere
1991 3659 2175 3730 peragi

588 3763 891 3836 negotium,
941 3760 1036 3814 sed
1090 3771 1308 3811 moroso
1357 3754 1587 3810 consilio
1637 3769 1734 3823 per
1781 3753 2060 3808 orationes
2110 3754 2178 3806 ad

590 3859 758 3913 Demn
790 3852 988 3906 fratres
1025 3851 1165 3902 inter
1202 3861 1260 3902 se
1295 3846 1623 3908 deliberare,
1649 3853 1704 3898 et
1733 3845 2027 3914 prudenter
2053 3857 2179 3912 per-

590 3947 812 4004 tractari
839 3951 1094 4013 oportere
1123 3954 1281 4008 quem
1315 3938 1383 3992 ad
1427 3937 1527 3992 hoc
1555 3945 1853 4000 assumant,
1887 3945 1946 3988 ut
1979 3937 2027 3989 ei
2057 3933 2181 3988 ani-

587 4056 733 4096 mant
784 4048 840 4092 ct
884 4049 1084 4104 corpus
1138 4045 1329 4094 suum,
1391 4044 1587 4098 resque
1641 4027 1955 4086 monasterii
2017 4037 2181 4096 atque

592 4130 770 4198 ipsum
800 4125 976 4178 locum
1007 4122 1437 4182 committerent,
1485 4133 1586 4173 nec
1615 4117 1848 4187 aliquem
1884 4117 2007 4172 huic
2037 4117 2183 4170 dice-

601 4220 732 4272 bant
755 4213 1006 4269 electioni
1034 4213 1231 4266 debere
1255 4214 1542 4274 interesse,
1573 4209 1674 4264 nisi
1701 4209 1792 4278 qui
1815 4209 1978 4263 etiam
2009 4209 2182 4266 elecm

603 4310 735 4364 velit
763 4308 1007 4361 subesse.
1054 4305 1257 4358 Aderat
1290 4314 1419 4356 tunc
1450 4300 1592 4356 forte
1632 4302 1820 4356 Cuouo
1865 4315 1986 4356 ven.
2016 4303 2185 4356 abbas

599 4398 649 4457 lu
688 4395 868 4452 Altotf
893 4395 1066 4464 (917),
1109 4391 1202 4460 qui
1249 4391 1534 4444 familiaris
1771 4391 1943 4445 eidem
1994 4405 2182 4444 IIIona-

593 4503 766 4549 sterto
817 4503 1032 4557 semper
1075 4486 1365 4548 existebat;
1402 4496 1636 4552 cuIane
1675 4485 1920 4540 canonici
1959 4495 2187 4538 conten-

2275 3296 2527 3352 Celasius
2554 3297 2819 3352 successit
2847 3297 3018 3367 (920).
3049 3295 3202 3352 Tunc
3232 3299 3516 3353 ordinatus
3538 3311 3629 3354 est
3654 3298 3849 3354 Udalri-

2277 3401 2374 3441 cus
2426 3385 2715 3455 episcopus
2767 3401 2798 3439 a
2857 3385 3244 3442 Mediolauensi
3304 3387 3747 3458 archiepiscOpo,
3795 3401 3848 3440 ac

2279 3479 2534 3548 deinceps
2563 3477 2849 3534 familiaris
2875 3478 3246 3534 Romanorum
3276 3478 3400 3534 fuit.
3429 3479 3736 3550 Imperator
3763 3495 3847 3533 au-

2281 3580 2389 3626 tem
2431 3579 2712 3640 comperto
2756 3569 2907 3624 obitu
2952 3568 3230 3625 Paschalis
3272 3569 3598 3626 festinanter
3637 3570 3846 3625 Romam

2281 3663 2517 3728 advenit,
2550 3677 2777 3733 sperans
2805 3663 2948 3730 quod
2981 3662 3177 3717 electto
3206 3678 3357 3733 papa:
3387 3678 3484 3731 per
3526 3679 3723 3717 manus
3749 3660 3850 3728 ejus

2281 3754 2579 3810 transitura
2613 3753 2771 3808 foret.
2801 3752 2906 3808 Sed
2932 3751 3180 3809 Gelasius
3201 3751 3314 3822 jam
3345 3753 3658 3817 ordinatus,
3685 3751 3850 3805 audito

2283 3845 2627 3915 imperatoris
2657 3845 2934 3914 inopinato
2963 3847 3217 3910 adventu,
3255 3860 3350 3915 per
3381 3853 3596 3900 noctem
3635 3841 3845 3912 aufugit.

2281 3951 2382 3991 nec
2404 3935 2511 3991 ullo
2535 3935 2690 3990 modo
2705 3951 2828 3990 eum
2843 3935 3024 3991 videre
3039 3935 3120 3989 ve'.
3139 3948 3460 4006 exspectare
3482 3935 3674 3990 voluit.
3693 3934 3847 4001 Quem

2281 4043 2407 4082 cum
2436 4029 2734 4097 imperator
2756 4027 2821 4081 ad
2846 4042 2906 4082 se
2939 4043 3196 4084 revocare
3221 4043 3326 4082 non
3352 4039 3555 4097 posset,
3581 4025 3849 4083 constituit

2281 4118 2382 4173 sibi
2432 4118 2621 4182 alium,
2661 4117 2877 4172 nomine
2919 4117 3218 4173 Burdinum
3259 4118 3430 4187 (921),
3473 4127 3528 4172 et
3574 4114 3848 4188 appellavit

2282 4222 2404 4262 eum
2435 4206 2784 4276 Gregorium,
2815 4207 2908 4262 sed
2946 4206 3196 4264 Celasius
3221 4217 3512 4277 utrumque
3552 4221 3850 4264 excommu-

2283 4299 2506 4354 nicavit.
2546 4298 2818 4354 Burdinus
2865 4298 3207 4370 imperatoris
3244 4299 3482 4368 putentia
3520 4300 3746 4352 Romam
3767 4296 3854 4349 ob-

2286 4392 2466 4458 tinuit,
2500 4391 2749 4448 Gelasius
2773 4400 2952 4447 autem
2983 4392 3390 4447 universitatem
3420 4391 3680 4448 Ecclesia:

3005 4479 3033 4553 §
3074 4481 3157 4536 III.

591 4587 788 4642 derent
831 4585 1095 4638 interesse
1139 4579 1389 4634 electioni
1435 4594 1495 4632 se
1541 4577 1759 4643 debere,
1797 4577 1976 4632 omnis
2023 4576 2183 4631 simul
2215 4549 2261 4606 ί)
2358 4575 2624 4638 Antehac,
2653 4574 2843 4628 eodem
2876 4583 3053 4627 tamen
3100 4588 3240 4627 anno
3270 4572 3562 4627 Dominica:
3597 4573 3848 4627 incarnat-

592 4677 948 4752 congregatio
978 4675 1142 4744 cmpit
1174 4688 1280 4726 uno
1308 4687 1402 4726 ore
1426 4672 1825 4734 contradicere,
1868 4679 1910 4726 ει
1941 4669 2186 4725 fecerunt

594 4788 692 4830 eos
719 4773 890 4824 abire.
926 4767 1126 4820 Deinde
1155 4763 1338 4818 habito
1373 4762 1518 4816 inter
1549 4777 1608 4817 se
1649 4761 1878 4816 consilio
1907 4760 2187 4831 elegerunt

596 4859 898 4919 Bertolfum
948 4874 1064 4911 ven.
1121 4871 1329 4918 senem,
1377 4854 1468 4922 qui
1495 4852 1608 4922 jam
1640 4853 1732 4908 diu
1763 4854 1816 4908 in
1850 4852 2040 4906 eodem
2071 4867 2187 4906 mo-

597 4952 838 5006 nasterio
878 4948 1078 5018 prioris
1121 4939 1448 5014 fungebatur
1489 4942 1686 5019 ollicio,
1735 4941 2021 5012 nullusque
2065 4958 2187 4997 om-

599 5043 730 5096 nino
777 5041 986 5095 alienus
1032 5039 1159 5093 huic
1209 5036 1456 5092 interfuit
1503 5035 1774 5092 electioni.
1828 5031 2187 5088 Wernharius

670 5173 919 5240 i9I5-I6)
944 5171 1416 5245 Constantiensctn
1431 5172 1686 5234 electum,
1709 5169 1799 5226 oui
1820 5178 1931 5224 tum
1959 5168 2011 5222 in
2035 5167 2187 5222 Italia

2289 4682 2498 4734 ucsvu,
2527 4682 2587 4720 III
2627 4665 2762 4720 NOII.
2794 4663 3061 4726 Januarii.
3104 4665 3250 4719 ciru
3283 4664 3496 4720 tertiam
3531 4665 3705 4720 noctis
3733 4659 3850 4730 vigi-

2267 4757 2434 4821 -liam,
2469 4765 2524 4813 et
2561 4757 2756 4811 iterum
2785 4757 2838 4810 in
2871 4757 2984 4826 ipsa
3016 4756 3103 4810 die
3125 4755 3408 4810 undecima
3433 4754 3549 4811 fere
3575 4757 3728 4820 hora,
3757 4763 3850 4808 ter-

2291 4856 2544 4903 rannotus
2573 4848 2760 4918 ingens
2791 4845 2967 4900 factus
2991 4855 3072 4900 est
3116 4845 3271 4916 longe
3297 4844 3510 4916 lateque
3535 4862 3629 4916 per
3658 4845 3849 4903 orbem,

2291 4941 2364 4994 ita
2396 4949 2452 4993 ut
2475 4939 2718 4993 ecclesia:
2749 4938 2930 4992 multae
2951 4947 3004 4991 ct
3031 4938 3278 5008 qntedam
3315 4939 3569 4994 urbes'er.
3603 4938 3848 4992 immensa

2290 5030 2648 5087 concussione
2677 5031 3138 5085 subruerentur...

2294 5233 2339 5248 ,,
2363 5158 2683 5248 ςθβρψιιιῃ
2716 5159 2962 5248 ϐειθείιιβ
3002 5159 3248 5248 ριξὲιημιιι
3279 5176 3331 5215 a.
3367 5163 3505 5248 Itis
3544 5161 3741 5218 electus
3769 5158 3850 5219 sit,

3953 431 3962 544 li
