4010 5328
158 261 259 323 35⁸1

878 369 1032 443 ςιν.

229 467 335 522 Per
396 466 540 520 Idem
606 472 816 534 tempus
887 473 1132 516 matrona
1204 461 1449 531 quzcdam
1515 457 1749 523 nobilis,

162 557 379 615 nomine
429 553 617 618 Azala,
670 551 815 608 dedit
860 552 1117 622 praedium
1155 567 1310 606 suum
1359 551 1424 604 ad
1475 558 1751 604 monaste-

162 652 297 707 rium
330 649 393 703 S.
424 646 672 715 Gregorii
719 660 888 714 papm,
933 644 1076 714 quod
1109 645 1300 698 habuit
1332 643 1447 713 ipsa
1480 644 1620 712 apud
1658 643 1754 698 vil-

167 742 293 803 lam,
322 754 447 808 qua:
472 738 668 792 dicitttr
698 736 1020 806 Pfruwauga
1057 735 1232 805 (922),
1256 743 1311 791 et
1337 736 1451 805 ipsa
1488 734 1539 788 in
1564 737 1754 791 eodem

167 831 416 890 cmuobio
447 846 620 901 usque
654 830 720 884 ad
750 828 916 900 366
946 830 1104 883 linem
1145 829 1268 882 vitm
1313 843 1425 882 suae
1469 827 1521 883 in
1563 828 1754 883 habitu

164 923 433 995 spirituali
465 920 779 990 permansit.
805 920 959 987 Quod
991 930 1169 973 tamen
1194 919 1452 989 przcdinm
1484 918 1758 975 Bertolfus

166 1006 332 1068 abbas
364 1029 396 1066 a
430 1012 643 1068 filiabus
671 1020 726 1066 et
753 1010 1032 1066 sororibus
1056 1007 1174 1079 ejus
1205 1008 1372 1064 tnulta
1405 1011 1632 1081 pecunia
1666 1010 1758 1064 vix

166 1106 422 1163 redemit.

895 1192 1028 1267 δν.

234 1289 389 1359 (923)
421 1287 555 1343 Erat
598 1287 816 1357 quidam
862 1284 1059 1339 nobilis
1089 1283 1143 1338 in
1186 1298 1323 1355 pago
1367 1282 1617 1355 Lintzgo,
1656 1299 1758 1340 no-

170 1385 315 1436 mine
362 1382 580 1447 Cuouu;
625 1381 785 1451 hujus
823 1388 942 1434 erat
986 1379 1132 1442 villa,
1182 1393 1303 1448 quae
1343 1378 1762 1448 cognominatur

170 1470 520 1542 Pfruvvanga,
560 1486 588 1524 a
634 1468 951 1540 parentibus
997 1467 1098 1523 sibi
1137 1465 1263 1535 jure
1311 1466 1659 1523 haereditario
1693 1482 1760 1523 ex

172 1560 384 1633 integro
417 1561 626 1615 relicta.
656 1559 753 1614 llic
795 1559 981 1630 genuit
1014 1558 1148 1613 duos
1176 1558 1335 1624 Iilios,
1368 1573 1600 1627 quorum
1625 1572 1761 1612 unus

172 1651 443 1722 Meguizo,
472 1650 609 1705 alter
638 1664 766 1705 vero
797 1648 985 1704 Cuono
1015 1649 1316 1704 dicebatur.
1355 1646 1417 1700 Hi
1449 1662 1580 1718 ergo
1605 1657 1760 1719 patre

175 1720 388 1798 mortuo
414 1743 719 1796 diviserunt
746 1742 890 1796 inter
926 1752 985 1794 se
1009 1736 1131 1808 jam~
1166 1739 1366 1794 dictam
1395 1736 1576 1792 villam
1603 1737 1731 1793 Pl'ru
1794 1720 1837 1780 Β

174 1852 448 1907 wangam.
484 1834 611 1890 Post
640 1835 755 1889 lucc
788 1850 929 1889 unus
959 1848 1170 1898 eorum,
1198 1832 1291 1902 qui
1338 1832 1619 1887 dicebatur
1649 1831 1760 1885 Me-

175 1931 350 2002 gnizo,
381 1929 532 1983 dedit
563 1944 715 1983 suam
743 1937 952 1998 partem
982 1925 1228 1982 ecclesia:
1261 1926 1474 1980 Sanctae
1499 1924 1764 1980 Constan-

179 2021 336 2076 tit-nsi
384 2035 450 2075 ea
496 2018 827 2082 conditione,
875 2027 937 2073 ut
979 2017 1117 2088 ipse,
1154 2017 1392 2089 quandiu
1440 2026 1664 2079 viveret,
1710 2025 1766 2071 et

180 2122 366 2183 postea
419 2108 663 2165 baeredes
714 2106 870 2177 ejus,
925 2116 1034 2162 tam
1091 2107 1465 2163 investituram
1522 2106 1763 2163 ecclesia:

178 2221 338 2277 quam
371 2202 715 2258 advocatiam
759 2200 877 2256 sine
907 2198 1013 2254 ulla
1045 2199 1477 2256 contradictione
1520 2198 1767 2270 posside-

180 2306 321 2354 rent.
351 2296 548 2352 Frater
582 2303 763 2349 autem
799 2307 915 2361 ejus
936 2292 1124 2349 Cnono
1155 2292 1307 2346 duxit
1340 2306 1587 2355 uxorem,
1615 2300 1672 2345 et
1699 2306 1765 2344 ex

182 2405 244 2449 ea
263 2392 400 2447 duos
420 2389 611 2463 genuit
635 2389 796 2452 filios,
825 2402 1056 2457 quormn
1085 2385 1176 2440 uni
1206 2400 1402 2441 nomen
1426 2393 1547 2439 erat
1574 2382 1766 2448 Wezil,

183 2486 335 2541 alteri
366 2499 497 2538 vero
528 2482 757 2539 Gebino.
792 2480 961 2551 Igitur
1000 2476 1173 2533 Wezil
1205 2488 1358 2546 patre
1401 2475 1653 2530 defuncto
1680 2475 1772 2527 ad-

185 2577 314 2631 didit
343 2574 594 2631 ecclesia:
625 2572 766 2643 apud
817 2570 1138 2639 Pfruwauga
1181 2567 1247 2623 de
1294 2580 1392 2621 suo
1429 2566 1647 2636 prppria
1685 2581 1767 2621 ca-

185 2666 377 2738 pellam
409 2680 597 2730 nnam,
644 2677 872 2733 eamque
916 2658 1157 2716 dedit-ari
1204 2657 1332 2713 fecit
1370 2658 1423 2713 in
1462 2658 1666 2714 honore
1711 2659 1767 2712 S.

190 2757 400 2813 Nazarii
432 2763 599 2812 mart.
634 2765 690 2811 et
717 2755 784 2810 de
805 2754 917 2810 suis
937 2751 1172 2824 propriis
1198 2750 1371 2807 servis
1387 2750 1535 2806 dedit
1563 2748 1685 2804 illnc
1718 2748 1770 2803 in

193 2851 365 2906 dotem
393 2864 587 2911 unum,
619 2847 839 2905 nomine
863 2845 1237 2911 Gisilmarum,
1266 2843 1405 2899 dans
1432 2841 1607 2898 eidem
1636 2856 1769 2895 uxo-

95 2972 101 2978 —
194 2958 302 2998 rem
352 2943 681 3011 ingenuam,
730 2939 949 2995 nomine
989 2937 1240 3004 Azalam,
1293 2951 1525 3007 quontm
1572 2933 1772 3006 posteri

196 3049 399 3097 omnes,
430 3031 575 3086 sicut
618 3029 776 3086 hodie
806 3029 1069 3096 cernitur,
1112 3029 1178 3083 ad
1220 3028 1466 3083 eamdem
1503 3026 1776 3096 pertinent

196 3093 472 3196 capellam.
497 3125 691 3179 Frater
710 3138 926 3194 quoque
952 3093 1070 3193 ejus
1094 3119 1301 3177 Grbiuo
1327 3093 1587 3191 prmdium
1616 3133 1772 3174 smnn
1801 3093 1847 3155 (ἶ

200 3216 335 3287 apud
384 3213 819 3286 Ringginwilare
874 3211 1023 3283 (924)
1071 3211 1220 3268 dedit
1265 3211 1332 3265 ad
1387 3209 1776 3265 monasterimn

202 3307 257 3364 S.
281 3307 527 3379 Gregorii
560 3322 736 3379 papae,
782 3305 1120 3363 Petrishusin
1152 3305 1376 3367 dictum,
1407 3303 1621 3374 aliaque
1652 3318 1778 3374 pcr-

200 3399 346 3471 plura
408 3400 551 3454 bona
598 3398 710 3454 illic
767 3406 896 3452 tunc
948 3396 1271 3468 degentibus
1320 3395 1672 3459 ministravt,
1726 3402 1783 3449 et

200 3508 370 3564 usque
401 3491 468 3546 ad
492 3491 701 3547 obitum
729 3504 888 3545 suum
916 3488 1027 3544 illic
1050 3486 1363 3559 permansit.
1391 3486 1561 3558 Igitur
1583 3485 1779 3551 Wezil,

202 3584 268 3638 de
300 3593 418 3654 quo
443 3582 696 3654 superius
723 3581 984 3646 diximus,
1015 3579 1185 3669 frater
1212 3577 1529 3642 Gebinonis,
1573 3579 1783 3649 accepit

208 3688 447 3737 uxorem,
478 3688 602 3744 qua:
630 3672 679 3727 ei
710 3671 920 3742 peperit
950 3669 1142 3736 filium,
1188 3669 1408 3724 nomine
1448 3669 1778 3724 Cuononem.

208 3762 448 3820 Pontifex
478 3777 610 3819 vero
656 3762 993 3819 Ruomaldus
1035 3761 1318 3833 prmdium,
1363 3764 1506 3832 quod
1541 3764 1786 3833 supradi-

204 3865 320 3912 ctus
343 3856 586 3928 Πραιιίιο
619 3857 686 3912 ad
716 3856 778 3912 S.
810 3855 1283 3913 Constantieusem
1313 3852 1598 3912 ecclesiam
1630 3857 1788 3912 obtu-

212 3946 360 4012 lerat,
390 3948 644 4004 Heinrico
672 3947 938 4002 advocato
964 3948 1033 4001 de
1065 3945 1454 4003 Sanctoruonte
1494 3947 1548 4001 in
1587 3946 1790 4002 benefi-

211 4039 346 4094 cium
374 4049 747 4102 concesserat,
771 4046 827 4092 et
853 4038 968 4108 ipse
995 4035 1236 4092 Benuoni
1267 4037 1333 4090 de
1355 4035 1610 4108 Speichiu
1639 4037 1787 4109 (925)

215 4131 491 4187 concessit.
525 4129 633 4187 Iste
661 4129 869 4185 scilicet
896 4129 1081 4183 Benno
1105 4127 1357 4199 primitus
1383 4128 1592 4200 litigare
1626 4130 1793 4201 coepit

190 4236 328 4297 .cum
367 4220 592 4277 Cunone
620 4234 722 4292 pro
750 4218 1031 4275 advocatia
1072 4217 1211 4288 apud
1253 4216 1597 4290 Pfruwanga,
1630 4234 1791 4290 quam

218 4329 400 4369 omnes
425 4313 804 4383 progenitores
832 4310 1002 4382 ipsius
1031 4310 1271 4366 Cunonis
1295 4310 1499 4379 absque
1529 4310 1633 4364 ulla
1666 4328 1796 4368 cun-

220 4406 536 4461 tradictione
558 4405 893 4466 habuerant;
917 4411 972 4457 et
991 4416 1229 4472 eousque
1253 4402 1396 4457 inter
1414 4418 1508 4458 eos
1527 4413 1792 4459 certatum

223 4506 320 4561 est,
344 4498 515 4552 donec
540 4496 879 4568 temporibus
904 4492 1178 4549 Gebhardi
1202 4492 1265 4547 Ill
1291 4491 1530 4562 ejusdem
1562 4496 1795 4551 nmninis

1065 251 1457 313 CIIBONICON
1495 248 2123 311 PETERSIIUSANUM.
2160 283 2228 294 —-
2266 252 2394 308 LIB.
2436 253 2520 309 IV.

1782 372 1827 428 A
1860 367 1988 422 tiam
2013 378 2282 438 quaereret
2304 378 2360 424 et
2385 368 2585 424 diversi
2616 369 2861 427 diversas
2885 371 3186 429 sententias
3223 375 3441 446 profer-

3333 261 3440 318 δη

1854 468 1998 527 rent,
2052 461 2121 515 ad
2162 462 2324 535 367
2377 462 2631 518 ultimum
2680 464 3116 536 interrogabatur
3159 467 3442 528 Luitoldts

1855 555 2004 629 (926)
2047 572 2232 612 comes
2266 557 2332 611 de
2359 557 2647 613 Acbalmin
2684 558 2814 628 quid
2857 560 2959 615 sibi
2995 576 3097 630 pro
3141 562 3245 619 bac
3273 580 3441 619 causa

1855 647 2152 711 videretur,
2195 664 2261 703 eo
2291 649 2435 719 quod
2482 649 2598 718 ipse
2627 661 2773 704 esset
2819 649 2995 718 major
3024 660 3177 718 natu,
3207 664 3265 709 et
3307 655 3441 709 recti

1856 740 2080 809 verique
2114 748 2295 796 tenax.
2332 741 2404 796 At
2445 740 2532 797 ille
2570 742 2708 795 dixit
2750 742 2853 797 sibi
2882 744 3104 798 omnino
3126 745 3334 816 justum
3367 748 3445 802 vi-

1856 830 1971 886 deri
2005 840 2084 897 ut,
2113 846 2210 901 per
2229 846 2464 900 quarunt
2496 841 2751 901 parentes
2783 833 2947 889 Eccle
2973 836 3020 888 ia
3051 836 3282 905 idipsum
3312 853 3449 907 prazo

1857 921 2004 976 dium
2033 921 2312 991 possidere
2356 922 2656 986 videretur,
2686 924 2753 977 ab
2783 923 2865 977 eis
2912 924 3248 995 privilegium
3281 926 3449 982 advo-

1857 1009 2013 1066 calizc
2041 1011 2157 1066 sive
2191 1012 2527 1067 investitura:
2553 1012 2698 1067 nulla
2725 1012 2934 1067 ratione
2963 1014 3278 1072 tolleretur:
3306 1026 3363 1072 et
3393 1016 3447 1070 in

1858 1101 1964 1157 hac
1991 1102 2263 1158 sententia
2293 1117 2358 1158 ea
2388 1103 2476 1156 die
2503 1103 2746 1174 synodus
2774 1119 2991 1173 quoque
3023 1104 3308 1161 terminata
3334 1114 3440 1162 est.

1859 1190 2027 1263 igitur
2055 1192 2170 1263 ipse
2200 1191 2373 1258 Cutto,
2406 1194 2472 1249 de
2503 1209 2610 1264 quo
2651 1194 2884 1265 agimus,
2922 1203 3132 1249 retenta
3165 1197 3452 1251 advocatia

1858 1292 1914 1338 et
1958 1284 2277 1339 iuvestitura
2306 1285 2516 1356 accepit
2554 1300 2777 1340 uxorem
2805 1297 2861 1341 et
2900 1287 3085 1355 genuit
3125 1286 3314 1351 filium,
3349 1303 3451 1344 no—

1862 1373 2007 1429 mine
2034 1373 2368 1441 Conradum,
2410 1386 2467 1433 et
2504 1376 2744 1446 quinque
2773 1377 2936 1443 tilias,
2966 1393 3198 1447 quarum
3227 1378 3320 1433 uni
3353 1393 3452 1433 uo-

1861 1466 2006 1521 mine
2036 1465 2228 1532 Azala,
2260 1466 2407 1523 dedit
2435 1469 2697 1539 quidquid
2739 1468 2854 1540 ipse
2886 1472 2939 1525 in
2968 1469 3292 1541 Pfruwanga
3329 1487 3455 1542 pos-

1863 1553 2109 1621 sidebat;
2138 1554 2295 1625 cujus
2332 1556 2631 1613 advocatus
2662 1568 2779 1614 erat
2805 1560 2976 1615 frater
3001 1558 3121 1629 ejus
3147 1561 3454 1628 Couradus,

1863 1646 1955 1717 qui
1984 1647 2127 1719 apud
2155 1646 2451 1721 Frikltiuga
2477 1648 2626 1720 (927)
2655 1650 3022 1706 habitaverat.

2578 1742 2606 1816 §
2654 1742 2738 1798 γι.

1934 1832 2067 1887 Post
2095 1833 2213 1890 htec
2239 1832 2527 1890 Heinricus
2558 1835 2706 1905 (928)
2744 1837 2827 1890 vir
2857 1836 3226 1894 nobilissimus
3250 1848 3305 1894 et
3331 1854 3458 1909 pru-

1865 1924 1999 1979 dens
2037 1924 2103 1979 ad
2140 1935 2385 1981 extrema
2419 1926 2544 1982 vita:
2574 1929 2901 1997 perveniens
2940 1930 3087 1984 dedit
3132 1931 3462 1987 monasterio

1866 2014 2147 2069 dimidiam
2175 2028 2387 2087 partem
2420 2019 2664 2088 praedioli
2694 2021 2835 2090 apud
2864 2021 3167 2076 Elinchuiin
3191 2021 3363 2094 (929),
3384 2023 3464 2077 al-

1871 2116 2038 2161 teram
2065 2123 2193 2162 vero
2217 2108 2566 2165 medietatem
2590 2110 2737 2166 dedit
2767 2128 2906 2167 uxor
2936 2113 3052 2184 ejus
3082 2112 3316 2168 Ribinza
3347 2130 3465 2168 mo-

1871 2201 2039 2266 riens,
2081 2205 2181 2257 sub
2211 2217 2276 2257 ea
2317 2211 2501 2258 tamen
2532 2204 2844 2260 conditione
2889 2214 2947 2260 ut
2992 2206 3045 2260 in
3087 2205 3468 2261 anniversario

1869 2292 1957 2347 die
2001 2294 2286 2364 utriusque
2330 2292 2591 2350 fratribus
2633 2294 2758 2351 inde
2798 2295 3142 2353 ministretur
3170 2311 3296 2353 cum
3326 2310 3468 2368 [bane

1871 2395 1926 2440 et
1956 2387 2079 2441 vino
2104 2393 2160 2442 et
2186 2385 2445 2458 piscibus.

1943 2567 2182 2624 Audiens
2210 2577 2393 2627 autem
2421 2568 2746 2628 Adelbertus
2777 2572 3172 2646 Moguntieusis
3197 2577 3471 2648 archiepi-

1874 2666 2071 2731 scopus
2114 2660 2323 2717 obitum
2387 2660 2629 2719 Heinrici
2688 2665 2838 2722 misit
2882 2667 3126 2733 litteras,
3175 2668 3228 2724 in
3274 2671 3472 2741 quibus

1877 2750 2154 2805 mandavit
2205 2750 2459 2809 Udalrico
2508 2753 2765 2825 episcopo
2815 2766 2875 2813 ut
2928 2756 3220 2829 projiceret
3271 2778 3471 2832 corpus

1878 2838 2117 2897 Heinrici
2164 2843 2231 2898 de
2272 2847 2610 2905 cmmeterio.
2650 2855 2747 2901 aut
2779 2847 3021 2905 divinum
3064 2867 3201 2922 opus
3252 2853 3305 2907 in
3358 2855 3474 2923 ipso

1877 2934 2211 2989 monasterio
2246 2944 2513 3000 cessaret,
2535 2951 2819 3008 quousque
2844 2938 2959 3009 ipse
2986 2940 3058 2995 ibi
3075 2940 3307 3012 jaceret.
3333 2943 3471 2999 Cum

1880 3028 2025 3083 enim
2056 3026 2343 3084 Heinricus
2368 3028 2670 3101 imperator
2695 3031 2749 3086 in
2781 3031 2934 3087 Italia
2963 3044 3129 3098 esset,
3154 3043 3211 3090 et
3240 3034 3476 3092 Frideri-

1878 3132 1975 3173 cus
2011 3116 2115 3173 dux
2162 3118 2466 3175 Suevorum
2513 3119 2944 3193 Moguntiensem
2976 3123 3273 3180 Ecclesium
3314 3126 3477 3181 (leva-'-

1879 3218 2052 3264 staret
2097 3208 2247 3280 (930)
2302 3220 2525 3281 propter
2580 3210 2933 3268 rebellionem
2984 3230 3089 3284 qua
3152 3214 3478 3271 Adelbertus

1879 3302 2122 3373 ejusdem
2154 3304 2416 3362 Ecclesiae
2456 3307 2898 3378 archiepiscopus
2939 3317 3254 3379 nup’eratort
3301 3310 3480 3367 rebel-

1881 3392 2050 3462 labat,
2095 3396 2237 3452 idem
2283 3396 2572 3455 Heinricus
2613 3398 2682 3455 de
2715 3397 3030 3471 Hirzisegga
3056 3401 3180 3457 duci
3211 3399 3480 3471 adjuturio

1887 3484 2005 3551 fuit,
2035 3501 2100 3542 ac
2126 3487 2195 3543 ob
2222 3487 2364 3543 hanc
2390 3502 2609 3544 causam
2638 3490 3088 3562 archiepiscopus
3116 3507 3239 3548 eum
3267 3494 3333 3548 de
3359 3507 3477 3548 cm-
3520 3490 3527 3498 ’

1885 3577 2112 3632 meterio
2138 3576 2260 3646 ejici
2298 3578 2486 3635 voluit.
2529 3579 2651 3652 Ipse
2684 3591 2865 3637 autem
2902 3582 3190 3639 Udalricus
3215 3586 3329 3640 suis
3360 3600 3479 3648 ma-

1886 3667 2043 3722 nibus
2069 3682 2195 3722 eum
2236 3669 2552 3739 sepelierat,
2599 3680 2653 3726 et
2695 3670 2841 3728 inter
2869 3673 3018 3742 ipsas
3041 3674 3159 3745 ejus
3192 3675 3482 3745 exsequias

1884 3758 2003 3829 ejus
2046 3760 2381 3829 ptenitcntia:
2423 3763 2630 3831 grande
2681 3762 3054 3819 testimonium
3098 3765 3477 3835 perbibuerat.

1886 3850 2139 3905 Attamen
2182 3852 2235 3905 in
2277 3850 2391 3921 ipsa
2430 3851 2565 3908 feria
2602 3867 2634 3908 v
2679 3852 2846 3924 368
2890 3853 3071 3909 Coena;
3100 3855 3314 3910 Domini
3343 3872 3481 3926 opus

1891 3939 1984 3995 Dei
2015 3941 2069 3995 in
2103 3941 2215 4011 ipsa
2241 3940 2472 3998 ecclesia
2505 3941 2621 3997 ﬁeri
2649 3944 2946 4012 prohibuit,
2978 3954 3032 4000 et
3060 3953 3281 4017 rogatus
3312 3962 3340 3999 a
3371 3944 3482 4000 fra-

1893 4032 2064 4086 tribus
2102 4030 2354 4087 flebiliter
2389 4040 2450 4087 ut
2488 4041 2713 4105 propter
2750 4035 2991 4090 animam
3031 4034 3351 4091 Theoderici
3386 4034 3483 4091 ab-

1891 4121 2053 4185 batis,
2079 4123 2170 4193 qui
2198 4123 2250 4177 in
2282 4123 2401 4193 ejus
2427 4124 2690 4194 obsequio
2720 4136 2950 4182 mortem
2987 4127 3261 4193 subierat,
3289 4128 3481 4183 saltem

1895 4212 1948 4268 in
1978 4214 2110 4285 ipsis
2136 4214 2481 4285 paschalibus
2511 4213 2665 4270 festis
2695 4226 2920 4272 cant-are
2950 4218 3311 4288 permitteret,
3333 4217 3485 4289 jura-

1895 4306 1975 4361 vit
2018 4320 2115 4377 per
2148 4304 2387 4361 animam
2432 4305 2602 4376 ipsius
2642 4314 2698 4362 et
2742 4322 2838 4378 per
2870 4323 3060 4364 onmes
3102 4310 3312 4365 animas
3339 4311 3484 4379 quod

1900 4414 2006 4453 nun
2050 4399 2415 4470 permitteret,
2457 4406 2514 4453 et
2560 4398 2633 4453 ita
2698 4400 2888 4455 stricte
2932 4398 3236 4471 obsignavit
3286 4413 3347 4456 ut
3386 4418 3487 4458 nec

1901 4492 2142 4562 privatas
2172 4490 2449 4545 orationes
2477 4506 2803 4562 quemquam
2837 4490 2892 4545 in
2914 4492 3167 4557 ecclesia,
3196 4491 3277 4547 vel
3308 4494 3359 4547 in
3390 4510 3487 4548 ca-

219 4587 444 4657 episcopi
473 4586 831 4648 Constantize,
874 4583 928 4642 iu
954 4584 1217 4654 synodum
1246 4584 1433 4638 eadem
1474 4599 1635 4639 causa
1671 4602 1801 4640 ven-
1902 4584 2056 4654 pellis
2088 4583 2188 4653 ipsi
2214 4583 2639 4649 adiucrentibus,
2672 4583 2852 4639 facere
2883 4585 3225 4641 concederet.
3258 4583 3365 4640 Sed
3398 4586 3487 4640 vix

230 4675 416 4731 tilanda
456 4678 661 4747 perlata
687 4685 794 4731 est.
832 4675 1018 4745 Itaque
1061 4688 1186 4730 cum
1214 4673 1581 4744 querela'pro
1608 4676 1797 4731 eadem

229 4781 380 4822 causa
418 4778 562 4823 esset
587 4766 816 4839 perlata,
853 4776 910 4820 et
949 4765 1236 4835 episcopus
1276 4778 1307 4818 a
1343 4765 1551 4837 synodo
1580 4776 1799 4822 senten-

476 4903 596 4983 Xid.
628 4921 786 4983 supra
817 4905 854 4958 Ι.
883 4918 948 4966 ιι,
968 4901 1121 4983 _§.l8.
1257 4972 1269 4983 .
1478 4970 1490 4983 I

296 4972 441 5044 (ωδ)
478 4974 602 5032 Haec
629 4972 848 5046 quidem
875 4972 1346 5046 etsi'inmargine
1374 4972 1552 5044 posita
1594 4974 1665 5030 ob
1695 4990 1794 5030 no-

234 5042 398 5101 titiam
436 5054 610 5102 tamen
643 5042 931 5103 retinenda
971 5042 1127 5098 nobis
1155 5042 1496 5107 videbantur,
1541 5059 1664 5098 cum
1705 5061 1800 5101 no-

236 5115 362 5189 bilis
383 5116 536 5187 hujus
558 5119 610 5173 in
635 5114 960 5189 Lintzgovia
997 5112 1214 5168 familia:
1240 5113 1387 5168 nulla
1413 5114 1645 5184 aniplius
1688 5130 1799 5170 me-

240 5186 415 5258 moria,
433 5186 672 5258 supersit.

300 5256 448 5328 (926)
488 5252 596 5313 Vid.
619 5274 800 5328 supra.
835 5256 876 5312 I.
913 5269 975 5320 II,
1007 5252 1036 5328 ᾗ
1064 5252 1147 5328 1-8.

1902 4676 2176 4732 concessit
2223 4684 2464 4748 rogatus,
2510 4684 2571 4731 ut
2616 4676 2759 4746 apud
2801 4675 2860 4730 S.
2892 4676 2970 4729 Ma
3008 4676 3114 4731 iam
3138 4675 3294 4745 juxta
3331 4676 3486 4730 infir-

1906 4770 2133 4824 mariam
2157 4764 2330 4823 olIicia
2353 4766 2533 4822 divina
2557 4766 2915 4823 celebrarent.
2941 4765 3137 4822 Actum
3164 4781 3309 4822 anno
3331 4766 3485 4820 Dom.

1908 4904 2072 4959 tionis
2104 4901 2156 4973 in
2189 4900 2252 4973 P.
2281 4899 2419 4957 Hess
2453 4901 2685 4973 Monum.
2725 4899 2954 4973 Guclph.
3002 4916 3054 4971 p.
3100 4901 3200 4958 165
3228 4916 3404 4973 seqq.,
3435 4910 3503 4958 et'

1905 4971 2181 5029 Berthold.
2214 4971 2495 5026 Consuant.
2523 4976 2576 5026 in
2607 4972 2809 5028 Chron.
2839 4971 2906 5025 ad
2938 4987 3025 5025 an.
3064 4974 3220 5031 1099.

1978 5043 2128 5116 (92'!)
2166 5040 2572 5116 Frickingeuin
2608 5038 2844 5116 capitulo
2878 5050 2931 5095 et
2974 5057 3117 5116 pago
3161 5043 3494 5116 Linzgovias,

1978 5060 2128 5116 (3‘21)
2167 5060 2489 5111 I'I'ICKLIIgB'ﬂ
2522 5060 2572 5095 ΙΙΙ
2608 5060 2844 5110 οεψιιυιο
2878 5060 2931 5095 ει
2974 5060 3039 5111 pa
3083 5061 3117 5099 0
3162 5060 3494 5114 hllllgOVlﬂl,

1908 5118 2051 5171 unde
2078 5110 2217 5165 forte
2246 5110 2467 5166 fuerunt
2506 5110 2851 5167 Burchardus
2880 5120 2935 5167 et
2981 5060 3244 5172 Alﬁertus
3270 5119 3337 5170 de
3381 5114 3501 5168 Fri—

1907 5188 2162 5253 rhingen,
2209 5181 2381 5235 notati
2429 5182 2482 5235 in
2507 5181 2709 5237 chartis
2761 5196 2851 5237 an.
2903 5182 3039 5238 1142
3083 5197 3139 5244 et
3174 5185 3313 5244 1185
3357 5182 3507 5254 apud

1909 5257 2206 5328 IIe_rrgp_tt._
2246 5317 2298 5328 ψ
