4010 5328
1217 227 1560 287 APPENDlX
1599 228 1690 281 AD
1727 223 2122 281 CIlllONlCUN
2166 217 2523 277 llERMANNl
2562 212 2972 273 CONTRKCTI.

3609 208 3699 268 580

462 363 728 416 mcarnat.
761 365 946 407 ucxxt.
974 346 1225 403 Perrexut
1253 357 1432 399 autem
1462 343 1528 397 ad
1574 341 2040 410 archiepiscOpmn
2073 343 2118 399 Α
2149 336 2220 390 tia
2251 335 2365 390 ιιωο
2408 341 2531 387 sunt
2562 340 2711 400 gesta
2758 344 2941 384 coram
2974 325 3155 381 multis
3187 323 3428 379 testibus.
3476 323 3552 377 Eo
3594 335 3705 377 tem-

460 447 639 520 primo
666 442 999 505 Waltherus,
1039 437 1232 494 deimle
1259 436 1578 502 Wisericus,
1613 431 1862 490 monachi
1901 432 2046 500 ejus-

463 541 587 595 dem
620 536 742 599 loci,
784 547 908 587 cum
936 529 1325 600 deprecatoriis
1352 528 1569 594 litteris,
1603 537 1657 582 et
1689 525 1903 580 tandem
1946 521 2050 575 mi-

464 637 738 687 scrattune
761 631 1042 697 permotus
1074 620 1299 676 indulsit
1329 620 1439 676 Deo
1463 620 1670 676 servire
1698 627 1753 673 et
1779 627 2050 672 mortuum

463 722 772 793 quiescere.
1233 710 1265 723 ”

1169 805 1198 879 §
1239 804 1372 860 vni.

2150 442 2279 497 pure
2328 424 2625 479 Romanam
2672 419 2969 476 Ecclesiam
3000 416 3274 481 Callistus,
3302 414 3394 486 qui
3438 424 3492 469 et
3533 413 3707 475 Guido,

2150 515 2619 573 Cunstantiensem
2649 527 2780 567 vero
2810 510 3092 566 Udalricus
3124 508 3399 562 tenebant.
3434 525 3450 556 ι

2226 700 2384 752 Anno
2406 712 2591 750 ucxxn
2616 693 2765 748 Wilo
2788 600 3069 749 (ἶιιῗίρῖεἰε
3093 690 3377 760 episcopus
3417 680 3551 740 obiit
3587 680 3719 757 (93?)

2154 789 2295 861 apud
2339 787 2727 843 mona~terium
2776 786 2977 839 [ionius
3018 781 3185 836 Petri.
3225 779 3323 834 llic
3360 778 3586 833 multam
3613 794 3719 848 gra-

539 903 617 959 Eo
646 914 790 956 anno
833 899 1131 968 imperator
1166 868 1311 949 venit
1341 895 1567 967 Augiam
1587 935 1602 960 ,
1636 893 1818 965 ibique
1862 891 2055 947 lestum
2157 881 2287 934 liam
2312 887 2369 933 ει
2405 875 2822 968 ῙίιιυίιίίπῘΨωΨ
2853 887 3067 968 semper
3093 869 3328 968 [fallebat
3353 868 3590 968 ad_id_e"'

466 996 529 1052 Β.
578 994 743 1049 Marci
789 993 928 1062 egit,
976 990 1210 1059 indeque
1238 986 1612 1043 Constantiam
1657 988 1805 1042 venit
1849 985 1963 1056 ipse
2004 993 2060 1040 et

2202 969 2482 1034 asterium,
2509 976 2564 1022 et
2590 966 2761 1021 multa
2791 966 2930 1020 bona
2963 962 3220 1018 fratribus
3253 959 3608 1031 prmstitabat.
3639 958 3728 1027 Qui

471 1086 655 1156 regina
689 1081 832 1154 regis
886 1078 1182 1151 Anglorum
1219 1077 1327 1131 ﬁlia
1360 1077 1529 1149 (951).
1558 1075 1664 1132 Sed
1696 1076 1873 1135 nullus
1901 1075 2061 1132 cleri-

471 1190 663 1231 eorum
706 1172 821 1228 fere
855 1171 926 1226 ibi
957 1171 1128 1235 stetit,
1173 1168 1433 1239 quoniam
1474 1168 1762 1237 episcopus
1790 1166 2058 1230 discessit,

2159 1075 2284 1116 cum
2332 1060 2531 1115 ibidem
2577 1056 2867 1113 defunctus
2908 1062 3078 1119 esset,
3107 1051 3433 1108 Bcrtholdus
3471 1066 3578 1105 una
3623 1064 3729 1104 cum

2162 1150 2420 1207 fratribus
2463 1150 2579 1206 suis
2605 1149 2674 1205 de
2720 1148 2885 1203 rebus
2914 1145 3230 1201 monasterii
3263 1145 3563 1198 induerunt
3601 1158 3733 1207 eum.

474 1280 533 1323 et
575 1266 700 1322 aliis
732 1264 1011 1320 interdixit
1046 1229 1143 1332 pro
1171 1229 1237 1316 eo
1262 1262 1388 1331 quia
1431 1229 1547 1329 jam
1594 1277 1624 1315 a
1663 1229 1891 1317 Callisto
1924 1274 2060 1329 papa
2163 1251 2222 1298 υῑ
2265 1243 2434 1299 moris
2475 1248 2598 1332 θεξνί
2627 1237 3029 1332 Ρφηίίηεθηδυε
3075 1233 3431 1332 ί¹¹⁴¹¹¹¹¹¹εηιί⁵ζ
3476 1240 3534 1288 ει
3565 1229 3735 1332 Tu?!“

476 1357 766 1412 damnatus
805 1353 923 1407 fuit.
973 1351 1083 1407 Nec
1117 1352 1229 1421 ipse
1261 1350 1562 1421 imperator
1600 1359 1821 1421 propter
1852 1350 1954 1405 hoc
1984 1350 2063 1403 ira

481 1446 822 1510 movebatur,
849 1458 950 1497 nec
988 1442 1054 1495 ad
1101 1441 1491 1496 monasterium
1537 1438 1737 1494 Domus
1781 1438 1927 1494 Petri
1975 1454 2067 1493 ac-

478 1537 676 1602 cessit;
715 1536 809 1591 sed
849 1550 947 1589 nec
983 1533 1115 1602 ipse,
1151 1547 1250 1587 nec
1280 1530 1475 1601 aliquis
1509 1546 1733 1585 suorum
1765 1529 2066 1586 molestiam

481 1627 678 1683 intulit.

1203 1712 1230 1785 ς
1270 1711 1363 1767 1x.

482 1840 486 1845 ι
555 1808 710 1866 Tunc
736 1810 1045 1880 supradicta
1076 1808 1244 1862 Azala
1282 1806 1437 1860 bonae
1467 1805 1745 1861 memoria:
1770 1805 1930 1875 digna
1972 1805 2072 1859 ite-

476 1917 607 1955 «rum
653 1915 838 1954 coram
889 1899 1212 1969 primatibus
1253 1898 1513 1968 praedium
1556 1896 1699 1967 apud
1747 1895 2072 1965 Pfruwanga

488 1993 818 2047 monasterio
850 1993 1222 2058 confirmavit,
1268 1991 1411 2047 sicut
1456 1990 1821 2061 subscriptum
1850 1989 2072 2059 privile-

479 2085 633 2155 gium
664 2084 899 2139 ostendit
926 2101 939 2137 :

566 2196 586 2229 ι
627 2176 825 2231 Notum
855 2177 924 2231 sit
960 2177 1211 2233 onmibus
1240 2176 1444 2232 Christi
1485 2175 1765 2239 fidelibus,
1799 2173 2081 2245 praesenti-

492 2270 595 2326 bus
635 2270 846 2327 scilicet
883 2279 937 2326 et
978 2270 1203 2334 fumris,
1237 2270 1380 2340 quod
1415 2270 1659 2338 quantam
1705 2268 1955 2336 religiosa
2000 2265 2079 2322 fe-

494 2363 671 2429 mina,
723 2363 937 2416 nomine
982 2361 1178 2424 Azala,
1228 2360 1449 2415 tradidit
1497 2361 1769 2430 quoddam
1818 2357 2078 2429 praedium

494 2469 618 2508 cum
660 2470 821 2508 manu
864 2454 1113 2510 advocati
1153 2452 1234 2508 sui
1278 2452 1554 2507 Bertholdi
1589 2453 1653 2507 ad
1687 2452 2079 2511 monasterium

484 2544 558 2598 .S.
584 2542 830 2617 Gregorii
869 2559 1038 2614 papm,
1067 2545 1133 2598 ad
1182 2544 1352 2612 ripam
1400 2542 1573 2597 Rheni
1622 2543 1808 2603 situm.
1837 2543 1922 2597 cui
1958 2551 2084 2597 tunc

495 2647 730 2708 praeerat.
759 2637 1075 2693 Bertholdus
1109 2637 1295 2701 abbas,
1336 2636 1478 2707 quod
1522 2635 1639 2690 sine
1669 2634 1775 2689 ulla
1806 2634 2086 2691 contradi.

486 2732 682 2787 ctione
714 2732 825 2787 visa
853 2739 938 2787 est
961 2729 1242 2802 possidere
1275 2729 1327 2784 in
1358 2744 1494 2800 pago
1524 2727 1871 2801 Linzgouwe,
1910 2729 1964 2784 in
1997 2746 2088 2785 co-

504 2822 695 2877 mitatu
724 2820 1043 2877 llartmauni
1074 2819 1222 2891 (952)
1252 2819 1493 2885 comitis,
1530 2821 1632 2875 hoc
1660 2828 1774 2884 est,
1808 2819 2087 2874 dimidiam

502 2922 713 2985 partem
766 2913 907 2968 villa:
956 2928 1077 2983 qua:
1116 2913 1314 2967 dicitur
1357 2910 1713 2983 Pfruwanga,
1760 2911 1925 2985 369
1965 2929 2088 2969 cum

503 3004 611 3059 alio
650 3004 717 3059 ad
758 3005 864 3060 hoc
893 3005 1198 3074 pertinente
1245 3003 1523 3074 praediolo,
1553 3000 1799 3058 Taverna
1831 3006 2088 3071 vocitato,
2119 3049 2164 3106 ι,

492 3103 563 3150 et
606 3096 729 3155 aliis
770 3094 1023 3150 omnibus
1072 3096 1137 3150 ad
1186 3111 1243 3149 se
1294 3094 1720 3165 pertinentibus,
1774 3095 1985 3151 scilicet
2037 3097 2089 3152 in
2119 3087 2165 3109 “¹

507 3185 674 3255 areis,
722 3185 986 3245 :ediliciis.
1037 3184 1321 3254 mancipiis
1368 3186 1653 3253 utriusque
1696 3201 1884 3253 sexus,
1935 3190 2096 3244 terris

494 3275 671 3331 cultis
696 3283 752 3329 et
781 3274 1021 3338 incultis,
1056 3275 1221 3343 agris,
1249 3274 1438 3344 pratis,
1474 3275 1701 3344 campis,
1736 3278 1974 3345 pascuis,
2005 3279 2097 3333 sil-

511 3367 614 3432 vis,
654 3367 834 3435 aquis.
879 3364 1291 3435 piscationihus,
1326 3363 1673 3430 molendinis,
1701 3366 1804 3421 viis
1822 3345 1886 3422 .et
1916 3368 2096 3434 inviis,

512 3456 747 3511 exitibus
788 3466 845 3510 et
892 3454 1175 3521 reditibus,
1209 3455 1453 3525 qumsitis
1480 3465 1537 3510 et
1576 3455 1943 3525 acquiremlis,
1974 3474 2103 3514 cun-

500 3550 727 3619 ctisque
755 3550 875 3605 aliis
905 3548 1247 3613 utensilibus,
1281 3564 1401 3619 qua:
1431 3551 1609 3604 adhuc
1650 3550 1758 3605 dici
1799 3560 1895 3606 aut
1936 3552 2105 3606 nomi-

499 3646 635 3698 .nari
666 3651 912 3713 possunt,
943 3641 1116 3697 eidem
1142 3641 1254 3711 jam
1280 3641 1426 3696 dicto
1457 3644 1787 3698 monasterio
1816 3643 1870 3698 in
1897 3644 2105 3701 honore

504 3734 579 3790 .S.
620 3732 865 3805 Gregorii
901 3742 1234 3797 constructo,
1283 3747 1383 3788 nec
1432 3748 1539 3788 non
1585 3743 1643 3789 et
1684 3734 1965 3790 monachis
2005 3734 2108 3790 sub

519 3842 708 3882 norma
737 3825 795 3879 S.
830 3824 1106 3880 Benedicti
1136 3824 1247 3879 Deo
1278 3824 1352 3879 ibi
1391 3824 1775 3892 militantibus,
1805 3841 1872 3880 ex
1901 3825 2109 3897 integro

504 3919 763 3991 legitime
794 3916 861 3972 de
889 3932 988 3971 suo
1028 3914 1151 3983 jure
1182 3916 1237 3969 in
1267 3930 1457 3971 eorum
1504 3914 1800 3971 transfudit
1837 3915 1947 3986 jus.
1985 3915 2113 3970 llaec

520 4020 699 4066 autem
749 4009 966 4063 traditio
1009 4006 1150 4062 facta
1199 4016 1283 4062 est
1334 4008 1475 4077 apud
1521 4005 1917 4073 Constantiam,
1967 4021 2112 4060 anno

522 4100 681 4159 Dom.
715 4099 982 4153 incarnat.
1017 4111 1204 4161 ucxxr,
1231 4097 1420 4152 indict.
1449 4113 1560 4162 xlv,
1587 4112 1774 4154 mense
1800 4098 1998 4170 Aprili,
2026 4096 2115 4153 die

510 4202 656 4243 -ιχιι
699 4187 939 4255 ejusdem
987 4186 1228 4250 mensis,
1276 4188 1380 4241 hoc
1424 4199 1507 4243 est
1558 4204 1615 4242 ιιι
1667 4188 1893 4243 Kalend.
1950 4186 2113 4253 Maii,

526 4278 660 4334 feria
689 4295 765 4342 vr,
797 4286 1056 4347 regnante
1084 4278 1343 4334 lleinrieo
1376 4280 1705 4350 imperatore
1730 4281 1975 4345 Juniore,
2007 4279 2117 4336 lilio

2167 1332 2316 1407 [Gen
2344 1329 2555 1402 Tenue]
2588 1329 2938 1392 incluserunt,
2965 1336 3020 1381 et
3045 1340 3167 1380 cum
3197 1337 3392 1394 magno
3418 1323 3624 1381 honore
3649 1318 3743 1375 Cu-

2169 1430 2304 1481 riam
2332 1424 2725 1495 perduxerunt,
2753 1436 2873 1476 cum
2919 1434 3115 1490 magno
3148 1429 3327 1473 tamen
3353 1415 3565 1471 labore.
3596 1410 3741 1481 Cujus

2169 1532 2453 1574 successor
2479 1515 2761 1572 Conradus
2799 1513 2948 1584 (951)
2985 1512 3134 1567 dedit
3166 1508 3496 1566 monasterio
3534 1507 3741 1562 calicem

2171 1616 2509 1680 argenteum,
2536 1622 2697 1678 quem
2741 1605 2909 1661 abbas
2939 1602 3245 1668 deauravit,
3275 1610 3331 1657 et
3374 1616 3606 1673 cappam
3636 1615 3749 1671 pur-

2098 1697 2145 1758 B
2174 1716 2419 1774 paream,
2469 1708 2526 1754 ct
2568 1709 2678 1753 tam
2728 1690 2980 1753 abbatem
3031 1711 3194 1766 quam
3242 1693 3445 1749 fratres
3486 1692 3628 1762 ejus,
3668 1690 3750 1762 qui

2174 1795 2422 1857 aderant,
2455 1793 2698 1863 singu‘os
2741 1788 3076 1845 munusculis
3102 1786 3420 1853 honoravit;
3456 1785 3603 1840 inter
3627 1799 3749 1853 quos

2174 1886 2521 1943 Cuonradum
2551 1884 2890 1956 capellanum
2923 1892 3069 1947 tunc,
3097 1889 3283 1951 postea
3311 1895 3443 1933 vero
3486 1879 3751 1941 abbatem,

2176 1976 2484 2049 specialiter
2527 1974 2855 2038 muneravit,
2880 1974 3016 2028 dans
3040 1973 3088 2026 ei
3122 1957 3285 2026 unum
3315 1968 3568 2024 Zendath
3603 1967 3756 2039 (955).

2178 2086 2244 2125 ex
2267 2084 2374 2140 quo
2402 2065 2492 2122 ille
2513 2082 2739 2137 cappam
2766 2064 2915 2130 fecit,
2938 2074 2991 2120 et
3012 2064 3232 2139 argenti
3263 2062 3489 2127 libram;
3518 2060 3593 2115 ad
3614 2076 3757 2128 quam

2180 2162 2271 2217 ille
2316 2169 2369 2217 et
2406 2160 2597 2231 reliqui
2648 2160 2845 2215 fratres
2887 2165 3338 2229 aggregaverunl,
3387 2164 3443 2209 et
3488 2152 3761 2209 brachium

2181 2252 2239 2307 S.
2271 2252 2500 2325 Philippi
2544 2249 2770 2320 apostoli
2813 2264 2949 2303 auro
2979 2259 3031 2302 et
3062 2254 3314 2316 argento,
3344 2244 3627 2314 lapidibus
3654 2257 3766 2315 prc-

2183 2344 2338 2400 tiosis
2368 2359 2432 2398 ac
2459 2341 2770 2412 margaritis
2795 2338 3179 2395 venustissime
3202 2343 3616 2394 ornaverunt...

2902 2450 2930 2523 δ
2972 2450 3063 2506 x1.

2258 2547 2336 2601 Eo
2373 2554 2635 2615 tempore,
2667 2543 3007 2599 Wernberus
3038 2540 3255 2608 Senior,
3287 2539 3376 2609 qui
3420 2538 3490 2594 ad
3532 2536 3773 2592 Neruist-

2190 2639 2332 2693 heim
2360 2637 2519 2691 datus
2543 2633 2721 2690 fuerat
2746 2634 2915 2690 abbas
2941 2632 3111 2705 (956),
3136 2630 3597 2702 promissionibus
3626 2626 3775 2684 Udal—

2191 2730 2288 2785 rici
2314 2727 2551 2799 episcopi
2583 2726 2795 2781 illectus
2824 2724 3002 2795 ipsum
3029 2722 3205 2779 locum
3235 2720 3466 2785 dimisit,
3497 2728 3555 2775 ct
3585 2720 3659 2775 ad
3686 2718 3780 2774 Do-

2192 2836 2339 2876 mum
2380 2817 2544 2890 370
2583 2806 2727 2871 Petri
2766 2814 2954 2881 rediit;
3000 2826 3233 2884 cumque
3258 2810 3591 2882 Bertboldus
3624 2810 3780 2864 abbas

2194 2912 2356 2968 alium
2395 2926 2492 2981 pro
2528 2908 2619 2964 illo
2648 2908 2782 2964 dare
2813 2907 3003 2973 nollet,
3041 2907 3331 2977 episcopus
3369 2902 3693 2959 lleiuricum
3720 2900 3782 2955 de

2194 2998 2542 3056 Zwivildensi
2591 2996 2738 3070 (957)
2790 2997 3121 3053 monasterio
3163 2995 3416 3062 adduxit,
3446 3006 3688 3064 eumque
3715 2991 3781 3046 ibi

2197 3094 2448 3148 abbatem
2476 3091 2625 3158 fecit,
2648 3091 2832 3162 sicque
2855 3106 2986 3145 cura
3017 3090 3189 3161 ipsius
3217 3088 3318 3144 loci
3347 3089 3412 3142 de
3442 3088 3619 3142 Domo
3646 3084 3783 3141 Petri

2197 3182 2402 3253 dilapsa
2434 3190 2539 3245 est,
2566 3196 2686 3251 qua:
2710 3180 2893 3235 multis
2916 3180 3073 3235 annis
3095 3178 3293 3234 exinde
3316 3178 3644 3233 habebatur.
3677 3176 3786 3246 Ipse

2200 3284 2380 3330 autem
2412 3272 2773 3339 Wernberus,
2798 3286 2923 3328 cum
2949 3271 3237 3342 episcopus
3263 3268 3367 3325 sibi
3401 3268 3535 3324 nihil
3569 3269 3642 3323 de
3668 3283 3787 3340 pro-

2203 3366 2385 3423 missis
2404 3366 2688 3437 prteberet,
2710 3364 2776 3420 ad
2801 3364 2925 3420 Erla
2951 3364 3097 3436 (938)
3124 3363 3517 3419 monasterium
3540 3360 3787 3422 secessit.

2204 3462 2386 3534 ibique
2435 3460 2622 3517 multis
2666 3461 2859 3518 diebus
2900 3461 3268 3531 permansit...
3312 3459 3507 3515 Postea
3549 3446 3615 3515 Se
3656 3456 3792 3527 apol

2204 3554 2476 3625 quoddam
2512 3552 2936 3617 oratorium,-S.
2964 3552 3110 3608 Petri
3145 3552 3364 3608 nomine
3390 3559 3791 3610 consecratum.

2206 3642 2446 3710 inclusit,
2480 3652 2538 3699 et
2580 3657 2753 3715 usque
2783 3642 2851 3697 ad
2890 3643 3051 3698 finem
3084 3642 3166 3697 sui
3199 3642 3251 3697 in
3295 3641 3391 3696 Dei
3421 3640 3655 3703 servitio
3682 3653 3796 3711 per-

2209 3733 2429 3788 mansit.
2479 3731 2581 3799 Qui
2613 3732 2901 3788 det‘unctus
2931 3731 2983 3786 in
3012 3731 3205 3788 eodem
3251 3730 3369 3786 loco
3400 3739 3484 3786 est
3531 3730 3795 3800 sepultus,

2209 3833 2370 3894 atque
2407 3824 2669 3880 sanitates
2706 3823 2903 3879 ibidem
2933 3823 3190 3879 dicuntur
3215 3822 3478 3878 divinitus
3512 3822 3795 3885 exhiberi;

2210 3931 2331 3987 quae
2366 3917 2621 3988 quoniam
2651 3924 2800 3971 certa
2830 3914 3094 3971 relatione
3137 3930 3244 3972 non
3274 3914 3587 3981 didicimus,
3621 3913 3800 3971 dehis

2211 4006 2366 4076 plura
2394 4005 2577 4061 dicere
2604 4005 3086 4076 przetermittimus.

2985 4096 3101 4152 Xll.

2287 4189 2390 4244 Per
2414 4189 2527 4243 hzec
2551 4198 2790 4259 tempora
2814 4096 3263 4259 Waiirﬁnltlisensis
3284 4184 3417 4241 cella
3441 4184 3597 4256 (959)
3619 4199 3800 4242 curam

2202 4274 2266 4335 et
2311 4278 2551 4348 regimen
2581 4294 2611 4331 a
2641 4287 2828 4332 nostro
2852 4277 3182 4333 monasterio
3207 4276 3420 4341 habuit,
3456 4276 3551 4330 sed
3574 4290 3647 4332 ex
3676 4290 3802 4331 cono

529 4367 767 4423 lleinrici
813 4366 1078 4433 Senioris,
1124 4368 1216 4439 qui
1262 4379 1317 4453 et
1360 4368 1476 4440 ipse
1504 4370 1715 4444 eodem,
1740 4374 2114 4441 tempore‘una
2141 4405 2193 4467 Β
2222 4374 2461 4429 tentione
2492 4370 2937 4427 Scal'husensium
2969 4372 3225 4447 impedita
3269 4386 3444 4441 usque
3492 4371 3546 4426 in
3588 4371 3801 4431 hodier-

516 4474 654 4514 -cum
686 4459 870 4529 regina
897 4457 1229 4513 Constantize
1258 4450 1394 4524 erat,
1429 4459 1482 4514 in
1510 4457 1663 4528 cujus
1690 4461 2117 4533 etiamprazsen-

517 4600 523 4604 ’
604 4593 752 4665 (951)
794 4592 1046 4665 MathilJa
1076 4592 1289 4665 llenriei
1322 4593 1345 4647 l
1368 4594 1524 4664 Angl.
1553 4609 1665 4665 reg.
1692 4594 1821 4648 lilia.
1849 4594 2116 4650 ceterum

533 4663 730 4735 de‘hoc
761 4663 876 4735 ejus
903 4664 1099 4735 itinere
1128 4663 1260 4735 nihil
1289 4666 1428 4733 apud
1458 4663 1594 4719 alios
1621 4663 1934 4735 scriptores.

606 4734 931 4808 (932)_Tres
979 4733 1289 4808 Linzgovia;
1323 4735 1551 4808 comites
1594 4736 1646 4789 in
1699 4733 1906 4808 chartis
1956 4734 2117 4805 hujus

533 4803 788 4861 Chronici
824 4803 1222 4865 meumrantur.
1252 4803 1380 4859 Otto
1421 4805 1475 4858 in
1506 4806 1693 4875 charta
1725 4805 1983 4875 Swiggeri
2024 4803 2114 4861 an.

536 4877 678 4933 4058
707 4876 773 4931 de
814 4874 937 4947 villa
958 4874 1363 4947 iOitAveltingen,
1390 4889 1551 4944 quam
1585 4873 1780 4947 Lunig.
1812 4873 2015 4947 aliique
2050 4876 2120 4931 ab

538 4962 605 5019 eo
633 4946 838 5019 decepti
864 4946 1004 5019 male
1035 4944 1578 5019 Suilliugam‘vocant
1603 4944 1983 5019 (supral.__n,‘§
2009 4947 2121 5016 12.)

525 5015 906 5071 .llartinannm
938 5016 1029 5071 hic
1065 5015 1133 5069 ad
1163 5015 1258 5068 an.
1283 5015 1445 5080 1121,
1485 5015 1723 5080 notatus,
1753 5026 1809 5072 et
1835 5015 2124 5073 Heinricus

542 5088 595 5159 in
640 5085 1158 5159 charta_Witi_gonis
1197 5083 1622 5159 de‘lf‘richingen
1664 5104 1753 5142 an.
1787 5089 1924 5144 1155
1961 5087 2123 5157 (infra

528 5156 579 5210 .l.
622 5154 768 5227 iv,.§
801 5155 940 5224 27.).
984 5155 1231 5227 Primum
1263 5155 1484 5227 Rhaetize
1521 5154 1800 5214 Curiensis
1838 5154 2128 5216 comitibus

542 5223 1013 5293 accensemusqui
1044 5232 1110 5285 et
1144 5223 1492 5328 Briqatttinus
1534 5227 1730 5294 fuerit,
1761 5229 2129 5285 Hartmaunus

545 5303 725 5328 ...ιιιηη
757 5293 1078 5328 ηἰιῖηηΔηαῖει
1108 5302 1159 5328 ΔΙ
1185 5292 1248 5328 IX:
1291 5300 1535 5328 “natust...
1558 5313 1676 5328 ηοω.
1699 5300 1860 5328 munt.
1918 5300 1983 5328 ,ιη
2006 5299 2094 5328 ..ης

538 5303 725 5328 nulum
757 5292 1078 5328 nilinnmnaia
1108 5302 1159 5328 ΔΙ
1185 5292 1248 5328 αἱ

1444 5300 1535 5328 uda
1558 5313 1676 5328 noon
1699 5300 1860 5328 nAI-I:l
1918 5300 1983 5328 ΑΛ
2006 5299 2094 5328 nun:

2223 4481 2353 4521 num
2380 4480 2569 4535 parum
2596 4463 2856 4536 profecit;
2904 4464 2998 4520 sed
3025 4474 3151 4520 tunc
3178 4462 3562 4519 Folchuandus
3587 4463 3807 4533 quidam

2225 4597 2424 4669 legitur
2447 4613 2460 4650 :
2490 4614 2511 4648 ι
2530 4594 2804 4669 Depositi‘o
2823 4593 3096 4652 Cuonradi
3116 4596 3354 4667 episcopi
3376 4578 3688 4651 Curiensis:
3712 4595 3810 4651 isto

2224 4666 2488 4736 benignus
2518 4667 2674 4722 nobis
2702 4666 2822 4722 fuit.
2858 4685 2878 4719 ι
3152 4666 3161 4667 “
3304 4666 3317 4667 ί
3576 4697 3583 4703 .

2296 4736 2445 4807 (955)
2485 4736 2758 4800 Zendatlt,
2789 4737 3009 4803 cendal,
3041 4746 3319 4793 centatum
3354 4753 3563 4807 pannus
3590 4738 3808 4791 sericas.

2301 4806 2447 4880 (956)
2488 4806 2611 4880 Χῖαι.
2640 4822 2812 4880 supra
2830 4807 2865 4861 l.
2898 4823 2982 4880 tu,
3011 4806 3157 4880 959.

2300 4875 2447 4949 (957)
2487 4876 2548 4949 Ρ.
2579 4875 2772 4949 Sulger
2802 4878 2855 4949 in
2890 4875 3191 4949 Annalibus
3212 4876 3660 4949 Zwifaltensibus
3687 4892 3739 4947 p.
3771 4893 3810 4937 t.

2225 4965 2281 5019 p.
2310 4948 2405 5013 65,
2432 4947 2763 5030 missionem
2819 4948 3035 5030 Ilenrici
3063 4951 3131 5030 de
3170 4947 3480 5029 Berrieden.
3504 4948 3575 5015 ad
3614 4963 3812 5002 annum

2229 5018 2366 5073 1118
2418 5019 2663 5088 pluribus
2717 5018 2999 5075 describit.
3067 5020 3188 5075 για.
3245 5017 3485 5072 Bucebnt
3542 5016 3812 5075 .Chronol.

2936 5034 2999 5073 ιι.
3073 5034 3188 5075 για.
3245 5034 3485 5072 ϋιιεθιιιιι
3542 5034 3812 5075 ωηωιιοι.

2226 5091 2509 5145 Constant.
2543 5090 2609 5142 ad
2643 5090 2696 5143 h.
2729 5105 2781 5141 a.
3552 5126 3555 5131 .
3608 5130 3609 5137 η

2299 5159 2451 5228 (958)
2489 5157 2875 5228 Monasterium
2905 5158 3052 5215 istud
3090 5159 3231 5215 haud
3275 5158 3419 5213 aliud
3447 5174 3571 5214 esse
3602 5158 3817 5228 videtur

2307 5226 2395 5284 am
2432 5226 2725 5310 Erlacense
2765 5228 3051 5328 adnlacum
3092 5229 3394 5285 Bzelensem
3441 5230 3495 5287 in
3538 5226 3816 5303 territorio
