4010 5328
177 378 263 435 561
1003 358 1394 425 CHRONICON
1430 347 2063 414 PETERSHUSANUM.
2098 378 2169 390 —
2203 345 2334 403 LIB.
2365 342 2454 402 IV.

3307 336 3416 396 362

177 501 323 544 senex
367 465 646 554 presbyter
688 477 812 534 illuc
844 477 1190 531 transmissus
1226 472 1463 544 praefuit,
1492 468 1595 525 sub
1623 482 1732 537 quo
1762 467 1808 524 Α
1841 474 1953 554 tet“
1979 459 2308 523 conﬁceret;
2337 457 2424 511 alii
2457 464 2638 554 ξξιξῑξεηι
2672 452 2927 554 ἀίεθτεξηξ
2962 452 3029 508 ad
3065 451 3238 554 εδιιειτθ
3281 470 3406 512 eum

174 591 221 636 et
243 593 335 648 ego
373 575 484 630 illic
527 585 654 628 tunc
683 585 853 631 eram,
900 579 956 622 et
982 567 1270 622 habuimus
1299 564 1592 618 foederatos
1624 571 1732 614 tam

174 668 545 726 Scafhusenses
590 674 647 719 et
692 659 1100 724 Steinahenses,
1147 657 1238 727 qui
1283 655 1532 711 similiter
1576 667 1734 707 suum

171 775 276 818 esse
316 759 489 828 ipsum
536 754 712 809 locum
742 750 1044 815 certabant,
1082 757 1137 804 et
1180 746 1376 816 saepius
1402 753 1528 799 ante
1555 751 1734 798 vasta-

170 857 370 912 verant,
403 854 456 900 et
483 845 659 899 adhuc
688 843 987 898 devastant.
1018 839 1146 900 Sed,
1174 853 1296 893 cum
1326 837 1458 890 satis
1485 833 1733 918 ordinate

172 951 281 994 tunc
328 935 584 1006 temporis
636 934 813 988 divina
865 941 920 986 et
965 931 1202 985 humana
1255 927 1326 982 ibi
1379 927 1731 991 haberentur,

171 1031 434 1090 Udalricus
460 1029 768 1100 episcopus,
793 1024 1021 1080 credens
1048 1039 1106 1078 se
1135 1021 1297 1076 citius
1324 1019 1581 1090 quiddam
1612 1033 1730 1071 ma-

167 1125 244 1197 gni
287 1129 656 1193 patraturum,
702 1118 907 1174 dimisit
941 1131 1058 1181 nos,
1089 1123 1144 1169 et
1188 1111 1414 1168 Utonem
1441 1109 1733 1180 quemdam

168 1215 392 1270 abbatem
419 1210 491 1266 ibi
525 1210 672 1276 fecit,
709 1223 942 1279 eumque
970 1208 1021 1262 in
1053 1205 1249 1277 quibus
1281 1204 1455 1276 potuit
1502 1201 1730 1274 adjuvit.

169 1305 260 1360 Sed
298 1303 364 1358 ad
395 1303 563 1358 breve
603 1310 812 1372 tempus
841 1299 1078 1372 praefuit,
1106 1299 1246 1355 sicut
1271 1311 1370 1354 suo
1399 1297 1520 1354 loco
1561 1293 1732 1367 stylus

167 1404 328 1453 noster
355 1392 587 1450 forsitan
610 1393 866 1450 ostendit.
963 1445 968 1450 .

839 1482 1046 1558 gan

223 1583 366 1639 Anno
405 1581 477 1636 ab
517 1579 786 1636 Incarnat.
830 1578 986 1633 Dom.
1022 1589 1221 1632 chxvt
1263 1575 1404 1630 facta
1441 1581 1527 1630 est
1559 1571 1731 1627 fames

166 1675 339 1738 valida,
363 1676 438 1729 ita
461 1682 524 1728 ut
542 1673 694 1728 multi
720 1671 942 1743 penuria
965 1668 1206 1740 oppressi
1227 1667 1488 1738 perirent.
1516 1665 1582 1720 Et
1612 1671 1732 1720 erat

166 1769 210 1822 in
235 1767 446 1823 basilica
493 1764 552 1820 S.
583 1765 829 1835 Gregorii
857 1762 1057 1865 .tabula
1102 1758 1387 1831 principali
1435 1757 1629 1813 altario
1673 1756 1727 1812 in
1759 1803 1806 1865 Β

165 1856 458 1914 occidentali
488 1865 646 1926 parte
685 1854 950 1926 apposita,
981 1868 1101 1922 qure
1128 1867 1262 1905 auro
1289 1858 1346 1904 et
1385 1858 1614 1921 argento
1640 1863 1730 1903 ve-

165 1960 302 2004 nuste
327 1949 502 2003 fuerat
531 1959 742 2018 operta,
773 1962 893 2017 quae
921 1944 1132 1999 nonnisi
1164 1944 1217 1998 in
1251 1942 1500 1998 maximis
1528 1940 1734 1997 festivi-

167 2043 342 2096 tatibus
371 2041 744 2111 aperiebatur.
777 2038 927 2094 Hanc
954 2034 1225 2093 Bertolfus
1253 2035 1420 2090 abbas
1448 2033 1734 2105 ingruente

165 2136 318 2204 inopia
347 2133 621 2205 confringi
651 2131 800 2195 fecit,
839 2139 893 2186 et
923 2131 1041 2185 auri
1072 2128 1287 2199 quidem
1325 2127 1604 2182 inventum
1650 2133 1734 2180 est

165 2225 343 2278 habere
384 2239 556 2277 unum
606 2221 897 2284 talentum,
945 2228 1000 2274 et
1035 2227 1282 2287 quartam
1313 2226 1523 2287 partem
1567 2214 1734 2270 ferto-

165 2316 234 2369 nis
260 2315 420 2384 (940),
455 2314 670 2386 argenti
698 2313 958 2383 quinque,
998 2309 1157 2381 371
1199 2318 1254 2364 et
1293 2309 1396 2362 hoc
1423 2317 1592 2361 totum
1623 2315 1732 2361 tam

167 2423 332 2460 aurum
354 2424 520 2477 quam
549 2405 830 2475 argentum
859 2412 977 2457 erat
1004 2400 1354 2471 purissimum
1375 2399 1730 2468 etoptimum.

169 2489 373 2554 De‘auro
395 2499 598 2568 quippe
628 2499 680 2552 in
706 2497 995 2551 medietate
1027 2493 1222 2548 tabula":
1244 2502 1362 2547 erat
1383 2492 1526 2547 elata
1556 2492 1732 2563 imago

168 2590 384 2658 speciosa
412 2588 475 2642 S.
503 2589 600 2642 Dei
625 2587 946 2650 Genitricis,
975 2586 1104 2639 etin
1133 2586 1248 2652 ejus
1273 2593 1494 2654 pectore
1525 2583 1733 2653 species

168 2682 430 2748 columbae;
465 2682 534 2735 de
560 2688 785 2751 argento
814 2694 941 2734 vero
972 2678 1025 2732 in
1057 2677 1338 2732 latitudine
1371 2675 1563 2730 tabula:
1592 2675 1730 2730 ima-

169 2773 297 2842 gines
341 2772 709 2842 apostolorum
757 2780 813 2826 et
840 2769 1078 2843 aliorum
1125 2777 1439 2824 sanctorum
1477 2767 1730 2838 pulcher-

169 2864 284 2920 riiue
312 2864 576 2920 formatae.

835 2953 1038 3027 sxnn

227 3045 297 3102 Ad
352 3047 474 3103 haec
533 3047 796 3118 praedium
857 3047 1000 3117 apud
1057 3047 1230 3102 Bozze
1295 3045 1444 3117 (9U)
1513 3044 1726 3101 cuidam

169 3136 458 3196 Bernbardo
496 3156 596 3210 pro
631 3140 915 3195 duodecim
957 3139 1109 3194 libris
1150 3138 1359 3210 argenti
1399 3153 1497 3206 pro
1546 3137 1724 3192 chiro-
1756 3158 1803 3222 ο

172 3231 348 3298 grapho
374 3232 665 3286 dimissum
697 3239 812 3296 est,
844 3231 988 3301 quod
1029 3239 1214 3311 postea
1254 3229 1536 3284 Conradus
1563 3230 1730 3285 abbas

171 3323 384 3396 Ruperto
414 3327 485 3382 de
523 3325 894 3382 Ololdiswanc
943 3326 1092 3398 (942)
1141 3334 1383 3395 tempore
1422 3324 1618 3392 iterum
1658 3322 1739 3379 fa-

173 3419 258 3476 mis
281 3421 543 3487 vendidit,
568 3420 663 3492 qui
695 3421 824 3476 illud
851 3434 1022 3488 usque
1048 3419 1101 3475 in
1133 3434 1373 3490 praesens
1401 3417 1660 3488 possidet.

847 3512 1034 3584 ng.

229 3602 372 3658 Anno
415 3605 485 3660 ab
530 3604 913 3660 Incarnatione
957 3605 1111 3660 Dom.
1162 3618 1407 3669 ucxxvn,
1459 3617 1580 3659 cum
1621 3601 1735 3675 jam

173 3691 408 3751 Bertolfus
442 3697 616 3752 abbas
657 3697 810 3752 senio
851 3705 1202 3766 gravaretur,
1238 3686 1482 3753 moribus
1523 3713 1738 3768 quoque

176 3782 234 3837 ita
256 3776 626 3852 insoleSceret,
675 3795 737 3841 ut
777 3802 878 3842 nec
922 3787 1035 3858 ipse
1072 3785 1302 3852 faceret,
1339 3803 1443 3842 nec
1469 3788 1588 3842 aliis
1611 3804 1734 3859 per-

177 3875 388 3930 mitteret
429 3877 746 3932 necessaria
787 3877 892 3933 loci
947 3877 1256 3948 providere,
1298 3888 1353 3933 et
1379 3878 1490 3948 jam
1516 3879 1738 3949 jamque

179 3965 330 4019 omnia
356 3967 518 4021 simul
561 3967 616 4022 in
664 3966 968 4023 defectione
1016 3969 1353 4033 viderentur,
1409 3969 1627 4038 quidam
1669 3969 1737 4026 de

182 4058 455 4113 senioribus
501 4067 789 4127 casperunt
823 4075 946 4115 cum
989 4058 1246 4115 Udalrico
1294 4060 1548 4130 episcopo
1595 4060 1736 4116 clam

181 4158 331 4213 agere,
356 4158 413 4203 ut
450 4148 696 4204 Bertolfo
721 4152 1072 4219 persuaderet
1109 4162 1376 4222 quatenus
1411 4153 1630 4209 abbatia
1677 4170 1738 4211 se

180 4234 445 4301 abdicaret,
475 4247 530 4293 et
561 4239 725 4294 alium
753 4255 850 4309 pro
879 4257 937 4296 se
965 4243 1205 4298 ordinari
1227 4243 1596 4312 permitteret;
1620 4230 1736 4314 ipse

183 4341 289 4384 vero
312 4331 576 4403 reliquum
604 4333 732 4387 vitae
773 4349 884 4388 suae
923 4343 1135 4406 tempus
1167 4336 1409 4405 privatus
1433 4339 1735 4408 requiesce-

1837 551 2034 606 debere
2087 566 2308 621 pergere
2347 560 2404 602 et
2457 547 2654 602 ibidem
2699 562 2760 602 sc
2804 545 3078 610 abdicare,
3121 547 3406 625 episcopus

1835 644 1947 698 ait:
1983 661 2001 695 ι
2034 642 2147 697 Non
2189 650 2292 706 est,
2337 641 2532 710 inquit,
2563 654 2814 704 necesse;
2862 639 3068 710 virgam
3102 641 3230 696 mihi
3271 642 3414 714 regi-

1836 735 1999 790 minis
2031 735 2270 789 reddat.»
2308 732 2458 788 Tunc
2480 746 2667 786 omnes
2692 731 3142 799 reclamaverunt,
3167 733 3410 791 dicentes

1836 826 1939 881 hoc
1971 825 2278 880 nullatenus
2305 825 2372 879 ad
2402 839 2524 880 eum
2557 824 2854 892 pertinere.
2897 819 3058 895 Ergo'
3085 827 3315 881 accessit
3342 826 3410 883 ad

1833 919 2005 974 altare
2032 927 2090 974 et
2128 919 2332 989 virgam
2378 917 2626 987 deposuit
2651 917 2902 987 desuper,
2935 915 3161 971 dicens:
3198 936 3215 968 ‹
3251 917 3414 983 Ecce,

1833 1011 1979 1080 quod
2019 1008 2113 1064 Dei
2149 1017 2204 1064 et
2243 1009 2410 1064 vestri
2440 1009 2614 1078 gratia
2647 1006 2829 1070 habui,
2860 1007 3100 1076 depono,
3139 1016 3193 1062 et
3221 1023 3412 1064 omnes

1831 1114 1930 1154 vos
1955 1114 1984 1153 a
2013 1099 2116 1154 mei
2143 1098 2453 1155 obedientia
2479 1085 2722 1152 absolvo.
2763 1116 2782 1150 ι
2812 1095 2926 1151 Hoc
2946 1097 3090 1152 dicto
3123 1097 3188 1152 ad
3215 1098 3415 1155 lectum

1833 1191 1994 1248 rediit
2021 1200 2076 1247 et
2100 1189 2410 1246 Conradum
2433 1190 2772 1260 capellanum
2797 1187 3005 1260 primus
3029 1189 3221 1262 elegit.

2533 1300 2740 1374 §XVL

1899 1390 2066 1465 372
2097 1392 2297 1450 Deinde
2318 1393 2514 1449 iterum
2537 1402 2838 1449 conventus
2865 1392 2932 1448 ad
2951 1391 3255 1464 capitulum
3287 1395 3413 1451 red-

1832 1486 1916 1542 iit.
1967 1488 2266 1557 EpLscopus
2323 1500 2457 1542 vero
2519 1487 2788 1550 secessit,
2840 1495 2895 1540 et
2939 1484 3108 1540 libera
3152 1486 3416 1543 electione

1833 1577 2013 1633 omnis
2061 1575 2410 1647 congregatio
2459 1574 2766 1630 Conradum
2808 1573 2994 1645 elegit.
3043 1575 3328 1630 Conradus
3360 1589 3414 1630 et

1833 1666 1950 1738 ipse
1975 1677 2295 1732 secesserat,
2341 1667 2598 1736 quoniam
2641 1678 2739 1735 pro
2781 1663 2992 1734 hospite
3037 1665 3301 1720 hactenus
3340 1667 3413 1720 ibi

1834 1758 2136 1813 habitabat.
2185 1757 2470 1813 Electione
2504 1764 2684 1810 autem
2740 1763 2990 1824 peracta,
3019 1755 3313 1825 requisitos
3359 1767 3414 1809 et

1835 1853 2107 1916 inventus,
2158 1851 2404 1907 clamans
2440 1860 2498 1905 et
2551 1849 2779 1904 multum
2829 1846 3102 1903 reluctans
3148 1847 3416 1903 violenter

1835 1943 2120 2010 adductus,
2149 1954 2204 2000 et
2238 1943 2453 1999 tandem
2492 1942 2764 1998 laboriose
2788 1939 3034 1996 devictus
3056 1941 3169 1996 sedi
3195 1949 3280 1996 est
3311 1941 3413 1996 im-

1838 2035 2065 2106 positus.

2514 2122 2734 2195 ngu.

1906 2231 2036 2289 Post
2071 2249 2284 2289 menses
2323 2241 2556 2304 quatuor
2609 2231 2896 2289 Udalricus
2941 2233 3228 2304 episcopus
3267 2232 3409 2300 apud

1834 2322 2028 2378 cellam
2060 2324 2116 2377 S.
2150 2323 2334 2379 Maria:
2366 2325 2420 2378 in
2445 2323 2758 2393 Brisgouwe
2785 2322 2956 2396 (941),
2996 2339 3224 2394 quorum
3251 2322 3415 2377 etiam

1837 2413 2023 2468 habitu
2051 2413 2344 2478 enituerat,
2380 2414 2526 2483 regio
2552 2414 2740 2470 morbo
2765 2414 3074 2484 depressus,
3106 2423 3178 2480 et,
3210 2415 3420 2469 violen-

1837 2513 1920 2561 ter
1952 2506 2124 2562 oculis
2149 2507 2214 2561 de
2235 2507 2412 2576 capite
2440 2506 2648 2577 ejectis,
2684 2507 2952 2562 laborioso
2989 2509 3092 2562 line
3130 2506 3420 2562 defunctus

1835 2606 1940 2659 est,
1985 2597 2066 2650 vir
2110 2595 2284 2651 ofﬁcio
2335 2596 2628 2666 pontificali
2682 2596 2840 2651 valde
2875 2596 3120 2661 idoneus,
3159 2597 3202 2651 si
3237 2597 3419 2650 animo

1835 2703 1942 2741 non
1973 2684 2167 2742 fuisset
2187 2688 2321 2742 adeo
2350 2688 2672 2742 acerrimus.
2697 2687 2816 2756 lpse
2844 2688 2986 2756 apud
3015 2687 3071 2742 S.
3105 2687 3416 2744 Udalricum

1833 2777 2163 2834 Constantia:
2214 2779 2508 2834 canonicos
2553 2779 2795 2835 instituit
2835 2781 3003 2854 (945).
3054 2781 3262 2851 Corpus
3303 2781 3419 2849 ejus

1831 2867 2203 2923 Constantiam
2229 2868 2465 2923 delatum
2491 2869 2542 2924 in
2572 2870 2738 2924 choro
2764 2870 3001 2926 basilicae
3040 2871 3098 2926 S.
3129 2870 3308 2925 Maria:
3334 2882 3421 2927 est

1833 2964 2129 3021 honorifice
2159 2965 2499 3020 tumulatum.

2491 3032 2742 3106 sxvm.

1902 3130 2071 3202 Igitur
2098 3128 2372 3186 Bertolfus
2393 3129 2561 3185 abbas
2591 3129 2738 3201 (946)
2768 3145 2889 3185 ven.
2923 3146 3045 3186 cum
3083 3132 3316 3202 primum
3356 3146 3414 3187 se

1840 3231 2106 3294 potestate
2133 3221 2440 3278 abdicasset
2465 3262 2480 3288 ,
2530 3221 2806 3292 aliquanto
2832 3231 3072 3293 tempore
3097 3224 3144 3278 ei
3169 3223 3419 3296 diligenti

1840 3331 1970 3370 cura
2015 3316 2448 3380 ministrabatur,
2491 3314 2684 3370 deinde
2716 3315 2886 3369 multa
2942 3316 3262 3386 negligentia
3306 3326 3418 3371 tra-

1840 3406 2106 3463 ctabatur.
2130 3407 2248 3477 ipse
2266 3422 2478 3477 quoque
2504 3414 2626 3477 post
2655 3421 2856 3476 paucos
2878 3422 3048 3462 annos
3073 3422 3209 3478 pene
3234 3422 3423 3462 amens

1841 3499 2075 3554 elfectus
2101 3499 2384 3570 pueriliter
2408 3499 2729 3554 versabatur
2803 3537 2820 3553 .
2899 3538 2912 3553 .
2990 3535 3008 3554 .
3085 3499 3137 3553 in
3160 3501 3422 3554 extremis

1840 3601 2023 3646 autem
2047 3591 2166 3662 ejus
2193 3591 2282 3646 vix
2311 3598 2521 3646 tantum
2569 3590 2618 3646 ei
2665 3605 2858 3646 sensus
2900 3605 3219 3646 concessum
3247 3600 3331 3647 est
3361 3600 3424 3648 ut

1836 3680 2096 3736 viaticum
2123 3689 2391 3751 quaereret
2438 3689 2495 3736 et
2539 3680 2830 3752 acciperet.
2890 3680 3186 3738 Defunctus
3215 3690 3420 3748 tamen,

1837 3774 2212 3830 benevolentia
2259 3773 2488 3828 fratrum
2545 3772 3018 3838 sacerdotalibus,
3067 3783 3126 3827 ut
3167 3788 3285 3826 mos
3335 3782 3423 3828 est

1840 3866 2128 3921 abbatibus
2156 3863 2360 3930 facere,
2393 3863 2634 3928 indutus,
2663 3872 2719 3918 et
2748 3864 2802 3918 in
2845 3863 3022 3934 capite
3047 3861 3418 3934 sepulcrorum

1841 3956 2096 4011 abbatum
2120 3956 2388 4026 sepultus
2425 3963 2510 4011 est
2549 3970 2674 4012 cum
2723 3954 2949 4020 honore,
2983 3954 3206 4008 absente
3238 3961 3418 4009 tamen

1839 4045 2035 4102 abbate
2059 4045 2327 4101 Conrado.

2536 4133 2745 4209 sxum

1909 4249 2042 4305 Rem
2074 4248 2290 4314 miram,
2316 4264 2479 4319 quam
2509 4250 2750 4305 dicturus
2779 4264 2897 4304 sum
2925 4288 2941 4315 ,
2985 4248 3077 4318 qui
3108 4247 3269 4312 volet,
3301 4263 3422 4318 per-

1837 4341 2059 4411 pendat.
2090 4341 2194 4396 Per
2221 4356 2394 4397 annos
2432 4342 2630 4412 quippe
2673 4339 2790 4397 fere
2827 4341 3191 4411 septuaginta,
3229 4355 3256 4393 a
3290 4350 3425 4394 tem-

187 4430 281 4485 ret;
308 4433 422 4477 erat
449 4425 594 4480 enim
626 4440 846 4481 crassus
867 4427 1048 4482 nimis.
1082 4428 1146 4482 Et
1168 4429 1422 4498 quoniam
1451 4430 1736 4502 episcopus
1837 4433 2063 4504 poribus
2092 4432 2300 4488 scilicet
2335 4431 2610 4488 Adelberti
2644 4431 2854 4488 abbatis
2903 4447 3076 4502 usque
3113 4432 3178 4485 ad
3215 4431 3416 4485 Bertol-

184 4508 411 4580 cloquens
445 4523 565 4570 erat
591 4525 648 4571 et
682 4526 954 4583 versutus,
992 4520 1268 4588 persuasit
1299 4534 1445 4587 eum,
1485 4523 1734 4592 quamvis
1765 4543 1812 4602 ο
1842 4522 1974 4590 fum,
2004 4522 2184 4578 nullus
2212 4537 2402 4578 eorum
2441 4523 2533 4594 qui
2579 4522 2635 4578 in
2681 4523 2850 4578 Domo
2875 4521 3020 4576 Petri
3053 4521 3276 4576 abbatcs
3304 4519 3416 4576 fue«
3468 4583 3478 4592 _

186 4602 258 4656 diu
284 4606 582 4662 reluctaret.
634 4607 731 4663 Die
781 4623 912 4678 ergo
958 4617 1163 4664 statuta
1193 4611 1411 4665 advenit
1448 4608 1736 4668 Udalricus
1771 4641 1775 4645 -
1834 4623 1962 4669 runt
1989 4614 2192 4685 absque
2231 4624 2357 4669 nota
2407 4613 2475 4670 de
2522 4614 2626 4669 hoc
2668 4613 2888 4669 saeculo
2917 4613 3255 4683 migrarttnt;
3297 4627 3423 4666 nam

187 4696 458 4769 episcopus,
488 4711 544 4757 et
574 4701 859 4758 Udalricus
882 4703 1260 4760 Zvvivildensis
1292 4705 1462 4761 abbas
1486 4704 1658 4779 (9425),
1683 4714 1739 4762 et
1833 4705 2059 4774 quilibet
2086 4720 2275 4762 eorum
2305 4713 2399 4760 aut
2425 4719 2652 4776 peregre
2691 4706 2944 4770 moritur,
2975 4712 3069 4759 aut
3118 4704 3296 4772 aliqua
3329 4703 3424 4757 de.-

189 4789 384 4846 eonsilio
411 4793 496 4848 diu
529 4795 717 4851 habito
745 4805 1015 4851 venerunt
1057 4796 1125 4851 ad
1170 4796 1487 4870 capitulum,
1516 4805 1570 4852 et
1599 4814 1737 4853 nun—
1831 4797 2043 4852 bilitate
2090 4807 2375 4868 correptus
2430 4797 2615 4868 periit.
2667 4796 2993 4852 Adelbertus
3046 4796 3228 4866 itaque
3277 4792 3418 4863 apud

181 4878 430 4939 'tiaverunt
454 4886 787 4943 multitudini
813 4904 828 4952 ;
875 4903 1107 4958 cumque
1133 4888 1222 4944 ille
1255 4887 1429 4944 libens
1459 4888 1735 4944 consenti-
1833 4887 2141 4946 Buocbowa
2165 4890 2342 4946 subita
2371 4899 2545 4945 morte
2563 4888 2744 4958 periit.
2771 4887 2933 4958 Siggo
2959 4886 3240 4942 confracto
3261 4884 3425 4939 dorso

191 4981 257 5026 ret
278 4984 331 5046 ut
361 4979 598 5046 privatus
634 4982 863 5048 viveret,
905 4982 1153 5037 dixerunt
1177 4981 1396 5052 quidam
1434 4991 1492 5036 ut
1532 4983 1732 5039 ibidem
1839 4981 2013 5038 altero
2041 4996 2184 5036 anno
2230 4980 2589 5039 ordinationis
2635 4995 2747 5036 sua:
2795 4978 3015 5034 defecit.
3041 4976 3202 5050 373
3231 4973 3427 5033 Arnol-

2215 5057 2374 5071 δή,

427 5134 582 5190 Ferto
631 5136 871 5207 pecuniae
921 5137 1155 5206 species,
1215 5150 1311 5192 seu
1365 5145 1559 5205 quarta
1611 5151 1736 5206 pars

252 5271 331 5316 19].
342 5273 385 5316 Η
409 5273 540 5316 “nnc

1840 5152 1965 5207 Vid.
2001 5149 2052 5203 in
2083 5149 2331 5206 Gerberti
2381 5147 2544 5205 Silvae
2585 5146 2747 5208 huius
2777 5145 2902 5202 hist.
2948 5154 2990 5200 t.
3041 5145 3085 5214 l,
3130 5161 3184 5216 p.
3214 5143 3340 5209 477,
3371 5151 3428 5198 et

1839 5220 1989 5276 Petri
2022 5219 2220 5274 Suevia
2249 5221 2483 5285 Eccles.,
2513 5235 2565 5289 p.
2591 5217 2720 5274 235.

1919 5289 2066 5316 IntB\
2101 5290 2194 5316 ιτ-.
2235 5294 2334 5316 ι.--
2367 5291 2508 5316 -ιε,...ι
2543 5287 2865 5316 ...ηηηηεημν

602 5277 653 5316 in
676 5294 776 5316 nan
831 5276 1031 5316 Quian"
1919 5289 2066 5316 IntB\
2101 5290 2194 5316 ιτ-.
2235 5276 2298 5316 ιζ.-

2421 5287 2526 5316 2-...Ιν
2543 5287 2865 5316 annnn:n'"“
2890 5300 2918 5304 “
2971 5287 3240 5316 πλιὶιυυειιω
3275 5291 3425 5316 ΑνΙι-σι
