4010 5328
595 85 701 139 363

593 203 712 266 «lus,
769 195 1111 272 Megluradus
1151 190 1205 258 et
1255 205 1533 264 l.iutoldus
1580 210 1833 280 depositi.
1872 208 2169 266 Theoderi-
2200 214 2248 269 A

590 306 687 347 cus
715 306 939 363 peregre
962 294 1115 349 obiit.
1147 288 1414 353 Bertolt‘us
1440 300 1715 370 depositus
1736 315 1924 355 aniens
1952 298 2178 355 clTectus

589 374 804 465 del'ecit.
858 382 990 451 Quis
1035 388 1225 443 credat
1282 389 1388 444 hoc
1441 392 1646 462 absque
1696 394 1945 448 districto
1992 391 2176 447 divino

589 479 771 527 actum
796 470 917 528 esse
940 472 1180 544 judicio?
1256 518 1269 532 .

1325 569 1508 643 §xx.

660 653 828 726 Igitur
851 656 1135 716 Conradus
1164 661 1335 717 abbas
1381 661 1432 716 in
1473 663 1590 733 ipso
1629 661 1784 718 initio
1820 661 2175 734 promotionis

582 761 698 801 sine
747 750 914 817 empit
962 750 1065 805 sibi
1121 751 1344 822 suisque
1393 755 1805 811 successoribus
1857 764 2175 811 construere

588 854 728 895 nova
768 841 1076 898 habitacula
1103 884 1118 910 ,
1168 844 1461 916 multisque
1506 846 1841 917 teniporibus
1887 847 2036 916 operi
2088 847 2173 899 iu-

585 930 810 997 sudans,
841 933 1056 988 tandem
1100 949 1221 989 cum
1250 935 1448 992 decore
1471 938 1884 993 consummavit.
1928 937 2005 993 Eo
2041 947 2174 992 tem-

592 1038 724 1094 pore
773 1021 1080 1090 Udalricus,
1142 1028 1413 1084 secundus
1469 1029 1618 1100 (947)
1648 1029 1889 1099 ejusdem
1936 1029 2172 1084 nominis

590 1112 906 1188 episcopus,
964 1120 1321 1174 munitionem
1374 1137 1568 1186 suam,
1616 1121 1908 1177 Castellum
1939 1121 2170 1185 dictam,

587 1211 784 1265 timore
832 1210 1099 1281 lludolpbi
1150 1213 1368 1268 comitis
1421 1215 1487 1268 de
1541 1213 1817 1285 Brigantia
1871 1212 2167 1272 destruxit.

585 1315 748 1369 quam
780 1302 1151 1371 pnetlecessor
1178 1302 1294 1374 ejus
1339 1304 1627 1361 Udalricus
1672 1304 1843 1360 nmlto
1890 1304 2078 1360 labore
2115 1313 2171 1358 ct

585 1400 806 1463 atnnptu
834 1402 1254 1462 construxerat,
1291 1400 1356 1453 ‘et
1402 1397 1677 1469 laquearia
1712 1397 1941 1453 duarum
1989 1386 2172 1466 capeli

580 1483 756 1539 larum
813 1484 1066 1542 Conrado
1119 1489 1302 1543 abbati
1360 1489 1673 1554 concessit,
1720 1498 1950 1559 quorum
2002 1503 2167 1544 unum

580 1590 692 1630 sua:
721 1618 734 1638 ,
784 1576 1015 1633 alterum
1075 1594 1203 1635 vero
1264 1581 1487 1652 capellae
1536 1581 1598 1638 S.
1641 1582 1866 1639 Joannis
1915 1583 2171 1654 Baptista:
2204 1594 2245 1653 Β

583 1668 723 1738 alllgi
757 1671 923 1736 fecit;
955 1672 1158 1729 fecerat
1189 1676 1334 1730 enim
1365 1676 1501 1733 duas
1544 1676 1781 1749 capellas
1810 1692 1974 1734 uuam
2010 1693 2173 1750 super

578 1761 825 1815 alterum.

652 1925 808 1978 Anno
838 1926 905 1979 ab
934 1925 1310 2001 lncarnatione
1338 1929 1547 1986 Domini
1585 1947 1810 1996 ncxxrx,
1842 1934 1928 1990 die
1966 1949 2019 1988 ιν
2047 1934 2168 1990 Kal.

580 2011 741 2079 Νον..
767 2014 1013 2071 dedicata
1046 2028 1127 2074 est
1169 2021 1375 2090 capella
1416 2024 1689 2093 superior,
1729 2039 1892 2095 quam
1930 2026 2167 2084 ardifica-

576 2104 1043 2164 veratCom-adus
1099 2110 1271 2168 abbas
1317 2112 1368 2168 in
1410 2113 1617 2170 honore
1667 2115 1727 2171 S.
1777 2116 1993 2172 Martini
2021 2126 2075 2173 et
2106 2117 2164 2173 S.

574 2198 809 2253 Uswaldi
846 2198 918 2252 Μ.
953 2210 1007 2255 et
1029 2200 1257 2265 aliorum
1286 2213 1625 2270 sanctorum,
1659 2223 1892 2279 quorum
1927 2209 2167 2282 reliquiae

575 2291 707 2346 inibi
758 2294 1109 2350 continentur
1183 2336 1196 2350 .
1277 2337 1291 2351 .
1372 2339 1387 2353 .
1480 2300 1757 2356 Dedicarit
1815 2312 1995 2358 autem
2041 2319 2163 2359 eam

577 2381 861 2439 Udalricus
892 2388 1164 2445 secundus
1198 2391 1502 2462 episcopus.

1245 2481 1474 2553 §xxu

643 2564 800 2619 Anno
826 2567 893 2622 ab
926 2566 1195 2625 lncarnat.
1240 2572 1392 2627 Dom.
1435 2591 1693 2640 nexxxw,
1742 2577 2032 2634 indictione
2060 2596 2157 2645 xu,

572 2673 600 2710 κ
628 2656 746 2711 Kal.
777 2657 1189 2724 Dec.,dedicata
1212 2664 1416 2735 capella
1451 2667 1677 2722 inferior
1697 2683 1724 2721 a
1754 2684 1876 2725 ven.
1906 2669 2159 2725 Udalrico

567 2750 821 2821 cpiseOpo
846 2753 1084 2809 secundo
1129 2755 1182 2808 in
1227 2755 1432 2812 honore
1479 2758 1536 2813 S.
1592 2758 1741 2815 Fidis
1781 2769 1836 2815 et
1874 2760 1930 2815 S.
1978 2761 2159 2815 Maria:

566 2840 919 2912 Hagdalena‘,
945 2853 999 2900 et
1021 2837 1251 2901 aliorum
1278 2859 1626 2915 sanctorum,
1655 2865 1885 2920 quorum
1917 2852 2157 2925 reliqnize

566 2933 639 2987 ibi
667 2936 1030 2991 continentur.
1112 2978 1128 2992 .
1206 2976 1221 2992 .
1302 2979 1316 2995 .

1230 3010 1486 3083 gxxm.

634 3118 793 3174 Anno
816 3120 883 3175 ab
912 3119 1183 3178 lncarnat.
1214 3123 1368 3180 Dom.
1401 3142 1629 3190 uenis,
1660 3128 1848 3184 indict.
1870 3145 1971 3195 .vn,
1997 3144 2153 3187 reno-

563 3221 686 3283 vata
727 3221 811 3267 est
857 3213 1065 3283 capella
1118 3215 1174 3270 S.
1223 3214 1451 3272 Joannis
1498 3217 1755 3289 Baptista:
1803 3238 1832 3276 a
1874 3221 2152 3278 Gebinonc

561 3300 832 3357 avunculo
865 3319 1007 3366 meo,
1039 3306 1223 3361 addito
1250 3306 1300 3362 ei
1329 3309 1572 3364 oratorio
1593 3308 1653 3365 S.
1680 3309 1865 3368 Jacobi
1895 3312 2148 3382 apostoli,

556 3394 652 3462 qui
684 3393 834 3464 prius
862 3397 1139 3468 proprium
1180 3396 1369 3454 habuit
1396 3401 1589 3465 altare,
1623 3404 1765 3472 quod
1817 3404 1907 3460 ille
1937 3404 2152 3461 destru-
2202 3442 2203 3449 η

560 3483 659 3547 xit,
703 3493 759 3538 ct
797 3484 906 3543 duo
955 3486 1196 3543 oratoria
1250 3487 1304 3545 in
1359 3505 1525 3545 unum
1565 3492 1772 3549 utiliter
1809 3492 2039 3564 redegit,
2091 3504 2149 3551 et

556 3576 838 3646 laquearia
880 3578 1134 3635 habentia
1186 3582 1470 3639 materiam
1509 3584 1567 3641 S.
1619 3585 1847 3643 Joannis
1892 3587 2146 3659 Baptistte

555 3666 830 3739 depictam
886 3684 916 3724 a
975 3669 1225 3728 Conrado
1284 3674 1482 3732 abbate
1545 3676 1901 3747 impetravit,
1961 3688 2015 3735 et
2073 3680 2143 3736 ibi

554 3759 854 3827 suspendit.
910 3759 1192 3817 Dedicavit
1227 3772 1408 3819 autem
1445 3780 1567 3822 eam
1622 3767 1908 3826 Udalricus
1935 3771 2143 3840 episeo-

552 3868 656 3920 pus
691 3852 961 3908 secundus
1004 3855 1092 3931 die
1131 3872 1186 3912 ις
1233 3856 1353 3912 Kal.
1396 3857 1549 3931 Sept.
1577 3861 1630 3916 in
1664 3862 1869 3917 honore
1892 3863 2057 3937 374.
2081 3863 2139 3920 S.

552 3940 781 3998 Joannis
814 3943 1110 4014 Baptistte,
1160 3959 1217 4005 et
1258 3948 1484 4007 Joannis
1538 3954 1900 4024 evangelistte,
1953 3956 2138 4012 Jacobi

554 4035 742 4093 fratris
795 4035 952 4106 ejus,
1000 4039 1273 4112 Philippi,
1324 4041 1550 4100 Nieolai.
1604 4045 1694 4101 Isti
1745 4058 1873 4104 sunt
1924 4049 1994 4104 ibi
2045 4065 2139 4120 pa-

553 4128 715 4184 troni.
798 4169 812 4184 .
892 4136 915 4185 .’
984 4170 998 4185 .

1218 4225 1467 4297 §xxw;

1342 91 1688 152 APPENDIX
1726 95 1816 151 AD
1845 91 2239 151 CllRONlCON
2277 91 2638 151 HERXANNI
2676 78 3118 149 CONTRACTL'

3733 91 3821 147 εςι

2954 204 3190 277 gxxv.
3676 190 3681 193 ’

2350 295 2454 351 Per
2482 296 2598 352 ιιωο
2629 304 2870 368 tempora
2900 297 3159 367 prmdinm
3216 295 3356 364 apud
3390 295 3555 350 Bozze
3576 296 3818 352 venunda-

2279 397 2392 443 tum
2424 397 2509 443 est
2535 403 2644 442 ιιι-ιι
2676 389 2914 455 marcis;
2950 389 3078 444 item
3106 387 3353 459 Eilingen
3381 387 3526 460 (9&8)
3561 388 3731 444 datum
3754 399 3821 446 est

2278 497 2377 552 pro
2402 497 2471 539 ιι
2498 483 2719 539 marcis.

2954 551 3201 626 §XXVL

2348 644 2457 702 Sed
2485 654 2539 701 et
2572 644 2860 717 presbyter
2902 645 3145 717 quidam,
3178 642 3385 714 Witigo
3418 642 3653 707 nomine,
3700 656 3825 699 ortus

2276 737 2345 792 de
2366 736 2635 808 Alospacb
2668 737 2842 809 (949),
2881 745 3001 793 crat
3047 736 3220 791 multo
3264 744 3505 805 tempore
3553 735 3825 803 capellanus

2277 823 2621 881 Trevircnsis
2648 825 3044 897 archiepiscopi
3097 833 3152 879 et
3197 823 3557 881 Coloniensis.
3608 823 3701 878 llic
3736 824 3826 880 fere

2274 931 2344 985 δι.
2392 929 2605 970 marcas
2645 915 2854 985 argenti
2908 914 3120 986 probati
3170 913 3472 969 transmisit
3519 913 3587 968 ad
3632 914 3824 968 Domum

2272 1006 2418 1061 Petri
2445 1021 2541 1077 pro
2562 1006 2709 1077 agris
2734 1008 3139 1078 comparandis,
3186 1023 3322 1077 quos
3368 1005 3480 1070 ille,
3535 1006 3659 1061 dum
3704 1007 3827 1062 vire-

2276 1108 2378 1165 ret,
2408 1100 2654 1164 haberet,
2685 1108 2740 1155 et
2765 1109 2886 1170 pest
2915 1114 3070 1155 suum
3099 1100 3305 1155 obitum
3334 1100 3666 1155 monasterio
3693 1099 3826 1154 relin-

2273 1199 2483 1259 queret.
2513 1189 2617 1244 Sed
2648 1198 2932 1261 argentnm
2980 1182 3151 1244 totum
3181 1200 3264 1245 est
3286 1203 3611 1261 expensum.
3642 1198 3695 1243 et
3720 1188 3828 1243 nihil

2271 1295 2336 1335 ex
2358 1293 2424 1336 eo
2445 1289 2706 1351 emptum.
2747 1279 2881 1336 Cum
2911 1295 3038 1350 ergo
3063 1279 3151 1334 ille
3174 1280 3378 1335 veniret
3436 1291 3495 1335 ut
3522 1280 3651 1351 quid
3675 1291 3827 1334 actum

2270 1379 2415 1427 esset
2440 1371 2671 1437 videret,
2704 1372 2953 1426 neStiens
3002 1364 3172 1427 abbas
3220 1384 3274 1425 et
3328 1370 3527 1428 fratres
3575 1371 3688 1441 ejus
3723 1371 3827 1441 quid

2270 1471 2528 1532 agerent,
2580 1463 2933 1519 ostenderunt
2983 1464 3031 1517 ei
3088 1462 3486 1533 possessionem
3546 1463 3826 1519 monasterii

2273 1553 2414 1622 apud
2450 1552 2775 1625 Frichingcn
2804 1593 2819 1615 ,
2862 1566 2981 1622 qum
3015 1564 3194 1607 taun-n
3246 1567 3416 1624 nuper
3460 1552 3825 1624 aliquantulum

2275 1646 2341 1701 de
2371 1646 2619 1716 pecunia,
2650 1661 2768 1716 qua:
2790 1660 2887 1715 pro
2912 1644 3141 1715 Eilingiu
3170 1656 3382 1715 sumpta
3411 1644 3611 1708 fuerat,
3638 1645 3828 1699 dilatata

2271 1722 2414 1803 erat,
2448 1747 2503 1793 ct
2533 1739 2799 1794 dederunt
2825 1739 2874 1794 ei
2915 1730 3035 1793 eam
3064 1754 3161 1810 pro
3190 1738 3418 1809 pecunia
3460 1753 3560 1794 sua
3588 1755 3701 1808 qua:
3725 1754 3825 1793 cun-

2272 1840 2486 1902 sumpta
2517 1830 2711 1886 fuerat.
2737 1831 2909 1899 Quam
2951 1830 3040 1886 ille
3080 1830 3325 1903 gratifice
3360 1832 3687 1904 suscipiens,
3722 1848 3829 1887 con.

2272 1923 2542 1978 sentiente
2575 1931 2632 1977 et
2669 1920 2894 1990 jubentc
2934 1923 3126 1979 abbate
3170 1923 3276 1979 tale
3322 1925 3562 1995 desuper
3586 1926 3830 1997 chirogra-

2268 2016 2433 2088 pluun
2462 2016 2733 2075 conscribi
2769 2017 2917 2074 fecit.

2923 2108 3200 2184 §XXWL

2338 2201 2534 2257 Notum
2560 2202 2633 2259 sit
2661 2202 2915 2260 omnibus
2946 2212 3056 2258 tam
3086 2204 3444 2275 prmsentibus
3474 2220 3641 2275 quam
3667 2204 3833 2261 futuris

2266 2292 2496 2362 qualiter
2534 2309 2635 2367 ego
2674 2295 2898 2367 Witigo,
2945 2294 3037 2351 Dei
3087 2295 3263 2364 gratia
3317 2296 3627 2367 presbyter,
3673 2296 3829 2353 divina

2267 2387 2565 2457 inspirante
2597 2387 2933 2458 providentia
2961 2387 3270 2458 comparari
3299 2386 3560 2443 allodiutn
3585 2388 3720 2458 apud
3748 2388 3832 2441 rit-

2266 2479 2370 2535 latn
2436 2478 2784 2552 Frichingcn,
2834 2480 2886 2533 iu
2951 2495 3088 2551 pago
3148 2478 3438 2552 Linzgore,
3480 2481 3535 2534 in
3598 2480 3833 2536 comitatu

2264 2568 2502 2625 lleinrici
2548 2571 2764 2625 comitis
2816 2570 2987 2641 (950),
3037 2569 3178 2625 datis
3229 2585 3327 2639 pro
3361 2586 3427 2626 eo
3472 2585 3596 2625 xxn
3624 2570 3830 2632 mareis;

2263 2663 2438 2717 adhuc
2466 2679 2621 2726 sano,
2647 2673 2706 2717 ιιι
2737 2662 2926 2726 credo,
2949 2678 3082 2717 usus
3128 2662 3380 2727 consilio,
3420 2663 3558 2733 petii
3603 2664 3832 2719 abbatem

2260 2751 2607 2808 Cuonradum
2636 2753 2904 2822 simulque
2925 2752 3122 2808 fratres
3139 2751 3578 2810 Petrisbusensis
3600 2754 3831 2815 cmnobii,

2258 2854 2315 2901 et
2360 2855 2754 2904 concesserunt
2799 2847 2963 2920 375
3007 2847 3140 2902 mihi
3182 2848 3234 2902 in
3274 2847 3482 2918 justum
3530 2849 3834 2905 beneficium

2179 2948 2225 3012 ο
2258 2937 2478 3003 curtim,
2521 2953 2682 3008 quam
2731 2937 2874 2993 idem
2920 2939 3309 2995 monasterium
3346 2941 3486 3012 apud
3516 2957 3646 2997 eam
3678 2941 3836 2997 villain

2253 3028 2516 3098 possidet,
2542 3037 2594 3083 et
2624 3044 2723 3101 ego
2752 3028 2856 3086 illis
2890 3044 3047 3085 versa
3082 3029 3200 3084 vice
3233 3031 3367 3087 alias
3407 3048 3480 3088 xx
3522 3049 3739 3090 marcas
3766 3049 3835 3088 ar~

2252 3121 2397 3190 genti
2429 3136 2527 3194 pro
2556 3122 2743 3177 eodem
2772 3121 3037 3178 beneficio
3067 3122 3295 3189 contuli,
3333 3138 3396 3179 ea
3432 3125 3696 3182 videlicet
3724 3141 3839 3180 con-

2252 3213 2456 3268 ditione
2505 3223 2564 3268 ut
2610 3228 2732 3284 ego,
2768 3214 3006 3285 quandiu
3047 3215 3256 3282 vixero,
3308 3226 3603 3287 utramque
3647 3228 3835 3289 partem

2241 3308 2356 3379 jam
2398 3312 2524 3367 dicti
2567 3312 2776 3382 prtcdii,
2823 3321 2878 3366 et
2928 3316 3165 3384 emptam
3220 3315 3471 3370 videlicet
3516 3316 3753 3376 noviter.
3794 3321 3839 3365 ct

2250 3411 2377 3457 ante
2414 3403 2680 3469 habitam,
2711 3403 2826 3459 sine
2856 3403 2964 3458 ulla
2993 3404 3423 3463 contradictione
3450 3421 3553 3476 pro
3594 3402 3838 3463 beneﬁcio

2247 3493 2576 3565 possideam,
2603 3502 2658 3548 et
2695 3493 2903 3549 fructus
2926 3494 3044 3565 ejus
3085 3494 3140 3550 in
3171 3511 3301 3551 usus
3333 3511 3507 3557 meos.
3537 3498 3838 3564 ubicunque

2248 3583 2488 3642 locorum
2520 3585 2644 3653 sim,
2685 3594 3019 3651 cenverlam,
3050 3586 3407 3657 eamdemque
3436 3588 3641 3643 curtim
3668 3588 3836 3643 unici

2245 3676 2502 3733 fratribus
2544 3678 2785 3748 ejusdem
2835 3677 3094 3743 emnobii,
3143 3693 3525 3749 quemcunque
3569 3677 3836 3750 clegerim,

2244 3769 2599 3833 committam,
2618 3769 2707 3838 qui
2728 3769 2859 3824 mihi
2889 3770 3160 3833 universa,
3179 3783 3515 3839 qiuccunque
3537 3769 3736 3825 ibidem
3754 3783 3836 3822 εις--

2244 3859 2507 3928 quisierit,
2549 3860 2782 3915 ﬁdeliter
2810 3868 3113 3915 conservet.
3157 3860 3291 3916 Cum
3320 3876 3453 3915 vero
3483 3876 3555 3916 ex
3598 3863 3704 3917 hac
3732 3862 3830 3914 vita

2242 3951 2550 4015 decessero,
2589 3949 2709 4006 volo
2743 3960 2802 4006 ut
2832 3951 3219 4007 monasterium
3263 3951 3407 4006 idem
3438 3950 3703 4008 alloditun
3726 3966 3834 4022 per-

2241 4041 2533 4111 petualiter
2586 4042 2881 4113 possideat,
2926 4059 2988 4099 ea
3027 4043 3276 4099 videlicet
3322 4045 3639 4101 conditione
3685 4054 3743 4100 ut
3788 4045 3834 4098 in

2241 4133 2616 4188 anniversario
2637 4135 2817 4189 obitus
2858 4135 2962 4189 mei
2994 4136 3141 4190 'onini
3181 4135 3437 4205 deinceps
3472 4151 3621 4190 anno
3654 4135 3836 4190 fratres

2241 4225 2604 4280 couununiter
2645 4225 2767 4280 inde
2813 4225 3133 4296 pictantiam
3183 4226 3441 4293 habeant,
3483 4235 3598 4282 tres
3638 4226 3835 4281 scilicet

618 4311 762 4367 Idem
799 4312 914 4383 ipse
944 4313 1152 4371 Gebino
1180 4317 1475 4375 claustrum
1519 4320 1633 4390 jam
1664 4322 1865 4378 dudum
1902 4339 2130 4380 renova-
2160 4311 2208 4379 D
2237 4314 2461 4368 maltros
2481 4314 2546 4367 de
2570 4314 2846 4384 speltaneo
2866 4314 3136 4369 frtnnento
3158 4315 3223 4369 ad
3247 4315 3480 4370 similam
3500 4314 3827 4376 faciendam,

550 4412 725 4469 verat,
780 4403 834 4458 in
891 4405 1100 4462 duobus
1147 4407 1410 4465 lateribus
1458 4428 1628 4470 novas
1677 4414 1958 4472 columnas
2006 4434 2129 4473 cum

547 4494 1013 4565 Suppositionibus
1061 4511 1249 4553 earum
1297 4501 1365 4555 de
1410 4504 1620 4572 quadro
1674 4504 1852 4576 lapide
1914 4523 2133 4579 compo-

545 4586 745 4649 nendo.
778 4586 896 4657 Ipse
923 4587 1158 4658 patravit
1213 4589 1437 4649 calicem
1478 4606 1796 4668 argenteum
1823 4638 1839 4663 ,
1896 4614 2131 4671 eumque

543 4691 679 4730 auro
707 4685 762 4731 et
786 4677 1014 4745 gemmis
1043 4688 1268 4734 venusto
1315 4697 1480 4753 opere
1510 4685 1820 4753 decoravit;
1864 4693 1958 4744 sed
1990 4691 2131 4745 auri-

547 4767 636 4821 fex
664 4783 789 4822 cum
819 4778 1075 4838 patenam
1106 4772 1328 4828 deberet
1370 4774 1572 4843 facere,
1604 4786 1660 4832 et
1701 4778 1900 4834 multos
1926 4780 2130 4852 lapides

551 4859 707 4913 vellet
750 4860 1030 4931 imponere
1057 4902 1072 4926 ,
1120 4864 1339 4919 castella
1387 4875 1441 4921 et
1489 4869 1769 4926 vermiculi
1823 4871 2133 4928 nullatenus

544 4949 757 5019 corpori
805 4959 1014 5021 patente
1057 4968 1123 5008 ex
1174 4953 1383 5027 integro
1424 4968 1715 5028 potuerunt
1754 4960 2050 5031 congelari,
2075 4972 2160 5021 et.

542 5040 742 5112 sepius
772 5043 1064 5113 incoeptum
1109 5059 1322 5118 semper
1370 5049 1575 5108 invenit
1622 5053 1911 5118 defectum,
1941 5053 2132 5125 sicque

540 5147 680 5203 opus
709 5133 800 5188 diu
830 5135 1198 5193 intermissmn
1220 5149 1324 5195 est.
1402 5182 1418 5197 .
1496 5183 1511 5200 .

534 5298 538 5307 ι
611 5261 763 5328 (947)
786 5262 947 5318 Baro
996 5266 1061 5322 de
1093 5266 1303 5328 Castelr
1335 5277 1633 5328 monachus
1662 5285 1819 5328 antea
1861 5275 1920 5328 S.
1943 5276 2128 5328 Blasii.

2233 4420 2298 4460 ex
2321 4404 2517 4474 quibus
2545 4421 2681 4459 unus
2713 4408 2921 4462 modius
2952 4406 3257 4476 Specialiter
3288 4405 3381 4462 fiat
3404 4408 3613 4471 abbati,
3641 4418 3697 4463 et
3725 4416 3829 4461 tres

2234 4512 2399 4550 urnas
2421 4497 2486 4551 de
2520 4497 2660 4555 vino.
2696 4498 2970 4552 dimidiam
2997 4497 3201 4562 abbati,
3227 4500 3361 4553 duas
3397 4514 3528 4554 vero
3554 4509 3611 4553 et
3642 4498 3826 4554 semini

2235 4586 2517 4653 fratribus,
2548 4597 2602 4643 el
2631 4588 2913 4644 duodecim
2946 4587 3150 4644 solidos
3184 4604 3283 4659 pro
3325 4589 3565 4660 piscibus
3607 4604 3827 4658 compa-

2234 4679 2439 4733 randis.
2489 4680 2779 4735 Duodecim
2809 4696 3029 4750 quoque
3076 4696 3342 4752 pauperes
3384 4681 3506 4735 volo
3555 4690 3614 4735 ut
3650 4691 3730 4736 ca‘
3749 4679 3829 4733 die

2232 4770 2572 4835 reficiantur,
2616 4780 2670 4826 et
2703 4772 2995 4841 unicuique
3036 4773 3257 4843 pauperi
3297 4773 3452 4843 panis
3500 4781 3556 4826 et
3605 4771 3828 4844 cyathus

2232 4862 2342 4916 viui
2387 4871 2442 4916 et
2488 4861 2822 4931 pulmentum
2867 4865 3049 4917 detur.
3099 4862 3157 4916 ln
3205 4864 3577 4917 anniversario
3618 4874 3827 4933 quoque

2231 4953 2402 5022 patris
2433 4955 2536 5007 mei
2568 4951 2771 5023 Operti,
2799 4955 2941 5023 quod
2972 4968 3055 5009 εει
3086 4971 3138 5010 ιν
3167 4954 3242 5009 hl.
3276 4954 3480 5011 Martii.
3502 4971 3670 5009 unum
3694 4954 3824 5008 ntal-

2235 5055 2375 5101 trum
2402 5045 2615 5108 similm,
2642 5054 2697 5101 et
2723 5049 2842 5102 dua:
2872 5063 3021 5103 urna:
3049 5049 3180 5114 vini,
3220 5047 3344 5105 volo
3383 5058 3442 5102 nt
3483 5049 3643 5105 detur
3683 5047 3822 5104 onmi

2144 5200 2147 5201 ν
2232 5139 2640 5211 congregationi
2690 5127 3036 5210 generaliter.
3095 5139 3273 5196 Simili
3320 5141 3483 5198 modo
3528 5142 3595 5197 de
3641 5141 3825 5197 eadem

2243 5274 2311 5328 ad
2346 5290 2435 5328 an.
2466 5274 2625 5328 1132.
