4010 5328
237 411 333 467 m3

1128 404 1520 470 «:uaomcoa
1548 394 2181 468 rsrsRquSANtm.
2224 424 2292 454 —'
2327 400 2457 469 Lm.
2513 411 2578 468 v.

3386 420 3494 476 366

235 523 563 598 possessione
606 520 724 578 volo
764 521 878 577 fieri
925 538 980 577 tn
1022 521 1393 579 anniversario
1438 524 1629 577 matris
1667 534 1803 577 mea:
1830 525 1877 585 Α
1905 527 2029 575 nem
2080 522 2149 577 ad
2194 522 2544 578 excolendam
2605 522 2969 593 supradictam
3022 526 3236 584 vineam
3285 535 3496 590 servire

235 615 504 682 Pccltildte,
542 615 683 684 quod
716 622 804 668 est
841 627 910 667 xv
944 603 1063 667 Kal.
1106 606 1260 683 Sept.

297 704 362 763 Ut
392 713 571 760 autem
598 705 712 759 lucc
737 705 943 770 omnia,
972 704 1114 758 sicut
1138 713 1323 758 notata
1356 714 1502 770 sunt,
1551 703 1805 759 inviolata

228 800 628 859 conserventur,
678 792 873 863 adiuro
915 809 1106 851 omnes
1147 795 1239 864 qui
1282 810 1383 866 per
1428 795 1805 850 successiones

231 895 516 957 tenuiorum
538 885 594 939 in
622 887 811 940 eodem
833 886 1166 941 monasterio
1187 883 1357 939 futuri
1385 892 1534 949 sunt,
1557 899 1656 954 per
1680 899 1801 939 nm-

226 975 361 1029 nium
380 973 616 1030 ﬁdelium
642 973 1146 1038 Remanentorenr,
1176 985 1227 1029 et
1256 986 1355 1046 per
1378 980 1597 1029 omnem
1626 964 1801 1030 tit-to-

227 1075 341 1129 tem,
370 1082 487 1137 qua
522 1067 606 1123 vel
633 1068 689 1122 in
712 1068 855 1123 ctelo
881 1068 967 1123 vel
992 1068 1046 1123 in
1078 1076 1222 1124 terra
1249 1067 1364 1124 Deo
1394 1060 1713 1134 famulatur,
1740 1077 1804 1123 ut

224 1159 386 1214 nullus
401 1152 626 1215 omnino
648 1159 737 1216 Vel
764 1161 933 1216 abbas
957 1160 1042 1215 vel
1070 1161 1210 1215 alius
1236 1149 1435 1230 aliquis
1464 1161 1581 1215 haec
1608 1159 1804 1214 audeat

222 1249 434 1313 violare.
458 1260 553 1306 aut
579 1252 647 1317 si,
670 1252 814 1323 quod
842 1247 1009 1307 absit!
1038 1251 1248 1318 fecerit,
1274 1252 1326 1306 in
1347 1249 1627 1307 consortio
1652 1249 1802 1306 Iuda:

216 1340 497 1409 proditoris
535 1342 590 1395 in
622 1349 868 1397 extremo
891 1342 1023 1413 justi
1042 1341 1231 1411 jndicii
1266 1343 1351 1398 die
1380 1341 1796 1397 condemnetur.

221 1433 395 1487 Actum
418 1442 477 1489 et
500 1432 885 1490 confirmatum
916 1450 1058 1490 anno
1084 1435 1356 1490 lnearnat.
1380 1434 1536 1489 Dom.
1559 1446 1795 1499 κονίην,

223 1523 269 1578 in
298 1524 588 1580 festivitate
616 1527 675 1581 S.
700 1527 947 1597 Gregorii
972 1542 1146 1598 papre,
1164 1542 1350 1582 coram
1383 1525 1594 1580 cunctis
1618 1524 1801 1579 fratri-

223 1615 326 1680 bus,
350 1632 412 1671 ac
453 1618 688 1672 testibus
736 1618 1023 1683 lleiuriso,
1068 1620 1409 1683 llermauno,
1460 1616 1795 1679 Eberhardo,

221 1704 491 1772 Luitfrido,
536 1706 797 1770 Arnoldo,
840 1708 1169 1772 Burchardo,
1218 1707 1527 1769 Adelberto,
1571 1704 1800 1775 aliisque

219 1796 710 1856 multis—Obitus
744 1800 986 1871 ejusdem
1024 1800 1317 1871 Witigonis
1356 1799 1493 1854 Non.
1530 1798 1653 1855 Oct.

837 1890 865 1961 ς
918 1889 1013 1944 xx
1025 1888 1151 1944 vm.

279 1975 374 2033 Sed
404 1986 459 2033 et
483 1978 803 2035 Gisill‘ridus
838 1981 905 2034 de
938 1978 1203 2049 Turingin
1242 1972 1393 2051 (951)
1432 1988 1555 2035 cum
1600 1990 1793 2051 magna

217 2068 481 2126 devotione
509 2072 753 2137 advenit,
785 2082 838 2127 ct
878 2073 1099 2127 unicum
1151 2071 1343 2137 filium,
1392 2074 1609 2128 nomine
1644 2073 1791 2127 Βαο-

215 2168 426 2227 portum,
455 2161 566 2217 Deo
605 2171 664 2218 et
698 2162 756 2218 S.
796 2163 1064 2234 Gregorio
1089 2179 1273 2219 coram
1303 2165 1450 2218 omni
1492 2178 1793 2235 congrega-

217 2246 343 2308 tione
361 2254 523 2327 376
544 2271 673 2311 eum
700 2256 884 2311 multis
909 2257 1162 2328 laerymis
1187 2256 1402 2323 obtulit,
1432 2257 1793 2326 universaque

216 2342 391 2409 predia
422 2359 543 2413 quae
577 2346 633 2398 in
658 2354 802 2400 terra
830 2345 1131 2402 Suevorum
1160 2347 1506 2417 proprietatis
1522 2347 1644 2417 jure
1670 2362 1792 2417 pos-

213 2432 335 2486 sedit
351 2445 454 2487 tam
477 2434 624 2505 apud
647 2432 909 2508 Turingin
934 2451 1095 2507 quam
1120 2438 1260 2507 apud
1282 2436 1586 2493 Jetinbusin
1606 2438 1786 2510 (952);

215 2521 372 2576 omnia
401 2522 584 2594 itaque
618 2526 948 2581 monasterio
975 2541 1043 2581 ex
1087 2526 1299 2598 integro
1332 2527 1563 2582 contulit
1601 2528 1653 2582 in
1686 2527 1789 2587 uti-

216 2610 473 2668 nisterium
515 2613 750 2670 fratrum
778 2616 890 2672 Deo
932 2617 1063 2672 inibi
1101 2618 1478 2672 fatuulautium
1523 2628 1787 2689 perpetuo

212 2702 316 2771 jure
341 2706 683 2777 possidenda,
708 2719 933 2780 excepta
960 2711 1208 2781 portione
1230 2710 1414 2766 fratris
1436 2711 1518 2766 sui
1545 2711 1786 2766 (ἔοι-Μαί.

218 2794 415 2852 Vineam
441 2815 667 2872 quoque
705 2802 846 2873 apud
879 2803 1151 2875 Alospacb
1182 2804 1314 2859 emit
1339 2821 1452 2859 χχιι
1482 2806 1705 2870 mareis,
1734 2812 1790 2860 et

215 2883 496 2946 finuissimo
540 2901 710 2963 pacto
754 2895 1058 2960 constituit,
1101 2896 1295 2952 abbate
1337 2905 1787 2969 praesentemque

212 2979 580 3046 conseptieute,
623 2992 681 3039 et
717 2984 861 3038 omni
895 2985 1333 3056 congregatione,
1373 2995 1433 3038 ut
1461 2986 1608 3039 omni
1658 2986 1788 3042 heb-

215 3066 416 3126 domada
450 3086 546 3142 per
566 3087 747 3129 aevum
770 3076 939 3131 semel
968 3092 1073 3131 una
1100 3078 1187 3132 die
1216 3078 1380 3133 missa
1404 3091 1505 3148 pro
1531 3079 1786 3133 omnibus

211 3162 499 3235 parentibus
549 3163 676 3234 ejus
722 3164 998 3222 defunctis
1043 3176 1383 3232 cantaretur,
1437 3177 1494 3221 et
1536 3167 1650 3237 ipsa
1697 3169 1785 3224 die

214 3253 469 3310 monachis
493 3257 827 3327 generaliter
857 3259 924 3313 de
946 3256 1062 3326 iam
1090 3259 1233 3314 dicta
1265 3260 1419 3315 vinea
1456 3260 1637 3313 viuum
1660 3274 1783 3330 pro-
1813 3258 1858 3319 C

212 3338 486 3411 pinatetur,
515 3351 576 3400 et
618 3345 732 3416 ipsa
775 3347 963 3413 missa,
1007 3349 1225 3419 quando
1271 3357 1602 3414 cantaretur,
1652 3360 1781 3405 uoto

1907 611 2267 679 perutitteret.
2335 612 2470 666 Acta
2513 623 2641 667 sunt
2695 614 2809 669 lure
2850 615 3033 671 omnia
3083 618 3495 688 iuspTcientiLus

1904 697 2116 752 Ilouels
2164 698 2410 762 testibus,
2447 696 2606 753 Patre
2648 710 2705 755 et
2736 699 2872 757 Filio
2920 712 2976 757 et
3025 703 3231 777 Spiritu
3279 718 3491 779 sancto,

1903 782 2172 859 Philippo,
2209 789 2474 861 Gregorio
2504 798 2560 846 et
2595 789 2935 849 Gebebardo.

2563 881 2593 955 ε
2646 880 2834 937 XXIX.

1973 969 2103 1026 Post
2130 971 2245 1027 lucc
2265 970 2471 1027 obortis
2511 973 2830 1043 quibusdam
2854 974 3049 1047 iurgiis
3076 976 3220 1035 inter
3243 974 3493 1040 abbatem

1903 1070 1958 1117 et
1986 1063 2233 1117 eumdem
2258 1061 2616 1128 Gisitfridum,
2642 1064 2866 1119 abstulit
2901 1066 3068 1122 ﬁlium
3099 1080 3255 1125 suum
3286 1073 3352 1128 de
3376 1088 3494 1129 mo-

1903 1154 2143 1211 nasterio
2182 1155 2295 1226 jam
2345 1156 2804 1222 monachisatum,
2836 1166 2891 1213 et
2927 1159 3258 1218 abalienavit
3292 1165 3493 1233 prmdia

1903 1259 2024 1314 qua:
2058 1246 2307 1311 dederat,
2354 1246 2409 1301 id
2445 1255 2531 1302 est
2574 1246 2834 1318 Turingin
2885 1256 2941 1305 et
2983 1248 3320 1320 Jetinhusin;
3378 1255 3496 1326 ipse

1908 1345 2086 1392 tamen
2118 1336 2173 1391 in
2198 1337 2383 1392 habitu
2413 1338 2759 1395 barbatorum
2789 1340 3108 1413 plerumque
3138 1344 3190 1399 in
3221 1356 3494 1402 monaste-

1900 1425 1985 1482 rio
2013 1428 2234 1493 mansit,
2257 1444 2325 1483 ac
2351 1444 2454 1483 non
2482 1429 2652 1486 multo
2690 1440 2812 1502 post
2853 1432 2988 1488 obiit
3032 1432 3202 1506 (95d),
3252 1444 3309 1491 et
3350 1440 3493 1509 apud

1901 1518 2287 1573 monasterium
2332 1518 2571 1589 sepultus
2612 1531 2716 1577 est.
2768 1521 2937 1578 Filius
2978 1533 3160 1579 autem
3208 1516 3327 1597 ejus
3370 1539 3493 1599 pnrt

1900 1619 2130 1664 mortem
2158 1610 2352 1680 patris,
2384 1610 2552 1665 armis
2577 1613 2808 1682 sumptis
2836 1614 3017 1684 inique
3051 1614 3363 1693 haereditate
3396 1634 3493 1689 ro-

1902 1699 2033 1755 titus
2058 1709 2160 1755 est.

2575 1788 2603 1863 δ
2639 1791 2810 1847 xxx.

1824 1884 1869 1945 Β
1964 1879 2070 1938 Per
2100 1882 2240 1938 idem
2278 1891 2509 1953 tempus,
2538 1898 2659 1937 cum
2706 1883 2832 1939 Utto
2873 1884 3041 1941 abbas
3086 1878 3487 1960 Waginbuseu-L

1898 1973 1975 2027 sis
2003 1972 2150 2047 (955)
2189 1974 2243 2028 iu
2285 1972 2562 2029 infamiam
2616 1974 2915 2040 incidisset,
2968 1977 3244 2047 depositus
3278 1987 3382 2045 est,
3432 1990 3489 2035 et

1894 2062 2103 2139 Gebino
2132 2064 2202 2119 ab
2235 2064 2487 2121 Udalrico
2513 2065 2767 2135 episcopo
2792 2067 3034 2122 secundo
3079 2083 3108 2122 a
3161 2072 3487 2125 monasterio

1895 2155 2094 2212 Domus
2120 2156 2267 2212 Petri
2301 2157 2587 2221 adductus,
2617 2166 2672 2211 et
2705 2157 2880 2212 eidem
2918 2157 3036 2213 loco
3072 2160 3238 2215 abbas
3268 2163 3490 2218 ordinas

1896 2255 1980 2303 tus
2009 2256 2111 2303 est.
2152 2246 2322 2316 Quem
2353 2263 2475 2303 eum
2501 2262 2599 2315 per
2635 2247 2839 2318 aliquot
2867 2265 3038 2305 annos
3081 2250 3271 2307 idonee
3318 2254 3492 2308 rexis-

1892 2348 1997 2402 set,
2025 2338 2314 2393 commissa
2343 2346 2424 2391 est
2451 2338 2499 2391 ei
2527 2338 2692 2393 etiam
2737 2353 2876 2393 nova
2906 2339 3058 2402 cella,
3112 2357 3232 2412 qua:
3269 2353 3490 2398 vocatur

1892 2426 2174 2483 Wischina
2203 2430 2372 2502 (956),
2398 2447 2519 2502 qua:
2550 2440 2648 2502 per
2673 2429 2820 2485 illum
2867 2434 3181 2489 monasticae
3219 2435 3343 2491 Viue
3386 2435 3489 2490 iui-

1893 2518 2021 2574 tiata
2053 2528 2155 2575 est.

2222 2674 2229 2678 .
2452 2611 2615 2687 377
2656 2614 2684 2688 §
2725 2614 2919 2672 ΧΧΧΙο

1961 2704 2133 2775 Quam
2176 2721 2298 2762 cum
2342 2715 2467 2776 post
2509 2707 2785 2776 aliquanta
2814 2717 3080 2777 tempora,
3113 2708 3350 2765 laborem
3379 2718 3485 2765 non

1889 2794 2173 2859 sulferens,
2201 2796 2515 2862 dimisisset,
2544 2797 2826 2852 Conradus
2851 2798 3019 2853 abbas
3044 2809 3264 2869 rogatus
3292 2800 3485 2855 itenun

1888 2890 1956 2943 ab
1983 2888 2237 2944 Udalrico
2261 2889 2515 2958 episcopo
2535 2889 2819 2944 constituit
2844 2904 2942 2959 pro
2971 2904 3040 2944 eo
3068 2889 3483 2945 Waltrammum

1888 2980 2062 3034 eidem
2098 2979 2216 3034 loco
2249 2978 2520 3044 abbatem,
2547 2978 2637 3049 qui
2663 2978 2861 3034 ibidem
2891 2979 3179 3034 ecclesiam
3220 2996 3249 3034 a
3285 2980 3479 3036 funda-

1888 3072 2084 3125 mentis
2110 3079 2426 3127 construere
2463 3071 2646 3142 empit,
2675 3080 2731 3125 et
2758 3070 2926 3125 multa
2964 3082 3283 3128 ornamenta
3308 3073 3484 3129 eccle-

1886 3163 1981 3218 sia:
2007 3172 2063 3217 et
2090 3162 2341 3218 utensilia
2371 3162 2674 3233 acquisivit.

2539 3252 2567 3325 ε
2609 3248 2825 3308 xxxu.

1956 3347 2087 3403 Post
2139 3348 2256 3403 haec
2307 3346 2589 3403 Conradus
2635 3347 2799 3403 abbas
2842 3347 3102 3403 conduxit
3154 3349 3483 3405 monachum

213 3431 344 3501 signo
394 3444 606 3491 tantum
653 3452 761 3492 uno
811 3440 1176 3495 nuntiaretur.
1233 3440 1303 3495 Et
1351 3450 1411 3495 ut
1459 3442 1573 3511 ipsa
1624 3443 1782 3499 vinea
1885 3439 2193 3508 quemdam,
2216 3437 2433 3492 nomine
2454 3439 3045 3509 Aarou,presbyterum
3066 3438 3133 3494 de.
3152 3437 3479 3509 Gambercb,

213 3520 390 3593 absque
437 3525 642 3582 damno
688 3529 1007 3584 monasterii
1063 3530 1239 3586 excoli
1296 3531 1601 3602 potuisset,
1651 3546 1774 3587 cum
1884 3529 2105 3584 musica:
2132 3529 2269 3583 artis
2304 3526 2712 3598 peritissimum,
2736 3528 2829 3597 qui
2858 3527 2985 3583 fecit
3022 3528 3072 3583 ei
3113 3543 3316 3600 organa
3364 3529 3480 3587 ele-

218 3616 437 3681 quatdam
464 3627 745 3685 matrona,
777 3621 994 3677 nomine
1019 3621 1295 3687 Truitlint,
1339 3638 1436 3694 per
1469 3625 1608 3679 idem
1647 3635 1781 3680 tem-
1882 3619 2218 3691 gantissima:
2258 3618 2663 3684 modulationis,
2706 3627 2761 3674 et
2799 3618 3087 3674 constituit
3111 3633 3177 3675 ea
3207 3620 3275 3675 ad
3316 3621 3485 3675 meri~

212 3713 296 3770 ltus
319 3710 581 3776 converti,
626 3719 686 3766 et
714 3726 905 3783 agrum
941 3728 1095 3768 suum
1132 3716 1273 3784 apud
1300 3714 1602 3786 Fiscbpacb
1631 3716 1779 3788 (953)
1884 3712 2101 3766 dianam
2142 3710 2354 3782 plagam
2401 3708 2643 3779 ejusdem
2694 3708 2951 3764 basilice.
2992 3709 3110 3779 Ipse
3153 3709 3314 3764 etiam
3363 3709 3481 3778 jam

213 3793 367 3852 oll‘erri
392 3799 673 3867 voluisset,
707 3810 764 3856 et
800 3802 941 3859 hanc
969 3804 1138 3860 abbas
1178 3806 1455 3876 suscipere
1486 3809 1777 3876 renuisset,
1880 3814 2040 3860 antea
2074 3803 2317 3875 ejusdem
2348 3790 2565 3873 generis
2613 3802 3032 3856 instrumentum
3072 3800 3478 3856 Constantieusi

215 3883 333 3941 idem
356 3888 664 3948 Gisilfridus
702 3891 852 3948 dedit
889 3893 1068 3949 abbati
1099 3896 1282 3950 decem
1321 3896 1544 3963 talenta,
1578 3908 1634 3952 ut
1660 3915 1774 3954 mu-
1878 3895 2135 3953 Ecclesiae
2183 3894 2425 3960 fecerat,
2475 3902 2729 3963 patrante
2775 3890 3108 3947 Herimanno
3156 3889 3478 3946 vicedomuo

216 3973 375 4036 lierem
398 3996 518 4038 cum
561 3998 696 4056 agro
722 3984 1039 4055 susciperet,
1091 3995 1146 4041 et
1191 3989 1435 4055 eamdem
1476 3991 1772 4061 possessio-
1875 3998 1931 4044 et
1968 3989 2192 4047 custode
2230 3996 2361 4043 tunc
2395 3985 2658 4043 ecclesiae.

1315 4137 1676 4229 LIBER
1749 4138 2325 4248 QUINTUS.

824 4274 1084 4341 lNClPlT
1126 4286 1215 4341 DE
1252 4284 1789 4345 TRANSLATIONE
1827 4289 2033 4346 BEATI
2070 4278 2469 4345 GEBEHARDI
2502 4274 2833 4343 EPISCOPI.

921 4396 949 4470 ς
1001 4397 1039 4452 Ι.
1804 4401 2254 4468 Dobliviscitur,
2309 4392 2586 4454 miraculis
2637 4396 2973 4462 illustraret;
3021 4407 3145 4451 cum
3187 4390 3301 4464 iam
3359 4395 3474 4467 ijst

275 4482 475 4565 mcum
495 4486 605 4559 jam
629 4503 730 4569 per
750 4503 923 4543 annos
943 4491 1161 4546 circiter
1181 4501 1396 4547 centum
1422 4492 1778 4566 quadraginta
1883 4491 2128 4557 basilica,
2169 4500 2280 4546 tam
2316 4506 2384 4547 ex
2431 4489 2756 4560 antiquitate
2812 4503 2974 4558 quam
3022 4504 3091 4544 ex
3133 4487 3472 4553 fundamenti

218 4574 330 4633 duos
364 4581 506 4651 (957)
546 4582 606 4637 Β.
649 4581 980 4639 confessoris
1014 4584 1219 4639 Christi
1255 4585 1560 4641 Gebebardi
1600 4602 1778 4657 quon-
1885 4583 2194 4656 fragilitate,
2226 4584 2461 4654 undique
2489 4598 2586 4654 per
2613 4584 2872 4637 rimarum
2895 4582 3163 4637 scissuras
3181 4580 3298 4652 jam
3326 4582 3473 4652 jam-

222 4666 320 4722 dum
344 4669 770 4730 Constantiensis
795 4675 1054 4746 episcopi,
1093 4674 1396 4733 fundatoris
1426 4693 1555 4733 vero
1585 4693 1776 4734 mona-
1883 4690 1989 4745 quc
2011 4690 2194 4731 casum
2227 4676 2543 4735 minaretur.
2575 4689 2699 4729 ven.
2730 4675 2904 4728 abbas
2937 4672 3240 4738 Conradus,
3273 4673 3478 4726 adhor-

221 4761 345 4816 sterii
379 4764 516 4835 quod
548 4766 746 4821 dicitur
784 4765 987 4822 Domus
1037 4766 1204 4834 Petri,
1240 4784 1438 4840 corpus
1476 4770 1575 4825 sub
1612 4770 1778 4826 humo
1883 4766 2085 4821 latione
2129 4762 2369 4838 llugouis
2413 4763 2697 4820 Constant.
2727 4763 2987 4820 Eculesial
3032 4763 3299 4828 οοηιιοηῖοίι
3350 4777 3474 4818 eam

221 4861 347 4907 more
374 4867 702 4911 mortuorum
734 4859 1061 4927 quiesceret,
1092 4869 1147 4914 et
1180 4846 1358 4914 tamen
1406 4860 1657 4915 eumdem
1699 4858 1774 4913 Ioh
1883 4873 2148 4914 renovare
2185 4872 2468 4930 aggressus
2499 4867 2696 4913 est.....

223 4949 323 4993 cum
357 4943 538 4999 tumuli
574 4946 691 5016 ejus
732 4943 1044 5019 frequenter
1086 4948 1257 5003 ﬁdelis
1303 4948 1467 5017 Deus,
1527 4948 1619 5020 qui
1670 4963 1777 5002 non

226 5118 236 5131 .
280 5052 410 5125 (951)
440 5054 634 5131 procul
670 5055 831 5131 dubio
867 5057 1063 5131 nobilis
1099 5058 1215 5115 haec
1248 5060 1378 5115 olim
1413 5059 1623 5131 familia
1674 5060 1773 5114 fuit
1875 5057 1969 5112 rit.
2006 5052 2180 5131 _Forte
2225 5054 2315 5109 hic
2344 5051 2809 5131 _t_rita‘m_onastica
2850 5044 2936 5127 ibi
2982 5046 3195 5131 initiata
3245 5049 3473 5131 dicitur,

226 5121 267 5202 in
292 5121 413 5202 pago
440 5126 937 5202 Linzgovieusi,_iu
968 5144 1089 5202 quo
1138 5139 1245 5184 tam
1295 5130 1566 5202 Turingen
1608 5146 1768 5201 quam
1872 5126 2031 5202 quod
2064 5123 2482 5202 consuetudines
2521 5121 2939 5202 ﬂirsaugienses
2984 5136 3054 5177 ex
3092 5121 3278 5202 _Don_t_o
3322 5122 3477 5182 Petri

226 5189 664 5268 lettetibausen'et
694 5189 1017 5255 Fiscltbach'
1036 5199 1136 5253 sita
1176 5211 1353 5256 erant.
1466 5189 1496 5202 ”
1626 5189 1642 5201 ’
1871 5189 1973 5266 per
1992 5196 2324 5251 Gebinonem
2358 5194 2694 5268 introducta;
2713 5189 2850 5260 sint;
2872 5194 2987 5265 jam
3018 5193 3163 5249 enim
3193 5191 3283 5247 diu
3313 5205 3477 5253 antea
