4010 5328
502 364 605 418 567

1228 477 1254 548 §
1293 478 1351 530 ιι.

572 571 728 626 Anno
770 569 934 640 igitur
980 586 1008 623 a
1045 580 1203 641 partu
1250 570 1484 642 Virginis
1526 588 1762 628 ucxxxtv
1801 589 1832 628 a
1876 573 2096 630 condito

491 641 682 718 autem
720 660 1050 734 monasterio
1073 641 1440 728 CLll,lindict.
1475 680 1574 727 xu,
1621 665 1790 719 abbas
1817 664 2096 721 Conradus

492 739 823 806 convocavit
863 748 1178 823 Udalricum
1223 752 1507 808 Constant.
1534 754 1787 808 Ecclesia:
1809 754 1975 826 378
2000 769 2092 809 ve-

502 841 798 897 nerabilem
817 841 1147 912 episeOpnm,
1163 840 1404 910 ejusdem
1429 843 1663 897 nominis
1690 844 2012 906 secundum,
2043 851 2098 898 et

492 931 715 1002 aperuit
755 933 1020 988 tumulum
1045 931 1107 987 Β.
1136 934 1439 990 Gebebardi
1485 931 1744 1005 episcopi,
1792 944 1847 990 et
1891 933 2098 989 invenit

502 1023 748 1093 corporis
770 1021 889 1094 ejus
919 1024 1233 1078 thesaurum
1260 1022 1580 1093 pretiosum,
1608 1023 1756 1079 omni
1801 1023 2094 1094 margarita

502 1115 925 1171 cbariorem.....
954 1115 1130 1170 adhuc
1151 1115 1323 1170 sacris
1344 1115 1582 1170 vestibus
1600 1114 2048 1185 circumvolutum
2076 1131 2091 1180 ;

501 1209 738 1264 maxima
764 1208 962 1281 quippe
991 1222 1059 1262 ex
1083 1216 1242 1277 parte
1271 1215 1428 1262 erant
1459 1205 1802 1276 putrefacta),
1834 1208 1927 1260 sed
1957 1204 2095 1260 ossi-

503 1302 605 1358 bus
652 1300 950 1366 luerebant,
997 1299 1123 1370 quia
1179 1315 1273 1355 eas
1321 1315 1511 1353 manus
1555 1315 1660 1355 non
1710 1299 1983 1366 tetigerat.
2024 1297 2097 1352 At

503 1405 627 1445 cum
659 1405 820 1446 manu
853 1389 996 1460 tangi
1040 1378 1354 1458 coepissent,
1393 1386 1535 1441 illico
1562 1385 1898 1451 defecerunt,
1939 1399 2098 1441 cxce-

503 1491 592 1546 pta
620 1480 733 1534 sola
756 1465 811 1534 et
843 1478 1121 1548 superiore
1148 1487 1300 1549 parte
1329 1476 1580 1546 planetae,
1630 1489 1750 1545 qua:
1793 1476 1858 1530 de
1903 1489 2096 1530 croceo

501 1573 681 1628 fuerat
718 1571 899 1644 pallio.
937 1571 1017 1626 Ex
1046 1571 1131 1626 bis
1167 1586 1295 1642 ergo
1332 1569 1508 1639 aliqua
1544 1584 1672 1640 pars
1719 1569 1974 1624 remansit
2022 1569 2098 1624 in-

503 1673 675 1734 tegra.

569 1757 727 1812 Anno
755 1772 786 1811 a
815 1755 1036 1812 condito
1067 1753 1397 1810 monasterio
1419 1753 1548 1808 CLII
1573 1754 1791 1807 advenit
1815 1751 2095 1809 Udalricus

1264 361 1606 422 ΑΡΡΕΝΒΙΧ
1645 365 1735 419 AD
1769 365 2162 425 CliliONlCON
2203 369 2562 426 HERMANNI
2602 371 3023 430 CONTBAC'I‘J.

3664 381 3765 441 568

2118 485 2166 544 Α
2195 483 2468 550 idoneum,
2497 485 2541 540 si
2578 485 2718 541 forte
2750 488 2864 542 tieri
2920 496 3102 558 posset
3139 502 3196 542 ut
3226 488 3466 544 divinum
3495 492 3766 547 servitium

2197 587 2295 641 per
2335 586 2456 628 eum
2505 573 2558 628 in
2609 578 2797 644 eodem
2837 578 2955 632 loco
2995 578 3335 648 aliquatenus
3383 591 3766 638 succresceret.

2197 661 2299 729 Qui
2357 679 2476 718 eum
2511 676 2634 735 post
2666 684 2868 738 paucos
2919 686 3089 726 annos
3139 672 3368 727 obiisset
3396 715 3410 739 ,
3455 675 3653 731 missus
3696 685 3776 730 est

2199 753 2326 810 illuc
2362 755 2500 812 alius
2521 760 2841 816 Adelbertns
2883 760 3089 830 junior,
3128 764 3316 818 eadem
3347 764 3646 820 intentione
3673 781 3774 834 qua

2185 851 2248 902 .et
2278 845 2545 914 superior.
2582 847 2737 902 Hunc
2766 865 2899 919 ergo
2931 849 3134 914 locum,
3168 853 3310 906 sicut
3348 852 3505 924 longe
3527 858 3780 925 superius

2183 933 2435 995 .diximus
2466 937 2638 1006 (961),
2667 939 2992 994 venerabilis
3034 940 3400 1010 Ralperonius
3443 944 3658 1012 primus
3702 944 3779 1000 in-

2201 1027 2385 1083 colere
2410 1030 2598 1098 cmpit,
2626 1039 2681 1084 et
2706 1031 2988 1087 basilicam
3015 1036 3336 1089 construxit.
3366 1036 3442 1091 De
3467 1035 3625 1104 cujus
3650 1039 3780 1091 acti-

2197 1118 2299 1173 bus
2330 1119 2454 1174 bnic
2481 1121 2631 1190 operi
2663 1121 2842 1192 aliqua
2875 1124 3154 1182 innectere
3175 1126 3266 1198 dig
3289 1144 3395 1182 nun
3420 1129 3696 1194 ducimus,
3721 1146 3783 1183 ne

2196 1210 2430 1265 virtutes
2457 1212 2592 1265 tanti
2632 1212 2735 1266 viri
2761 1215 2974 1284 penitus
3001 1215 3259 1271 oblivioni
3307 1218 3614 1284 tradantur,
3657 1233 3786 1289 qna-

2199 1316 2318 1354 rurn
2350 1303 2610 1358 memoria
2639 1305 2781 1373 apud
2827 1306 3076 1363 lionunes
3125 1307 3241 1379 jam
3286 1309 3342 1364 in
3397 1325 3660 1381 supremo
3701 1311 3786 1368 vix

2195 1395 2510 1465 permodica
2540 1397 2792 1453 habetur.

2681 1487 2798 1542 Vita
2831 1489 2963 1544 benti
2992 1490 3313 1562 Rntperouii.

2915 1582 2941 1655 §
2988 1583 3073 1639 γι.

2274 1672 2369 1726 Vir
2392 1672 2602 1727 Domini
2637 1673 3000 1744 Ratperonius
3025 1679 3299 1735 nobilibus
3319 1691 3377 1738 et
3405 1682 3676 1755 religio~is
3701 1699 3789 1756 pa-

2199 1764 2444 1829 rentibus
2491 1762 2637 1835 (962)
2689 1767 2756 1820 de
2807 1765 3064 1839 Turinga,
3128 1782 3188 1826 ut
3237 1773 3432 1839 fertur,
3483 1786 3568 1830 est
3622 1786 3789 1831 ortus.

500 1849 807 1920 cpiscopus,
836 1858 891 1903 et
916 1864 980 1902 ex
1009 1845 1353 1901 monasteriis
1379 1844 1569 1899 Patres
1601 1844 1745 1913 (958)
1776 1854 1982 1915 septem
2013 1847 2096 1899 in-
2129 1841 2174 1902 Β
2205 1855 2366 1922 Quasi
2396 1871 2560 1910 aurea
2595 1856 2756 1911 fibula
2793 1866 2900 1916 tota
2924 1860 3040 1929 ejus
3071 1865 3349 1932 generatio
3383 1867 3436 1920 in
3463 1881 3529 1921 eo
3549 1868 3791 1922 creditur

498 1941 652 1996 \‘itati
681 1956 711 1994 a
739 1939 989 1995 Conrado
1031 1937 1226 1991 abbate
1260 1936 1371 2004 jam
1417 1949 1559 2004 saepe
1597 1935 1728 1990 dicti
1760 1935 2093 1990 monasterii.

500 2034 607 2089 Sed
629 2042 684 2087 et
715 2033 870 2087 turba
893 2031 1216 2085 clericorum
1242 2037 1297 2083 et
1324 2028 1732 2093 monachorum,
1757 2028 2098 2100 alior..mque

496 2124 738 2179 ﬁdelium
761 2123 932 2178 adfuit
959 2136 1064 2175 non
1093 2120 1327 2184 modica,
1355 2130 1409 2173 et
1429 2109 1551 2173 eum
1577 2119 1794 2172 immani
1823 2120 2018 2190 gaudio
2043 2129 2100 2174 ct

464 2211 892 2276 'exsultatione,
951 2225 1072 2265 cum
1129 2209 1343 2281 hymnis
1400 2217 1454 2262 ct
1503 2208 1752 2263 laudibus
1802 2208 2098 2265 bonorilice

501 2302 899 2360 transtulerunt
937 2317 1058 2356 ossa
1102 2316 1165 2356 ac
1202 2301 1412 2356 cineres
1438 2299 1499 2353 Β.
1527 2299 1858 2356 confessoris
1893 2300 2097 2356 Cbrisi

498 2405 662 2464 atque
689 2392 960 2464 pontiﬁcis
985 2391 1292 2448 Gebchardi
1327 2390 1396 2445 de
1433 2389 1551 2445 loco
1598 2391 1796 2459 lrioris
1839 2390 2094 2460 sepulcti,

497 2494 552 2539 et
581 2485 634 2539 in
663 2484 1000 2554 sarcophago
1036 2482 1238 2552 posita;
1273 2480 1531 2536 ambitum
1561 2483 1874 2537 monasterii
1899 2483 2100 2538 lustra-

405 2638 417 2652 .
496 2586 710 2640 verunt,
737 2587 790 2631 et
817 2587 1000 2646 postea
1033 2590 1154 2630 cum
1193 2590 1390 2647 magno
1413 2576 1617 2631 honore
1645 2576 1697 2630 in
1725 2591 1867 2632 novo
1891 2576 2094 2634 ttunnlo

500 2670 883 2725 condiderunt.

569 2765 626 2818 ln
670 2764 784 2832 ipsa
814 2762 920 2826 die,
949 2760 1051 2818 hoc
1077 2771 1182 2827 est,
1210 2777 1260 2815 τι
1294 2761 1410 2816 Kal.
1437 2760 1589 2832 Sept.
1619 2761 1710 2832 qui
1740 2773 1825 2817 est
1849 2762 1966 2818 dies
1997 2779 2093 2818 na-

499 2853 622 2909 talis
677 2853 867 2923 ipsius,
897 2853 1083 2908 indict.
1126 2867 1223 2914 xu,
1263 2853 1566 2907 dedicatum
1613 2862 1697 2908 est
1740 2853 1909 2909 altare
1950 2854 2093 2922 quod

495 2954 579 3000 est
599 2959 760 3014 supra
792 2944 965 3012 ipsum
995 2944 1375 2997 tumulum.....
1417 2943 1674 3014 Sequenti
1701 2943 1789 3000 die
1812 2944 2093 3009 dedicare,-

499 3043 626 3091 runt
653 3036 820 3105 ipsam
850 3034 1248 3090 basilicam"...

514 3169 529 3185 .
567 3129 760 3184 Actum
785 3127 1120 3198 temporibus
1142 3126 1441 3180 Innocentii
1475 3141 1625 3196 papze
1649 3125 1689 3180 ll
1712 3135 1766 3181 et
1787 3125 2027 3181 Lotbarii
2050 3125 2092 3180 ll

2199 1954 2389 1999 ornata
2424 1954 2480 2001 et
2505 1946 2783 2003 conclusa.
2813 1947 2911 2004 Hic
2940 1951 3118 2021 itaque
3154 1955 3338 2010 relicta
3370 1958 3547 2026 patria
3581 1959 3793 2013 transiit

2200 2037 2254 2090 in
2284 2038 2682 2105 Alemanniam,
2711 2056 2877 2112 seque
2899 2045 3242 2101 sanctissimo
3278 2050 3491 2118 praesuli
3529 2050 3788 2107 Udalrico

2197 2129 2528 2199 Augustcnsi
2564 2131 2873 2200 conjunxit,
2900 2143 2955 2188 et
2989 2137 3089 2191 sub
3131 2136 3248 2205 ejus
3287 2141 3552 2212 regimine
3599 2143 3692 2196 diu
3742 2145 3792 2197 in

2199 2220 2438 2288 regulari
2477 2224 2693 2278 tramite
2721 2223 2895 2290 vixit;
2925 2228 3179 2295 quoniam
3207 2229 3346 2284 idem
3382 2233 3630 2301 pontifex
3675 2245 3795 2288 tunc

2203 2313 2459 2380 temporis
2506 2313 2938 2384 Campidonense
2990 2328 3379 2378 monasterium
3432 2327 3574 2379 resit
3625 2325 3788 2398 (963).

2197 2403 2369 2473 Igitur
2404 2420 2526 2459 cum
2555 2405 2733 2460 eidem
2764 2419 2954 2463 sancto
2983 2411 3198 2480 praesuli
3230 2413 3578 2470 familiariter
3603 2417 3794 2486 junge-

2199 2509 2372 2565 retur,
2403 2511 2458 2556 et
2485 2502 2552 2557 ab
2574 2517 2640 2557 eo
2665 2503 2719 2557 in
2749 2520 2912 2561 omne
2958 2523 3094 2577 opus
3139 2510 3337 2564 bonum
3381 2511 3790 2580 informaretur,

2196 2592 2424 2662 conligit
2447 2601 2505 2645 ut
2531 2594 2766 2662 quodam
2801 2607 3044 2666 tempore
3090 2599 3250 2653 simul
3290 2613 3603 2671 pergerent,
3636 2614 3794 2674 atque

2198 2682 2251 2736 in
2281 2683 2396 2737 loca
2435 2683 2619 2740 Rubro
2660 2695 2850 2757 stagno
2887 2691 3137 2762 contigua
3169 2692 3504 2747 devenirent.
3551 2696 3795 2766 Cumque

2197 2773 2251 2828 in
2267 2776 2496 2843 quodam
2519 2786 2679 2846 prato
2702 2789 2820 2847 post
2843 2779 3189 2836 refectionem
3218 2785 3457 2852 corporis
3480 2786 3793 2856 aliquandiu

2197 2870 2623 2938 requiescerent,
2653 2873 2934 2940 episcopus
2963 2885 3081 2943 post
3119 2877 3356 2945 quietem
3378 2882 3793 2948 expergefactus

2196 2961 2445 3031 praedixit
2461 2977 2559 3032 per
2575 2963 2820 3031 spiritum
2839 2963 2896 3018 Β.
2915 2951 3259 3038 Ratperonio,
3277 2971 3418 3039 quod
3436 2971 3504 3024 ibi
3524 2973 3576 3025 in
3596 2972 3796 3028 vicinio

2197 3054 2417 3122 quidam
2445 3054 2596 3110 locus
2616 3067 2763 3112 esset
2807 3060 2897 3127 qui
2921 3059 3039 3127 ejus
3062 3061 3245 3117 labore
3265 3065 3598 3120 excolendos
3634 3066 3792 3131 foret,

2200 3145 2292 3199 ubi
2325 3146 2489 3200 etiam
2513 3147 2655 3201 diem
2691 3148 2880 3216 judicii
2927 3153 3339 3221 prarstolaturns
3371 3166 3539 3214 esset.
3573 3156 3676 3212 Vir
3704 3173 3799 3212 au-

499 3221 748 3290 imperat.
779 3218 1024 3286 Augusti,
1055 3233 1195 3272 anno
1223 3218 1438 3287 imperii
1463 3216 1580 3286 ejus
1617 3234 1646 3272 κ
1687 3217 1858 3289 (959),
1905 3219 2092 3274 indict.

2205 3244 2311 3290 tem
2336 3236 2550 3293 Domini
2575 3237 2962 3311 Ratperonius,
2994 3244 3098 3299 boc
3123 3246 3345 3300 oraculo
3368 3257 3648 3318 percepto,
3679 3249 3796 3304 lmic

498 3327 598 3379 xu,
627 3313 713 3367 die
745 3327 772 3363 v
803 3309 922 3364 Kal.
955 3311 1103 3381 Sept.
1140 3310 1375 3365 feliciter
1400 3326 1520 3365 cum
1549 3310 1740 3382 gloria.
1829 3335 1832 3338 λ

629 3447 632 3452 .
1224 3400 1252 3473 §
1303 3401 1388 3456 ιιι.

573 3496 670 3552 llis
693 3496 884 3551 diebus
907 3494 1128 3566 grandis
1150 3493 1439 3550 iulirmitas
1461 3495 1515 3550 in
1541 3495 1654 3565 ipsa
1681 3493 2100 3565 congregatione

499 3591 870 3663 grassabatur,
901 3604 968 3644 ex
1005 3603 1111 3659 qua
1140 3589 1404 3658 meipsum
1439 3589 1649 3643 meritis
1683 3588 1744 3642 Β.
1791 3587 2099 3644 Gebehardi

500 3684 823 3739 mirabiliter
850 3680 1450 3738 fateorliberatum.....
1493 3679 1623 3734 l’ost
1667 3681 1779 3736 haec
1819 3678 2101 3736 Conradus

501 3774 668 3830 abbas
687 3773 817 3830 fecit
847 3788 1176 3844 campanqu
1207 3773 1341 3826 satis
1371 3771 1753 3837 bonorilicutn,
1776 3781 1829 3826 et
1853 3771 2102 3827 Heriber-

502 3881 589 3926 tus
631 3876 815 3926 custos
861 3869 1108 3925 ecclesiae
1149 3868 1470 3934 secundum,
1523 3883 1623 3939 ego
1672 3882 1886 3938 quoque
1935 3881 2099 3922 unum

501 3959 898 4028 parvulum"...
919 3957 1122 4013 Deinde
1143 3958 1271 4012 fecit
1293 3958 1510 4012 domum
1535 3973 1922 4026 campanarum
1936 3971 2102 4026 super

501 4050 808 4114 ecclesiam,
832 4050 960 4120 quia
985 4049 1136 4121 prius
1159 4049 1464 4121 pendebant
1492 4049 1544 4104 in
1569 4057 1804 4120 quatuor
1830 4049 2100 4105 eolunmis

494 4141 649 4210 juxta
685 4141 997 4199 ecclesiam.

1214 4231 1248 4304 ,δ
1306 4231 1394 4288 ιγ.

571 4308 728 4381 Anno
757 4324 826 4380 ab
853 4322 1128 4380 lncarnat.
1173 4323 1328 4378 Dom.
1357 4339 1616 4390 ucxxxrt,
1650 4323 1836 4378 indict.
1873 4337 1984 4388 xw,
2014 4320 2102 4377 die

503 4432 592 4470 xv:
642 4397 776 4470 Kal.
813 4413 1098 4479 Decemb.,
1127 4412 1435 4469 dedicatum
1491 4421 1574 4467 est
1619 4411 1792 4466 altare
1841 4411 1901 4465 S.
1954 4409 2101 4466 Petri

501 4504 730 4577 apostoli
796 4505 1036 4562 secundo
1095 4521 1126 4561 a
1184 4505 1434 4560 Conrado
1495 4503 1742 4558 Curiensi
1802 4518 1924 4557 ven.
1986 4503 2099 4573 epi-

502 4615 670 4672 scopo
712 4598 884 4674 (960).

1307 4691 1369 4748 ι’.

1307 4693 1369 4748 ι’.

561 4787 735 4860 379
761 4785 988 4842 Factum
1026 4793 1111 4839 est
1156 4693 1335 4838 aut§em
1370 4791 1428 4837 ut
1469 4780 1758 4838 Heinricus
1786 4783 2092 4855 presbyter,

499 4881 592 4950 qui
621 4878 922 4934 oratorium
947 4876 1008 4931 S.
1043 4874 1228 4929 Maria-
1259 4876 1400 4942 apud
1448 4873 1619 4928 Rotse
1650 4873 1977 4944 procurabat
2003 4915 2018 4939 ,
2063 4889 2096 4930 e

499 4971 702 5026 umndo
729 4970 1011 5041 migraret,
1049 4977 1104 5022 et
1133 4966 1419 5022 confestim
1452 4967 1733 5023 Conradus
1762 4967 1928 5023 abbas
1949 4968 2096 5023 misit

499 5058 627 5114 illuc
680 5059 1031 5115 Adelbertum
1085 5056 1444 5124 monachum,
1501 5059 1675 5114 virum
1736 5059 1923 5115 utioue
1957 5059 2091 5115 satis

2201 3328 2386 3382 statim
2409 3328 2648 3384 animum
2678 3342 2995 3388 constanter
3027 3335 3254 3390 intendit
3285 3338 3523 3405 negotio,
3557 3348 3607 3392 et
3635 3339 3798 3409 cmpit

2200 3419 2473 3488 Sagaciter
2491 3422 2631 3490 apud
2659 3437 2910 3492 proceres
2935 3427 3248 3481 earumdem
3298 3427 3466 3498 380
3513 3430 3797 3496 regionum

2201 3525 2363 3582 agerc
2415 3519 2684 3582 quatenus
2749 3514 2851 3569 sibi
2917 3515 3094 3571 locum
3159 3517 3226 3571 ad
3275 3532 3415 3588 Opus
3465 3519 3796 3573 destinatum

2201 3601 2403 3658 vellent
2460 3605 2781 3660 concedere.
2836 3606 3082 3677 Cumque
3143 3607 3238 3663 ab.
3280 3609 3360 3663 eis
3413 3607 3607 3663 fuisset
3674 3625 3799 3664 con-

2203 3701 2462 3765 temptus,
2511 3695 2719 3752 eisdem
2778 3699 3002 3752 adversa
3056 3707 3140 3752 est
3188 3698 3534 3769 imprecatus,
3574 3715 3641 3753 ac
3673 3715 3798 3770 prn-

2201 3796 2324 3858 ptcr
2374 3788 2476 3842 hoc
2527 3799 2706 3843 actum
2764 3788 3006 3843 creditur
3057 3791 3199 3858 quod
3255 3791 3552 3860 posteritas
3608 3806 3797 3846 eorum

2203 3878 2379 3934 deleta
2425 3888 2540 3948 est,
2592 3880 2735 3935 sicut
2790 3880 3055 3950 scriptum
3101 3889 3222 3936 est:
3269 3879 3456 3936 Semen
3514 3882 3796 3953 impiorum

2201 3971 2408 4042 peribit.

2909 4066 2936 4139 ς
2981 4066 3089 4122 vn.

2271 4155 2441 4227 lgitur
2489 4167 2546 4212 ut
2590 4157 2848 4212 Dominus
2889 4159 3232 4229 omnipotens
3277 4159 3600 4214 vaticinium
3657 4161 3796 4231 quod

2201 4263 2378 4318 peros
2404 4247 2590 4302 famuli
2623 4249 2707 4303 sui
2736 4247 2970 4304 Udalrici
3000 4265 3158 4306 servo
3179 4266 3276 4305 suo
3305 4250 3640 4322 Ratperonio
3662 4270 3796 4324 prte-

2202 4337 2387 4393 dicere
2411 4339 2661 4410 dignatus
2694 4349 2778 4395 est
2811 4341 3132 4412 adimpleret
3155 4383 3170 4406 ,
3202 4343 3418 4397 tandem
3449 4344 3668 4399 cuidam
3702 4360 3796 4400 no-

2202 4427 2296 4482 bili
2326 4427 2444 4482 viro
2467 4429 3008 4500 nomine‘Berngario
3040 4432 3327 4502 inspiravit
3350 4444 3406 4488 ut
3433 4435 3551 4506 ejus
3578 4439 3792 4508 negotio

2203 4525 2257 4570 et
2286 4516 2553 4572 desiderio
2583 4529 2872 4583 ammeret,
2896 4528 2952 4574 et
2981 4520 3045 4575 de
3074 4522 3188 4576 suis
3221 4523 3442 4593 pragdiis
3482 4523 3707 4581 donarit
3742 4526 3794 4580 ei

2121 4572 2175 4633 Β
2203 4607 2380 4664 locum
2435 4611 2525 4681 qui
2559 4626 2701 4666 nunc
2732 4612 2932 4668 dicitur
2971 4572 3238 4669 Rubrum‘
3260 4625 3510 4688 stagnum
3557 4617 3790 4691 (Rotse),

2205 4709 2330 4756 tunc
2355 4701 2573 4771 quidem
2623 4701 2882 4770 sterilem,
2935 4720 3078 4760 nunc
3131 4715 3352 4771 autem,
3407 4701 3672 4777 quartum
3726 4710 3792 4764 ad

2203 4791 2367 4845 situm
2392 4788 2650 4861 regionis,
2680 4791 2908 4847 fertilem
2935 4803 2989 4848 et
3019 4808 3317 4849 alumnum.
3350 4795 3404 4850 In
3430 4797 3532 4852 hoc
3563 4797 3706 4861 loco,
3736 4808 3792 4854 ut

2201 4877 2397 4947 fertur,
2414 4882 2619 4952 pridem
2643 4883 2864 4952 quidam
2887 4884 3028 4940 latro
3051 4886 3458 4943 crudelissimus
3487 4889 3786 4955 habitabat,

2203 4972 2295 5042 qui
2331 4972 2722 5028 immanissima
2771 4975 3196 5046 circmnquaque
3242 4976 3528 5032 latrocinia
3571 4995 3790 5035 exerce-

2196 5065 2356 5120 bat...
2390 5063 2590 5120 Beatus
2646 5073 2826 5120 autcm
2864 5067 3246 5139 Ratperonius,
3284 5069 3399 5141 ipso
3448 5071 3550 5126 sibi
3591 5071 3788 5127 tradito
