4010 5328
241 402 351 458 569

1130 399 1527 458 CIIRONICON
1565 402 2193 463 PETERSHL’SANUM.
2226 437 2294 447 —
2333 406 2462 464 LIB.
2496 407 2561 463 ν.

3413 406 3520 462 570

243 517 365 571 loco
393 529 423 568 a
447 512 759 583 supradicto
785 512 1078 586 Berngario
1103 513 1168 569 de
1205 516 1423 572 Arnanc
1459 516 1630 588 (965),
1659 519 1828 589 coepit
1861 525 1911 582 Α
1940 521 2066 576 ricis
2085 530 2140 577 et
2165 522 2316 578 laicis
2339 523 2666 588 innumeris,
2712 522 2801 578 ubi
2835 523 2976 577 inter
3018 521 3184 576 multa
3232 521 3380 576 utilia
3425 523 3519 578 de.

244 606 317 661 ibi
347 606 631 662 basilicam
657 616 993 666 construere,
1024 621 1144 659 cum
1179 606 1390 660 inﬁnito
1415 616 1595 663 tamen
1625 608 1830 672 labore,

241 698 502 765 quoniam
536 696 670 750 nihil
701 711 812 766 prae
835 695 1085 751 manibus
1115 697 1319 751 habens
1347 713 1631 767 aggressus
1658 699 1834 752 fuerat

238 802 379 858 opus
406 789 620 858 ingens.
653 788 903 842 Attamen
930 803 1026 857 per
1068 787 1160 842 Dei
1207 787 1606 856 adjutorinm...
1640 787 1831 843 basili-

239 893 365 936 cam
395 879 686 949 magniﬁco
706 894 868 950 opere
896 877 1141 933 fundavit
1165 887 1220 932 et
1243 879 1308 932 ad
1333 878 1636 949 perfectum
1662 895 1725 932 us
1747 893 1834 947 lue

241 972 517 1042 perduxit.
942 1040 971 1115 §
1013 1041 1141 1097 Vl".

316 1134 518 1188 Multas
544 1147 676 1205 ergo
706 1133 847 1188 idem
875 1133 1035 1187 homo
1062 1133 1153 1187 Dei
1182 1133 1604 1204 persecutiones,
1637 1132 1833 1188 mtdtas

241 1226 589 1282 calamitates
640 1242 672 1280 a
726 1225 871 1281 circa
911 1227 1254 1281 manentibus
1287 1226 1501 1281 clericis
1547 1241 1836 1296 perpessus

241 1329 351 1386 est,
390 1321 443 1374 in
477 1328 687 1374 tantum
730 1330 790 1375 ut
839 1321 1003 1375 etiam
1033 1320 1422 1374 Warmannum
1457 1320 1836 1375 Constantien-

242 1427 361 1467 sem
389 1423 515 1467 tunc
545 1413 859 1483 episcopum
914 1411 1062 1484 (965)
1110 1413 1162 1466 in
1207 1428 1332 1466 eum
1384 1412 1710 1474 incitarent,
1742 1410 1833 1479 qui

242 1519 369 1556 eum
397 1503 583 1558 multis
616 1503 830 1572 injuriis
851 1502 1104 1558 aﬁ‘ectum
1132 1504 1347 1558 demum
1387 1505 1552 1558 etiam
1588 1504 1709 1558 loco
1743 1503 1836 1557 de-

243 1592 452 1662 p'tlit...
497 1592 738 1662 Contigit
778 1594 1005 1664 (autem)
1051 1602 1110 1647 ut
1133 1593 1499 1648 Warmannus
1543 1595 1834 1664 episcopus

243 1689 370 1752 post
394 1681 766 1752 expulsionem
798 1682 1032 1736 hominis
1067 1681 1160 1736 Dei
1193 1692 1445 1753 pergeret
1480 1683 1706 1738 Romam
1731 1724 1746 1748 ,
1780 1694 1835 1738 et

247 1775 303 1826 in
337 1774 456 1843 ipso
488 1774 682 1828 itinere
711 1789 835 1828 cum
867 1774 1119 1828 omnibus
1149 1789 1208 1829 se
1237 1776 1628 1830 comitantibus
1657 1776 1836 1830 ﬁniret

244 1867 439 1919 vitam.
490 1863 588 1920 Cui
626 1864 976 1920 Eberhardus
1012 1864 1181 1919 frater
1219 1866 1387 1936 ipsius
1430 1866 1480 1920 in
1521 1866 1832 1936 episcopatu
1868 1879 1908 1938 Β

243 1955 531 2020 successit,
563 1954 656 2024 qui
684 1955 843 2009 beato
865 1955 983 2009 viro
1015 1955 1350 2024 Ratperonio
1379 1955 1834 2010 clementissimus

245 2055 304 2101 et
333 2044 648 2100 misericors
673 2046 820 2100 omni
857 2055 1098 2116 tempore
1141 2045 1264 2100 fuit.
1303 2044 1419 2116 Ipse
1452 2048 1596 2100 enim
1631 2047 1717 2100 vir
1739 2046 1834 2101 Dei

243 2137 314 2192 de
344 2135 512 2193 Rotse
537 2136 744 2207 pridem
773 2137 1030 2207 expulsus
1077 2137 1143 2190 ad
1186 2136 1352 2192 alium
1379 2137 1837 2208 comtnigraverat

244 2228 462 2294 locum,
515 2229 699 2299 ibique
756 2230 858 2284 sibi
910 2239 1290 2284 construxerat
1331 2231 1654 2285 oratorium.
1710 2229 1770 2285 In
1790 2231 1837 2286 'e

244 2338 380 2393 ergo
406 2321 474 2377 ab
503 2322 759 2394 episcopo
787 2323 854 2377 ad
880 2322 1116 2392 priorem
1147 2321 1323 2376 locum
1346 2323 1576 2394 benigne
1608 2338 1834 2378 revoca-

248 2425 361 2481 tus,
387 2415 589 2470 ibidem
611 2414 870 2485 deinceps
898 2414 950 2469 in
981 2413 1082 2468 Dei
1101 2416 1327 2469 servitio
1355 2424 1437 2470 est
1458 2424 1834 2472 conversatus.

247 2503 358 2559 Sed
387 2514 443 2560 et
475 2505 617 2560 idem
648 2506 931 2576 episcopus
956 2505 1262 2568 basilicam,
1292 2520 1454 2574 quam
1483 2505 1644 2576 381
1677 2507 1839 2561 homo

247 2593 344 2649 Dei
367 2603 773 2660 construxerat,
802 2595 854 2648 in
879 2595 1085 2650 honore
1110 2593 1202 2649 Dei
1227 2594 1519 2650 Genitricis
1546 2596 1836 2660 dedicavit,

246 2699 484 2756 eamque
515 2687 569 2741 in
601 2687 799 2756 quibus
838 2687 1011 2758 potuit
1047 2686 1271 2755 adjuvit.
1311 2688 1484 2742 Homo
1522 2697 1703 2742 autem
1747 2688 1836 2741 Dei

245 2799 261 2831 ι
281 2793 320 2832 ιι
343 2779 501 2832 ndem
539 2776 717 2832 locum
739 2777 1140 2832 Constantiensi
1167 2776 1421 2832 Ecclesia:
1446 2778 1686 2844 tradidit,
1710 2781 1837 2848 quia

251 2870 380 2924 inde
406 2883 530 2923 eum
561 2867 617 2922 in
641 2868 734 2923 Dei
763 2868 987 2924 servitio
1011 2867 1200 2922 melius
1244 2869 1549 2938 promoveri
1580 2869 1836 2938 speravit.

250 2961 377 3016 Fuit
407 2971 590 3015 autem
617 2977 810 3015 nemus
837 2975 1161 3030 perparvum
1199 2961 1442 3014 oratorio
1472 2960 1732 3027 vicinum,
1773 2961 1841 3016 de

245 3071 360 3124 q-to
386 3053 782 3124 aliquantulum
811 3053 1010 3107 habere
1039 3061 1290 3119 poterant
1334 3053 1641 3107 necessaria
1671 3051 1842 3121 ligno-

253 3162 395 3200 rum.
425 3145 672 3216 Cumque
702 3144 828 3198 illud
851 3143 1067 3213 quidam
1103 3144 1320 3214 maligni
1364 3144 1610 3198 homines
1651 3152 1839 3197 contra

1935 623 2083 670 creta
2106 625 2364 670 statutum
2387 623 2470 671 est
2495 625 2552 670 ut
2579 615 2824 670 incendia
2849 615 3131 670 domorum
3161 630 3266 669 non
3301 605 3517 681 ﬁerent,

1936 693 2078 774 quod
2109 705 2272 759 etlam
2301 721 2398 774 per
2427 719 2598 759 annos
2629 705 2830 777 aliquot
2863 705 3148 776 diligenter
3171 706 3519 761 observatum

1933 806 2036 852 est.
2071 795 2206 850 Huic
2234 796 2441 867 synodo
2483 796 2747 849 intererat
2791 795 2954 850 etiam
3005 795 3284 850 Conradus
3329 797 3519 860 abbas,

1936 888 2168 960 indeque
2194 889 2407 944 rediens
2434 888 2616 943 attulit
2645 888 2751 943 duo
2773 887 2987 960 palliola
3010 930 3024 953 ,
3054 903 3116 942 cx
3146 889 3342 958 quibus
3383 889 3520 944 duas

1935 996 2138 1052 cappas
2166 980 2314 1037 fecit.

2657 1070 2796 1145 εχ.

2004 1164 2164 1220 Anno
2188 1165 2255 1218 ab
2289 1163 2563 1218 lncarnat.
2589 1162 2746 1217 Dom.
2774 1177 2954 1216 ncxut
2981 1203 2994 1229 ,
3029 1161 3182 1234 Hugo
3209 1161 3356 1231 (967)
3386 1177 3524 1238 prae:
3566 1206 3574 1244 ι

1935 1255 2143 1325 positus
2193 1254 2624 1311 CoustantienSis
2676 1253 2822 1309 dedit
2872 1254 3116 1324 quinque
3169 1253 3410 1317 talenta.
3468 1262 3524 1307 et

1936 1345 2066 1400 etnit
2091 1344 2406 1414 praediolum
2443 1345 2584 1416 apud
2632 1342 2868 1398 Altheitn
2903 1343 3094 1416 (968),
3123 1345 3268 1416 quod
3305 1343 3524 1414 quidem

1934 1433 2249 1504 prtediolum
2288 1434 2440 1502 bonae
2478 1433 2754 1488 memoria:
2796 1431 2982 1488 Gisilla
3028 1433 3140 1504 jam
3193 1441 3356 1488 antea
3405 1448 3522 1486 mo-

1936 1523 2198 1588 nasterio,
2231 1523 2488 1587 dederat;
2539 1531 2594 1578 et
2641 1539 2762 1578 cum
2801 1525 3020 1580 emisset
3058 1524 3185 1578 illud
3211 1525 3324 1596 jam
3353 1524 3526 1578 dictus

1936 1614 2088 1669 IIuch
2120 1614 2272 1685 Ilugo
2294 1614 2362 1668 ab
2391 1615 2585 1670 abbate
2605 1613 2858 1672 Conrado
2881 1614 3237 1685 praesentibus
3264 1614 3524 1668 fratribus

1935 1704 1989 1762 et
2019 1706 2137 1761 aliis
2166 1706 2369 1773 multis,
2398 1706 2630 1760 reddidit
2659 1705 2788 1761 illud
2821 1707 3016 1760 iterum
3058 1715 3113 1761 et
3151 1705 3373 1760 tradidit
3406 1721 3522 1760 mo-

1939 1800 2200 1864 nasterio,
2234 1799 2334 1853 sub
2359 1815 2420 1852 ea
2446 1799 2755 1853 conditione
2799 1810 2857 1853 ut
2899 1799 3043 1852 omni
3076 1814 3217 1852 anno
3241 1797 3294 1852 in
3337 1797 3528 1852 diebus

1937 1892 2117 1945 obitus
2147 1891 2334 1961 ipsius,
2368 1890 2458 1960 qui
2489 1900 2572 1944 est
2603 1905 2672 1944 xv
2703 1889 2823 1945 Kal.
2865 1889 3016 1953 Maii,
3045 1890 3190 1944 omni
3222 1905 3523 1958 congrega-

1939 1981 2069 2035 tioni
2095 1981 2161 2036 de
2191 1981 2380 2037 eodem
2406 1980 2629 2052 prtedio,
2662 1992 2822 2050 prout
2855 1979 3109 2050 possibile
3134 1981 3207 2035 sit
3253 1980 3529 2035 ministre-

1938 2081 1992 2124 ιιι
2003 2088 2046 2125 Γ.

2008 2232 2170 2305 382
2201 2231 2357 2287 Anno
2391 2232 2460 2287 ab
2490 2232 2758 2286 lncarnat.
2807 2232 2960 2287 Dom.
2993 2247 3220 2300 xcxuu,
3243 2232 3530 2304 Gerungns

1937 2325 2220 2395 presbyter
2270 2322 2422 2378 dedit
2464 2323 2818 2392 monasterio,
2869 2339 2990 2377 cum
3067 2339 3226 2377 manu
3279 2322 3530 2378 advocati

1940 2416 2026 2470 sui
2060 2414 2322 2479 Heinriei,
2366 2414 2419 2468 in
2445 2429 2663 2468 manum
2692 2413 2938 2468 advocati
2971 2415 3138 2469 nostri
3173 2412 3407 2468 Conradi
3457 2413 3525 2465 de

1941 2504 2351 2572 Sanctomonte,
2401 2505 2506 2559 duo
2541 2505 2818 2574 przediola,
2861 2519 3029 2559 unum
3065 2505 3203 2574 apud
3243 2501 3532 2558 Scbuwin-

1939 2594 2066 2650 dorl‘
2091 2595 2262 2665 (969),
2308 2595 2536 2649 alterum
2579 2595 2720 2664 apud
2751 2593 2985 2665 Wangin
3028 2594 3081 2648 in
3113 2607 3250 2663 pago
3279 2591 3533 2661 Llnlgow

1939 2689 2041 2744 sub
2061 2690 2318 2744 comitatu
2348 2689 2584 2743 Heinrici
2610 2689 2676 2743 de
2710 2688 3097 2743 Sanctomonte
3127 2685 3297 2758 (970),
3329 2685 3534 2753 absque

1943 2781 2048 2836 ulla
2129 2781 2609 2845 contradictione,
2671 2778 2911 2849 legitima
2985 2777 3272 2830 traditione
3348 2789 3533 2829 coram

1942 2871 2124 2928 multis
2175 2871 2384 2926 idoneis
2447 2871 2691 2926 testibus.
2737 2869 2856 2938 Ipse
2906 2876 3086 2921 autem
3139 2865 3423 2934 Gerungus
3462 2863 3531 2915 ad

1943 2961 2331 3017 monasterium
2377 2959 2600 3013 veniens
2650 2957 2955 3012 inﬁrmatus
3003 2965 3130 3018 est,
3180 2961 3234 3006 et
3266 2965 3435 3020 usque
3463 2952 3534 3004 ad

1943 3067 2172 3110 mortem
2204 3053 2434 3123 benigne
2457 3060 2720 3106 tractatus
2749 3059 2852 3103 est.
2884 3047 3088 3102 Eodem
3117 3060 3260 3100 anno
3285 3043 3534 3099 Gnndelo

1943 3147 2008 3201 de
2031 3144 2344 3199 Constantia
2395 3143 2544 3197 dedit
2590 3141 2850 3211 praedium
2905 3153 3060 3194 sumn
3121 3136 3263 3205 apud
3305 3133 3532 3190 Gerbol-

253 3239 425 3306 iz‘s'us
455 3237 786 3291 voluntatem
819 3237 1187 3298 devastarent,
1235 3244 1289 3291 et
1336 3237 1535 3305 sa'pius
1565 3236 1632 3290 ab
1658 3252 1724 3290 eo
1755 3251 1842 3290 ro-
1873 3229 1920 3292 C
1951 3235 2223 3292 diswilare
2249 3233 2420 3304 (97l),
2449 3241 2503 3288 et
2523 3231 2682 3288 simul
2712 3227 2908 3284 obtulit
2934 3228 3100 3283 ﬁliam
3119 3241 3295 3282 suam.

253 3329 363 3400 εειιί
403 3343 742 3397 nequaquam
768 3326 1030 3381 des'stere
1081 3327 1308 3392 vellent,
1341 3329 1512 3384 oravit
1556 3328 1842 3382 Dominum

253 3430 315 3475 ut
343 3435 515 3490 aquas
551 3421 749 3474 ibidem
794 3419 1057 3474 inundare
1102 3419 1325 3482 faceret,
1363 3436 1430 3473 ne
1475 3419 1722 3476 homines
1755 3419 1846 3474 tali

255 3517 448 3582 rapina
480 3527 538 3568 se
573 3512 807 3582 amplius
832 3520 1255 3583 praegravarent.
1311 3511 1498 3581 Itaque
1546 3513 1742 3566 Inirum
1795 3511 1848 3565 in

257 3605 480 3660 modum
505 3605 765 3660 continuo
788 3604 950 3674 εωρίι
976 3604 1046 3658 ibi
1069 3617 1208 3672 aqua
1237 3602 1290 3656 in
1315 3602 1481 3656 altum
1508 3617 1848 3668 excrescere,

255 3706 312 3752 et
337 3696 483 3766 ligna
535 3695 775 3766 operire,
803 3703 858 3750 et
906 3703 1153 3764 Stagnum
1199 3691 1534 3762 speciosum,
1586 3701 1646 3746 ιιι
1693 3693 1852 3748 hodie

259 3789 526 3854 cernitur,
558 3786 792 3850 ellicere.
847 3795 1010 3856 atque
1059 3801 1126 3841 ex
1179 3800 1245 3840 eo
1304 3785 1444 3840 idem
1492 3784 1642 3839 locus
1687 3784 1854 3840 Rotse

261 3881 536 3936 vocitatus
565 3888 715 3935 est...
745 3879 914 3948 Igitur
961 3894 1058 3947 per
1089 3877 1285 3932 multos
1321 3892 1524 3947 agones
1555 3885 1610 3932 et
1639 3875 1854 3932 labores

263 3971 324 4025 Β.
361 3972 749 4042 Ratperonius,
784 3969 990 4041 Spiritu
1035 3979 1224 4024 sancto
1259 3969 1471 4040 plenus,
1504 3969 1757 4039 migravit
1785 3968 1854 4023 ad

267 4066 553 4120 Dominum
584 4081 659 4120 vn
686 4063 806 4118 Kal.
829 4063 991 4131 Aug.,
1042 4071 1098 4118 et
1145 4077 1343 4130 corpus
1377 4059 1514 4128 ejus,
1549 4059 1602 4114 in
1633 4059 1854 4115 basilica

268 4174 427 4228 Quam
451 4167 862 4223 construxerat,
890 4155 1186 4211 honoriﬁce
1233 4143 1555 4210 tumnlatum
1603 4153 1857 4224 quiescit,

271 4253 354 4307 uti
380 4269 554 4323 usque
583 4252 636 4307 in
663 4252 990 4307 hodiernum
1017 4251 1158 4307 diem
1190 4249 1373 4305 multis
1417 4249 1682 4306 beneﬁcia
1719 4265 1854 4320 prte-

271 4355 409 4398 stxre
438 4358 548 4399 non
579 4342 846 4399 desinit...
991 4413 1018 4486 ἑ
1061 4413 1127 4469 lx

337 4509 495 4561 Anno
541 4505 611 4560 ab
656 4505 928 4561 lncarnat.
981 4506 1136 4561 Dom.
1177 4519 1440 4570 ucxxxtx,

1513 4504 1860 4564 Innocentius

2659 3322 2686 3395 ς
2732 3322 2842 3377 xu.

2018 3417 2176 3472 Anno
2211 3416 2278 3471 ab
2306 3415 2578 3470 lncarnat.
2631 3414 2785 3468 Dom.
2837 3426 3033 3466 nchvt
3065 3449 3080 3476 ,
3129 3408 3301 3462 fames
3339 3419 3535 3476 magna

1950 3509 2178 3582 populos
2201 3507 2357 3578 longe
2399 3507 2614 3576 lateque
2642 3503 2948 3575 premebat,
2975 3517 3039 3557 ac
3071 3516 3169 3571 per
3212 3499 3316 3554 hoc
3355 3497 3537 3566 inopia

1952 3611 2183 3674 cogente
2200 3601 2447 3671 quadam
2474 3612 2717 3669 persona:
2747 3611 2806 3650 se
2827 3596 2894 3650 de
2915 3593 3273 3662 'l‘riboltingin
3302 3589 3449 3661 (972)
3478 3597 3535 3642 et

1953 3693 2343 3766 Tegirnwilare
2372 3693 2440 3747 ad
2488 3689 2875 3745 monasterium
2904 3684 3272 3748 contulerunt,
3298 3698 3355 3738 se
3383 3697 3537 3737 suas-

1954 3803 2060 3858 que
2100 3783 2568 3857 possessiunculas
2613 3781 2740 3837 illuc
2773 3779 3134 3835 tradiderunt.
3166 3775 3340 3844 Quam
3371 3774 3540 3829 tradi-

1955 3881 2158 3936 tionem
2182 3877 2402 3948 quidam
2433 3891 2620 3931 eorum
2674 3874 2897 3929 minime
2943 3870 3184 3926 stabilire
3227 3873 3540 3936 potuerunt,

1955 3972 2212 4045 quoniam
2263 3969 2634 4042 possessiones
2680 3966 2748 4021 ad
2798 3962 3028 4034 Augiam
3096 3958 3399 4015 tributaria:
3454 3956 3542 4010 fu.

1957 4077 2134 4123 erant.
2641 4130 2670 4204 §

2027 4229 2185 4284 Anno
2208 4226 2276 4281 ab
2304 4231 2574 4279 mcarnat.
2606 4221 2764 4276 Dom.
2793 4232 3034 4284 chu'tt,
3069 4213 3356 4272 Conradus
3377 4211 3546 4267 abbas

1961 4316 2243 4374 renovavit
2285 4322 2472 4386 partes
2500 4310 2764 4375 ecclesiae,
2814 4319 2867 4363 et
2921 4305 3185 4376 capellam
3213 4303 3272 4358 S.
3305 4299 3546 4360 Udalrici

1960 4407 2276 4472 renovavit,
2312 4413 2367 4460 et
2416 4403 2591 4468 anxit,
2638 4411 2696 4456 et
2735 4398 2956 4469 optimis
2990 4395 3214 4467 picturis
3238 4389 3544 4447 adornavit.

1966 4498 2254 4554 Dedicavit-
2272 4504 2456 4550 autem
2480 4508 2599 4549 eam
2629 4490 3015 4551 Ileritnannus.
3031 4486 3316 4548 Constant.
3355 4480 3549 4538 Eccle-

274 4614 405 4670 papa
426 4599 619 4656 babuit
651 4599 834 4654 Roma:
861 4599 1149 4654 concilium
1178 4598 1326 4670 (966)
1367 4597 1621 4653 inauditae
1645 4599 1851 4669 magni-
1889 4589 1935 4649 D
1959 4593 2052 4647 Sltl:
2077 4589 2363 4660 episcopus
2409 4599 2486 4640 xu
2513 4582 2632 4639 Kal.
2661 4580 2856 4636 Jan....

278 4691 492 4746 tudinis.
547 4689 687 4746 Huic
730 4692 962 4747 concilio
1000 4688 1363 4746 interfuerunt
1419 4690 1523 4762 (sic
1578 4690 1852 4761 dicebant)

276 4781 646 4853 episcoporum
673 4782 995 4855 octingenti,
1027 4789 1082 4837 et
1112 4782 1366 4837 abbatum
1398 4781 1546 4838 mille
1586 4797 1712 4838 cum
1745 4781 1858 4838 cle-

343 4915 490 4984 (96‘)
532 4914 689 4971 Nunc
707 4914 946 4982 Arnacb,
971 4914 1025 4969 in
1053 4913 1259 4970 Isnensl
1288 4913 1547 4986 capitulo,
1566 4913 1706 4969 haud
1732 4927 1856 4984 pro-

280 4986 357 5038 cul
381 5003 408 5041 a
439 4988 683 5042 Rotlsee.

342 5058 491 5126 (965)
515 5059 600 5112 Ab
621 5074 712 5115 an.
744 5060 877 5115 l026
908 5069 1084 5124 usque
1118 5054 1278 5114 1054.
1315 5056 1390 5112 De
1417 5054 1735 5110 Warmanni
1765 5071 1861 5110 au-

280 5136 381 5182 tem
429 5129 582 5185 obitu
645 5131 695 5184 in
737 5132 932 5186 itiner-:-
977 5129 1220 5182 ἔέεέξεεειιιιο
1250 5127 1381 5182 nihil
1411 5127 1643 5198 produnt
1668 5126 1859 5196 reliqui

2032 4776 2258 4832 Factum
2281 4781 2368 4828 est
2385 4781 2589 4836 autem,
2607 4673 3359 4840 tegngiltzbusﬂonradiwﬂ)
3381 4754 3549 4826 regis,

1963 4911 2018 4986 p.
2042 4909 2490 4986 928Ain._serendns
2521 4913 2623 4986 est.
2668 4973 2682 4986 ‘
2785 4982 2795 4986 Δ
2982 4966 3000 4986 Ι
3026 4967 3038 4986 ε

2038 4982 2186 5048 (968)
2215 4980 2376 5034 Forte
2406 4981 2458 5034 in
2481 4966 3276 5048 capituloetpago_l.inzgove.

2039 5038 2187 5123 (969)
2221 5049 2387 5123 Eone
2417 5038 2835 5118 Schy'ggendorl‘
2855 5038 2912 5094 et
2933 5038 3182 5110 Wangeu
3227 5038 3285 5087 in
3328 5042 3473 5099 pago
3509 5038 3565 5084 et

1966 5119 2205 5195 capitulo
2240 5119 2508 5196 Idinzgau.
2569 5186 2582 5192 _
