4010 5328
502 191 622 265 :n'

1243 201 1589 258 APPENDIX
1628 203 1719 258 AD
1758 201 2154 260 CllllONlCO.\Y
2192 203 2550 259 HERMANNI
2587 199 3001 261 CONTRACTI.
3662 197 3764 271 ’5Ῑὲ

507 329 565 374 ιιι
601 316 874 387 Eugenius
903 329 1041 386 papa
1075 314 1285 370 litteras
1314 315 1555 370 mitteret
1600 315 1873 372 Ludovico
1923 316 2089 380 Fran-
2120 322 2165 380 Λ
2196 315 2267 376 ibi
2299 315 2590 390 aliquantis
2631 316 2821 371 diebus
2848 316 3172 386 quiesceret,
3227 315 3368 371 sicut
3419 314 3613 382 fertur,
3659 323 3766 370 stu-

504 425 692 464 corum
724 408 864 478 regi;
914 407 1008 461 sed
1045 415 1100 461 et
1131 406 1504 474 Dernbardus,
1558 409 1728 464 abbas
1772 411 2089 466 monasterii

503 499 646 569 'quotl
668 497 870 552 dicitur
898 496 1239 562 Claravallis,
1266 497 1468 567 aliique
1496 499 1788 554 transirent
1821 515 1919 570 per
1963 499 2090 554 Gal-

502 586 625 652 lias,
660 597 716 643 et
762 587 1122 658 praedicarent
1161 596 1218 641 ut
1247 602 1439 642 omnes
1489 597 1596 643 tam
1647 588 1880 657 majores
1927 605 2089 659 quam

503 681 764 746 minores,
780 679 978 762 ιιιιὶυοί
1009 679 1274 735 voluntati
1301 696 1494 750 parere
1512 681 1732 746 vellent,
1759 683 1952 737 armati
1970 697 2092 753 per-

503 779 696 844 gerent
741 770 811 826 ad
842 769 1186 825 debellandos
1223 785 1482 841 paganos,
1523 779 1578 826 et
1615 771 1852 826 maxime
1902 781 2092 830 contra

502 862 913 932 sanguinarium
972 863 1260 938 quemdam
1333 871 1624 933 tyrannum
1689 863 1781 932 qui
1841 863 2090 920 Edissam

502 951 813 1020 civitatem,
851 967 973 1026 qua:
1008 952 1137 1014 olim
1175 951 1351 1025 Reges
1387 952 1690 1022 dicebatur,
1727 953 1892 1027 383
1945 955 2093 1014 inva-

500 1053 689 1110 urat,
741 1053 797 1100 et
851 1043 1196 1100 Christianos
1238 1060 1428 1099 omnes
1460 1084 1476 1110 ,
1537 1059 1674 1114 quos
1728 1028 1802 1099 ibi
1844 1029 2045 1116 reperit
2073 1089 2086 1112 ,

503 1145 601 1201 aut
651 1135 856 1190 occidit
899 1136 1073 1190 autin
1124 1135 1494 1206 captivitatem
1529 1135 1751 1206 redegit,
1789 1146 1846 1190 et
1871 1136 1962 1191 Dei
2011 1151 2094 1190 sa-

505 1241 602 1290 cra
643 1227 905 1295 praidavit
951 1235 1007 1279 et
1057 1226 1246 1296 polluit
1280 1236 1441 1296 atque
1493 1227 1710 1281 evertit.
1769 1225 1882 1282 llac
1932 1227 2095 1298 igitur

503 1316 652 1383 fama
677 1315 1015 1388 pervulgata,
1044 1315 1223 1370 factus
1249 1326 1333 1371 est
1371 1326 1552 1371 motus
1575 1332 1803 1388 magnus
1843 1318 1900 1372 in
1925 1328 2091 1384 terra,

503 1406 582 1470 ita
619 1418 677 1462 ut
714 1409 829 1478 ipse
865 1407 1150 1465 Couradus
1187 1409 1556 1477 itanianorum
1591 1425 1709 1477 rex,
1761 1420 1817 1465 et
1867 1411 2095 1466 Ludovi-

505 1512 604 1553 cus
636 1497 968 1552 Francorum
999 1515 1090 1552 rex
1120 1513 1242 1558 cum
1279 1499 1510 1562 ducibus
1530 1510 1585 1555 et
1613 1500 1904 1558 comitibus
1945 1500 2095 1556 aliis-

504 1597 612 1658 que
641 1589 958 1658 proceribus
986 1589 1190 1656 multis,
1219 1606 1342 1647 cum
1365 1591 1684 1662 populorum
1713 1591 1923 1657 infinita
1951 1593 2092 1646 mul-

505 1679 742 1744 t'tudine
764 1695 830 1735 ex
855 1681 1085 1736 diversis
1121 1681 1453 1751 regionibus,
1498 1684 1592 1738 sed
1621 1692 1676 1737 et
1703 1699 1770 1738 ex
1823 1693 2094 1739 monaste-
2126 1685 2167 1742 Β

504 1771 604 1834 riis
629 1787 791 1842 quam
823 1770 1041 1841 plurimi
1086 1788 1144 1832 se
1197 1773 1426 1839 Domino
1480 1771 1758 1845 oﬁ‘erreut,
1808 1782 1863 1829 et
1915 1782 2096 1829 mente

503 1865 699 1917 devota
725 1871 890 1934 atque
933 1864 1336 1934 promptissima
1375 1881 1434 1922 se
1481 1881 1688 1936 suaque
1712 1865 1778 1922 ad
1811 1865 1914 1923 hoc
1967 1873 2098 1922 tunc

503 1953 904 2009 studiosissime
935 1965 1330 2024 praepararent.

581 2044 947 2100 l’errexerunt
975 2047 1141 2117 igitur
1171 2047 1389 2113 armati,
1415 2048 1692 2112 exercitus
1724 2048 1972 2104 infinitus
2011 2047 2095 2101 ni-

503 2136 630 2205 tnis,
655 2153 752 2206 per
772 2137 1104 2204 Pannoniam
1135 2150 1191 2194 et
1215 2139 1526 2210 Bulgariam
1548 2140 1761 2206 silvam,
1795 2150 1848 2195 et
1877 2141 2096 2214 copiosa

501 2229 726 2298 navium
751 2229 1094 2285 multitudine
1117 2247 1214 2300 per
1255 2231 1576 2298 Danubium,
1610 2233 1954 2301 portantibus
1975 2233 2092 2303 (sic)

505 2322 983 2393 armaetquaalibet
996 2325 1321 2378 necessaria.
1337 2323 1580 2394 Cumque
1595 2325 1868 2380 venissent
1883 2325 1934 2378 in
1946 2324 1986 2379 (ἓ
1997 2341 2096 2378 ra:-

502 2415 668 2483 ciam,
694 2415 994 2476 honorifice
1015 2416 1250 2485 suscepti
1274 2425 1402 2469 sunt
1428 2433 1457 2468 a
1487 2430 1614 2484 rege
1655 2415 1994 2480 Graecorum,
2041 2423 2099 2472 et

503 2504 680 2578 ipsius
705 2505 906 2571 ducatu
933 2506 1176 2576 perducti
1204 2515 1330 2560 sunt
1363 2507 1416 2560 in
1441 2521 1683 2563 eretuum
1710 2507 2092 2573 vastissimam,

502 2590 568 2654 ut
593 2600 865 2665 venirent,
910 2599 1051 2654 sicut
1099 2609 1442 2668 putaverunt,
1493 2600 1560 2653 ad
1617 2608 1789 2657 terras
1833 2599 2093 2669 gentium.

501 2693 675 2767 igitur
699 2707 825 2748 cuin
854 2692 1086 2762 quadam
1114 2693 1201 2747 die
1227 2702 1407 2746 castra
1440 2701 1704 2760 ponerent
1735 2691 1784 2748 iu
1814 2691 1932 2754 loco
1961 2706 2096 2766 quo.

504 2787 629 2842 dam
677 2786 770 2842 ubi
801 2785 958 2841 vallis
985 2794 1105 2840 erat
1134 2786 1279 2846 inter
1306 2800 1420 2852 eos,
1451 2785 1632 2853 ibique
1659 2783 1783 2838 lixis
1836 2785 2094 2840 tentoriis

504 2874 641 2942 fessi
680 2879 1105 2950 requiescerent,
1162 2890 1290 2932 ecce
1343 2875 1525 2931 subito
1571 2876 1897 2944 intempesta
1938 2884 2096 2941 nocte

504 2969 656 3024 venit
676 2967 962 3023 inundatio
985 2967 1333 3032 maxima,et,
1347 2982 1680 3036 qua:eunque
1705 2966 1759 3020 iu
1779 2966 1921 3022 valle.
1943 2981 2096 3037 repe-

507 3064 600 3128 rit,
633 3060 776 3118 idern
807 3070 1022 3124 torrens
1046 3063 1342 3118 vehemens
1376 3062 1428 3116 in
1453 3077 1602 3116 mare
1627 3062 1952 3116 transduxit.
1982 3061 2094 3116 Hoc

505 3154 743 3220 primum
801 3152 1154 3217 infortunium
1213 3161 1399 3222 postea
1467 3151 1801 3207 diversarum
1859 3150 2094 3208 cladium

507 3251 818 3312 portentum
853 3240 976 3297 fuit.
1010 3241 1142 3296 Nam
1187 3257 1313 3303 cum
1359 3242 1594 3311 primum
1644 3241 1698 3294 in
1749 3239 1846 3296 Dei
1901 3241 2095 3297 timore

509 3318 790 3392 humiliter
811 3341 865 3388 et
892 3331 1119 3404 pacilice
1142 3341 1446 3402 pergerent,
1483 3341 1681 3387 cuncta
1707 3331 1788 3386 eis
1830 3346 2093 3400 prospera

508 3424 867 3488 obvenerunt.
903 3423 974 3487 At
1005 3440 1134 3478 vero
1160 3433 1346 3494 postea
1374 3439 1494 3478 cum
1523 3423 1653 3479 elati
1683 3425 1736 3477 in
1784 3424 2094 3493 superbiam

507 3515 716 3586 rapinis
771 3516 1036 3572 inservire
1062 3517 1376 3586 cmpisseut,
1425 3515 1655 3569 diversis
1679 3515 1926 3570 cladibus
1965 3530 2095 3570 con-

506 3609 709 3677 sumpti
737 3615 887 3662 sunt.
920 3606 1052 3677 Nam
1083 3622 1204 3662 cum
1234 3623 1331 3677 per
1363 3607 1638 3664 desertum
1688 3614 1994 3676 pergerent,
2040 3616 2095 3662 et

507 3712 788 3764 escasnon
823 3698 1315 3763 invenirent,multi
1346 3698 1487 3753 fame
1513 3698 1812 3767 perierunt,
1837 3697 1950 3764 alii,
1979 3698 2095 3754 iue-

511 3787 601 3852 dia
632 3787 965 3852 laborantes,
995 3806 1022 3842 a
1055 3789 1281 3859 paganis
1303 3797 1396 3842 aut
1419 3789 1708 3860 perempti,
1732 3797 1826 3851 aut
1850 3790 1901 3843 iu
1925 3791 2094 3859 capti-

505 3880 729 3936 vitatem
763 3882 968 3937 redacti
1015 3882 1396 3951 disperierunt,
1445 3881 1663 3950 quidam
1709 3897 1925 3950 quoque
1980 3881 2093 3950 glo-

508 3973 654 4026 rioso
686 3975 945 4044 martyrio
991 3971 1234 4028 coronati
1287 3981 1432 4027 sunt.
1476 3973 1589 4027 Rex
1649 3989 1774 4028 vero
1813 3974 2092 4029 Conradus

501 4075 632 4116 cum
665 4061 872 4117 videret
903 4065 1049 4131 quod
1081 4063 1154 4116 nil
1207 4079 1319 4116 sua:
1355 4063 1624 4118 voluntati
1677 4063 1940 4132 perlicere
1991 4080 2088 4133 po-

506 4154 738 4218 tuisset,
788 4169 1037 4210 reversus
1086 4164 1169 4210 est
1222 4154 1740 4223 Constantinopolim
1788 4155 1854 4207 ad
1908 4169 2088 4224 regem

505 4248 843 4318 Gnecornm,
874 4261 930 4306 et
968 4251 1036 4305 ab
1062 4252 1177 4320 ipso
1202 4251 1439 4305 directus
1465 4257 1547 4305 est
1571 4250 1787 4319 navigio
1815 4264 1911 4317 per
1941 4264 2090 4304 mare

2195 417 2349 478 prata
2381 407 2499 475 ejus
2531 422 2697 462 uxore
2724 423 2756 461 a
2780 408 3023 478 principe
3047 407 3300 472 civitatis,
3329 407 3496 479 385
3538 408 3653 479 ipse
3680 425 3768 462 rex

2190 513 2312 553 cum
2343 498 2530 567 paucis
2560 498 2649 552 vix
2674 497 2868 562 evasit,
2911 506 2967 552 et
2989 499 3056 552 ad
3085 499 3390 553 Conradum
3437 513 3642 569 regem,
3680 500 3770 567 qui

2191 597 2319 643 tunc
2345 589 2485 660 apud
2514 589 2760 642 Acearon
2801 589 3134 653 morabatur,
3185 589 3452 660 pervenit,
3487 605 3519 643 ι
3547 605 3656 657 quo
3685 590 3771 643 be.

2191 680 2354 750 nigne
2385 689 2653 748 receptus,
2686 694 2751 734 ac
2779 687 2968 750 postea
2995 679 3150 740 uxori
3181 678 3247 739 ad
3275 695 3335 735 se
3359 679 3660 737 revertenti
3691 694 3769 736 re-

2189 771 2509 831 conciliatus
2533 779 2637 830 est.

2879 863 2907 936 θ
2946 861 3083 921 xw.

2261 956 2389 1011 Post
2421 957 2536 1013 haec
2555 955 2837 1011 Conradus
2867 970 2959 1008 rex
2997 971 3120 1011 cum
3162 955 3331 1010 multo
3359 955 3608 1012 exercitu
3656 954 3774 1010 Ilico

2192 1047 2521 1116 rosolymam
2551 1047 2733 1116 petiit,
2763 1056 2818 1101 et
2846 1061 2877 1100 a
2907 1059 3033 1117 rege
3059 1055 3223 1116 atque
3245 1047 3392 1102 clero
3421 1047 3570 1102 illius
3591 1047 3774 1102 civitao

2193 1140 2262 1192 tis
2295 1135 2684 1191 ollieiosissime
2722 1147 3008 1207 susceptus
3048 1145 3152 1192 est.
3216 1137 3317 1204 Qui
3359 1137 3543 1194 statim
3609 1137 3776 1192 edixit

2192 1230 2590 1298 expeditionem
2615 1244 2922 1284 suamcum
2955 1229 3168 1288 duobus
3211 1232 3435 1301 regibus
3479 1239 3536 1286 et
3592 1246 3776 1286 eorum

2192 1325 2524 1384 exercitibus
2549 1333 2740 1380 contra
2772 1323 3116 1387 Damascum,
3175 1340 3340 1394 quam
3390 1339 3516 1380 cum
3561 1325 3776 1378 obsideo

2195 1429 2338 1484 rent,
2363 1416 2547 1487 etiam
2571 1417 2928 1486 expugnanda
2971 1424 3117 1470 esset
3168 1417 3382 1483 civitas,
3432 1416 3528 1470 Dei
3561 1415 3774 1479 milites,

2193 1511 2432 1580 corrupti
2470 1509 2698 1579 pecunia
2743 1509 2811 1562 ab
2863 1508 2949 1562 bis
2978 1509 3068 1578 qui
3116 1509 3262 1564 intus
3313 1517 3491 1573 erant,
3539 1507 3775 1562 abduxeo

2194 1609 2320 1654 runt
2341 1599 2640 1654 exercitum
2673 1607 2728 1652 et
2755 1598 3000 1652 abierunt
3039 1599 3226 1654 inacti.

2268 1693 2324 1747 Ιιι
2355 1693 2454 1747 liae
2481 1691 2818 1760 profectione
2845 1693 3066 1761 quidam
3088 1691 3154 1746 de
3175 1692 3291 1746 loco
3320 1701 3510 1746 nostro
3555 1691 3777 1761 profecti

2194 1784 2370 1842 adhuc
2401 1781 2623 1836 minime
2663 1781 2958 1840 redierunt.
3013 1781 3160 1838 illiilli
3217 1792 3394 1843 autem
3449 1782 3780 1837 Christiana

2195 1895 2312 1934 rum
2343 1879 2434 1948 qui
2467 1894 2495 1931 εὶ
2548 1879 2770 1946 paganis
2799 1878 2992 1946 captivi
3026 1877 3242 1932 abducti
3273 1875 3511 1939 fuerant,
3564 1877 3634 1929 ab
3684 1875 3779 1928 Ar-

2194 1969 2370 2023 menis
2395 1968 2512 2037 (sic)
2540 1967 2714 2037 pretio
2741 1967 3003 2036 redempti
3033 1977 3160 2021 sunt
3181 1977 3236 2021 ct
3261 1967 3314 2020 in
3343 1966 3578 2038 patriam
3609 1965 3782 2021 redire

2194 2058 2465 2127 pernussb

2861 2147 2889 2220 θ
2931 2145 3089 2202 xvii.

2265 2241 2434 2310 Igitur
2458 2239 2737 2295 Conradus
2775 2239 2880 2294 dux
2907 2242 2974 2294 de
2996 2238 3254 2308 Zariugin
3293 2238 3441 2307 (97‘)
3469 2238 3774 2310 designavit

2195 2347 2256 2387 se
2291 2348 2413 2386 cum
2439 2331 2558 2385 aliis
2604 2331 2924 2393 innumeris,
2976 2329 3174 2400 quibus
3206 2328 3336 2383 illud
3384 2329 3510 2395 iter,
3565 2330 3634 2384 de
3679 2344 3784 2398 quo

2190 2425 2300 2495 jam
2327 2423 2630 2486 retulimus,
2656 2421 3008 2486 laboriosum,
3037 2420 3211 2475 visum
3241 2429 3344 2485 est,
3378 2430 3438 2474 ut
3463 2430 3520 2475 et
3565 2421 3667 2489 ipsi
3692 2436 3784 2490 per

2197 2518 2487 2572 Saxoniam
2515 2525 2804 2586 pergerent
2834 2527 3024 2571 contra
3062 2515 3182 2570 illos
3231 2528 3468 2584 paganos
3510 2513 3604 2582 qui
3639 2522 3785 2567 trans

2193 2607 2388 2662 llumen
2437 2607 2572 2660 Alba
2618 2605 2820 2678 [Μῦες.
2872 2605 2992 2676 Elb]
3034 2605 3238 2660 dictum
3295 2603 3619 2658 consistunt.
3673 2603 3787 2669 Quo

2194 2715 2320 2753 cum
2378 2699 2798 2768 pervenissent,
2852 2699 3178 2753 invenerunt
3224 2707 3426 2752 terram
3474 2696 3677 2750 inviam
3735 2704 3786 2749 et

2194 2790 2349 2844 valde
2375 2805 2656 2858 aquosam,
2719 2798 2775 2842 et
2826 2789 3112 2858 paludibus
3160 2787 3396 2856 plenam,
3450 2784 3788 2840 habitatores

2195 2896 2328 2936 vero
2351 2880 2493 2935 illius
2518 2889 2677 2934 terrai
2715 2894 2820 2932 non
2872 2878 3033 2933 simul
3087 2885 3515 2940 commorautes,
3561 2875 3658 2930 sed
3709 2876 3790 2929 di-.

2197 2987 2414 3042 spersos
2441 2972 2516 3025 ita
2565 2980 2624 3024 ut
2653 2987 2761 3026 non
2789 2970 2947 3028 facile
2979 2971 3210 3025 inveniri
3247 2979 3488 3040 possent.
3563 2968 3790 3022 Exerci-

2120 3033 2166 3095 C
2199 3073 2284 3118 tus
2315 3079 2444 3134 ergo
2486 3063 2944 3128 Christianorum,
2986 3062 3291 3132 ignorantia
3346 3061 3592 3115 locorum
3625 3068 3789 3114 exuc—

2197 3155 2400 3230 diatus,
2419 3155 2536 3210 sine
2567 3155 2747 3233 aliquo
2771 3169 2953 3211 rerum
2974 3153 3165 3212 ell‘ectu
3197 3168 3450 3213 reversus
3477 3161 3585 3208 est.

2861 3243 2888 3318 §
2924 3244 3108 3301 xvut.

2268 3339 2372 3393 Per
2409 3337 2550 3392 idem
2601 3347 2812 3408 tempus
2855 3353 2977 3392 cum
3009 3336 3397 3390 Waltrammus
3434 3336 3585 3406 (975)
3617 3333 3788 3388 abbas

2197 3433 2339 3502 apud
2365 3431 2652 3486 V’isbinum
2698 3431 2863 3484 multa
2921 3430 3059 3484 bona
3091 3439 3347 3498 operatus
3394 3439 3562 3494 esset,
3611 3428 3784 3482 visum

2197 3526 2405 3597 amisit,
2437 3534 2492 3584 et
2515 3526 2580 3579 ad
2613 3523 3004 3579 monasterium
3038 3535 3285 3580 nostrum
3313 3540 3568 3580 reversus
3612 3524 3785 3577 visum

2195 3619 2593 3674 medicamento
2623 3618 2852 3686 ret-cpit,
2881 3619 3007 3673 etin
3043 3619 3177 3672 bona
3201 3618 3613 3672 conversatione
3636 3616 3786 3670 deiu-

2195 3725 2323 3780 ccps
2358 3712 2409 3764 in
2439 3712 2858 3782 congregatione
2911 3711 3232 3780 permansit,
3284 3727 3347 3764 ac
3378 3709 3596 3763 demum
3630 3709 3787 3766 beato

2195 3804 2302 3858 line
2331 3803 2555 3873 quievit.

2884 3892 2913 3963 ς
2956 3891 3094 3945 xnx.

2265 3985 2420 4038 Anno
2443 3985 2508 4038 ab
2527 3969 2800 4039 Incaruat.
2828 3982 2981 4036 Dom.
3011 3998 3189 4045 item,
3212 3981 3422 4037 Gebino
3451 3980 3625 4035 abbas
3645 3981 3785 4050 apud

2194 4076 2556 4147 Waginbusin
2609 4075 2759 4146 (976)
2807 4074 3014 4129 diutina
3068 4074 3384 4127 inﬁrmitate
3428 4073 3781 4127 detentus...

2194 4181 2314 4221 cum
2339 4165 2452 4230 jam
2481 4165 2728 4219 obiturus
2755 4174 2920 4228 esset,
2951 4172 3246 4218 convocata
3273 4162 3472 4215 familia
3499 4162 3781 4230 indulgen-

2195 4257 2324 4310 tiam
2367 4255 2446 4312 eis
2475 4255 2705 4324 optavit,
2729 4263 2863 4308 etut
2903 4253 3007 4323 ipsi
3050 4251 3155 4312 sibi
3207 4251 3458 4319 similiter
3515 4251 3778 4316 facerent,

505 4339 956 4413 Hierosolymam.
986 4341 1180 4396 Frater
1210 4351 1392 4396 autem
1420 4341 1564 4410 regis
1593 4340 1720 4396 Otto
1774 4340 2088 4411 Frisingcn-
2116 4385 2168 4444 Β
2196 4346 2491 4416 rogavit...

505 4433 584 4488 sis
638 4431 922 4501 cpiscopus
970 4431 1079 4500 jam
1123 4433 1329 4501 pridem
1388 4440 1682 4486 recesserat
1730 4431 1795 4484 ab
1844 4432 2087 4486 exercitu

505 4525 600 4594 qui
634 4539 813 4595 regem
843 4525 1188 4597 sequebatur,
1227 4534 1279 4578 ct
1307 4523 1516 4578 volebat
1551 4538 1648 4592 per
1692 4523 1895 4593 regiam
1944 4523 2087 4578 viam

503 4617 739 4670 transire
770 4612 1220 4686 Hierosolymam,
1262 4625 1460 4670 etcum
1491 4614 1584 4670 illo
1626 4615 1693 4668 de
1728 4616 1969 4670 exercitu
2021 4618 2090 4670 ad

502 4723 610 4760 xxx
641 4706 808 4761 millia
840 4715 1195 4766 armatorum.
1230 4705 1294 4773 Et
1325 4705 1408 4768 bis
1429 4719 1558 4774 ergo
1581 4719 1908 4774 paganorum
1928 4720 2086 4776 exere

505 4799 645 4870 citus
666 4798 1002 4870 supervenit,
1029 4811 1229 4878 eosque
1259 4811 1398 4865 pene
1420 4810 1612 4871 omnes
1636 4795 1930 4862 interemit.

746 4880 750 4886 '
1154 4879 1382 4959 ἐμίν.

578 4979 688 5035 Rex
722 4994 936 5050 quoque
965 4964 1298 5034 Francorum
1326 4976 1631 5038 Ludovicus
1653 4995 1775 5046 cum
1824 4994 1991 5037 uxore
2037 4987 2090 5034 et

503 5069 672 5124 multa
701 5069 997 5140 ambitione
1023 5069 1348 5138 sequestrati
1393 5084 1515 5126 eum
1550 5085 1648 5124 suo
1675 5071 1916 5125 exercitu
1961 5086 2086 5138 per-

504 5165 666 5226 texit,
692 5176 978 5232 quousque
1005 5161 1350 5218 Antiochiam
1381 5163 1656 5218 civitatem
1686 5164 1953 5232 pervenit.
2009 5164 2084 5221 lbi

504 5270 533 5328 ιι
557 5255 800 5324 principe
826 5249 1061 5306 civitatis
1087 5249 1382 5317 honorifice
1402 5261 1484 5312 est
1507 5264 1808 5324 susceptus,
1859 5263 1914 5310 et
1961 5269 2082 5323 cum

2899 4433 2926 4504 ς
2965 4431 3084 4488 xx.

2268 4528 2431 4599 385
2483 4527 2641 4593 Anno
2679 4539 2864 4590 ICth,
2896 4524 3245 4579 Burtzbardus
3270 4525 3337 4578 de
3395 4523 3565 4577 Husiu
3625 4524 3780 4584 obiit,

2191 4628 2245 4672 et
2265 4619 2524 4686 praediqu
2555 4630 2710 4670 suum
2742 4614 2883 4683 quod
2915 4615 3054 4682 apud
3085 4613 3452 4684 Birihttlingin
3507 4612 3658 4682 (977)
3693 4613 3783 4665 ba-

2191 4709 2308 4764 buit
2334 4707 2665 4767 monasterio
2685 4705 2996 4770 dereliquit.

2886 4798 2912 4869 §
2957 4797 3094 4851 XXI.

2265 4894 2422 4946 Auno
2479 4907 2682 4957 νειμ,
2755 4889 3123 4944 venundatum
3179 4897 3261 4942 est
3311 4887 3572 4957 [medium
3639 4886 3780 4954 «μιοά

2193 4984 2576 5038 immasterium
2609 4982 2870 5036 habuerat
2903 4981 2954 5032 in
2980 4978 3107 5035 villa
3135 4994 3255 5048 qua:
3284 4980 3483 5034 dicitur
3515 4979 3778 5049 lleiggou,

2193 5074 2338 5146 (9'18)
2366 5073 2643 5143 sexaginta
2675 5071 2960 5132 talentis...

2268 5166 2468 5225 Eodem
2516 5180 2656 5219 anno
2687 5163 2876 5226 venale
2927 5164 3128 5218 factum
3181 5171 3266 5224 est
3314 5162 3575 5232 prtedium
3636 5160 3780 5234 quod

2193 5256 2581 5312 monasterium
2605 5253 2661 5310 Β.
2686 5253 2904 5324 Georgii
2929 5253 3031 5320 ‘M.,
3061 5253 3205 5323 quod
3231 5253 3396 5307 situm
3417 5261 3502 5306 est
3531 5252 3584 5305 in
3619 5250 3779 5321 Nigra
