4010 5328
254 144 334 206 373

1084 139 1485 201 CIIRONICON
1527 139 2163 201 PETEIISIIUSANUM.
2204 171 2275 184 —-
2303 140 2432 198 LIB.
2471 142 2559 199 Vl.

3379 139 3484 195 ΞΠ

255 259 392 324 Slva,
419 250 651 313 habebat
676 251 731 308 iu
754 249 880 306 villa
908 248 1261 308 Miminhusin
1289 250 1455 307 dicta.
1481 249 1623 322 Ergo
1664 265 1802 321 quo-
1828 264 1875 321 Α
1903 252 2015 308 sive
2036 252 2251 317 novitcr
2269 252 2485 309 fuerant
2510 252 2771 310 fabricata
2796 251 2881 311 vel
2919 260 3268 326 congregata,
3324 253 3496 309 abbas

253 352 369 415 niam
392 352 633 402 nostrum
660 340 1054 399 monasterium
1085 340 1141 397 iu
1169 340 1359 397 eadem
1389 338 1515 395 villa
1537 339 1800 410 prmdium

252 441 472 505 habebat,
496 435 640 508 quod
665 435 715 491 ei
741 434 1009 490 Geroldus
1034 434 1191 489 bonae
1214 433 1493 490 memoria:
1526 433 1800 502 quondam

212 584 215 589 .
249 531 438 588 dederat
462 542 583 583 cum
609 540 672 582 se
693 525 810 597 ipso
839 533 896 579 et
924 523 1046 580 aliis
1067 524 1285 595 praediis
1310 524 1448 590 suis,
1483 522 1611 578 [tuti
1657 522 1804 579 scili-

248 632 338 688 cet,
362 630 414 676 et
443 617 908 686 Efkirchisvvilare
930 610 1095 687 atque
1118 615 1385 683 Nivviron,
1433 615 1637 671 idcirco
1691 623 1806 671 toto

245 717 347 771 uisu
376 711 644 768 nitebatur
674 717 732 763 ut
760 718 814 763 et
836 707 939 762 hoc
969 707 1299 777 acquireret.
1323 706 1402 762 Ea
1425 707 1491 762 de
1526 721 1585 761 re
1600 706 1804 763 factum

243 816 391 866 estut
421 803 618 869 tabula,
643 817 767 873 qua:
810 801 865 856 iu
897 800 1183 872 principali
1234 799 1396 855 altari
1453 798 1513 855 8.
1559 797 1806 870 Gregorii

244 916 300 956 ex
322 895 555 954 orientali
582 894 755 949 latere
782 902 973 948 contra
999 891 1227 947 chorum
1279 890 1527 962 apposita
1576 899 1720 958 erat,
1749 897 1805 946 et

245 998 347 1047 erat
364 1000 484 1042 auro
511 964 818 1055 efgettttttis
844 982 1225 1038 decentissime
1252 991 1530 1053 cooperta,
1561 997 1694 1038 auro
1716 996 1810 1037 nu-

242 1080 503 1134 dare-tur...
532 1073 702 1145 Igitur
728 1074 831 1129 hoc
860 1087 1015 1138 auro,
1043 1072 1189 1142 quod
1212 1071 1279 1126 de
1299 1072 1414 1143 jam
1445 1072 1591 1128 dicta
1616 1071 1804 1127 tabula

242 1177 493 1239 sumptum
518 1173 622 1233 est,
649 1173 1028 1235 comparatum
1071 1171 1155 1219 est
1204 1164 1465 1235 praedium
1512 1162 1655 1233 apud
1704 1161 1807 1218 Mi-

240 1256 513 1321 minhusin,
526 1255 666 1326 quod
680 1252 944 1309 habuerat
959 1251 1071 1308 illic
1086 1253 1473 1308 monasterium
1494 1251 1553 1308 S.
1570 1251 1809 1323 Georgii.

238 1347 443 1418 Insuper
480 1345 662 1400 datum
689 1354 771 1400 est
804 1359 903 1414 pro
932 1358 998 1400 eo
1028 1344 1292 1415 praedium
1336 1342 1480 1415 quod
1522 1343 1811 1399 habuimus

238 1439 640 1512 apulAsilheim
683 1439 860 1506 (979),
909 1437 1052 1509 quod
1100 1437 1324 1492 dederat
1375 1437 1650 1505 quondam
1702 1436 1808 1491 dux

238 1531 488 1591 Bertolfus
513 1531 580 1587 de
603 1530 885 1602 Zaringiu,
913 1529 1085 1584 frater
1103 1527 1413 1585 Gebehardi
1438 1527 1677 1600 episcopi
1719 1526 1808 1594 ΙΙΙ,

235 1643 327 1701 pro
355 1626 577 1698 hospitio
604 1624 874 1681 violenter
896 1624 1039 1693 apud
1064 1638 1166 1678 nos
1195 1632 1433 1693 sumpto.

538 1715 566 1789 ᾗ
608 1713 775 1770 XXII.
806 1714 883 1769 De
904 1712 1146 1769 incendio
1175 1712 1497 1768 monasterii.

297 1805 457 1877 Igitur
480 1803 738 1875 cumjam
770 1804 1030 1859 inusitato
1078 1803 1241 1859 modo
1295 1804 1363 1859 ab
1407 1802 1555 1859 omni
1603 1801 1806 1866 debito,

230 1895 465 1968 quamvis
484 1909 606 1952 cum
630 1892 827 1967 grandi
861 1893 1083 1962 damno,
1120 1892 1355 1948 absoluti
1386 1901 1592 1960 essent,
1616 1900 1674 1947 et
1699 1899 1809 1947 tam

229 1988 378 2045 locus
409 2002 566 2058 quam
611 1986 1007 2042 monasterium
1052 1985 1257 2057 optime
1312 1984 1587 2041 excultum
1641 1994 1811 2052 esset,

227 2080 416 2136 accidit
445 2078 586 2134 sicut
608 2078 874 2148 scriptum
898 2087 1022 2133 est:
1063 2095 1082 2128 ι
1104 2076 1244 2132 Ante
1276 2077 1490 2132 ruinam
1538 2075 1810 2134 exaltabi-

225 2177 312 2223 tur
336 2182 426 2222 cor
451 2164 634 2237 (Prov.
658 2181 770 2232 xtv,
806 2166 917 2235 l2).
956 2188 971 2216 ι
1008 2166 1139 2221 Erat
1166 2166 1366 2238 quippe
1385 2164 1612 2222 aedicula
1656 2166 1811 2220 inlir-

224 2258 403 2314 tnaria:
423 2258 722 2322 adhazrens,
752 2257 806 2312 in
830 2273 936 2327 qua
962 2256 1227 2321 caminus,
1256 2260 1311 2311 et
1352 2257 1508 2328 juxta
1535 2257 1812 2313 caminum

223 2364 291 2405 ex
318 2358 540 2421 utraque
570 2358 727 2420 parte
758 2356 1055 2405 stramenta
1082 2349 1135 2403 in
1165 2348 1364 2417 quibus
1415 2346 1618 2405 fratres
1661 2364 1814 2404 recu-

224 2440 483 2497 hebant...
516 2440 593 2496 lbi
615 2440 799 2510 itaque
828 2441 982 2511 pueri
1007 2440 1323 2497 monasterii
1373 2440 1550 2512 ignem
1599 2441 1815 2496 incaute

228 2530 607 2599 accendentes,
636 2530 780 2601 ignis
802 2539 1102 2587 stramenta
1155 2529 1314 2600 juxta
1368 2530 1543 2600 posita
1590 2531 1810 2598 invasit,

224 2630 279 2676 et
300 2621 356 2677 in
386 2630 656 2679 momento
693 2629 867 2677 totum
894 2622 1135 2692 pervasit
1166 2622 1579 2684 monasterium.
1627 2621 1813 2676 basili-

227 2698 343 2783 cam
367 2728 574 2784 quoque
606 2712 668 2770 8.
699 2711 947 2784 Gregorii
972 2720 1026 2769 et
1054 2713 1234 2768 omnia
1268 2711 1427 2767 simul
1458 2711 1685 2767 aedificia
1707 2729 1815 2769 mo-

228 2806 439 2860 nasterii
468 2805 686 2861 ﬂamma
713 2805 1121 2875 consumpsit...
1152 2803 1300 2877 (980)
1326 2803 1593 2859 Sacristia
1630 2814 1810 2858 tamen

232 2893 746 2971 386etlihrorum
807 2895 1193 2967 repositorium
1241 2896 1325 2949 vix
1380 2903 1656 2949 reservata
1688 2903 1814 2950 sunt

1902 346 2185 403 Conradus
2242 357 2299 403 et
2352 346 2718 403 llerimannus
2772 347 2921 419 prior
2967 356 3358 420 consurgentes
3404 360 3495 403 ac.
3592 350 3597 356 ’

1903 441 2192 496 cinxerunt
2220 455 2281 496 se
2308 422 2540 495 viriliter
2582 438 2650 495 ad
2708 438 3177 501 restaurationem
3208 439 3493 509 praedicta-

1905 544 2025 584 rum
2056 545 2261 587 rerum.
2292 529 2359 585 Et
2386 529 2711 599 adjuveruut
2746 542 2840 584 eos
2892 528 3088 600 reliqui
3131 528 3353 596 fratres,
3404 530 3495 585 alii

1904 619 2124 690 quidem
2152 634 2321 676 onera
2349 618 2613 690 portando
2636 635 2758 674 cum
2785 618 3169 688 exsultatione,
3198 612 3317 675 'alii
3368 637 3498 677 vero

1909 710 2156 782 regiones
2184 710 2577 767 circumeundo
2611 726 2736 765 cum
2767 720 3083 767 sanctorum
3132 710 3398 783 reliquiis,
3441 702 3499 768 et

1907 803 2140 874 petendo
2165 810 2274 858 tam
2300 802 2498 859 divites
2527 818 2689 873 quam
2719 802 3072 875 pauperiores
3097 803 3401 859 subsidium
3424 806 3496 861 ad

1912 896 2370 953 instaurationem
2399 884 2652 951 incendio
2679 895 2984 965 consumpti
3018 894 3359 950 monasterii.
3416 896 3497 951 Ex

1911 987 2004 1043 tali
2038 1003 2170 1061 ergo
2189 986 2480 1044 collatione
2512 995 2794 1058 coeperunt
2816 984 3087 1042 aediﬁcare
3106 987 3357 1056 primitus
3381 988 3502 1057 qui-

1909 1077 2032 1133 dem
2064 1077 2370 1134 habitacula
2398 1077 2632 1143 abbatis,
2664 1079 2801 1134 duas
2852 1076 3090 1149 capellas
3126 1093 3288 1132 unam
3339 1093 3502 1148 super

1910 1167 2165 1233 alteram,
2196 1168 2533 1237 superiorem
2561 1168 2780 1238 quidem
2808 1167 2863 1223 in
2908 1168 3115 1224 honore
3172 1169 3230 1224 8.
3280 1167 3499 1223 Martini

1902 1266 1964 1323 [et
1988 1257 2046 1315 S.
2078 1256 2348 1324 Oswaldi;
2384 1256 2700 1313 inferiorem
2733 1273 2864 1313 vero
2888 1257 2940 1311 in
2971 1258 3179 1314 honore
3228 1257 3289 1313 8.
3322 1257 3503 1313 Mariae

1909 1347 2258 1418 Magdalenae,
2288 1357 2343 1403 et
2372 1347 2429 1405 S.
2457 1347 2607 1403 Fidis
2632 1349 2768 1418 virg.
2791 1356 2846 1403 et
2891 1357 3054 1402 mart.
3117 1347 3395 1403 Dedicatio
3441 1347 3499 1403 8.

1910 1436 2060 1493 F.dis
2082 1436 2453 1507 perseveravit
2478 1438 2616 1494 sicut
2647 1437 2798 1506 prius
2820 1444 2939 1492 erat
2978 1452 3008 1492 ι
3033 1435 3151 1491 Kal.
3180 1437 3336 1503 Dec.,
3367 1453 3503 1507 quo-

1911 1533 2055 1588 niam
2082 1531 2213 1586 illud
2240 1532 2410 1587 altare
2434 1531 2704 1601 integrum
2736 1539 3012 1601 repertum
3041 1541 3148 1597 est,
3170 1540 3226 1586 et
3258 1529 3329 1585 ibi
3370 1547 3498 1602 age-

1837 1610 1880 1669 Β
1908 1624 2107 1680 bantur
2141 1624 2317 1682 divina
2348 1623 2549 1679 officia.

2574 1759 2602 1831 ς
2646 1758 2836 1815 XXIV.

1982 1875 2348 1932 AZditicabant
2377 1889 2591 1944 quoque
2617 1875 2723 1929 duo
2750 1873 3061 1943 refectoria,
3117 1891 3282 1931 unum
3341 1891 3506 1946 super

1912 1967 2169 2031 alterum,
2192 1975 2247 2020 et
2269 1964 2580 2034 coquinum,
2601 1952 2664 2020 et
2691 1964 2998 2030 cellarium,
3031 1974 3086 2021 et
3121 1966 3385 2030 torcular,
3408 1980 3502 2021 ca-

1913 2057 2250 2114 Icfactorium
2279 2072 2494 2127 quoque
2522 2065 2577 2112 et
2610 2055 2990 2123 infirmat-iam,
3022 2066 3078 2112 et
3122 2058 3386 2131 capellam
3437 2057 3497 2113 8.

1913 2152 2117 2218 Mat-ite,
2151 2150 2444 2221 capitulum
2496 2164 2714 2220 quoque
2759 2158 2923 2222 atque
2972 2150 3369 2207 dormitorium.
3419 2152 3503 2206 Ad

1913 2245 2017 2299 hoc
2065 2244 2248 2313 itaque
2303 2243 2721 2298 combusserunt
2770 2243 2975 2298 calcem
3034 2258 3235 2316 magno
3288 2251 3503 2315 sumptt'

1906 2332 2060 2404 juxta
2097 2333 2371 2405 Tettingin
2397 2333 2448 2388 in
2480 2332 2639 2398 silva,
2689 2342 2741 2387 ct
2774 2348 3031 2404 magnum
3083 2333 3356 2405 liquaneu
3393 2347 3510 2386 ma-

1914 2440 2140 2497 gnarum
2171 2424 2404 2479 trabium
2436 2431 2493 2477 et
2540 2422 2772 2477 aliorum
2829 2422 3098 2494 lignorum
3146 2422 3510 2479 conciderunt

1917 2513 1969 2570 in
1992 2515 2124 2570 silva
2160 2514 2313 2584 juxta
2355 2514 2717 2585 Brigantium,
2765 2515 2909 2585 quod
2968 2513 3311 2570 adduxerunt
3360 2514 3509 2585 plus-

1915 2620 2074 2676 quam
2105 2603 2490 2675 quinquaginta
2521 2604 2752 2672 rcmigcs
2782 2602 3067 2672 perlatum
3119 2611 3372 2674 stagnum
3420 2620 3508 2658 us-

1915 2712 2020 2769 que
2042 2697 2106 2750 ad
2140 2709 2255 2749 nos.
2288 2693 2612 2748 Monasteria
2659 2708 2876 2763 quoque
2906 2692 3012 2749 alia
3063 2692 3332 2748 miserunt
3381 2708 3507 2747 cum

1915 2788 2055 2844 bona
2108 2785 2385 2841 voluntate
2433 2800 2527 2839 sua
2592 2785 2767 2850 dona,
2832 2783 3248 2853 Ilirsaugienses
3288 2782 3510 2853 quidem

1918 2879 2138 2950 pallium
2166 2877 2368 2932 bonum
2401 2884 2455 2930 et
2502 2877 2727 2929 carrada
2781 2873 2914 2941 vini,
2964 2874 3031 2930 de
3060 2873 3193 2929 cella
3249 2872 3310 2929 8.
3359 2872 3510 2928 Petri

234 2967 455 3048 ,mm’his
476 3009 598 3064 qua,
631 2993 779 3050 imus
828 3002 1008 3049 eram.
1042 2992 1173 3048 El.“
1213 2992 1360 3049 enim
1414 2993 1600 3048 videre
1652 2992 1812 3049 mise_
1839 2969 1884 3034 C
1917 2972 2062 3043 (98l)
2092 2986 2256 3024 unutn
2281 2968 2527 3033 calicem,
2552 2967 2957 3024 ZwivaldeuSes
2992 2982 3154 3022 unam
3177 2967 3415 3023 casulam
3452 2976 3512 3023 et

241 3081 388 3137 riam.
414 3085 741 3141 Dormitoria
772 3094 879 3141 tam
908 3085 1306 3141 monachorum
1355 3100 1519 3156 quam
1570 3084 1813 3140 exterio—

240 3186 351 3229 rum
371 3171 592 3229 fratrum
620 3184 943 3245 consumpta
979 3183 1130 3240 sunt,
1152 3185 1207 3230 et
1235 3174 1388 3229 multi
1435 3173 1818 3230 miserabiliter

239 3265 493 3323 denudati.
568 3267 951 3325 Habitaculum
1020 3283 1252 3339 namque
1315 3282 1562 3323 sororum
1592 3305 1608 3331 ,
1673 3267 1815 3338 quod

240 3354 434 3414 ﬂamma
454 3375 558 3416 non
590 3360 788 3432 tetigit,
818 3360 1002 3416 statim
1031 3370 1207 3415 tamen
1230 3373 1458 3429 prorsus
1485 3356 1810 3427 dissipatum

241 3463 331 3516 est,
358 3462 409 3508 et
437 3453 564 3524 ipsa:
584 3467 980 3523 usquequaque
999 3452 1275 3523 dispersa).
1307 3449 1414 3505 Sed
1441 3458 1497 3504 et
1527 3449 1822 3507 monacho-

243 3556 347 3597 rum
367 3545 605 3615 quidam,
654 3559 984 3616 quacunque
1038 3550 1310 3615 poterant,
1364 3542 1417 3596 in
1474 3540 1820 3597 monasteriis

243 3634 519 3690 transmissi
569 3643 720 3690 sunt.
767 3634 963 3688 Actum
1018 3648 1162 3688 anno
1218 3632 1287 3687 ab
1343 3632 1615 3687 lucarnat.
1661 3632 1815 3685 Dom.

241 3736 381 3779 ιιειιι
404 3741 432 3779 a
462 3725 720 3796 primitus
751 3725 971 3780 condito
999 3725 1116 3796 ipso
1145 3724 1484 3779 monasterio
1511 3721 1817 3787 CLXXVII,

241 3812 402 3873 indict.
443 3833 539 3884 vn,
587 3817 681 3874 die
715 3818 959 3873 secunda
1000 3816 1203 3872 mensis
1255 3814 1428 3880 Junii,
1479 3815 1582 3869 hoe
1627 3822 1712 3868 est
1765 3827 1819 3868 tv

239 3904 525 3982 Non.Junii,
542 3911 686 3970 feria
712 3911 875 3967 tertia
897 3909 1283 3967 sacratissima:
1308 3907 1662 3964 hcbdomada:
1680 3905 1816 3961 Peu-

241 4006 507 4063 lecostes...

888 4073 916 4146 §
958 4069 1149 4126 xxm.

289 4162 622 4242 Consumptis
656 4167 831 4238 igitur
885 4180 1025 4238 pene
1060 4165 1313 4221 omnibus
1338 4179 1466 4234 qum
1509 4162 1818 4234 antiquitus

1916 3064 2094 3120 albam
2118 3072 2281 3132 atque
2310 3061 2528 3127 stolam,
2585 3061 2675 3115 alii
2710 3074 2839 3116 vero
2871 3059 2978 3115 alia
3010 3058 3352 3126 munuscula,
3382 3074 3505 3131 quae

1915 3154 2095 3211 omnia
2124 3154 2233 3209 Deo
2254 3153 2364 3210 sint
2389 3160 2636 3223 accepta.

1987 3266 2151 3339 387
2182 3263 2336 3320 Auno
2364 3262 2431 3318 ab
2460 3263 2839 3320 Iucarnatione
2870 3261 3082 3319 Domini
3110 3278 3296 3328 uccxr,
3321 3260 3504 3317 indict.

1917 3377 1993 3427 ιχ,
2023 3360 2109 3414 die
2138 3375 2186 3413 \‘l
2216 3359 2338 3413 ldus
2370 3358 2521 3423 Dcc.,
2555 3358 2803 3412 dedicata
2848 3365 2932 3413 est
2978 3356 3182 3427 capella
3216 3355 3281 3411 8.
3324 3355 3505 3411 Maria;

1914 3454 2072 3527 juxta
2104 3450 2459 3509 inﬁrmari-am
2491 3467 2520 3506 a
2548 3449 2841 3505 venerabili
2872 3450 3204 3505 llerimanno
3220 3448 3507 3504 Constant.

1920 3546 2196 3617 episcopo,
2236 3551 2487 3616 patrante
2517 3543 2710 3597 abbate
2738 3542 3056 3619 Conrado...

1992 3637 2193 3692 Eadem
2226 3636 2312 3692 die
2338 3635 2605 3691 dedicavit
2647 3634 2790 3690 idem
2834 3633 3117 3704 episcopus
3149 3631 3510 3686 llerimanuus

1924 3729 2185 3801 capellam
2229 3727 2287 3784 8.
2336 3726 2588 3790 Martini,
2649 3734 2705 3780 et
2751 3724 3052 3779 recondidit
3100 3721 3212 3777 illic
3256 3720 3512 3791 reliquias

1925 3836 2044 3891 quae
2071 3828 2125 3873 et
2158 3826 2312 3873 antea
2342 3817 2412 3871 ibi
2454 3814 2690 3870 fuerant.
2720 3814 2802 3868 Ab
2824 3815 2930 3868 hoc
2956 3812 3044 3868 die
3068 3819 3290 3883 egerunt
3328 3810 3510 3865 divina

1926 3909 2100 3966 ollicia
2131 3909 2183 3963 in
2215 3905 2524 3977 supradicta
2551 3901 2754 3973 capella
2800 3901 2856 3957 8.
2884 3901 3087 3957 Mariae.
3119 3902 3196 3955 Ad
3228 3901 3342 3955 haec
3378 3899 3512 3955 tedi-

1927 4001 2047 4055 licia
2080 4013 2373 4069 expensum
2421 4005 2505 4052 est
2543 4009 2705 4050 omne
2762 4009 2952 4049 aurum
2991 3993 3133 4065 quod
3171 3990 3514 4065 superfuerat

1926 4090 2184 4163 emptioni
2215 4088 2399 4160 prmdii
2438 4086 2578 4159 apud
2612 4085 2982 4145 Miminhusin.

1106 4318 1570 4409 INCIPIT
1672 4310 2044 4406 LIBER
2115 4303 2611 4395 SEXTUS.

967 4507 1079 4579 §l.

293 4600 466 4658 Sed
513 4613 577 4660 et.
628 4607 789 4663 ante,
834 4598 941 4655 hoc
991 4606 1098 4663 est,
1145 4614 1290 4653 anno
1334 4600 1489 4655 Dom.
1538 4598 1809 4654 lncarnat.

242 4704 348 4749 Im
379 4695 765 4754 llerimannus
795 4691 1234 4748 Constantiensis
1262 4693 1549 4764 cpiscopus
1597 4692 1812 4747 dedica-

244 4783 303 4836 vit
327 4788 577 4858 capellam
631 4784 699 4841 8.
732 4781 963 4838 Joannis
999 4781 1256 4854 Baptistae
1286 4784 1338 4839 in
1365 4784 1706 4850 cmnteterio,
1737 4797 1813 4839 vtt

247 4870 335 4930 ιω.
358 4876 515 4936 Jan...

614 4969 646 5042 §
688 4967 756 5023 Il.
799 4965 1129 5022 Iustauratio
1152 4969 1400 5029 ecclesia’.

308 5060 436 5120 Auno
456 5066 524 5123 ab
547 5065 834 5137 lncarpat.
865 5063 1026 5117 Dom.
1058 5077 1258 5132 uccxn,
1283 5069 1473 5125 iudict.
1507 5081 1560 5129 κ,
1587 5066 1674 5122 die
1703 5078 1816 5121 xvu

265 5145 445 5208 Kalend.
467 5154 646 5222 Junii,
674 5160 947 5222 regnante
973 5149 1248 5210 Friderico
1277 5158 1609 5231 imperatore
1630 5196 1644 5219 ,
1672 5168 1816 5226 prae-

270 5239 433 5299 Sidente
455 5243 862 5307 Constantiensi
892 5240 1150 5298 Ecclesiae
1176 5244 1512 5306 llerimanno
1540 5246 1812 5317 episcopo,

1841 4464 1889 4523 D

1915 4498 2017 4554 sub
2047 4496 2241 4552 abbate
2275 4493 2550 4561 Conrado,
2580 4494 2633 4548 iu
2675 4494 2856 4567 vigilia
2884 4492 3236 4549 Ascensionis
3268 4492 3499 4556 Domini,

1915 4588 2148 4643 locatum
2176 4596 2255 4642 est
2289 4585 2525 4657 primmn
2568 4583 2979 4643 fundamentum
3032 4600 3188 4646 norm
3229 4594 3516 4639 sructune

1916 4678 2163 4735 ecclesia:
2193 4676 2442 4749 Gregorii
2476 4691 2627 4748 papa:
2666 4677 2728 4731 in
2778 4678 2898 4733 loco
2929 4675 2989 4729 S.
3031 4674 3336 4731 Gebeliardi
3388 4674 3507 4743 epi-

1918 4771 2065 4844 sc0pi
2098 4770 2402 4826 fundator-is
2426 4768 2584 4838 primi
2616 4765 2857 4835 ejusdem
2889 4765 3153 4833 ecclesiae,
3194 4777 3247 4824 et
3278 4767 3514 4837 positum

1918 4873 2005 4919 est
2040 4863 2205 4917 limen
2249 4861 2372 4917 ostii
2392 4898 2407 4923 ,
2437 4858 2579 4927 quod
2624 4860 2803 4930 vergit
2833 4859 2886 4913 in
2919 4855 3242 4926 claustrum,
3273 4874 3341 4913 ex
3369 4859 3521 4914 occi-

1924 4956 2125 5012 dentali
2177 4964 2360 5027 parte,
2395 4953 2555 5006 tertio
2601 4967 2747 5008 anno
2797 4962 3081 5027 postquam
3127 4958 3406 5014 incensum
3437 4969 3523 5014 est

1924 5049 2066 5106 idem
2101 5045 2510 5103 monasterimu.

1994 5142 2071 5196 Eo
2096 5148 2337 5210 tempore
2370 5136 2611 5190 llmuana
2653 5138 2897 5198 Ecclesia
2925 5137 3193 5207 destituta
3222 5148 3345 5198 erat
3372 5151 3524 5197 certo

1924 5239 2179 5294 rectore,
2228 5227 2354 5297 quia
2402 5224 2509 5278 duo
2552 5240 2674 5280 eam
2723 5231 2828 5288 sibi
2876 5233 3250 5300 usurpabant,
3291 5232 3394 5285 hoc
3418 5239 3523 5298 est,
