4010 5328
514 396 516 398 ’
591 424 696 480 375

1336 412 1678 470 APPENDIX
1732 411 1822 466 AD
1859 401 2249 465 CIIRONICON
2289 397 2648 456 HERMANNI
2681 390 3090 454 CON'I‘RACTI.
3557 442 3564 447 _
3727 384 3817 438 376

591 536 900 595 Alexander
947 542 1002 590 ει
1050 533 1266 608 Vicit";
1317 531 1614 600 ίηιρεττιιθν
1668 525 1882 581 favebat
1933 519 2134 577 “ﬂori
2154 558 2170 586 ν
2202 520 2248 580 Α
2278 543 2519 600 recessu,
2547 543 2601 590 et
2629 531 2798 588 multa
2824 524 3150 584 monasreria
3181 521 3233 577 in
3259 517 3502 592 Bajoaria
3527 526 3819 588 pervagatus

588 628 906 684 Alexandro
939 626 1230 682 orteutales
1258 623 1498 679 ecclesiae
1520 619 1688 694 (982).

1045 718 1048 720 ·
1311 716 1338 788 §
1382 713 1467 770 ttt.

663 811 772 866 Per
804 811 948 867 idem
995 819 1210 880 tempus
1250 806 1559 863 Fridericus
1595 803 1889 873 imperator
1915 795 2175 852 Mediola-

593 919 822 960 tteusem
871 902 1149 958 civitatem
1203 899 1524 962 obsederat,
1575 894 1795 964 jamque
1847 891 1994 944 cives
2059 884 2177 955 ejus

593 1009 790 1066 magna
817 993 900 1048 vis
928 993 1086 1048 famis
1125 991 1191 1046 ad
1221 989 1545 1045 deditionem
1572 993 1844 1056 coegerat.
1870 983 2055 1050 Itaque
2080 993 2178 1050 per

592 1083 763 1154 388
806 1081 961 1150 hujus
1009 1081 1246 1137 civitatis
1289 1079 1592 1142 excidium,
1641 1076 1766 1145 quia
1817 1073 1963 1128 inter
1987 1083 2176 1126 omnes

583 1177 846 1228 '(ivitates
875 1173 1038 1227 Italiae
1068 1171 1443 1242 potentissima
1480 1177 1622 1232 erat,
1661 1167 1854 1221 timore
1885 1172 2172 1231 correptae,

581 1253 786 1320 .omnes
814 1263 1065 1318 civitates
1110 1277 1228 1332 quze
1259 1271 1416 1315 antea
1445 1265 1905 1328 repugnaverant,
1937 1253 2175 1308 infinitas

591 1356 852 1426 pecunias
893 1353 1207 1424 imperatori
1236 1367 1334 1424 pro
1374 1351 1544 1421 gratia
1574 1347 1690 1415 ejus
1727 1345 2061 1402 deferebant.
2093 1343 2173 1397 Ex

579 1448 680 1538 1his
710 1462 838 1515 ergo
869 1456 923 1501 et
976 1461 1044 1500 ex
1073 1444 1193 1498 aliis
1223 1459 1358 1514 quas
1382 1451 1535 1498 antea
1559 1449 1613 1496 et
1644 1448 1826 1510 postea
1855 1449 2174 1508 quacunque

581 1527 900 1606 fcouditiouc
923 1536 1269 1606 acquisierat,
1297 1531 1612 1588 deliberavit
1640 1529 1880 1585 decimas
1907 1527 2022 1581 dari
2057 1541 2172 1577 nto-

577 1615 846 1715 Tnasteriis
892 1631 946 1684 iu
996 1630 1396 1699 eleemosynam
1441 1637 1548 1679 tam
1601 1637 1698 1694 per
1750 1621 1955 1675 Italiam
2009 1632 2172 1688 quam

582 1710 1007 1780 iTheutonicatn.
1040 1718 1152 1774 Ilac
1183 1718 1248 1772 de
1275 1730 1436 1770 causa
1479 1713 1642 1768 etiam
1679 1711 1834 1764 nobis
1865 1718 1990 1761 tunc
2017 1707 2171 1775 quin-

577 1781 697 1888 ique
727 1828 939 1868 marcas
968 1812 1182 1866 direxit.
1213 1807 1414 1863 Dehinc
1438 1803 1696 1876 paulatim
1737 1803 1802 1856 de
1829 1800 1916 1854 die
1946 1799 1998 1851 in
2027 1798 2168 1850 diem

582 1897 816 1969 {basilica
855 1902 912 1957 S.
952 1900 1198 1970 Gregorii
1223 1896 1554 1954 exstruendo
1604 1892 1954 1954 reformatur,
1986 1887 2173 1943 Wezi-
2204 1909 2248 1968 Β

583 1997 715 2054 done
741 1995 975 2064 quodam
1002 1995 1068 2048 de
1095 1990 1410 2047 Constantia
1437 2004 1503 2043 ex
1538 1985 1735 2041 clerico
1758 1982 1969 2054 opifice.

573 2139 576 2142 .
663 2086 768 2140 Per
797 2085 938 2138 idem
984 2091 1198 2150 tempus
1230 2079 1528 2135 resolutum
1571 2085 1655 2132 est
1683 2074 2010 2147 praediolum,
2037 2071 2177 2141 apud

579 2173 1030 2244 {Liutprehtisruti
1062 2173 1210 2242 (983)
1238 2186 1334 2226 sex
1364 2168 1598 2233 talentis,
1627 2165 1770 2237 quod
1791 2165 2013 2219 dederat
2037 2163 2178 2224 Ruo—

580 2262 812 2359 fdigerus
843 2282 964 2321 cttm
992 2280 1152 2319 manu
1185 2263 1277 2318 filii
1308 2262 1390 2317 sui
1424 2258 1714 2331 Egilwardi
1736 2298 1752 2324 ,
1775 2265 1830 2314 et
1863 2254 2065 2311 domini
2095 2253 2174 2309 sui

577 2351 825 2426 ,Conradi
853 2355 1100 2411 advocati
1129 2354 1195 2408 de
1221 2351 1422 2408 Sancto
1453 2358 1652 2405 monte.

576 2506 578 2508 ,
1028 2505 1030 2508 ,
1229 2451 1231 2454 ·
1302 2443 1330 2516 §
1383 2441 1473 2497 tv.

569 2605 574 2609 _
661 2542 864 2598 Eodem
892 2554 1054 2603 anno,
1085 2538 1189 2596 hoc
1210 2545 1295 2592 est
1317 2551 1522 2598 ucmttt,
1546 2533 1841 2602 imperator
1866 2528 2176 2584 Fridericus

578 2636 809 2711 trediens
837 2634 904 2688 de
944 2631 1298 2687 subversione
1339 2622 1753 2683 Mediolaneusis
1775 2620 2043 2681 civitatis,
2077 2618 2172 2671 ha-

575 2727 712 2798 .buit
737 2724 1066 2794 colloquium
1121 2722 1263 2792 apud
1313 2720 1589 2776 civitatem
1631 2730 1751 2786 quae
1778 2721 2003 2767 vocatur
2043 2710 2176 2764 Tula

577 2813 761 2886 1984),
790 2817 919 2870 item
945 2815 1091 2869 aliud
1119 2812 1312 2878 Ulmaz,
1340 2811 1558 2866 tertium
1587 2821 1802 2878 quoque
1826 2802 2174 2888 (.Ioustautire.

2277 634 2381 692 est,
2411 642 2472 682 ac
2503 633 2776 697 postremo
2804 618 2944 693 apud
2970 612 3308 688 Brigantium
3335 609 3502 666 abbas
3527 608 3823 664 constitutus

2275 731 2426 776 est...

2984 803 3011 879 ς
3060 800 3147 860 vt.

2345 929 2646 996 Antequam
2675 924 2849 980 factus
2873 930 3017 978 esset
3043 917 3326 976 Conradus
3354 914 3544 980 abbas,
3573 929 3726 969 manu
3745 929 3824 967 sua

2275 1019 2494 1089 scripsit
2524 1018 2860 1072 Ilexameron
2887 1011 3177 1073 Ambrosii,
3209 1019 3370 1080 atque
3393 1021 3524 1062 auro
3547 1014 3600 1060 et
3629 1014 3826 1073 argento

2273 1083 2484 1181 operuit
2538 1108 2818 1162 brachium
2863 1104 2920 1160 S.
2968 1101 3194 1171 Philippi
3250 1098 3496 1166 apostoli.
3562 1083 3826 1163 Postqu‘m

2275 1211 2457 1256 autem
2490 1198 2664 1254 factus
2692 1206 2776 1251 est
2813 1196 3002 1256 abbas,
3034 1192 3199 1246 multa
3230 1188 3487 1260 praeclara
3519 1201 3680 1256 opera
3703 1183 3828 1246 fecit,

2274 1305 2394 1359 qua:
2434 1298 2612 1342 tamen
2663 1286 2799 1356 ignis
2830 1282 3181 1352 consumpsit.
3216 1279 3409 1334 Postea
3442 1287 3622 1330 tamen
3665 1273 3831 1327 institit

2275 1389 2533 1449 quantum
2580 1377 2756 1446 potuit
2806 1390 2902 1444 pro
2953 1371 3324 1428 restaurandis
3367 1367 3614 1423 aediliciis
3647 1373 3697 1418 et
3734 1364 3831 1417 aliis

2273 1469 2615 1526 utensilibus.
2642 1468 2835 1537 Aliqua
2863 1479 3079 1534 quoque
3122 1460 3375 1532 prmdiola
3421 1458 3564 1528 apud
3610 1455 3829 1510 Niuheitn

2273 1577 2304 1616 a
2358 1561 2566 1617 libertis
2614 1556 2914 1614 tributariis
2963 1552 3337 1624 comparavit,
3389 1565 3455 1604 ex
3507 1547 3700 1617 quibus
3742 1555 3832 1599 tam

2272 1669 2428 1710 suum
2476 1665 2639 1723 quam
2681 1646 3098 1720 praedecessoris
3143 1644 3225 1698 sui
3259 1639 3587 1696 Tltcodorici
3629 1636 3830 1696 abbatis,

2272 1749 2353 1804 sui
2404 1745 2617 1816 nepotis
2664 1743 2836 1813 (986),
2864 1737 3295 1796 anniversarium
3344 1731 3614 1788 celebrari
3662 1728 3834 1784 consti-

2274 1839 2370 1891 tuit
2391 1845 2472 1891 :et
2496 1836 2548 1889 in
2570 1848 2668 1888 suo
2689 1833 2908 1902 quidem
2941 1827 3330 1885 anniversario,
3359 1823 3450 1894 qui
3473 1831 3653 1878 est....
3686 1819 3832 1886 (987),

2281 1929 2465 1981 decem
2505 1925 2730 1988 solidos,
2761 1924 2814 1978 in
2861 1921 3072 1993 nepotis
3101 1933 3230 1974 vero
3261 1916 3344 1971 sui
3391 1923 3502 1969 tres
3548 1911 3739 1967 solidos
3759 1925 3835 1962 ex-

2279 2017 2438 2084 pendi
2468 2015 2730 2071 decrevit.
2764 2013 2877 2069 Sub
2921 2013 3038 2082 ejus
3085 2020 3326 2078 tempore
3362 2014 3418 2061 et
3462 2003 3670 2058 auxilio
3705 2016 3837 2054 reuo-

2279 2119 2417 2163 vatae
2445 2116 2574 2161 sunt
2599 2106 2840 2161 ecclesiae
2863 2113 2917 2158 et
2944 2102 3228 2165 dedicatae,
3257 2107 3309 2153 ct
3333 2095 3577 2150 oratoria
3602 2092 3836 2148 :editicata

2280 2200 2419 2270 apud
2449 2197 2785 2268 Eychslettin
2815 2204 2870 2248 et
2896 2195 3035 2263 apud
3068 2188 3367 2260 Eptindorf,
3403 2187 3551 2257 apud
3581 2185 3835 2241 Obirwan-

2278 2291 2368 2361 εἰη
2398 2303 2614 2359 quoque
2647 2295 2703 2356 et
2741 2285 2880 2356 apud
2926 2281 3298 2344 Mimiubusin,
3326 2279 3418 2334 sed
3445 2287 3499 2333 et
3532 2277 3676 2348 apud
3717 2275 3836 2328 Neu-

2278 2382 2422 2436 heim
2471 2391 2526 2435 et
2573 2378 2713 2450 apud
2764 2377 3014 2431 Rinhart.
3045 2376 3160 2430 Duo
3205 2389 3421 2444 quoque
3468 2368 3736 2426 thuribula
3783 2367 3838 2422 de

2279 2471 2589 2527 aurichalco
2633 2478 2690 2525 et
2734 2469 2945 2538 aliquos
2979 2467 3216 2528 codices,
3250 2464 3343 2519 sed
3374 2473 3427 2518 et
3472 2461 3752 2517 aediculam
3793 2460 3837 2513 in

2279 2561 2589 2619 novissimis
2616 2560 2682 2615 ad
2710 2559 3048 2630 reponendos
3077 2557 3243 2610 libros
3270 2553 3531 2626 patravit.
3577 2611 3580 2614 ,

2978 2691 3006 2764 §
3057 2691 3167 2745 vtt.

2346 2808 2502 2862 Anno
2533 2807 2698 2876 igitur
2717 2803 2784 2860 ab
2811 2803 3083 2858 lncarnat.
3115 2801 3270 2855 Dom.
3303 2813 3525 2862 atcutv,
3561 2811 3740 2848 mense
3763 2793 3838 2848 Ju-

2278 2900 2390 2966 nio,
2424 2899 2584 2969 cwpit
2633 2897 2799 2952 abbas
2835 2894 3116 2950 Conradus
3173 2889 3456 2954 infirmari,
3501 2897 3559 2942 et
3598 2904 3716 2942 cum
3762 2899 3841 2938 nec

2279 2993 2519 3048 adhibita
2550 2989 2838 3052 medicina,
2869 3003 2968 3042 nec
2997 2986 3174 3055 aliqua
3205 2997 3368 3038 causa
3399 2981 3449 3035 ei
3478 2980 3718 3034 adhibita
3742 2991 3842 3046 pos-

2278 3095 2359 3141 set
2390 3085 2667 3155 prolicere,
2693 3091 2746 3136 et
2761 3079 3112 3150 jamjamque,
3140 3075 3390 3146 quamvis
3416 3073 3643 3136 invitus,
3671 3068 3840 3137 empit-

2279 3185 2364 3231 set
2388 3176 2694 3244 desperare,
2728 3170 2874 3226 dedit
2902 3167 3056 3222 nobis
3079 3181 3240 3220 unam
3269 3165 3460 3218 stolam
3485 3162 3624 3216 satis
3648 3162 3840 3219 bonam,

2204 3253 2250 3316 C
2281 3276 2336 3321 et
2363 3264 2590 3320 redemit
2628 3277 2790 3316 unum
2822 3269 3150 3330 gemmatum
3188 3264 3243 3310 et
3274 3256 3593 3308 deauratum
3622 3250 3840 3309 calicem,

2281 3371 2440 3428 quem
2471 3355 2596 3409 olim
2621 3352 2952 3407 vendiderat.
2978 3347 3270 3403 Advocavit
3293 3360 3507 3416 quoqtte
3530 3344 3841 3413 episcopum,

2283 3447 2368 3502 cui
2399 3443 2682 3500 fatniliaris
2732 3442 2927 3505 fuerat,
2959 3449 3013 3494 et
3055 3439 3187 3493 alios
3232 3451 3472 3505 quosque
3503 3435 3759 3504 optimos,
3800 3438 3844 3484 et

2282 3552 2403 3592 cum
2435 3535 2534 3600 eis,
2581 3542 2638 3588 ut
2678 3531 2860 3594 credo,
2889 3544 3108 3584 causam
3159 3544 3310 3582 suam
3359 3536 3615 3580 accurate
3656 3523 3842 3576 locutus

574 2909 850 2994 ,Tuucque
879 2907 1075 2962 iterum
1102 2905 1258 2960 nobis
1286 2903 1434 2958 dedit
1461 2901 1700 2972 quinque
1746 2897 1914 2950 libras
1942 2893 2174 2961 argenti.

578 2985 737 3055 :Alias
762 3012 975 3070 quoque
1011 2999 1250 3068 quinque
1281 2995 1429 3050 dedit
1471 2993 1628 3047 nobis
1662 2987 1945 3043 IIeinricus
1975 2986 2082 3039 dux
2112 2985 2178 3038 de

577 3089 854 3167 I‘e‘tattouia,
883 3089 974 3157 qui
1003 3096 1057 3140 ct
1086 3096 1210 3141 tunc
1237 3100 1295 3140 se
1325 3081 1598 3154 separavit
1618 3078 1685 3132 ab
1716 3092 1882 3131 uxore
1910 3089 2028 3130 sua.
2057 3073 2178 3140 Ipso

573 3163 739 3266 iauno
768 3180 917 3236 dedit
961 3178 1116 3234 nobis
1168 3176 1456 3232 Heiuricus
1484 3173 1549 3228 de
1581 3170 1817 3225 Niwiron
1864 3163 2179 3238 praediolum

576 3271 739 3353 λιιι]οά
779 3271 968 3326 habuit
990 3270 1129 3340 apud
1159 3267 1422 3322 Mose.....

1319 3352 1454 3428 gv.

782 3473 1061 3529 Conradus
1108 3471 1275 3528 abbas
1331 3468 1555 3524 fratrem
1602 3479 1759 3521 suum
1811 3461 1877 3516 de
1919 3458 2177 3513 Vrisberc

575 3545 740 3638 ⁹(985)
767 3565 1133 3625 subtraxerat,
1165 3563 1254 3617 ubi
1301 3560 1552 3632 primitus
1599 3555 1844 3610 habitum
1871 3556 2175 3607 commuta-

577 3613 767 3717 ζωῆς,
809 3666 862 3711 et
901 3656 969 3711 ob
1000 3657 1116 3710 hrec
1145 3613 1553 3722 atquerpropter
1584 3647 1719 3702 alias
1750 3658 1923 3699 noxas
1967 3638 2172 3708 ejectus
2279 3639 2390 3695 est;
2417 3636 2472 3682 et
2493 3623 2742 3696 migravit
2768 3637 2909 3676 anno
2931 3619 3286 3674 ordinationis
3311 3617 3588 3672 tricesimo
3612 3613 3840 3684 septimo,

574 3731 676 3801 ἐει
704 3747 768 3800 de
799 3747 1062 3814 prioratu,
1094 3760 1157 3799 ac
1187 3707 1308 3798 cum
1334 3707 1541 3810 'postea
1593 3737 1769 3792 factus
1814 3741 1960 3790 esset
1999 3707 2173 3784 abbas
2281 3721 2368 3776 die
2403 3735 2453 3774 tv
2484 3716 2600 3771 Kal.
2627 3714 2782 3780 Julii,
2811 3721 2864 3766 et
2891 3712 3008 3782 ipso
3045 3711 3132 3765 die
3160 3709 3455 3764 honoriﬁce
3494 3707 3736 3776 sepultus
3771 3708 3841 3757 est

573 3837 730 3914 ﬁtme
762 3837 1098 3901 Fischinutn,
1148 3843 1267 3906 post
1515 3830 1784 3885 modicum
1834 3825 1998 3880 etiam
2049 3821 2173 3876 inde
2274 3811 2429 3882 juxta
2455 3807 2652 3864 ostium
2683 3804 2918 3860 basilica:
2949 3803 3000 3857 in
3025 3801 3328 3858 claustro...
3359 3797 3528 3868 (988).

1435 3955 1904 4050 INCIPIT
1961 3946 2322 4041 LIBER
2394 3933 3023 4028 SEPTIMUS.

2283 4091 2480 4145 fratres
2511 4084 2891 4146 communiter,
2917 4089 2972 4136 et
3005 4078 3172 4134 libera
3197 4076 3482 4140 electione,
3511 4076 3656 4131 nullo
3687 4075 3840 4129 alieno

2280 4182 2660 4240 iutercssentc,
2683 4175 2960 4245 elegerunt
2991 4169 3369 4227 Gcbeltardum
3399 4168 3578 4221 virum
3608 4151 3838 4220 idoneum

2277 4280 2334 4327 et
2361 4264 2923 4338 irrepreheusibilem,
2956 4270 3010 4317 et
3035 4260 3438 4317 constituerunt
3476 4257 3578 4311 sibi
3611 4255 3839 4309 abbatem

1404 4129 1444 4164 ι.

666 4203 829 4274 390
855 4203 1010 4258 Anno
1038 4203 1106 4258 ab
1150 4129 1522 4258 Incarnitione
1567 4200 1780 4256 Domini
1828 4213 2055 4262 ucuw,
2088 4193 2175 4269 die

595 4293 911 4354 Dominico,
938 4294 990 4348 id
1021 4302 1105 4375 est
1152 4293 1218 4348 14
1263 4293 1383 4349 Kal.
1428 4291 1574 4348 Junii
1601 4292 1776 4364 (989),
1804 4291 2174 4345 convenerunt

593 4452 644 4530 ἰ..
994 4406 1294 4462 Radevicus
1326 4406 1392 4462 de
1412 4406 1577 4477 gestis
1598 4403 1858 4460 Friderici
1885 4403 2014 4470 imp.
2037 4397 2076 4452 ι.
2109 4411 2168 4461 ιι,

590 4494 644 4531 ι’.
675 4493 763 4538 nu,
795 4493 946 4546 seqq.

669 4547 816 4612 (985)
846 4544 1322 4617 Lipperatsreuthe
1346 4547 1399 4601 in
1433 4545 1667 4617 capitulo
1692 4544 1978 4617 Lintzgeu,
2006 4555 2034 4592 a
2066 4552 2172 4608 quo

589 4617 712 4672 loco
740 4618 872 4673 adeo
901 4613 1096 4672 nobilis
1127 4617 1325 4670 familia
1361 4613 1553 4670 nomen
1585 4616 1838 4670 habuisse
1862 4613 2097 4664 videtur.

577 4721 580 4738 =
629 4759 636 4760 ί
665 4687 813 4760 (984)
842 4689 1005 4760 Teste
1029 4690 1227 4743 Ottoue
1256 4688 1608 4760 Frisingettsi,
1643 4686 1676 4740 I.
1705 4683 1957 4760 tt,_c._2_6,
1985 4679 2172 4760 Fridef

591 4759 741 4839 licus
770 4755 900 4839 it'np.
945 4759 1380 4839 angpglitione
1429 4755 1606 4839 Italica
1647 4772 1745 4827 per
1774 4755 2088 4839 Tl'itieﬂltllll
2119 4757 2173 4828 ct

589 4817 896 4896 Bajoariain
942 4817 1198 4884 rediit-in
1243 4827 1613 4891 Germaniam,
1649 4817 1721 4879 ἰιι
1771 4825 1904 4879 adeo
1934 4819 2075 4896 Tala
2120 4817 2172 4896 in

589 4886 698 4954 illis
725 4901 968 4970 partibus
1000 4901 1281 4970 qurercnda
1313 4899 1402 4952 sit.
1433 4886 1655 4970 Videtur
1680 4905 1860 4970 autem
1885 4906 2005 4970 esse
2035 4886 2172 4970 Tutin

591 4986 685 5052 seu
727 4960 908 5052 'T'nlua
941 4960 1218 5052 inferioris
1259 4967 1824 5052 Austriteeppidunt,
1875 4962 1962 5052 ubi
2011 4960 2175 5041 etiam

2278 4403 2394 4460 erui
2429 4401 2644 4471 nequit;
2690 4399 2744 4471 in
2785 4407 2977 4471 neutro
3017 4395 3162 4471 enim
3187 4391 3436 4449 emnobio
3475 4391 3565 4445 hic
3591 4388 3844 4470 assignato

2277 4460 2878 4544 cognominesabbates
2905 4467 3048 4544 circa
3076 4467 3190 4544 lucc
3225 4474 3464 4544 tempora
3493 4460 3839 4529 reperiuntur.

2349 4532 2494 4614 (986)
2529 4543 2602 4614 De
2626 4543 2728 4596 hac
2750 4536 3215 4614 consanguinitate
3245 4532 3456 4586 aliunde
3487 4546 3594 4611 non
3627 4534 3838 4582 constat.

2373 4580 2472 4599 ...πυ
2529 4580 2602 4596 υ..
2628 4580 2728 4596 ,ων
2751 4580 2946 4594 νυ........
2991 4580 3214 4590 ......----
3566 4580 3593 4582 η
3637 4580 3679 4582 ,_

2205 4580 2250 4638 θ
2279 4580 2612 4668 Tlieodériro
2639 4622 2846 4680 patrem
2877 4580 3043 4661 fuisse
3067 4605 3341 4680 Cuuouem
3380 4602 3664 4680 comitem,
3699 4610 3841 4665 supra

2279 4685 2372 4739 lib.
2407 4700 2488 4747 Ill,
2521 4671 2906 4753 §4,'vi_dinit_ts,
2935 4680 3197 4753 incertum
3225 4672 3377 4740 cujus
3409 4671 3650 4753 familia},
3671 4682 3839 4753 quatu-

2281 4735 2370 4807 vis
2391 4735 2674 4807 Buceiinits
2709 4751 2760 4804 iu
2786 4735 3041 4804 Chrottol.
3070 4735 3354 4800 Constant.
3378 4743 3444 4795 ad
3474 4757 3564 4795 an.
3596 4735 3718 4794 IIII
3753 4735 3842 4806 ΚΥ-

2279 4824 2601 4894 burgensem
2629 4821 2904 4894 _assigttet.
2951 4812 3446 4894 (loturadiuabbatis
3488 4820 3643 4882 pater
3688 4808 3840 4878 Hesso

2283 4885 2508 4948 vocatur
2540 4894 2590 4944 in
2628 4885 2941 4955 Necrologio
2971 4888 3032 4943 21
3066 4885 3236 4955 April.

2354 4905 2508 4946 eatur
2540 4908 2590 4944 tu
2628 4905 2850 4944 meet-om
2894 4905 2941 4940 ιο
2971 4905 3032 4943 21
3066 4905 3236 4955 Aprll.

2353 4963 2499 5052 (98.7)
2529 4963 2604 5052 Ett
2631 4961 2840 5052 omisso
2855 4905 2948 5012 ﬁic
2968 4958 3147 5052 obitus
3167 4957 3447 5052 dims‘ttpra
3474 4955 3526 5008 in
3550 4949 3839 5052 prmhitipqti:

2847 5028 3104 5052 ..η-...ιησνι
3144 5027 3250 5052 ..εοε-
3302 5026 3540 5052 Pun-enm
3573 5026 3836 5052 ιιιυιίυιιὶ-ιη
