4010 5328
228 280 316 336 377
1073 285 1470 344 Cl‘lRONlCON
1521 288 2157 351 PETERSIIUSANUM.
2191 326 2262 337 —
2295 296 2421 352 LIB.
2457 297 2567 355 VH.

3335 305 3440 363 578

228 399 460 456 canonice
503 406 557 452 et
595 398 914 470 regulariter
940 414 1062 456 cum
1095 410 1286 473 magna
1336 403 1607 460 libertate.
1654 406 1778 476 Epi-
1809 410 1852 469 Α
1883 424 1947 463 ex
1994 409 2206 481 integro
2232 413 2521 484 reciperet.
2562 413 2684 470 llaec
2712 414 2894 471 omnia
2927 417 3113 473 tandiu
3153 419 3462 491 importuna

227 507 398 562 scapus
423 506 634 561 quoque
662 492 1034 548 Hercmannus
1059 495 1331 550 ordinavit
1356 510 1478 550 eum
1515 513 1637 551 cum
1664 512 1780 551 ma-

226 585 354 640 ximo
375 583 572 636 honore
595 583 646 636 in
669 582 1047 638 Translatione
1068 583 1126 638 8.
1151 583 1452 650 Benedicti,
1477 587 1779 640 astantibus

225 683 271 728 et
313 672 603 728 faventibus
646 687 768 728 cum
799 673 946 726 omni
993 673 1274 729 alacritate
1323 677 1571 730 omnibus
1617 692 1782 731 cano-

226 763 344 819 nicis
367 762 641 818 Constant.
684 763 928 818 ecclesiae
960 779 1084 820 cum
1119 765 1283 818 multa
1333 766 1508 835 plebe.
1553 766 1776 821 Factum

225 867 296 912 est
317 872 434 926 ergo
461 873 710 928 magnum
735 859 1010 928 gaudium,
1041 858 1159 914 laus
1193 868 1247 912 et
1276 860 1568 928 tripudium
1595 861 1647 915 in
1691 861 1778 915 illa

226 950 382 1004 dede
411 949 502 1003 tali
550 965 818 1004 consensu
863 949 1125 1014 fratrum,
1159 950 1283 1020 quia
1333 966 1398 1006 eo
1442 960 1684 1021 tempore
1727 952 1779 1007 in

224 1042 326 1094 ali's
359 1043 698 1096 monasteriis
742 1057 933 1111 magna
965 1043 1284 1113 disceptatio
1313 1044 1458 1099 inter
1495 1044 1780 1114 plerosque

224 1131 540 1195 versabatur;
591 1141 645 1188 et
692 1133 814 1188 ideo
863 1149 1188 1204 magnopere
1235 1136 1389 1190 nobis
1439 1136 1781 1207 congratula-

222 1225 278 1279 lta
300 1233 414 1288 :tur,
452 1225 596 1294 quod
627 1225 806 1280 nullus
831 1228 1053 1282 omnino
1078 1242 1146 1282 ex
1171 1227 1328 1284 nobis
1356 1242 1456 1283 nec
1483 1228 1660 1298 major
1679 1243 1781 1284 nec

223 1316 376 1370 minor
401 1329 429 1368 a
456 1315 669 1370 caeteris
691 1315 1053 1387 discrepabat.

921 1451 950 1524 ε
992 1449 1055 1506 ιι.

283 1570 420 1624 Auno
459 1584 529 1624 an
566 1578 836 1625 tncarnat.
875 1570 1028 1625 Dom.
1065 1587 1268 1626 arcum
1314 1571 1630 1643 Rudolphus
1659 1588 1776 1628 mo-

225 1663 403 1716 nachus
444 1671 634 1716 noster
664 1663 946 1733 presbyter
986 1678 1048 1718 ex
1086 1663 1371 1718 collatione
1412 1663 1647 1718 ﬁdelium
1679 1680 1777 1720 suo

227 1763 386 1822 rogatu
429 1753 825 1823 aliquantulum
874 1754 1116 1822 pecunia!
1162 1755 1228 1808 ad
1275 1770 1412 1824 opus
1462 1756 1774 1810 monasterii

226 1843 440 1905 contulit,
471 1853 524 1896 et
549 1845 716 1897 etiam
749 1843 1031 1898 brachium
1060 1845 1218 1898 unius
1247 1844 1432 1898 militis
1460 1859 1523 1898 ex
1571 1843 1779 1916 legione

227 1931 548 1985 Tltelneorum
596 1933 1212 2004 martyrum.soeiorum
1257 1934 1315 1985 S.
1349 1932 1605 1998 Mauritii,
1645 1947 1778 1986 auro

225 2029 267 2073 et
285 2030 490 2090 argento
511 2030 680 2089 atque
705 2021 969 2091 lapidibus
992 2022 1286 2076 decoravit.
1315 2023 1425 2076 Hoc
1448 2022 1630 2092 itaque
1657 2022 1780 2076 bra-

226 2114 379 2167 chium
422 2113 654 2167 contulit
684 2114 1012 2169 monasterio
1050 2124 1240 2168 nostro
1287 2112 1661 2168 Heremannus
1689 2129 1778 2168 se-

227 2203 326 2256 nior
349 2203 408 2256 de
437 2201 754 2274 llirzisegge
781 2204 954 2275 (990),
983 2206 1127 2274 quod
1170 2205 1388 2284 quidem
1435 2205 1550 2272 ipse
1594 2203 1781 2272 acqui-

226 2293 364 2346 sierat
387 2309 412 2345 a
435 2295 670 2363 quodam
699 2296 987 2365 praeposito
1014 2307 1139 2349 noto
1165 2295 1265 2350 sibi
1291 2295 1627 2365 Agauneusis
1650 2294 1778 2359 loci,

226 2386 412 2452 quando
458 2386 573 2456 ipse
605 2386 675 2441 de
721 2386 870 2440 Italia
905 2401 1134 2458 pergens
1162 2388 1410 2441 eumdem
1440 2385 1616 2440 locum
1659 2402 1782 2455 per-

227 2476 461 2530 transivit.
501 2477 681 2532 isdem
723 2477 1036 2547 lludolphus
1086 2488 1212 2532 tunc
1257 2479 1514 2548 temporis
1555 2478 1779 2532 redemit

226 2568 359 2621 etiam
399 2569 622 2624 calicem
667 2570 890 2637 bonum,
929 2587 1088 2641 quem
1135 2569 1417 2626 Couradus
1459 2571 1626 2626 abbas
1665 2570 1780 2641 jam

228 2656 393 2712 dudum
415 2661 756 2715 vendiderat.

283 2748 419 2803 Anno
464 2766 666 2804 ttcutv
716 2750 996 2806 Conradus
1039 2753 1208 2808 abbas
1260 2754 1564 2809 melioravit
1605 2764 1778 2810 rotam

229 2833 275 2888 S.
299 2837 544 2908 Gregorii,
579 2849 641 2895 et
673 2839 800 2894 Otto
841 2843 1125 2913 presbyter
1153 2843 1432 2898 brachium
1460 2845 1515 2899 8.
1550 2845 1779 2917 Philippi

228 2931 439 2998 apostoli,
472 2932 564 2987 ubi
591 2932 935 2988 confractum
975 2933 1170 3000 fuerat,
1207 2936 1549 2990 instauravit.

915 3067 942 3139 ς
983 3067 1069 3122 ιιι.

1880 502 2164 555 exactione
2193 511 2249 556 et
2292 503 2604 559 multimoda
2647 507 3008 574 promissione
3038 510 3235 580 exegit,
3264 528 3464 582 quous-

1882 603 1986 658 que
2015 592 2382 659 supradictum
2412 595 2661 651 abbatem
2695 597 2796 651 sibi
2823 607 2877 652 et
2915 598 3114 655 fratres
3155 605 3464 660 consentire

1881 682 2187 748 persuasit,
2245 691 2300 736 et
2349 683 2536 737 decem
2583 685 2798 754 quidem
2855 688 3051 742 talenta
3109 705 3167 744 se
3209 691 3463 750 daturum

1882 772 2207 839 spopondit,
2255 789 2554 844 eorumque
2607 776 2842 846 aliquam
2891 789 3098 846 partem
3140 781 3316 847 dedit,
3367 784 3469 838 ali-

1883 874 2044 928 quam
2076 877 2207 916 vero
2247 865 2424 918 adhuc
2469 866 2708 930 retinuit,
2741 871 3138 937 possessionem
3172 887 3298 926 vero
3325 875 3465 943 apud

1882 948 2295 1021 Riuisgimunde
2336 954 2438 1008 sibi
2490 956 2796 1026 contiguam
2845 957 2897 1011 in
2947 974 3097 1012 suam
3139 969 3463 1028 potestatem

1882 1042 2170 1095 contraxit.
2201 1042 2379 1112 Super
2417 1045 2500 1100 his
2543 1047 2794 1100 omnibus
2825 1063 2956 1116 ergo
2989 1049 3091 1104 tale
3130 1051 3466 1123 privilegium

1883 1131 2149 1186 conscribi
2177 1131 2330 1198 fecit,
2367 1134 2529 1206 idque
2554 1152 2652 1190 suo
2685 1138 2858 1208 sigillo
2880 1140 3206 1197 oblirmavit.

1951 1239 2009 1295 In
2055 1243 2274 1299 nomine
2323 1256 2526 1300 sanctae
2556 1247 2862 1317 Trinitatis,
2893 1251 3073 1308 Patris
3113 1254 3363 1311 videlicet
3412 1265 3468 1312 et

1880 1329 2000 1386 Filii
2031 1341 2085 1387 et
2117 1332 2350 1404 Spiritus
2377 1339 2574 1393 sancti.

1954 1442 2064 1515 Ego
2110 1444 2424 1516 Rudolphus
2465 1465 2649 1506 comes
2699 1453 2766 1508 de
2815 1453 3224 1513 Rammisberch
3282 1468 3466 1516 notum

1881 1530 2025 1587 facio
2074 1537 2324 1592 omnibus
2383 1539 2522 1595 scire
2586 1543 2912 1609 volentilms,
2954 1556 3063 1602 tam
3114 1552 3470 1618 praesentibus

1883 1639 2044 1692 quam
2081 1635 2134 1679 et
2166 1626 2384 1696 futuris,
2418 1630 2652 1700 qualiter
2683 1650 2813 1708 ego,
2831 1637 3007 1692 divina
3036 1638 3252 1694 favente
3290 1643 3470 1710 provi-

1884 1715 2083 1777 dentia,
2112 1718 2250 1786 εαξρὶ
2278 1735 2438 1789 agere
2483 1737 2602 1776 cum
2635 1724 2828 1780 abbate
2853 1727 3101 1784 Conrado
3126 1741 3182 1784 et
3210 1730 3471 1786 fratribus

1811 1795 1852 1852 Β
1882 1801 2122 1872 ejusdem
2167 1813 2479 1865 monasterii
2517 1812 2573 1866 S.
2607 1817 2850 1885 Gregorii
2895 1833 3066 1889 papte,
3098 1823 3238 1890 quod
3269 1820 3470 1878 dicitur

1880 1898 2257 1967 I’etrishusin,
2307 1912 2368 1958 ut
2442 1907 2575 1961 mihi
2621 1910 2986 1965 concederent
3045 1913 3150 1966 tale
3207 1915 3468 1984 przediutn

1881 1990 2038 2060 quale
2070 1992 2242 2048 visum
2282 2003 2364 2049 est
2398 1997 2538 2052 idem
2570 2005 2960 2056 monasterium
3003 2003 3202 2059 habere
3263 2007 3315 2059 in
3353 2005 3470 2062 loco

1881 2081 1972 2150 qui
2031 2081 2228 2137 dicitur
2279 2085 2730 2158 lliuisgimunde;
2781 2094 2907 2162 quia
2959 2096 3148 2149 eadem
3199 2099 3470 2167 possessio

1883 2171 2014 2225 mibi
2044 2173 2220 2228 vicina
2250 2185 2332 2230 est
2374 2189 2426 2232 et
2469 2191 2771 2250 opportuna
2812 2185 2879 2238 ad
2921 2185 3111 2240 alenda
3163 2203 3380 2258 pecora,
3415 2199 3471 2244 et

1883 2269 2130 2325 homines
2175 2273 2277 2326 mei
2314 2289 2418 2328 non
2449 2276 2696 2333 valebant
2743 2280 2987 2336 devitarc
3023 2282 3151 2352 quin
3213 2294 3471 2339 nocerent

1881 2360 1960 2415 eis
1985 2377 2000 2426 ;
2035 2373 2090 2415 et
2119 2361 2220 2418 hoc
2243 2365 2373 2420 mihi
2406 2367 2580 2423 visum
2606 2381 2690 2424 est
2717 2373 2927 2435 melius,
2952 2383 3008 2427 ιιι
3031 2391 3130 2446 ego
3159 2375 3470 2448 Rudolphus

1882 2451 2066 2508 darem
2098 2453 2279 2510 abbati
2325 2457 2576 2513 Conrado
2605 2461 2769 2532 392
2797 2465 2863 2518 de
2897 2464 3231 2523 Petrisbusin
3279 2478 3335 2524 et
3362 2469 3471 2522 fra-

1884 2545 2056 2600 tribus
2103 2545 2346 2615 ejusdem
2396 2557 2708 2608 mouasterii
2761 2558 2945 2612 decem
3004 2559 3242 2627 talenta,
3281 2573 3334 2615 et
3367 2561 3468 2631 ipsi

1882 2638 2013 2692 mihi
2047 2643 2406 2698 concederent
2431 2645 2546 2714 jam
2578 2649 2780 2703 dictum
2821 2655 3079 2722 prmdium
3115 2657 3253 2724 apud
3286 2657 3470 2712 Binis-

1882 2730 1930 2800 gi
1943 2733 2165 2797 munde;
2188 2749 2249 2788 ea
2281 2738 2590 2793 conditione
2614 2751 2671 2793 ut
2695 2742 2819 2810 ipsi,
2837 2745 2905 2798 ob
2931 2749 3243 2800 memoriam
3266 2758 3320 2802 et
3340 2764 3470 2804 con-

1883 2819 2242 2879 firmationem
2270 2825 2428 2895 hujus
2452 2829 2615 2897 pacti,
2659 2833 3088 2889 anniversarium
3118 2843 3305 2894 matris
3337 2856 3470 2895 mea:

1880 2913 2176 2972 Adelbeide
2202 2935 2322 2973 cum
2358 2920 2612 2976 fratribus
2641 2925 2753 2979 suis
2796 2939 3116 2983 annotarent
3149 2939 3201 2986 et
3227 2931 3469 2986 celebra-

1883 3017 2023 3073 rent,
2056 3017 2110 3063 et
2135 3025 2234 3079 ego
2263 3011 2372 3080 ipsa
2408 3014 2493 3068 die
2542 3016 2607 3070 de
2655 3033 2776 3072 meo
2805 3018 3035 3074 facerem
3077 3022 3364 3092 propinare
3394 3027 3469 3079 vi-

1884 3112 2011 3151 num
2064 3098 2324 3155 fratribus
2370 3104 2598 3172 singulis
2651 3108 2827 3171 annis,
2878 3111 3054 3178 quoad
3105 3112 3364 3176 viverem,
3414 3122 3469 3167 et

285 3177 380 3235 Nec
425 3182 599 3238 adhuc
647 3183 713 3238 de
757 3185 1016 3239 memoria
1059 3185 1238 3240 dilecti
1285 3185 1498 3239 abl‘atis
1543 3185 1775 3241 Conradi
1804 3157 1850 3220 δ
1883 3191 1986 3245 hoc
2031 3209 2129 3262 pro
2172 3196 2370 3249 tributo
2413 3206 2468 3253 et
2509 3201 2767 3254 memoria
2815 3205 3096 3271 prmsentis
3125 3205 3465 3260 conditionis.

227 3273 565 3337 eontfcescam,
594 3275 688 3328 sed
716 3276 960 3344 qumdam
987 3276 1051 3330 de
1075 3277 1190 3347 ejus
1217 3278 1475 3332 industria
1507 3280 1780 3333 memori-.8

229 3364 420 3417 tradam.
452 3366 576 3420 Erat
605 3369 754 3421 enim
780 3369 985 3436 peritus
1012 3369 1249 3424 mettica:
1290 3382 1344 3422 et
1367 3370 1526 3441 391
1561 3371 1782 3427 musicae

229 3456 410 3518 artium,
437 3457 626 3526 Optimi
659 3458 883 3527 ingenii,
920 3474 1110 3514 serena
1153 3476 1315 3524 voce,
1363 3459 1592 3516 affabilis
1621 3463 1782 3517 collo-

228 3545 350 3611 qlia,
377 3550 676 3604 veneranda
715 3550 936 3614 canitie,
986 3552 1260 3606 modestus
1301 3553 1539 3608 moribus
1576 3565 1630 3608 et
1665 3570 1783 3608 ver-

228 3631 310 3686 bis.
340 3635 486 3692 Multa
512 3639 879 3695 aedificat-erat
906 3641 1164 3712 praeclara
1196 3658 1316 3713 quat
1363 3644 1498 3713 ignis
1532 3660 1782 3701 consum-

229 3735 397 3794 pserat.

902 3824 929 3895 θ
979 3824 1068 3906 tv.

284 3926 348 3984 Eo
385 3940 621 4003 tempore
672 3935 990 4007 Rudolphus
1037 3953 1222 3994 comes
1257 3939 1322 3994 de
1361 3938 1776 3996 Rammisberch

231 4017 352 4087 (99I)
392 4025 518 4078 emit
557 4042 587 4080 a
632 4026 883 4083 Conrado
912 4028 980 4084 de
1017 4028 1218 4084 Sancto
1249 4041 1431 4085 monte
1473 4033 1776 4100 castellum,

231 4115 344 4177 quod
367 4125 583 4171 vocatur
619 4117 880 4188 Rinegge,
913 4121 1056 4190 quod
1103 4121 1192 4176 ille
1236 4121 1500 4177 habuerat
1535 4124 1586 4177 in
1617 4123 1778 4178 benc-

233 4203 383 4258 ftcium
410 4208 871 4266 a~Constanticusi
914 4211 1176 4268 Ecclesia.
1223 4214 1464 4285 Cumque
1493 4216 1597 4273 hoc
1636 4217 1776 4272 idem

230 4295 473 4350 castellum
505 4299 788 4364 incoleret,
821 4303 1004 4372 ibique
1033 4313 1296 4369 maneret,
1339 4308 1594 4376 cognovit
1632 4309 1776 4378 quod

231 4388 580 4442 monasterium
613 4388 672 4444 8.
701 4389 971 4462 Gregorii,
997 4394 1137 4462 quod
1166 4394 1503 4451 Petrisbusin
1529 4408 1774 4465 vocatur,

1883 3282 2012 3340 Post
2051 3286 2255 3342 obitum
2288 3302 2468 3345 autem
2516 3308 2694 3348 meum
2741 3297 2918 3351 nullus
2948 3299 3168 3354 omnino
3195 3301 3467 3356 haeredum

1885 3391 2124 3430 raeorum
2155 3379 2585 3452 qualemcunque
2621 3394 2941 3454 potestatem
2976 3389 3169 3444 habeat
3201 3391 3251 3444 in
3279 3391 3468 3446 eadem

1884 3470 2239 3535 possessione,
2273 3472 2356 3527 vel
2390 3473 2441 3527 in
2497 3477 2749 3533 omnibus
2779 3495 2898 3550 quae
2947 3489 3069 3537 tunc
3118 3483 3333 3537 inventa
3363 3483 3468 3537 fue-

1881 3559 1991 3611 rint
2023 3560 2074 3614 in
2102 3576 2188 3625 ea,
2215 3572 2324 3616 tam
2369 3564 2420 3619 in
2454 3569 2748 3636 pecudibus
2771 3588 2932 3642 quam
2962 3574 3014 3628 in
3056 3575 3175 3629 aliis
3199 3578 3468 3646 suppelle-

1881 3648 2096 3705 ctilibns
2147 3653 2232 3708 vel
2282 3656 2334 3709 in
2383 3659 2743 3731 qualicunque
2784 3665 3116 3731 substantia;
3158 3669 3252 3722 sed
3303 3670 3468 3723 abbas

1881 3742 1970 3809 qui
2013 3750 2138 3798 tunc
2175 3742 2336 3800 fuerit
2368 3751 2665 3816 praesidens
2692 3757 3018 3810 monasterio
3045 3756 3468 3825 Petrishusensi,

1880 3839 1933 3885 et
1962 3831 2157 3889 fratres
2184 3834 2423 3904 ejusdem
2452 3840 2578 3907 loci,
2606 3859 2671 3898 ex
2699 3845 2908 3914 integro
2933 3855 3102 3903 totum
3130 3849 3332 3919 absque
3361 3849 3466 3902 ulla

1879 3927 2307 3986 contradictione
2336 3934 2667 4002 possideant,
2705 3952 2802 4007 pro
2830 3939 3068 3995 remedio
3112 3942 3305 3996 anima:
3335 3958 3468 3997 mea:

1879 4023 1936 4068 et
1964 4018 2155 4072 matris
2201 4035 2334 4075 meae
2393 4031 2447 4076 et
2484 4026 2727 4081 omnium
2773 4041 3055 4098 parentum
3103 4045 3372 4086 meorum.
3403 4033 3467 4087 Et

1881 4121 1982 4177 ego
2004 4107 2317 4180 Rudolphus
2344 4123 2720 4171 testamentum
2745 4120 2883 4175 istud
2907 4123 3174 4177 conscribi
3204 4124 3465 4193 prmeepi;

1880 4219 1942 4258 ea
1971 4205 2177 4261 scilicet
2204 4209 2415 4266 ratione
2446 4220 2505 4264 ut
2536 4213 2716 4270 nullus
2753 4230 2818 4270 ex
2865 4217 3170 4274 haeredibus
3201 4219 3336 4274 meis
3366 4219 3468 4275 hoc

1879 4297 2086 4356 factum
2123 4318 2300 4358 meum
2347 4303 2673 4377 infringere,
2721 4309 2804 4364 vel
2841 4311 3126 4382 praedictos
3164 4312 3362 4366 fratres
3415 4313 3466 4366 in

1879 4393 2082 4463 prtedio
2123 4394 2228 4450 isto
2281 4396 2584 4467 inquietare
2618 4401 2815 4457 audeat
2852 4412 2974 4474 post
3017 4403 3222 4459 obitum
3265 4419 3465 4458 meum.

232 4468 287 4525 ibi
310 4473 355 4528 in
378 4482 619 4548 proximo
645 4484 1039 4552 possessionem
1092 4485 1318 4542 haberet
1345 4504 1465 4557 qua:
1491 4489 1595 4545 sibi
1622 4490 1777 4547 valde
1804 4514 1855 4576 υ
1879 4483 2074 4540 Actum
2124 4503 2269 4542 anno
2291 4489 2561 4547 lncarnat.
2594 4492 2748 4548 Dom.
2786 4468 3015 4562 ιιοιδιιιι,
3055 4506 3315 4566 regnante
3345 4497 3463 4551 Fri-

232 4576 489 4631 opportuna
513 4581 694 4638 esset;
737 4583 791 4628 et
817 4577 984 4646 ccepit
1026 4593 1186 4648 agere
1224 4595 1347 4635 cum
1394 4582 1590 4637 abbate
1628 4583 1771 4640 Con-

233 4657 354 4723 rido,
379 4673 638 4730 quatenus
666 4668 852 4723 eadem
885 4672 1178 4740 possessio,
1207 4689 1326 4744 quae
1350 4683 1578 4730 vocatur
1601 4676 1779 4734 Binis.

234 4744 466 4816 gitnunde,
510 4754 611 4809 sibi
655 4772 752 4826 pro
799 4761 1030 4829 pecunia
1078 4765 1469 4818 concederetur
1493 4781 1664 4836 usque
1705 4769 1772 4824 ad

235 4834 364 4892 ﬁnem
386 4842 502 4899 vita:
525 4862 671 4910 aute,
700 4857 757 4902 ut
799 4850 871 4904 ibi
920 4851 1128 4919 peculia
1171 4856 1439 4910 enutriret
1476 4865 1533 4911 et
1575 4834 1774 4915 exinde

234 4928 390 5019 pabula
413 4945 460 4990 et
489 4953 686 5007 pascua
715 4940 916 4996 habere
951 4944 1234 5012 potuisset,
1264 4957 1494 5019 postque
1539 4960 1770 5006 mortem

235 5013 371 5082 ipsius
413 5033 515 5078 tam
565 5027 733 5096 ipsam
775 5031 1194 5099 possessionem,
1227 5051 1386 5104 quam
1435 5038 1617 5094 omnia
1651 5056 1771 5110 quas

238 5113 338 5166 tunc
372 5114 493 5170 inibi
544 5120 933 5192 invenirentur,
961 5124 1159 5197 absque
1190 5130 1296 5186 ulla
1339 5133 1771 5192 contradictione

292 5286 416 5328 (nam
443 5291 539 5328 Vm
590 5295 659 5328 ιιι.
709 5315 744 5328 ..
802 5301 824 5328 ρ
867 5301 934 5328 ιη

1879 4575 2066 4634 derico
2110 4578 2456 4650 imperatore,
2509 4583 2838 4641 llerimanno
2863 4588 3143 4642 Constant.
3193 4588 3467 4656 episcopo,

1879 4669 1980 4723 sub
2009 4669 2202 4726 abbate
2248 4671 2515 4728 Conrado.
2554 4677 2616 4730 Et
2650 4691 2750 4748 ego
2788 4677 3138 4734 Gebehardus
3186 4678 3461 4748 presbyter

1880 4760 2074 4830 scripsi
2104 4762 2206 4816 hoc
2239 4763 2578 4836 privilegium
2627 4784 2770 4823 anno
2815 4769 2990 4838 primo
3033 4768 3339 4825 Gebehardi
3369 4767 3457 4822 ab-

1877 4849 2038 4906 batis.
2083 4852 2272 4908 Testes
2319 4853 2478 4924 huius
2508 4857 2738 4913 actionis
2777 4875 2913 4912 uxor
2949 4875 3066 4914 mea
3104 4858 3379 4914 Elisabeth
3418 4867 3467 4913 et

1876 4949 2049 5007 frater
2119 4969 2270 5011 nteus
2327 4957 2629 5024 Aruoldus,
2693 4959 3012 5030 Rudolphus
3073 4962 3140 5018 de
3215 4958 3470 5030 Gulingin

1878 5050 2048 5123 (992),
2083 5055 2392 5112 Adilbertus
2421 5073 2604 5112 comes
2651 5059 2832 5131 (995),
2863 5060 3137 5135 Rupertus
3177 5060 3245 5116 de
3273 5059 3467 5116 Turin-

1879 5143 1992 5214 gin,
2029 5144 2338 5203 Adilbertus
2387 5149 2672 5219 presbyter
2707 5152 2773 5206 de
2819 5153 2970 5222 Tale,
3012 5156 3203 5210 Diemo
3245 5151 3311 5205 de
3361 5151 3465 5206 Bri-

1963 5313 2104 5328 lnﬁ‘I\
2145 5313 2180 5328 Π
2232 5314 2262 5328 ,ο
2471 5316 2501 5328 Ι·
2585 5315 2628 5328 0"
