4010 5328
633 214 736 272 387

1439 217 1798 278 ﬂERMANNl
1851 219 2242 280 CONTRACTI
2303 217 2669 281 ACGIENSIS
2717 222 3045 288 MON;‘.:Clll.

3781 244 3875 301 338

916 331 971 412 ᾖ.
1156 402 1217 412 __
1257 332 1392 412 η..-
1527 334 1762 412 gemini.
1993 335 2222 412 _A_lg9n._
2316 405 2329 412 _
2903 334 3006 412 Pes
3031 340 3206 396 dextri
3236 341 3596 412 Sagittatoris.

881 404 969 458 l9.
1150 402 1220 459 66
1251 404 1332 458 vel
1360 404 1415 459 5.
1527 405 1658 460 Leo.
1996 402 2370 461 lla'lhazhoeht
2903 410 3137 493 Sinister
3183 402 3440 470 humErus
3488 415 3731 488 Sagitta-

877 541 969 598 26.
1257 542 1345 598 72.
1529 544 1758 601 Cancer.
1992 543 2288 601 Alrucnba.
2336 544 2599 618 Egregez.
2974 490 3127 536 “ms.

705 657 819 713 Hoc
846 657 1005 713 modo
1040 656 1417 713 Alhancabuth
1456 664 1829 715 mensuratum
1866 669 2057 725 totum,
2088 660 2225 715 ubi-.
2238 666 2291 724 Α
2317 660 2506 717 diebus
2532 663 2659 718 anni
2682 663 2787 719 560
2811 665 2892 720 vel
2914 665 2948 720 5
2969 667 3147 736 potius
3169 669 3346 727 adhuc
3366 671 3568 729 additis
3589 672 3878 732 dividatur:

633 766 846 822 cunque
873 760 1069 817 vacat,
1108 750 1395 820 diligenter
1426 750 1596 806 facias
1634 752 1898 821 perforari
1928 763 1980 808 et
2021 766 2215 823 perpo-

634 846 742 910 liri,
770 847 960 903 relicto
984 855 1162 901 tamen
1193 840 1417 902 zodiaco
1443 855 1497 902 et
1519 848 1766 916 partibus
1787 847 2016 903 aliorum
2041 848 2223 903 circu-

634 940 830 1004 lorum,
861 953 997 1008 quos
1026 938 1155 995 dixi.
1190 953 1313 993 cum
1340 938 1509 993 stellis
1549 939 1682 1003 suis,
1713 946 1767 993 et
1791 939 2025 1008 quadam
2059 952 2216 1009 regu-

642 1033 691 1087 la
731 1047 829 1102 per
848 1030 1032 1086 Pisces
1056 1040 1111 1086 et
1143 1028 1415 1102 Virginem
1457 1031 1753 1085 secundum
1782 1031 1947 1085 alium
1971 1030 2216 1085 colttrum

636 1129 829 1187 ducta,
862 1138 981 1192 quae
1005 1123 1150 1193 ipsos
1180 1120 1433 1176 videlicet
1461 1127 1581 1175 cum
1616 1121 1791 1175 medio
1819 1121 1990 1175 centri
2017 1105 2219 1174 circulo

635 1216 802 1286 possit
830 1214 1112 1269 continere
1142 1212 1210 1267 ad
1235 1209 1351 1280 ejus
1382 1212 1587 1266 relictis
1624 1208 1974 1275 soliditatem,
2017 1220 2077 1264 ut
2097 1224 2220 1264 cum

636 1307 795 1361 alicui
828 1305 1228 1377 superpositum
1256 1303 1460 1359 elimati
1494 1317 1593 1373 per
1636 1318 1817 1367 axem,
1846 1316 2006 1371 quem
2036 1301 2220 1354 Alclii-

636 1398 720 1452 tob
744 1404 959 1461 vocant,
981 1392 1427 1451 circumvolvitur
1445 1393 1829 1463 apparentibus
1850 1407 1950 1463 per
1970 1400 2221 1461 apertum

636 1487 847 1542 cunctis
868 1484 1110 1555 ejusdem
1134 1485 1365 1541 climatis
1390 1484 1745 1556 perigraphis,
1780 1493 1968 1549 ortus,
1993 1497 2223 1539 occasus

635 1577 1101 1648 exultationesque
1143 1576 1420 1647 signorum
1471 1586 1528 1631 et
1600 1555 1921 1637 siellarum,
1975 1576 2225 1644 ratioque

638 1670 896 1724 horarum
945 1668 1149 1740 liquido
1198 1668 1522 1733 declaretur,
1552 1668 1691 1722 sicut
1733 1680 1828 1735 per
1861 1666 2032 1737 ipsius
2070 1677 2223 1722 ortus

641 1756 809 1830 [cod.,
843 1756 1001 1829 ortis]
1026 1758 1422 1828 experientiam
1468 1765 1523 1811 et
1569 1772 1725 1811 usum
1765 1755 2053 1812 manifeste
2081 1759 2224 1814 scire

637 1848 946 1905 volentibus
975 1850 1329 1920 approbatur.

1238 1934 1469 1999 CAPUT
1509 1938 1619 1997 ΥΠ.

1066 2023 1145 2085 De
1180 2033 1461 2102 partitione
1499 2031 1772 2087 Untbonis.

708 2116 824 2176 iloc
876 2120 950 2176 ita
987 2121 1230 2192 petl'eeto
1259 2119 1582 2187 Umbonem,
1633 2122 1724 2191 qui
1776 2121 1945 2192 ipsam
1994 2126 2222 2176 matrem

635 2207 1018 2267 Walzacoratn
1054 2211 1432 2276 circumdare,
1470 2222 1526 2266 et
1568 2222 1790 2267 cunctas
1822 2212 2096 2268 climatum
2139 2222 2221 2267 ta-

633 2304 819 2369 bulas,
869 2304 1155 2373 ipsumque
1181 2305 1584 2374 superpositum
1627 2305 2008 2360 Alhaneahttth
2062 2307 2224 2362 debet

635 2397 1081 2458 circumcludere.
1110 2397 1286 2467 primo
1318 2396 1370 2450 in
1412 2408 1645 2467 quatuor
1676 2414 1851 2468 :equa,
1882 2409 1939 2452 ut
1969 2399 2222 2455 videlicet

635 2488 879 2559 praefatis
925 2489 1213 2545 conveniat
1257 2487 1495 2555 coloris,
1528 2488 1724 2542 divide.
1776 2488 1980 2544 Dehinc
2026 2504 2220 2544 unum-

642 2579 897 2649 quodque
921 2588 1236 2650 quartorum
1267 2579 1321 2633 in
1346 2579 1447 2633 tria
1465 2619 1481 2646 ,
1508 2587 1563 2633 et
1583 2578 1775 2633 horum
1806 2579 2223 2650 unumquodque

644 2670 699 2726 in
731 2660 858 2726 sena
880 2671 1083 2742 partire
1102 2711 1118 2737 ,
1145 2680 1207 2726 ut
1225 2669 1475 2726 videlicet
1514 2678 1656 2725 totus
1681 2668 1943 2725 Umbonis
1965 2671 2222 2726 circuitus

642 2764 804 2821 lineis
835 2766 1000 2821 rectis
1024 2766 1276 2822 distincta
1303 2767 1370 2821 72
1403 2766 1555 2838 paria
1590 2765 1865 2821 contineat
1891 2767 2208 2833 intervalla,

638 2864 693 2912 et
722 2858 1142 2928 unumquodque
1169 2859 1359 2913 horum
1391 2857 1795 2912 intervallorum
1821 2857 2050 2911 interius
2074 2897 2090 2922 ,
2123 2858 2219 2913 ubi

632 2948 953 3018 prominens
979 2949 1032 3003 in
1064 2948 1477 3003 Ilalhaneahuth
1518 2947 1720 3003 Almeri
1750 2947 1986 3017 attingit,
2024 2947 2075 3001 in
2098 2947 2222 3016 qui-

633 3052 736 3094 nos
754 3038 932 3094 adhuc
958 3038 1159 3108 gradus
1184 3038 1460 3100 discerne,
1484 3044 1545 3090 ut
1571 3037 1842 3092 circuiens
1868 3036 2071 3091 Almeri
2107 3037 2223 3093 die-

635 3136 756 3181 rum
790 3135 847 3181 et
879 3128 1138 3182 horarum
1164 3125 1529 3197 longitudines
1554 3125 1726 3194 possit
1753 3134 2090 3196 computare.

1234 3210 1461 3270 CAPUT
1503 3213 1635 3267 Vlll.

760 3308 839 3364 De
865 3304 1149 3379 partizione
1174 3307 1443 3378 signorum
1468 3340 1483 3372 ,
1517 3306 1769 3359 mensium
1808 3315 1855 3359 et
1884 3306 2105 3359 dierum.

2319 754 2463 824 quod
2489 755 2590 809 hoc
2628 758 2787 812 modo
2812 756 3028 814 facilius
3063 756 3232 817 facies
3262 762 3380 819 zAb
3409 779 3519 820 uno
3548 764 3742 821 circuli
3767 783 3886 836 qua-

2318 844 2516 899 drante
2557 845 2823 901 decimam
2870 857 3115 904 octavam
3162 862 3369 922 partem
3414 855 3632 911 seclude
3658 896 3675 919 ,
3716 867 3773 912 et
3797 858 3885 913 hac

2320 947 2545 1005 excepta
2580 938 2845 1008 reliquum
2884 949 3051 996 totum
3082 944 3366 999 circuitum
3390 946 3446 1000 in
3475 947 3575 1010 l2,
3621 952 3681 1002 et
3709 965 3882 1004 unam-

2321 1044 2593 1099 quamque
2618 1031 2994 1087 duodecimam
3019 1035 3072 1089 in
3100 1050 3263 1091 senas
3282 1038 3462 1093 divide
3482 1050 3695 1109 partes,
3719 1042 3885 1109 sicque

2322 1127 2699 1184 annumerata,
2723 1134 2887 1188 quam
2912 1124 3237 1188 secluseras,
3262 1126 3580 1193 quadrantis
3610 1141 3788 1195 parte,
3802 1130 3882 1184 de.

2322 1205 2517 1259 cimam
2545 1216 2790 1262 octavam
2840 1211 2894 1264 in
2941 1222 3052 1267 toto
3083 1212 3286 1269 circulo
3317 1215 3385 1271 70
3415 1220 3519 1273 tria
3550 1222 3794 1289 reperies
3817 1223 3885 1274 in-

2326 1296 2578 1363 tervalla,
2613 1300 2808 1368 quibus
2852 1302 3081 1372 singulis
3129 1305 3183 1360 in
3219 1307 3253 1363 5
3281 1309 3497 1378 partitis
3527 1311 3704 1367 habes
3723 1313 3884 1367 circu-

2323 1386 2431 1442 lum
2466 1397 2561 1459 pe‘r
2584 1390 2690 1447 365
2717 1393 2833 1448 dies
2860 1395 3112 1451 divisum.
3600 1418 3603 1419 '

2409 1481 2560 1539 Tunc
2632 1489 2929 1543 autumnali
3013 1491 3378 1560 mquinocﬁo,
3450 1492 3594 1561 quod
3660 1492 3882 1549 modemi

2322 1570 2498 1640 primo
2554 1577 2720 1644 gradu
2793 1575 3028 1643 Arietis,
3092 1578 3143 1633 id
3213 1590 3335 1644 est,
3382 1582 3448 1634 15
3517 1565 3883 1652 Κιιιξ“”ᾸῙῖἷῙ,ἓ

2325 1661 2701 1718 ascribendum
2737 1667 2998 1733 credunt,
3045 1667 3310 1738 incipiens
3346 1670 3413 1724 Η
3442 1671 3557 1726 dies
3591 1683 3718 1743 post
3744 1677 3888 1744 :t'quio

2324 1753 2587 1819 noctium,
2620 1753 2671 1808 id
2721 1766 2836 1820 est,
2868 1766 2988 1826 post
3026 1757 3219 1813 lineam
3267 1761 3664 1818 occidentalem
3718 1765 3768 1819 in
3797 1782 3885 1835 qua

2323 1839 2861 1909 Arietemiuchoasti,
2889 1846 3079 1901 Martio
3102 1850 3272 1903 mensi
3299 1852 3499 1918 tribue,
3518 1852 3721 1909 deinde
3739 1856 3887 1927 Aprili

2325 1930 2413 1997 30,
2434 1933 2577 1988 Maio
2591 1935 2651 1990 5i
2668 1975 2682 2000 ,
2704 1934 2863 1991 Junio
2890 1937 2980 2000 50,
3005 1937 3147 1993 Julio
3167 1940 3226 1994 5i
3244 1981 3257 2001 ,
3279 1941 3521 2012 Augusto
3542 1943 3603 1998 51
3619 1974 3637 2010 ς
3669 1944 3887 2017 Septena

2249 2010 2297 2075 Β
2325 2023 2406 2079 bri
2430 2025 2519 2091 30,
2551 2026 2770 2083 Octobri
2800 2029 2892 2093 5|,
2923 2029 3211 2086 Novembri
3243 2033 3332 2099 50,
3367 2010 3653 2092 ὺεείνηιιηιί
3683 2010 3789 2100 δι’.
3811 2036 3886 2095 Ja-

2325 2121 2516 2176 nuario
2537 2120 2627 2187 51,
2645 2122 2942 2179 Februario
2963 2123 3034 2178 28
3056 2135 3111 2180 et
3136 2126 3327 2183 Martio
3348 2144 3517 2197 usque
3538 2132 3603 2184 ad
3626 2132 3885 2201 prarfatatn

2331 2210 2641 2281 aequinoctii
2682 2214 2919 2271 vernalis
2948 2214 3146 2271 lineam
3203 2218 3262 2272 l7
3293 2218 3556 2290 deputans
3582 2263 3600 2289 ,
3637 2222 3886 2295 integrum

2326 2304 2454 2358 anni
2500 2300 2769 2361 cur'rentis
2811 2308 3095 2363 circuitum
3132 2311 3425 2380 complehis
3450 2353 3465 2377 ,
3498 2315 3712 2370 duahus
3750 2315 3887 2369 lineis

2325 2393 2557 2451 circulos
2597 2389 2984 2466 quadrifariam
3012 2401 3374 2469 partientibus
3398 2442 3414 2467 ,
3443 2404 3662 2459 scilicet
3689 2415 3884 2475 quater-

2322 2500 2422 2540 nos
2449 2486 2574 2541 anni
2603 2488 2891 2555 articulos,
2922 2491 3050 2545 bina
3091 2492 3356 2561 siquidem
3382 2494 3715 2565 :equinoctia
3739 2506 3790 2551 et
3817 2506 3887 2550 to-

2323 2576 2485 2631 tidem
2512 2578 2738 2633 solstitia
2764 2580 3237 2637 intersecantibus.

2391 2659 2579 2725 A'dhue
2599 2669 2741 2740 quod
2790 2671 2889 2725 sub
2909 2672 3013 2729 hoc
3043 2682 3285 2729 remanet
3313 2685 3500 2731 centro
3528 2678 3775 2733 citimum
3800 2677 3887 2732 cir-

2322 2757 2565 2815 culorum
2590 2761 2948 2827 intervallum,
2975 2764 3048 2818 ita
3085 2765 3137 2818 in
3162 2781 3482 2836 unoquoque
3511 2784 3704 2825 mense
3724 2770 3887 2824 distin-

2322 2866 2446 2920 gue,
2471 2859 2527 2905 ut
2558 2853 2753 2923 quinos
2773 2854 2911 2920 dies,
2937 2855 3021 2909 vel
3046 2857 3188 2924 quod
3210 2859 3515 2928 expeditius
3527 2870 3753 2932 prepter
3771 2860 3883 2916 heb-

2324 2941 2593 2997 domadas
2645 2944 2900 3011 videtur,
2958 2955 3209 3016 septenos
3252 2949 3432 3017 potius
3491 2960 3888 3006 connumeratos

2324 3032 2481 3087 lineis
2504 3033 2828 3105 distinguas,
2866 3039 3273 3092 remanentihus
3305 3039 3350 3093 si
3382 3041 3473 3109 qui
3514 3041 3697 3097 adhuc
3727 3058 3889 3113 super-

2324 3131 2448 3176 sunt
2480 3123 2546 3179 de
2569 3138 2753 3179 mense
2769 3124 2979 3179 diebus.
3008 3125 3103 3181 His
3125 3137 3301 3182 autem
3334 3129 3405 3183 ita
3437 3130 3719 3199 perfectis,
3749 3141 3887 3186 totam

2325 3225 2632 3266 mensuram
2656 3213 3003 3269 instrumenti
3034 3215 3194 3284 hujus
3222 3218 3287 3271 ad
3310 3220 3740 3275 astronomieam
3764 3219 3890 3275 vidc4

2325 3301 2452 3356 licet
2492 3302 2925 3376 horologicamve
2976 3305 3313 3377 disciplinam
3352 3311 3718 3381 pertinentem
3760 3326 3886 3365 como

709 3399 904 3457 Restat
928 3402 1136 3469 postica
1167 3399 1484 3455 walaacorze
1510 3398 1764 3469 planities
1802 3397 2070 3452 metienda
2104 3412 2225 3452 om-
2253 3374 2298 3435 δ
2331 3393 2532 3463 pletam
2573 3409 2694 3450 esse
2741 3394 3034 3453 laetaberis.
3091 3399 3200 3454 Sed
3269 3374 3442 3458 adhuc
3495 3403 3563 3458 de
3601 3403 3889 3473 quadrant't

638 3492 801 3547 nibus
845 3492 1051 3547 zodiaci
1084 3492 1375 3564 gradibus,
1406 3491 1605 3563 signis,
1650 3490 1929 3545 mensibus
1951 3499 2001 3545 et
2036 3491 2228 3546 diebus

639 3585 767 3640 anni
797 3584 1165 3655 insignienda.
1197 3582 1362 3652 Cujus
1389 3592 1665 3639 extremos
1699 3582 1960 3647 circulos,
1993 3583 2046 3637 in
2076 3581 2110 3633 4
2139 3582 2228 3636 iti-

639 3675 762 3730 dem
806 3690 959 3745 tequa
1007 3675 1172 3731 rectis
1202 3674 1359 3730 lineis
1388 3688 1486 3745 per
1517 3682 1764 3729 centrum
1787 3672 1966 3728 ductis
2023 3674 2227 3729 divisos

638 3767 827 3823 eadem
864 3783 970 3839 qua
1004 3776 1055 3821 el
1084 3767 1402 3838 przedictum
1423 3762 1721 3822 Umboncm
1748 3781 1999 3821 mensura
2035 3766 2229 3821 distin-

640 3848 808 3932 guas,
839 3868 900 3914 ut
924 3859 1178 3916 videlicet
1202 3858 1575 3929 unusquisque
1605 3858 1880 3928 quadrans
1909 3858 2142 3927 primum
2172 3860 2225 3913 in

641 3951 769 4017 tria,
798 3959 853 4006 et
876 3951 966 4007 illa
991 3951 1045 4006 in
1071 3966 1202 4007 sena
1226 3992 1241 4016 ,
1282 3950 1334 4006 id
1362 3962 1443 4006 est
1476 3950 1542 4006 l8
1573 3948 1876 4016 intervalla,
1911 3957 2058 4005 totus
2097 3964 2229 4005 vero

641 4042 872 4098 circuito
892 4044 946 4099 in
963 4044 1035 4099 72-
1055 4044 1261 4099 divisus
1292 4044 1379 4107 sit,
1407 4052 1462 4099 et
1490 4044 1914 4115 unumquodque
1946 4044 2141 4098 horum
2172 4043 2228 4098 in

640 4133 841 4203 quinos
868 4134 1143 4189 dividatur
1166 4134 1384 4205 gradus,
1418 4134 1509 4202 qui
1542 4135 1701 4189 simul
1732 4133 1837 4189 560
1858 4133 2226 4203 complebunt.

643 4224 760 4281 ειυι»
787 4226 875 4282 his
903 4241 1034 4281 vero
1060 4227 1362 4296 proximum
1404 4225 1731 4281 circulorum
1759 4225 2101 4280 intervallum
2135 4226 2229 4281 tri-

640 4315 744 4372 bus
774 4316 827 4371 in
871 4330 1196 4386 unoquoque
1226 4315 1529 4386 quadrante
1558 4315 1729 4385 signis
1753 4314 2107 4383 dispertialur
2126 4356 2141 4379 ,
2172 4324 2229 4369 et

642 4418 833 4462 eorum
876 4403 1155 4462 vocabulis
1189 4407 1537 4470 inscribatur,
1570 4421 1599 4460 a
1631 4406 1772 4460 linea
1805 4406 2055 4460 videlicet
2080 4409 2229 4463 occi-

655 4503 884 4569 dentali,
925 4500 980 4557 ld
1005 4510 1090 4557 est
1147 4502 1390 4566 dextera,
1416 4516 1588 4570 usque
1616 4499 1683 4554 ad
1714 4515 1979 4554 sunnnam
2011 4508 2227 4554 austra-

644 4586 774 4660 lem,
802 4594 888 4649 cui
919 4593 1379 4665 suspendicularis
1401 4593 1746 4647 incateuatur
1774 4592 2009 4647 circulus
2038 4602 2226 4647 contra

644 4686 903 4741 mundum
939 4681 1130 4749 Aries,
1163 4682 1406 4747 Taurus,
1432 4681 1667 4739 Gemini.
1694 4681 1908 4737 Abhinc
1958 4699 2128 4752 usque
2160 4685 2228 4740 ad

645 4775 1001 4840 orientalem,
1031 4775 1084 4829 id
1111 4782 1197 4829 est
1245 4774 1546 4839 sinistram,
1578 4772 1806 4836 Cancer,
1842 4772 1948 4826 Leo
1973 4783 2027 4827 et
2048 4773 2228 4845 Virgo.

644 4867 773 4924 lude
794 4883 963 4937 usque
989 4869 1055 4921 ad
1076 4867 1241 4921 imam
1266 4864 1739 4936 septentrionalem
1766 4864 1950 4929 Libra,
1975 4863 2234 4933 Scorpius

647 4969 702 5015 et
726 4960 1072 5031 Sagittarius.
1102 4958 1171 5013 Et
1204 4958 1399 5012 dehinc
1432 4957 1499 5010 ad
1524 4956 1913 5013 occidentalem
1945 4957 2232 5026 Capricor-

648 5064 784 5114 nus,
820 5050 1096 5120 Aquarius
1131 5058 1187 5104 et
1215 5049 1400 5104 Pisces
1433 5058 1812 5114 revertantur;
1857 5059 1911 5105 et
1941 5050 2233 5118 unicuique

650 5140 803 5208 signo
829 5141 1007 5194 sexies
1036 5140 1212 5209 quini,
1244 5140 1294 5193 id
1319 5148 1420 5201 est,
1448 5140 1517 5195 50
1548 5141 1615 5195 de
1642 5142 1915 5212 prazdictis
1943 5142 2040 5197 l60
2065 5142 2229 5196 totius

650 5229 836 5284 circuli
866 5230 1124 5299 gradibus
1150 5230 1498 5300 deputentur.

2329 3487 2733 3541 meusnrationc
2752 3528 2766 3547 .
2792 3489 2882 3558 qui
2908 3490 3049 3544 intra
3070 3490 3333 3547 circulum
3359 3491 3571 3548 dierum
3600 3494 3746 3549 inter
3767 3494 3890 3548 occi-

2326 3578 2595 3635 dentalem
2637 3588 2692 3634 et
2727 3581 3205 3651 septentrionalem
3233 3584 3428 3639 lineam
3456 3600 3650 3642 versus
3677 3586 3888 3641 mediam

2327 3670 2622 3739 Aquarium
2698 3671 2907 3727 locatus
2974 3674 3043 3729 ad
3112 3676 3474 3747 geometricas
3542 3676 3889 3733 dimensiones

2330 3759 2647 3817 utilissimus
2690 3764 2963 3832 pertinet,
3015 3766 3242 3835 paucula
3290 3768 3535 3823 scribere
3579 3783 3689 3823 non
3728 3768 3888 3838 pigere

2331 3852 2510 3907 debet.

2941 3942 3169 4002 CAPUT
3207 3944 3294 4002 IX.

2925 4037 3001 4092 De
3029 4041 3313 4109 quadrato.

2400 4127 2660 4196 Quartam
2686 4143 2815 4201 ergo
2842 4130 3056 4199 prmfati
3079 4131 3289 4187 dierum
3312 4132 3503 4189 circuli
3527 4144 3737 4205 partem
3766 4133 3887 4190 inter

2330 4220 2620 4289 praedictas
2665 4221 3056 4277 occidentalem
3102 4232 3158 4278 et
3197 4226 3678 4295 septentrionalem
3704 4228 3887 4281 litteras

2330 4313 2386 4366 in
2416 4310 2524 4366 duo
2555 4311 2770 4377 divide;
2813 4320 2869 4366 et
2890 4323 3092 4384 puncto
3120 4314 3171 4368 in
3212 4317 3390 4371 medio
3415 4316 3561 4372 l‘aeto
3589 4318 3752 4372 aliam
3777 4330 3888 4386 quo-

2330 4419 2437 4473 que
2485 4412 2735 4473 quartam
2782 4405 2924 4459 inter
2970 4406 3360 4462 occidentalem
3405 4418 3458 4462 et
3498 4408 3887 4473 australem,et

2332 4495 2461 4549 item
2512 4495 2672 4551 aliam
2719 4496 2861 4551 inter
2897 4498 3371 4567 septentrionalem
3402 4508 3457 4552 et
3492 4499 3802 4567 orientalem
3840 4497 3884 4548 in

2333 4586 2440 4640 duo
2498 4586 2683 4641 itidem
2726 4586 3052 4657 dispertieus
3100 4589 3417 4648 medietates
3468 4590 3685 4660 punctis
3734 4589 3835 4643 bet
3865 4600 3887 4637 c

2334 4675 2622 4731 secernito.
2656 4672 2831 4742 Tunc,
2877 4678 3119 4749 apposita
3146 4679 3332 4748 regula
3380 4678 3432 4734 in
3468 4688 3668 4749 puncta
3709 4695 3741 4733 a
3774 4686 3817 4733 et
3842 4676 3884 4738 tv,

2335 4725 2620 4731 ν-νν--υ-νν
2665 4725 2831 4742 -----νγ
2878 4725 3119 4749 -ινγν---ν-
3149 4725 3332 4748 -νο--η-
3380 4725 3431 4734 ---
3468 4725 3668 4749 ιν---νν-
3710 4725 3740 4733 ’-
3776 4725 3816 4733 ν’
3845 4725 3883 4738 τ’

2261 4725 2308 4784 D
2337 4764 2537 4821 lineam
2586 4773 2788 4821 rectam
2851 4767 2923 4823 ab
2970 4764 3289 4824 occidentali
3346 4768 3486 4823 linea
3540 4770 3595 4824 in
3646 4786 3679 4823 α
3717 4766 3883 4835 dirige.

2337 4858 2471 4912 Item
2502 4860 2555 4913 in
2582 4876 2615 4913 a
2644 4868 2700 4915 et
2735 4877 2763 4913 c
2795 4860 3033 4928 regulam
3056 4876 3285 4932 ponens,
3328 4861 3488 4915 aliam
3531 4860 3727 4916 lineam
3759 4874 3785 4912 a
3811 4872 3883 4910 se-

2336 4949 2686 5021 ptentrionali
2712 4952 2816 5005 ina
2838 4952 3107 5017 deducito,
3126 4964 3180 5008 et
3198 4954 3365 5009 habes
3386 4955 3707 5024 quadratum
3727 4953 3889 5007 ortho-

2336 5058 2533 5112 gonum
2564 5044 2972 5113 mquilaterum,
3004 5045 3156 5114 cujus
3183 5062 3321 5102 unus
3347 5047 3577 5117 angulus
3619 5047 3671 5101 in
3696 5063 3749 5109 ο,
3773 5042 3887 5096 alter

2333 5134 2613 5204 appositus
2657 5150 2754 5205 per
2791 5137 3081 5207 diagonum
3113 5138 3165 5191 in
3207 5148 3433 5192 centro:
3466 5138 3658 5208 reliqui
3706 5137 3804 5192 duo
3842 5132 3887 5185 in

2336 5225 2496 5282 lineis
2524 5227 2843 5282 occidentali
2871 5238 2924 5283 et
2956 5228 3363 5299 septentrionali
3394 5230 3713 5284 limitantur.
