4010 5328
193 323 295 379 589

1120 320 1207 377 DE
1249 319 1727 379 UTILI'I‘ATIBUS
1781 323 2215 383 ASTROLABII.
2240 328 2436 385 —LIB
2479 330 2519 386 .I

3332 336 3440 393 .790

188 434 411 503 quadam
441 432 628 505 regula
648 447 771 488 cum
797 430 1003 487 duabus
1025 430 1202 504 pinnis
1231 433 1430 489 erectis
1463 434 1529 486 ad
1554 441 1756 488 rectam
1790 440 1834 496 Α
1865 448 2055 490 omnes
2096 446 2406 506 prtetaxatas
2446 439 2678 495 Izabeaut
2728 445 3177 509 mensuratinucs,
3202 444 3440 500 libellum

185 525 371 580 lineam
383 525 700 594 perforatis,
718 531 883 593 quota
902 520 1089 577 lateris
1108 523 1354 592 quadrati
1368 538 1432 591 pa
1443 539 1495 576 rs
1516 524 1758 592 designe-

184 624 267 669 tur
283 616 454 684 possit
476 629 763 684 apparere.
784 612 931 681 Quas
953 621 1133 668 autem
1169 623 1466 683 quantasve
1498 616 1759 673 utilitates

2533 809 2677 820 .,
2886 814 3171 841 .η.,
3403 816 3418 845 ,

709 944 1721 1124 annuatim:

1871 527 2209 598 Astrolapsus
2254 528 2486 599 lcgcnti,
2534 540 2588 586 et
2624 532 2894 602 ingenium
2940 536 2991 590 in
3020 535 3325 604 huiusmodi
3355 552 3441 592 t'e-
3485 526 3493 533 ’

1816 648 1823 653 -
1868 631 1988 671 rum
2017 633 2118 673 usu
2148 620 2492 689 exercitanti,
2524 620 2658 678 alias
2679 623 2837 678 debet
2866 625 3155 681 netilicari.

1835 948 2186 1065 (ΞοΝ
2198 950 2909 1068 ΤΒΔΩΤῙ

1456 1156 1765 1215 MONACllI
1802 1158 2173 1217 AUGIENSIS

580 1336 775 1461 DE
870 1332 2002 1465 UTILITATIBUS
2087 1336 3044 1479 ASTROLABII

1445 1591 1777 1681 LIBRI
1847 1589 2136 1685 DUO.

504 1804 670 1867 Eruit
696 1824 762 1866 es
790 1825 895 1867 ms.
925 1809 1047 1867 cod.
1080 1806 1423 1866 celeberrimi
1453 1804 1771 1863 monasterii
1801 1806 1860 1861 S.
1899 1803 2045 1863 Petri
2078 1806 2378 1881 Saiisburg.
2404 1810 2464 1869 P.
2497 1813 2811 1877 Bernardns
2833 1817 3047 1879 Pezius.

1157 1904 1484 1977 (Tltesaurus
1513 1900 1769 1955 Anecdot.
1804 1901 1995 1956 nociss.
2037 1902 2130 1968 IlI,
2170 1919 2246 1971 tt,
2280 1904 2430 1978 l07.)

1392 2189 1576 2245 LIBRI
1624 2189 1812 2246 PRIMI
1848 2191 2216 2249 CAPITULA.

167 2327 203 2383 I.
237 2325 308 2381 De
329 2326 653 2382 utilitatibus
679 2325 977 2383 astrolabii.

169 2399 223 2452 Il.
262 2397 561 2469 Qescriptio
592 2398 709 2467 ejus
729 2397 1209 2469 perigrapltiarunt.

166 2469 242 2541 ili.
278 2467 350 2541 ιρι
368 2465 671 2541 colligendo
700 2465 926 2541 signo'et
944 2465 1122 2541 'gratlu
1144 2465 1290 2520 salis.

169 2539 244 2592 IV.
287 2537 357 2592 De
383 2537 697 2595 imaiiendo
723 2537 914 2592 nodair
938 2538 1083 2591 solis.

168 2607 224 2660 γ.
255 2609 324 2662 De
349 2609 697 2677 concipienda
724 2608 848 2663 solis
874 2606 1171 2669 altitudine,
1195 2615 1241 2658 et
1264 2605 1419 2659 certis
1440 2605 1582 2659 [toris
1606 2600 1729 2659 diei.

168 2677 244 2732 Vl.
280 2678 353 2732 De
380 2677 669 2732 altitudine
688 2678 988 2743 stellarum,
1019 2688 1066 2731 et
1087 2678 1230 2729 horis
1258 2678 1546 2729 nocturnis.

174 2748 266 2817 VII.
303 2748 379 2802 De
400 2748 745 2803 distinctione
769 2748 1022 2803 horarum
1048 2763 1142 2817 per
1157 2758 1388 2817 quatuor
1414 2747 1620 2817 plagas.

169 2816 287 2873 VIII.
328 2818 400 2872 De
422 2818 576 2872 horis
604 2816 1077 2887 (equinoctialibus,
1102 2829 1149 2870 et
1177 2816 1543 2886 ina'qnalibus.

169 2887 248 2958 ix.
274 2887 357 2958 ρο
378 2888 623 2958 partibus
658 2888 995 2958 inaequalium
1022 2890 1272 2942 horarum
1301 2888 1427 2940 diei.

170 2955 229 3028 Χ.
265 2957 335 3013 De
358 2955 602 3028 partibus
628 2955 965 3028 ianiralium
992 2958 1241 3021 horarum
1262 2960 1449 3011 noctis.

169 3027 250 3099 ξι.
284 3027 690 3099 Deindaganda
720 3030 1012 3099 quantitate
1050 3027 1187 3082 orbis
1208 3028 1335 3082 diei.

171 3096 273 3168 ξω.
305 3097 379 3168 De
400 3099 701 3168 quantitate
724 3096 861 3153 orbis
891 3098 1153 3153 nocturni.

173 3165 295 3238 ﬁlii.
333 3165 469 3234 om
498 3167 610 3238 sint
641 3170 785 3222 Itone
814 3168 1193 3238 a'quinoctialis
1225 3167 1330 3222 diei
1359 3177 1406 3223 et
1432 3165 1617 3222 noctis.

174 3236 296 3307 ΧΠ.
336 3239 407 3292 De
428 3236 767 3307 percipienda
795 3236 1058 3293 vicinitate
1077 3254 1304 3292 auram.

171 3304 276 3379 iiii,
312 3307 389 3379 De
426 3304 764 3379 percipiendo
793 3308 1020 3379 quolibet
1056 3319 1282 3378 tempore
1325 3308 1579 3379 cujusque
1608 3305 1745 3377 signi
1783 3313 1954 3361 ortum
1980 3315 2026 3359 et
2051 3319 2317 3359 occasum.

174 3375 294 3448 xii.
333 3377 397 3448 In
424 3375 527 3448 quo
557 3375 710 3448 signa
736 3375 838 3432 sint
863 3378 1047 3433 stellae.

173 3444 316 3501 XVII.
351 3444 728 3502 De'vocab'ulis
758 3449 1027 3504 stellarum
1056 3448 1293 3503 Arabicis
1318 3458 1364 3504 et
1397 3446 1621 3503 Latinis.

174 3515 332 3572 XVIII.
371 3518 446 3572 De
471 3520 788 3573 discretione
815 3519 1104 3585 climatum,
1130 3528 1177 3573 et
1211 3535 1389 3574 eorum
1417 3519 1725 3573 invenienda
1762 3511 2060 3585 latitudine.

175 3586 295 3641 XIX.
333 3587 403 3643 De
429 3588 690 3644 diuisione
716 3589 855 3643 orbis

176 3607 295 3641 aut.
333 3607 403 3643 ue
429 3607 690 3644 awtssone
716 3607 855 3643 orots
940 3607 998 3643 er
1016 3607 1210 3660 septem
1248 3607 1455 3643 cumam

174 3654 277 3726 XX.
314 3656 379 3713 Ut
400 3661 532 3714 scias
565 3661 615 3714 si
643 3669 805 3714 restat
832 3607 1165 3726 vefprceterit
1191 3660 1455 3713 meridies.

175 3724 296 3782 XXI.
335 3727 408 3784 De
442 3728 769 3787 inveniendis
802 3730 856 3783 in
876 3724 1031 3783 dorso
1059 3728 1327 3784 astrolabii
1346 3730 1509 3784 horis.

940 3606 998 3643 er
1016 3581 1210 3660 septem
1248 3588 1480 3654 climata,
1511 3598 1560 3643 et
1588 3588 1753 3643 initiis
1788 3595 1836 3640 et
1860 3581 2095 3638 terminis
2117 3595 2320 3635 eorum.

1335 3897 1695 3987 LIBER
1758 3890 2247 3984 PRIMUS.

668 4044 898 4106 CAPUT
929 4042 1220 4104 PRIMUM.

566 4138 650 4198 De
679 4141 995 4196 utilitatibus
1023 4138 1311 4195 astrolabii.

239 4234 543 4311 Quicunque
594 4236 979 4292 astronomica:
1026 4234 1278 4305 peritiam
1325 4230 1622 4302 disciplinae
1677 4235 1733 4284 et

181 4328 454 4384 ctelestiutn
508 4328 851 4399 spltrerarum
898 4325 1473 4398 geometricaliumque
1512 4337 1733 4379 mensa-

184 4436 345 4477 rarum
373 4423 621 4478 altiorem
651 4421 940 4477 scientiam
980 4420 1224 4494 diligenti
1281 4417 1529 4474 veritatis
1558 4416 1734 4487 inqui-

189 4511 359 4569 sitione
386 4514 547 4568 altius
581 4511 773 4568 rimari
816 4522 1065 4578 conatur,
1097 4521 1152 4567 et
1195 4511 1531 4566 certissimus
1572 4510 1736 4564 ltoro-

192 4597 429 4671 Iogiorum
450 4602 828 4674 quorumlibet.
879 4601 1153 4657 climatum
1206 4600 1464 4666 rationes,
1495 4607 1550 4653 et
1589 4612 1736 4667 quie-

191 4688 304 4748 libet
348 4696 415 4750 ad
464 4698 582 4752 hac
610 4695 960 4766 pertinentia,
1018 4691 1312 4749 industrius
1358 4690 1735 4746 discriminare

193 4779 378 4850 nititur,
406 4787 550 4841 hanc
576 4783 951 4849 walzacoram,
985 4782 1036 4837 id
1061 4790 1170 4844 est,
1203 4781 1417 4851 planam
1464 4780 1735 4850 aplucram

193 4868 436 4929 Ptolomaei
462 4890 556 4931 seu
592 4872 956 4944 astrolapsum
985 4871 1174 4927 solerti
1227 4871 1571 4942 iudagntione
1608 4884 1734 4939 per‘

196 4962 350 5028 quirat
375 4972 425 5018 ct
469 4965 663 5029 discat,
714 4974 766 5019 et
816 4961 1175 5034 perquisitam
1233 4960 1409 5015 tenaci
1460 4959 1736 5015 memoria:

199 5046 396 5107 tinniter
419 5052 776 5120 commendet,
809 5052 883 5108 ita
914 5058 994 5116 ut,
1026 5065 1149 5107 eum
1197 5049 1468 5119 quaslibet
1495 5049 1734 5121 perigra-

201 5141 333 5206 pbias
354 5146 765 5219 partitionesque
786 5143 1208 5215 anaglypltarias
1255 5143 1306 5198 in
1330 5158 1394 5198 ea
1423 5143 1652 5213 scriptas
1680 5150 1735 5200 et

202 5230 465 5306 insculptas
496 5239 827 5309 cognoverit,
862 5235 1105 5307 singulas
1126 5234 1446 5290 nominatim
1480 5238 1730 5291 retineat.

1759 4046 1806 4107 Β
1911 4038 2154 4094 Inveniet
2174 4047 2356 4091 autem
2390 4050 2488 4105 per
2515 4049 2659 4103 eam,
2702 4033 2997 4092 secundum
3020 4034 3297 4108 spinet-ica:
3327 4050 3418 4094 vo.

1835 4130 2120 4186 lubilitatis
2144 4128 2455 4191 circuitum,
2498 4135 2681 4182 certos
2732 4134 2883 4181 ortus
2912 4135 2968 4181 et
3013 4141 3246 4182 occasus
3295 4143 3416 4183 οηιι

1838 4221 1987 4275 nium
2022 4218 2262 4274 siderum
2302 4216 2529 4288 singulis
2568 4217 2872 4287 quibusque
2907 4217 3077 4283 horis,
3127 4227 3181 4272 et
3220 4229 3419 4290 quotus

1834 4312 2074 4367 decauus
2102 4347 2119 4377 ,
2170 4316 2447 4379 quotaque
2496 4322 2623 4378 pars
2668 4306 2956 4376 cujuslibet
3001 4306 3140 4380 signi
3192 4308 3420 4364 oriendo

1834 4408 2162 4471 emergatur,
2188 4408 2281 4453 aut
2311 4397 2610 4453 occidendo
2651 4396 3018 4469 demergatur,
3064 4405 3118 4451 et
3147 4410 3245 4467 per
3295 4397 3414 4453 unis

1835 4507 2022 4548 versas
2043 4491 2164 4547 eteli
2189 4490 2435 4562 regiones
2461 4498 2640 4546 motus
2683 4489 2940 4554 siderum,
2969 4499 3027 4544 et
3070 4488 3208 4544 situs
3231 4489 3416 4561 εἰεηοι

1835 4598 1980 4650 rum,
2024 4594 2079 4637 et
2126 4583 2327 4652 gradus
2355 4580 2510 4647 solis,
2540 4588 2595 4635 et
2646 4580 2982 4636 altitudinem
3018 4578 3137 4649 ejus
3167 4580 3415 4635 diurnam

1838 4691 1933 4732 seu
1989 4684 2345 4740 menstruam,
2386 4683 2441 4729 et
2466 4681 2597 4744 quot
2647 4672 2845 4729 terreni
2895 4673 3045 4728 orbis
3070 4672 3242 4727 stadia
3293 4685 3418 4738 ιεμ

1838 4781 2004 4838 meet,
2030 4771 2280 4826 similiter
2304 4779 2360 4824 et
2383 4768 2665 4825 stellarum
2694 4769 2924 4839 lixarum
2953 4768 3104 4838 signa
3133 4776 3189 4822 et
3227 4766 3416 4820 altitu—

1838 4865 2022 4922 dines:
2044 4862 2112 4918 ad
2137 4863 2250 4918 hinc
2272 4862 2513 4917 noctium
2543 4868 2598 4914 et
2623 4860 2832 4916 dierum
2864 4860 3028 4914 horas
3058 4856 3413 4925 certissimus,

1838 4953 2118 5010 naturales
2141 4953 2257 5009 sive
2303 4949 2642 5016 artiﬁciales,
2685 4966 2807 5006 cum
2832 4949 3140 5021 augmentis
3166 4956 3223 5003 et
3244 4947 3415 5004 detris

1840 5047 2059 5103 mentis.
2099 5045 2338 5112 Quarum
2386 5041 2624 5115 cognitio
2671 5057 2834 5114 quam
2887 5041 3194 5095 necessaria
3240 5038 3312 5095 sit
3363 5038 3415 5092 in

1841 5140 2043 5197 divinis
2094 5137 2438 5203 ministeriis,
2472 5150 2635 5205 quam
2685 5136 2752 5190 ad
2801 5132 3208 5188 exercitandum
3248 5130 3417 5197 utilis,

1842 5243 1895 5287 et
1924 5233 1993 5285 ad
2021 5227 2333 5285 oraettantla
2361 5237 2418 5283 et
2443 5225 2595 5280 irrita
2627 5225 2873 5282 facienda
2896 5223 3137 5282 falsidica
3164 5239 3421 5296 quorum-
