4010 5328
545 223 648 278 391

1394 217 1748 274 llERMANNl
1797 213 2185 274 CONTRACTI
2248 216 2613 274 AUGIENSIS
2669 215 2994 274 MONACHI.

3705 227 3800 277 3!!!

544 332 937 405 competentius
958 331 1238 402 patefiant.
1275 331 1424 388 Unde
1458 349 1569 389 non
1607 341 1814 386 tantum
1855 329 2130 386 l:etabitur
2157 335 2204 393 Α
2234 329 2502 385 currendo
2539 345 2640 400 per
2679 325 3019 385 latitudinem
3049 327 3289 382 exterius
3317 329 3541 399 amplius
3576 342 3801 402 pateant.

546 427 736 490 lector,
766 435 1027 495 quantum
1080 423 1384 479 mirabitur.
1420 423 1526 479 Sed
1567 424 1715 478 omni
1759 425 1877 479 nisu
1911 419 2130 478 nomina

544 519 928 589 subsequentia
959 527 1014 573 et
1040 517 1144 571 alia
1170 518 1476 586 subscripta
1511 516 1768 586 inquirat,
1798 525 1852 570 ct
1877 514 2156 589 inquisita.

544 611 598 666 in
630 610 810 665 arcula
840 609 1020 664 cordis
1059 608 1303 662 tenacius
1361 609 1612 668 retineat.
1645 618 1772 662 tunc
1823 611 1940 663 sine
1981 624 2132 662 scru-

543 703 671 774 pulo
700 703 883 772 aliquo
926 700 1088 772 plana
1126 700 1234 755 erit
1276 700 1360 754 via
1393 699 1461 754 ad
1506 700 1890 755 inveniendum
1934 709 2130 770 prieta-

542 806 691 849 X813.

614 884 713 939 llis
742 885 814 939 ita
841 883 1136 954 praelibatis
1166 899 1274 938 non
1313 883 1530 954 pigritia
1573 883 1890 949 exterritus,
1922 883 1989 938 de
2017 882 2134 949 ejus

456 981 459 985 ’
543 976 915 1047 perigraphiis
964 975 1390 1030 architectonica
1431 992 1523 1030 seu
1570 977 1883 1030 mechanica
1926 977 2134 1030 ratione

543 1067 895 1136 comparatis,
910 1081 1206 1135 eorumque
1229 1067 1557 1131 nominibus,
1573 1083 1638 1120 ne
1660 1067 1825 1122 multa
1851 1067 2134 1122 scribendo

542 1161 831 1226 offendam,
861 1160 1244 1230 compendiose
1287 1158 1488 1226 dicam,
1521 1170 1573 1214 et
1605 1169 1664 1214 ut
1704 1159 1972 1214 maturius
2002 1174 2133 1230 pro-

544 1253 708 1309 missa
735 1253 1014 1324 impleam.

1181 1341 1409 1399 CAPUT
1448 1343 1512 1397 ll.

937 1435 1234 1506 Descriptio
1261 1433 1614 1504 perigraphim
1630 1451 1737 1487 um.

616 1527 711 1581 Est
735 1527 952 1596 quidem
981 1527 1322 1581 walzachora
1377 1525 1555 1579 talmla
1605 1525 1670 1578 ad
1713 1523 1838 1579 οωΙὶ
1883 1525 2133 1580 rotnnli-

546 1625 710 1671 tatem
756 1616 1114 1682 conformata,
1146 1614 1300 1684 cujus
1331 1623 1558 1683 utraque
1597 1600 1912 1684 superficies
1940 1615 2130 1684 aequali

545 1707 841 1776 spatiorum
879 1707 1175 1760 interstitio
1203 1705 1520 1776 quadrilidis
1551 1705 1621 1758 ab
1669 1705 1785 1774 ipso
1829 1714 2015 1760 centro
2040 1721 2135 1774 per
2168 1700 2210 1759 Β

543 1798 868 1850 diametrum
905 1795 1038 1852 fusis
1062 1797 1446 1850 lineationibus
1475 1796 1673 1865 partita
1715 1805 1822 1858 est,
1852 1796 1903 1850 id
1942 1806 2026 1850 est
2049 1813 2135 1850 co-

543 1886 696 1951 lui-is,
729 1887 819 1956 qui
852 1899 957 1941 tam
1003 1888 1070 1941 ab
1117 1887 1393 1952 oriertali,
1438 1903 1600 1957 quam
1649 1903 1678 1939 a
1720 1886 2134 1955 Septentrionali

543 1978 752 2031 vertice
801 1977 852 2029 in
884 1978 1096 2030 diversa
1134 1977 1359 2032 deducti
1403 1984 1700 2046 quaternas
1728 1976 1778 2029 in
1813 1986 1996 2045 partes
2043 1993 2135 2029 zo-

544 2067 756 2120 diacum
778 2068 1045 2134 dividunt,
1073 2069 1144 2121 ita
1190 2076 1242 2121 ul
1277 2082 1413 2121 unus
1441 2082 1535 2136 per
1558 2067 1795 2120 Arietcm
1822 2075 1873 2120 et
1895 2066 2132 2129 Libram,

545 2154 683 2209 alter
711 2156 1084 2226 perflancrnm
1112 2165 1166 2211 ct
1189 2156 1580 2226 Capricornum
1616 2165 1914 2226 permeent.
1958 2156 2136 2224 Ipsum

546 2259 726 2302 autem
751 2259 1000 2304 centrum
1040 2250 1228 2304 harum
1266 2247 1546 2317 trajectum
1577 2249 1848 2304 secatione
1872 2248 2135 2303 linearum

549 2357 580 2393 α
616 2340 795 2394 littera
829 2341 1164 2412 designatur.
1225 2341 1463 2408 Quarum
1497 2341 1758 2394 linearum
1803 2341 2077 2394 sinistram
2105 2341 2133 2394 ὁ

551 2431 869 2484 adnotatam
911 2431 1210 2494 Afmarec/t,
1265 2431 1316 2485 id
1368 2441 1468 2494 est,
1529 2431 1849 2484 orientalem
1899 2429 1967 2483 ab
2014 2441 2134 2484 ortu

546 2521 786 2576 siderum
834 2531 888 2576 ct
935 2521 1065 2587 diei,
1097 2525 1376 2578 dexteram
1421 2532 1620 2587 autem,
1667 2524 1756 2576 ubi
1786 2531 1866 2577 est
1902 2541 1928 2576 c
1957 2522 2137 2576 Alma-

545 2613 681 2683 grip,
716 2613 766 2667 id
793 2626 897 2680 est,
932 2616 1324 2670 occidentalem
1355 2616 1422 2670 ab
1450 2633 1644 2671 occasu
1676 2616 1913 2671 siderum
1943 2625 1999 2670 et
2029 2616 2136 2670 diei

549 2706 842 2776 appellant,
867 2719 919 2762 et
955 2717 1036 2762 est
1067 2709 1154 2762 illa
1183 2724 1302 2778 qua:
1347 2709 1562 2762 ducitur
1593 2709 1658 2763 dc
1685 2707 1906 2763 Oriente
1937 2709 2003 2762 ad
2033 2708 2136 2764 Oc-

549 2798 840 2863 cidentem,
890 2815 1052 2870 quam
1104 2802 1266 2854 etiam
1317 2800 1508 2855 solaris
1558 2801 1805 2869 designat
1856 2800 2038 2854 radius
2083 2802 2134 2854 ia

547 2891 726 2960 primo
777 2901 923 2955 ortu,
958 2901 1052 2944 aut
1094 2891 1284 2945 umbra
1321 2892 1620 2961 gnomonis.
1657 2889 2004 2961 Superiorem
2041 2907 2136 2944 au-

548 2989 678 3046 tem,
703 2981 788 3036 cui
811 2981 845 3034 Δ
873 2981 1182 3046 ascribitur,
1214 2980 1554 3044 Walzazene,
1583 2979 1636 3033 id
1662 2991 1765 3045 est,
1795 2979 1992 3034 lineam
2025 2995 2138 3034 me—

2231 415 2468 486 Quarum
2519 418 2690 473 media
2730 429 2810 484 cst
2847 417 2982 472 linea
3021 419 3321 487 diagonalis
3370 419 3635 488 Meridici,
3668 421 3806 490 cujus

2231 525 2292 564 ex
2326 511 2566 578 utrisque
2597 509 2842 580 partibus
2877 507 3035 565 simul
3065 526 3188 564 cum
3218 507 3331 580 ipsa
3358 512 3646 581 geminatis
3677 515 3806 568 senis

2232 600 2513 654 duodecim
2565 600 2821 654 horarum
2855 611 2995 655 meta
3040 602 3410 668 constituitur,
3442 613 3496 656 et
3532 603 3802 673 impressis

2233 692 2543 746 nominibus
2577 692 2800 762 singula:
2829 693 3183 756 deuitantur,
3212 702 3268 748 et.
3305 695 3418 748 lucc
3445 695 3668 748 nmnina
3692 706 3806 750 sunt

2235 780 2447 836 illorum
2480 781 2733 845 Arabica,
2756 797 2878 852 qua“:
2908 782 3097 836 subtus
3143 782 3294 837 vides
3325 783 3588 854 inscripta
3615 784 3807 839 fortna-

2232 870 2316 924 lae.
2369 871 2612 937 Quarum
2661 872 2804 926 linea
2839 872 3064 928 dextera
3093 874 3576 942 antemetidianas,
3604 875 3805 930 sinistza

2233 973 2411 1016 autem
2443 964 2896 1035 postmeridianas
2927 964 3088 1018 horas
3140 973 3297 1019 cauta
3329 967 3664 1021 discretione
3695 967 3810 1019 insi-

2233 1063 2384 1125 gnat,
2411 1065 2467 1109 et
2509 1055 2796 1126 diligenter
2843 1055 3231 1112 inherentibus
3273 1057 3557 1112 obtutibus
3584 1057 3811 1112 adhibito

2234 1147 2539 1218 horoscopo
2565 1149 2930 1204 demonstrat.

2487 1239 2580 1293 lll
3398 1241 3440 1296 1.
3485 1243 3648 1298 hora.

2375 1329 2700 1385 Ethesiafer.
3411 1333 3664 1390 Elcwiul.

2503 1422 2595 1477 XI.
3510 1428 3575 1482 ll.

2406 1510 2693 1567 Aldimata.
3424 1517 3688 1574 Athenia.

2502 1602 2570 1658 Χ.
3494 1609 3587 1664 lll.

2380 1696 2690 1754 Alliansira.
2754 1751 2756 1754 ,
3399 1699 3691 1756 Atheziza.

2520 1787 2624 1842 IX.
3483 1791 3579 1844 IV.

2449 1881 2710 1938 Ethezea.
3379 1885 3652 1938 Arrabea.

2449 1979 2460 2024 ἓ
2490 1972 2622 2026 VIII.
3495 1976 3560 2029 γ.

2380 2062 2710 2119 Ethemima.
3391 2064 3698 2119 Alcatniza.

2490 2158 2599 2212 VII.
3504 2159 3593 2213 Vl.

2417 2249 2676 2304 Escelca.
3363 2248 3789 2305 Escendelisza.

2305 2362 2362 2400 in
2393 2345 2657 2414 superiori
2688 2353 2867 2399 autem
2899 2343 3210 2399 medietatis
3242 2344 3462 2414 regione
3492 2341 3814 2412 hemicyclos

2237 2444 2286 2490 et
2316 2435 2554 2505 integros
2583 2436 2746 2489 etiam
2780 2434 3055 2489 orbiculos
3083 2435 3379 2488 artificiosa
3411 2433 3686 2488 industria
3715 2449 3814 2486 ma-

2236 2527 2438 2581 chinati
2466 2535 2612 2588 sunt,
2642 2540 2777 2594 quos
2807 2525 2995 2580 dicunt
3027 2524 3463 2584 Omucantnrath,
3511 2524 3569 2577 id
3596 2532 3678 2577 est
3708 2536 3814 2591 pro-

2237 2617 2631 2686 gressionarios
2660 2615 2812 2676 solis,
2844 2616 2934 2684 qui
2972 2613 3241 2684 frequenti
3266 2613 3594 2667 circuitione
3621 2623 3674 2666 et
3712 2627 3814 2664 ere.

2238 2708 2334 2762 bra
2372 2706 2694 2770 retorsione,
2718 2705 2810 2759 alii
2858 2706 3238 2767 cxtractiores,
3285 2702 3376 2757 alii
3406 2703 3812 2761 contractiores,

2239 2810 2388 2856 certa
2432 2810 2487 2855 et
2518 2799 2823 2854 necessaria
2855 2798 3125 2854 locatione
3152 2804 3516 2859 coronantur,
3555 2798 3609 2848 t'u
3636 2793 3814 2864 quibus

2240 2908 2434 2964 magna
2461 2892 2806 2947 instrumenti
2840 2889 3000 2960 hujus
3032 2890 3283 2944 consistit
3311 2888 3580 2944 efﬁcacia.
3611 2889 3667 2943 lu
3699 2901 3814 2956 quo-

2240 3001 2360 3038 rum
2407 2983 2710 3038 intervallis
2758 2984 2959 3054 gradus
3006 2998 3267 3037 ascensus
3295 2991 3350 3036 et
3377 2982 3679 3036 descensus
3703 2980 3814 3035 solis

548 3072 840 3137 ridianam,
869 3087 934 3126 eo
960 3073 1102 3142 quod
1128 3072 1228 3136 sol,
1262 3072 1374 3142 ipsa
1406 3073 1747 3126 ascendendo
1777 3081 2002 3137 attacta,
2042 3088 2135 3126 sex
2166 3079 2210 3142 (ζ
2243 3075 2422 3130 diurni
2453 3086 2508 3130 et
2539 3075 2800 3129 menstrui
2835 3075 3108 3144 geminato
3134 3074 3184 3127 in
3219 3075 3464 3142 utrisque
3488 3074 3735 3143 partilms
3757 3071 3814 3125 90

549 3163 810 3219 dimensis
839 3164 988 3217 horis
1019 3163 1298 3218 meridiem
1332 3161 1550 3226 efﬁciat,
1589 3173 1644 3217 et
1669 3163 2044 3218 descendendo
2067 3161 2135 3216 ad

549 3269 806 3310 occasum
838 3270 1062 3325 vergere
1089 3255 1332 3324 incipiat.
1361 3255 1678 3309 Inferior-em
1707 3265 1908 3322 autem,
1940 3256 2028 3310 ubi
2055 3263 2140 3309 est

549 3362 598 3411 ε,
634 3344 1018 3409 Cathezenuel,
1070 3345 1121 3399 id
1157 3355 1240 3399 est
1277 3345 1474 3401 lineam
1524 3346 1850 3415 mqualitatis
1895 3346 1976 3400 vel
2027 3361 2140 3401 me-

549 3437 832 3491 diatricem
865 3437 1108 3506 sphmrm,
1143 3446 1197 3492 et
1224 3446 1310 3492 est
1348 3437 1434 3491 illa
1468 3453 1589 3507 quae
1611 3455 1639 3490 a
1672 3436 1895 3492 Meridie
1924 3437 1991 3492 ad
2039 3437 2138 3492 Se-

550 3527 918 3597 ptentrionem
981 3529 1344 3597 protenditur,
1400 3544 1559 3596 quam
1617 3529 1799 3583 radius
1845 3529 1997 3593 solis,
2053 3529 2138 3583 vel

547 3619 737 3672 umbra
773 3619 1059 3689 gnomonis
1094 3619 1419 3685 solstitialis,
1455 3620 1506 3672 in
1541 3619 1747 3687 tropico
1775 3620 1965 3673 aestivo
1990 3620 2137 3674 desi-

547 3723 698 3784 gnat,
729 3714 780 3767 in
818 3712 970 3780 cujus
997 3712 1174 3766 antica
1228 3712 1447 3783 planitie
1494 3711 1653 3766 trilidi
1693 3712 1898 3765 zodiaci
1937 3711 2136 3766 inscri-

555 3807 760 3862 buntur
789 3806 1003 3870 circuli,
1056 3821 1286 3876 quorum
1318 3821 1481 3859 unum
1513 3804 1878 3874 :equinoctiali
1926 3791 2136 3860 ratione

546 3898 729 3954 medio
774 3898 1097 3953 collocatum
1131 3913 1324 3953 cursus
1351 3897 1553 3952 Arietis
1580 3907 1633 3951 et
1668 3896 1846 3951 Librae
1893 3897 2010 3951 sine
2043 3895 2138 3950 de-

546 3991 787 4045 viatione
823 4000 995 4044 notat.
1029 3990 1131 4058 Qui
1177 3991 1340 4045 etiam
1382 3988 1764 4060 a'quinoctinlis
1803 3989 2023 4052 dicitur,
2070 4002 2136 4041 eo

545 4083 690 4151 quod
725 4083 795 4136 ibi
834 4083 950 4150 pari
987 4082 1432 4152 compensatione
1472 4082 1608 4136 lucis
1637 4082 1918 4150 noctisque
1961 4081 2134 4150 spatia

546 4170 920 4226 dimetiantur.
949 4172 1153 4226 Dicitur
1181 4181 1235 4226 et
1255 4171 1546 4241 eclipticus.
1576 4171 1708 4225 Nam
1738 4172 1863 4225 dum
1896 4171 2026 4224 inibi
2055 4169 2134 4224 sol

547 4261 783 4330 lunaque
813 4263 1018 4331 pariter
1047 4271 1267 4329 coeunt,
1309 4262 1537 4331 quilibet
1574 4277 1762 4316 eorum
1802 4277 2026 4316 necesse
2051 4269 2135 4316 est

545 4360 603 4406 ut
628 4353 871 4420 etzlipsim
903 4354 1158 4423 patiatur.

2239 3167 2658 3235 permetiuntur.
2693 3164 2832 3218 Sunt
2869 3179 2998 3235 ergo
3026 3165 3076 3218 in
3119 3164 3220 3218 hac
3264 3162 3571 3216 walzacora
3607 3163 3816 3230 qttinde.

2239 3257 2345 3312 cini
2370 3255 2622 3320 orbiculi,
2650 3256 2848 3326 quibus
2872 3254 3101 3326 singulis
3127 3254 3538 3324 sexquipertitis
3594 3253 3664 3309 90
3687 3269 3816 3307 com-

2239 3350 2419 3420 pletur
2446 3366 2731 3414 numerus,
2771 3350 2825 3404 id
2858 3361 2941 3404 est
2970 3350 3245 3419 quadrans
3275 3350 3444 3403 totius
3480 3348 3698 3404 circuli.
3726 3347 3814 3414 Qui

2243 3450 2423 3495 tatnen
2465 3441 2692 3495 orbiculi
2735 3439 2897 3494 simul
2927 3455 3046 3493 cum
3080 3455 3306 3494 numero
3333 3435 3818 3494 secundum’horo-

2239 3531 2505 3602 logiorum
2557 3531 2885 3586 mutationes
2925 3546 3023 3601 pro
3051 3531 3155 3585 situ
3188 3531 3429 3586 locorum
3461 3539 3517 3584 et
3545 3530 3813 3586 climatmn

2238 3633 2332 3678 aut
2367 3624 2707 3692 tnajorantur
2743 3635 2834 3678 aut
2887 3625 3225 3688 tninutmtur,
3257 3625 3398 3693 quod
3430 3623 3570 3678 alias
3601 3623 3814 3678 lucidius

2237 3715 2484 3769 clarehit.
2519 3713 2684 3784 (lnjus
2708 3716 2757 3770 in
2782 3715 3042 3770 extremis
3069 3724 3324 3769 coronata
3348 3714 3518 3768 labris
3541 3715 3814 3786 gyratione

2237 3810 2552 3880 prominens
2603 3810 2766 3863 umbo
2795 3808 2970 3862 tenaci
3019 3807 3293 3862 soliditate
3339 3805 3609 3878 anigitur,
3666 3820 3811 3878 quem

2237 3903 2423 3956 dicunt
2463 3901 2740 3972 Alnogiza,
2785 3901 2878 3971 qui
2909 3901 2959 3954 in
3011 3901 3181 3956 altum
3213 3912 3498 3971 porrectus
3523 3904 3812 3955 eminentes

2236 3993 2464 4048 aliorum
2498 3994 2773 4047 climatum
2805 3992 3016 4048 tabulas
3052 3994 3105 4048 in
3134 4008 3194 4048 se
3223 3992 3573 4063 suscipiendo
3608 3991 3812 4048 conclu-

2233 4083 2334 4140 dit.
2378 4083 2461 4139 Ad
2509 4099 2645 4154 quas
2688 4083 3074 4154 concipiendas
3121 4083 3273 4137 frons
3319 4081 3436 4151 ejus
3487 4097 3658 4153 parvo
3687 4093 3811 4136 tere-

2233 4177 2422 4232 bratur
2476 4177 2761 4242 foramine,
2816 4177 2902 4231 cui
2951 4185 3110 4231 acuta
3166 4174 3472 4230 tabularutn
3529 4175 3810 4245 infiguntur

2233 4269 2507 4340 capitula:
2556 4269 2709 4336 Quod
2760 4268 3006 4323 foramen
3062 4267 3376 4324 meridianae
3413 4268 3707 4338 respondet
3735 4281 3809 4319 re-

2235 4362 2394 4431 gula‘.
2442 4361 2610 4432 Cujus
2656 4361 2963 4416 crassitudo
3012 4377 3121 4416 non
3159 4360 3322 4416 altius
3347 4361 3629 4416 extollitur
3656 4374 3805 4432 quam

615 4442 696 4497 Ex
740 4445 952 4498 duobus
995 4453 1175 4498 autem
1209 4443 1585 4498 terminalibus
1617 4459 1782 4498 unum
1830 4444 2009 4500 cernis
2051 4444 2135 4498 in-
2163 4429 2209 4490 D
2239 4429 2541 4508 iatmlarun}
2571 4452 2866 4523 capacius,

546 4535 800 4590 feriorem
830 4537 1094 4591 circulum
1129 4538 1181 4592 in
1214 4535 1450 4593 confinio
1506 4537 1678 4592 centri
1717 4539 2130 4605 circumactum,

546 4630 663 4700 qui,
701 4629 933 4682 naturali
967 4631 1252 4685 observata
1284 4630 1514 4696 ratione,
1539 4641 1799 4700 quantum
1831 4641 2020 4685 centro
2047 4639 2134 4686 est

545 4719 797 4782 vicinior,
851 4729 1057 4774 tantum
1135 4721 1558 4774 circumactione
1611 4722 1982 4786 contraetior;
2033 4721 2126 4790 qui

545 4811 780 4867 circulus
800 4809 1021 4866 δίωτοι-ἱ
1048 4814 1278 4882 trapicus
1308 4815 1515 4866 astitui;
1537 4812 1763 4868 dicitur:
1795 4812 1846 4866 in
1871 4812 2130 4868 extremis

547 4902 742 4956 tabulae
785 4903 932 4958 boris
971 4903 1224 4960 dilatiore
1264 4905 1616 4960 circulatione
1661 4905 1894 4961 circulus
1943 4905 2130 4975 Capri-

1812 5016 1836 5024 ..
1889 4999 2125 5024 Λ........-...

549 4995 698 5024 ’.Λ-ιιῖ
750 4995 800 5024 :1.
833 5005 910 5024 AD.
989 4997 1217 5024 Iun-1:-..-
1249 4998 1482 5024 '-:a..-o.':‘
1521 4999 1802 5024 τηρεε-Διΐ...

2308 4545 2515 4600 Dehinc
2561 4545 2680 4614 ejus
2721 4543 2957 4598 exstanti
3015 4542 3226 4598 laterali
3289 4543 3496 4599 vertice
3547 4541 3806 4613 perforato

2235 4636 2713 4709 siispemlicnlares
2768 4633 3074 4690 inferuntur
3111 4634 3322 4703 circuli,
3353 4635 3432 4688 vel
3465 4633 3636 4705 magis
3665 4633 3804 4686 inca-

2236 4740 2510 4785 tenantur.
2543 4727 2749 4795 Quibus
2786 4727 3189 4782 cohaerentibus
3214 4725 3595 4796 quandolibet,
3623 4723 3691 4780 ad
3728 4736 3806 4776 rae

2235 4824 2383 4878 dium
2432 4821 2562 4876 solis
2603 4821 3008 4891 percipiendum
3057 4819 3399 4885 sublevatur;
3451 4816 3603 4887 cujus
3650 4816 3802 4870 etiam

2234 4913 2522 4984 cpiphania
2553 4905 2786 4966 summa
2852 4911 3140 4982 diligenter
3189 4910 3356 4981 polita
3409 4909 3664 4964 dividitur
3716 4919 3804 4976 per
