4010 5328
167 443 261 498 593

1241 437 1329 498 DE
1369 437 1847 500 UTlLITATlBUS
1880 438 2308 499 ASTROLSBZL

2908 397 3040 410 ...ολ

3305 441 3412 500 39-5

162 554 812 626 bulze,qnorumlibetsiut
836 554 1138 623 climatum,
1165 561 1414 628 quamvis
1439 561 1713 630 paulisper
1745 567 1785 620 Α
1816 557 2003 630 plagas
2045 557 2282 629 propriis
2328 557 2637 625 distantiis,
2699 557 2779 614 vel
2829 573 2926 629 per
2965 559 3409 631 quittquepct'tita

161 666 245 720 pro
267 648 499 702 iocorum
527 656 587 701 et
612 646 890 701 climatum
919 648 1220 703 mutatione
1254 650 1353 719 ipsi
1385 650 1722 703 almumntaa

162 741 265 797 rati:
294 737 584 792 rarientur.
617 738 692 792 De
717 754 825 807 qua
857 741 1122 794 varietate
1153 749 1302 794 certa
1338 741 1474 794 ratio
1505 742 1723 797 dubitur

163 831 207 886 in
228 845 320 885 suo
351 829 487 884 loco.
528 829 736 896 Quibus
765 829 961 884 tabulis
989 832 1296 901 supersidet
1331 831 1720 899 Albaneabutk,

161 922 206 976 id
226 930 303 977 est
326 920 574 976 versatile
603 919 890 976 volvellum
914 961 929 986 ,
958 922 1101 992 quod
1127 922 1364 978 mannuli
1417 925 1724 980 versatione

159 1016 217 1070 ad
247 1015 713 1070 demonstrandam
761 1015 1004 1070 cmlestis
1053 1015 1279 1085 splncrae
1327 1015 1721 1072 volubilitatem

156 1117 206 1162 et
249 1106 310 1160 ad
352 1107 876 1161 demonstrationem
909 1107 1162 1161 horarum
1210 1107 1392 1163 volvit.
1427 1109 1562 1164 Nam
1606 1108 1723 1176 ejus

152 1196 533 1251 versationibus
554 1207 610 1250 et
637 1197 896 1268 gradibus
931 1198 1062 1253 solis
1081 1239 1096 1263 ,
1125 1199 1311 1268 eisque
1346 1188 1722 1270 respondenti-

151 1289 249 1343 bus
290 1290 601 1358 horoscopis
645 1305 744 1360 per
791 1299 976 1359 partes
1022 1291 1266 1360 signiferi
1314 1293 1503 1348 circuli
1555 1293 1722 1349 certis

151 1379 277 1434 locis
322 1379 617 1452 designatis
664 1380 1010 1438 lucidissima:
1052 1384 1306 1438 horarum
1361 1385 1721 1455 proprietates

149 1469 418 1537 pateﬁunt,
449 1481 505 1525 et
554 1474 930 1542 correptiones
971 1485 1027 1530 et
1050 1476 1368 1530 crescentia:
1397 1477 1637 1532 noctium
1663 1485 1721 1532 et

150 1555 340 1612 dierum
375 1561 698 1629 probantur.
732 1563 826 1617 Est
853 1563 1000 1619 enim
1044 1563 1176 1618 illud
1213 1574 1469 1620 excavata
1512 1566 1721 1622 machi-

146 1652 354 1707 natione
396 1654 723 1726 insculptum
769 1656 1067 1711 secundum
1106 1655 1402 1712 interstitio
1432 1657 1719 1727 prtedicto-

147 1759 261 1799 rum
307 1746 633 1803 circulorum
668 1756 724 1802 et
760 1748 1088 1817 positionem
1138 1747 1416 1804 stellarum
1461 1749 1714 1815 lixarum,

144 1851 238 1905 per
272 1852 399 1905 quas
427 1837 577 1894 hora:
617 1837 796 1894 noctis
845 1833 1264 1908 dignoseuntnr.
1317 1839 1452 1893 Sunt
1481 1845 1630 1894 certe
1661 1838 1715 1892 in

1823 649 2108 703 intervalla
2133 665 2228 720 per
2250 665 2380 703 sena
2413 652 2712 708 distributa:
2733 654 2922 726 signis,
2950 673 3066 727 qua:
3088 658 3267 712 omnia
3292 658 3410 714 visu

1823 737 2004 807 potius
2033 754 2196 808 quam
2229 735 2373 794 dictu
2405 741 2732 811 deprehendi
2770 756 3014 814 possunt.

1899 826 2139 883 llabetur
2183 829 2348 884 etiam
2395 831 2464 885 ibi
2491 831 2780 899 Alliidttda,
2832 836 2885 890 id
2931 846 3014 892 est
3061 838 3406 905 verticulum,

1828 918 1970 987 Quod
2002 933 2101 973 nos
2149 919 2357 973 radium
2397 920 2580 976 dicere
2626 939 2933 992 possumus,
2972 928 3114 996 quod
3144 931 3210 983 ad
3241 930 3413 1001 instar

1828 1009 2026 1078 regulae
2077 1019 2361 1065 extensum
2429 1016 2815 1083 superponitur
2870 1016 3082 1071 tabulae.
3138 1018 3303 1088 Cujus
3355 1021 3410 1076 in

1824 1101 2092 1170 capitibus
2121 1102 2261 1157 bina:
2291 1114 2418 1158 sunt
2443 1116 2638 1160 erecta:
2669 1108 2872 1176 pinum,
2903 1124 3024 1178 qua:
3047 1110 3113 1164 ad
3140 1110 3411 1182 accipien-

1823 1192 1950 1248 dum
1980 1194 2110 1250 solis
2137 1195 2346 1250 radium
2375 1205 2432 1252 et
2456 1198 2736 1253 stellarmn
2770 1199 3037 1266 lixarum,
3067 1218 3160 1257 seu
3193 1203 3258 1256 ad
3286 1219 3413 1276 geo-

1824 1285 2189 1341 metricalium
2208 1288 2492 1344 scientiam
2515 1301 2890 1346 mensurarum
2909 1293 3008 1348 sibi
3033 1295 3411 1364 respondentia

1820 1373 1946 1428 bina
1993 1373 2196 1431 habent
2249 1378 2536 1445 foramina,
2567 1381 2709 1450 quod
2759 1390 2904 1436 tactu
2949 1391 3070 1438 eum
3105 1392 3408 1454 torquetur,

1823 1465 1901 1519 itu
1929 1476 1982 1521 et
2030 1468 2207 1523 reditu
2235 1469 2576 1528 altitudinem
2613 1473 2742 1529 solis
2793 1475 3032 1544 providis
3072 1485 3413 1534 demonstrat

1819 1557 2118 1615 obtutibus.

1889 1650 1986 1705 Est
2033 1651 2199 1706 etiam
2253 1653 2517 1719 Alc/titul),
2553 1654 2602 1708 id
2653 1664 2737 1711 est
2786 1658 2954 1712 vectis
2997 1661 3281 1726 rotundus,
3311 1663 3406 1730 qni

1810 1739 1922 1809 .ipsi
1955 1739 2295 1795 \V’alzacora:
2327 1759 2380 1796 tn
2410 1743 2586 1798 medio
2619 1745 2906 1814 perforatae
2929 1749 2994 1802 ad
3023 1751 3403 1820 constringen-

1817 1828 1943 1883 dum
1968 1829 2247 1884 climatum
2280 1833 2489 1888 tabulas
2518 1835 2779 1906 inligitur.
2809 1837 2907 1894 Cui
2949 1840 3000 1893 in
3032 1854 3248 1896 summo
3275 1855 3402 1912 per-

145 1929 258 1999 ipm
301 1940 406 1985 "es
451 1929 665 1996 circuli,
710 1946 943 2002 quorum
980 1931 1209 1987 interim.
1266 1931 1319 1986 in
1359 1931 1495 1986 duos
1541 1930 1712 1986 hemi-
1747 1916 1788 1976 Β
1820 1916 1995 1974 forato
2026 1919 2164 2002 alter
2186 1935 2392 1977 cuneus
2412 1933 2466 1977 et
2496 1935 2650 1994 parte
2676 1926 3056 1984 Alltancabuth
3089 1939 3403 1988 transverse

141 2021 312 2090 cyclos
361 2035 459 2092 per
505 2023 830 2078 diametrum
853 2023 1086 2094 partitus
1131 2033 1233 2088 est,
1283 2025 1481 2094 quibus
1531 2023 1713 2080 lineali

144 2113 397 2169 divisione
446 2115 676 2171 sextatis
716 2117 865 2170 senis
909 2116 1078 2186 signis
1118 2116 1401 2171 duodecim
1437 2117 1714 2188 signorum

142 2218 390 2259 numerus
417 2205 682 2261 redditur.
712 2205 830 2272 Quo
860 2207 1202 2277 superposito
1245 2207 1556 2277 impellente
1596 2222 1717 2262 ver-

140 2293 341 2349 satione
366 2295 572 2351 videbis
590 2296 830 2352 Arietem
847 2307 904 2352 et
923 2297 1142 2353 Libram
1166 2299 1404 2354 medimu
1427 2298 1713 2364 circulum,

141 2381 395 2438 Cancrum
443 2394 498 2440 et
527 2385 922 2456 Capricornum
973 2387 1289 2444 terminales
1322 2388 1595 2444 currendo
1622 2391 1712 2445 de-

140 2486 326 2531 notare
352 2477 607 2533 circulos.
635 2478 726 2532 Est
753 2479 916 2534 etiam
941 2480 1012 2536 ita
1039 2480 1363 2536 naturaliter
1391 2480 1715 2551 dispositum

139 2573 195 2618 ut
225 2564 276 2618 in
303 2569 715 2636 septentrionali
747 2580 902 2640 parte
940 2569 1291 2635 sublimctur,
1325 2571 1378 2626 in
1414 2569 1714 2626 meridiana

137 2669 311 2716 autem
358 2662 426 2717 ad
478 2663 716 2720 confinia
775 2665 1093 2721 inferiorum
1148 2668 1518 2738 demergatur.
1580 2667 1715 2724 Nam

137 2751 335 2807 arctius
364 2754 808 2826 hemisphaerium
835 2757 909 2812 ab
940 2758 1127 2815 Ariete
1155 2759 1448 2824 initiatum,
1481 2761 1583 2815 etsi
1615 2760 1717 2815 mi-

137 2855 324 2896 norum
369 2846 716 2916 correptione
762 2848 1060 2918 spatiorum
1107 2859 1449 2904 contractum
1503 2858 1608 2914 est,
1649 2849 1717 2906 de

135 2940 312 2988 tamen
359 2936 638 2993 dilatando
684 2953 781 3010 per
823 2955 990 2995 verna
1035 2942 1279 2996 ascendit
1328 2941 1503 3012 signa,
1556 2949 1612 2996 et
1659 2941 1716 2997 in

135 3042 342 3082 summo
382 3029 595 3086 Cancro
645 3033 820 3101 posita
878 3032 1149 3088 solstitiali
1203 3033 1344 3089 linea
1399 3034 1712 3089 denOtatur.

135 3116 266 3173 Hinc
298 3118 487 3174 eadem
521 3122 848 3177 circuitione
872 3123 988 3178 dies
1010 3124 1383 3179 contrahen-lo
1408 3139 1505 3194 per
1528 3123 1716 3178 mstiva

133 3207 433 3278 digrediens
473 3209 631 3282 signa
675 3211 729 3265 in
759 3213 1128 3283 mninoctiali
1169 3213 1493 3268 terminatur
1527 3213 1708 3268 Libra.

132 3297 170 3350 Δ
196 3277 368 3355 Libra
396 3277 572 3369 πω]υέ
615 3277 1040 3374 ItetniSplterium
1087 3304 1358 3359 initiatum
1391 3313 1443 3359 et
1489 3304 1713 3359 dilatata
1741 3277 1788 3338 ο

134 3389 450 3445 circuitione
481 3393 798 3463 depressum
835 3395 1181 3450 autumnales
1229 3395 1573 3464 corripiendo
1599 3395 1715 3451 dies

133 3478 193 3531 ad
235 3479 555 3550 Capricorni
615 3482 907 3540 solstitium
956 3485 1256 3556 perveniet.
1299 3484 1438 3540 llinc
1484 3484 1718 3541 brumali

133 3569 448 3627 circuitione
487 3573 554 3628 ad
598 3574 804 3630 Arietis
861 3576 1074 3648 signum
1123 3575 1424 3640 reducitur,
1459 3575 1512 3630 in
1564 3575 1718 3646 cujus

133 3664 312 3719 circuli
344 3666 611 3722 lateribus
642 3666 717 3738 [in
756 3684 956 3739 marg.,
1002 3668 1090 3723 vel
1128 3667 1434 3738 laterculis]
1473 3667 1717 3738 diligenti

134 3757 418 3822 partitione
486 3758 767 3830 signoruni
840 3768 1025 3830 partes
1091 3759 1519 3831 distinguuntur.
1583 3757 1714 3812 Nam

135 3847 552 3916 unumquodque
619 3849 832 3918 signum
889 3847 1346 3918 quinquepertitis
1391 3847 1719 3902 discernitur

135 3934 468 4002 intervallis,
518 3940 719 4010 quibus
775 3940 957 4011 quinis
1003 3941 1130 3995 data
1183 3955 1314 3996 sena
1367 3939 1719 3994 tricenarium

135 4027 522 4096 denominant;
557 4039 613 4087 et
659 4031 740 4086 sic
768 4046 864 4102 per
897 4032 1144 4087 ordinem
1191 4030 1590 4101 progredientia
1623 4045 1718 4085 zo-

135 4116 262 4172 diaci
292 4120 599 4190 adimplent
638 4135 947 4176 numerum.
990 4121 1047 4175 In
1079 4135 1188 4190 quo
1217 4120 1380 4175 etiam
1425 4120 1569 4175 acuti
1609 4135 1723 4174 ma-

137 4207 331 4264 chinati
363 4221 496 4264 sunt
541 4210 838 4277 denticuli,
867 4211 959 4281 qui
992 4211 1157 4266 certis
1185 4210 1239 4266 in
1287 4210 1419 4266 locis
1470 4208 1722 4267 collocati

137 4299 310 4355 stellas
353 4299 624 4356 adnotant
668 4300 836 4366 lixas,
891 4316 987 4373 per
1026 4316 1163 4374 quas
1223 4301 1398 4357 noctis
1435 4315 1719 4372 cognosci-

140 4407 248 4448 lllllS
273 4380 458 4454 horas.
490 4411 612 4466 quae
635 4396 874 4467 propriis
909 4396 1077 4451 etiam
1128 4393 1439 4450 nominibus
1473 4394 1722 4450 Arabicis

142 4479 372 4555 inscripti
416 4493 567 4540 sunt.
621 4484 680 4562 in
707 4485 860 4556 cujus
890 4485 1226 4541 rotunditate
1263 4485 1346 4540 vel
1373 4485 1722 4540 rotunditatis

143 4570 303 4630 fronte
350 4586 582 4631 exstans
631 4584 718 4631 est
766 4576 1074 4632 denticulus
1121 4591 1285 4646 super
1330 4576 1718 4646 Capricornum

1817 1999 2100 2077 inseritur,
2129 2027 2290 2082 quem
2320 2013 2555 2085 Λίμναι,
2587 2017 2641 2072 id
2663 2027 2748 2073 est
2793 2020 3082 2088 caballum,
3107 2023 3318 2091 dicunt,
3339 2039 3410 2080 eo

1816 2102 1960 2171 quod
1991 2102 2170 2157 instar
2201 2105 2396 2160 caballi
2421 2105 2684 2163 formatus
2718 2110 2808 2164 sit.
2839 2109 3049 2178 Etiam,
3084 2121 3144 2166 ut
3171 2113 3406 2170 lucidius

1815 2192 2005 2262 quivi,
2064 2192 2183 2263 ejus
2237 2196 2614 2266 perigraphias
2673 2201 3056 2270 compendiose
3128 2219 3406 2276 expncut,

1815 2295 2047 2354 excepto
2077 2300 2186 2341 uno
2230 2296 2536 2360 tetragono,
2565 2288 2633 2345 de
2659 2307 2766 2361 quo
2814 2292 2867 2346 in
2913 2293 3031 2349 loco
3058 2310 3158 2350 suo
3187 2296 3410 2353 uberius

1817 2374 2015 2430 dicam.
2043 2374 2149 2432 Sed
2176 2377 2290 2434 haec
2312 2393 2401 2435 res
2429 2381 2589 2437 tectis
2619 2381 3000 2440 innexionibus
3029 2386 3280 2444 intricata
3299 2397 3405 2455 est;

1817 2481 1917 2522 nec
1969 2468 2226 2524 omnibus
2264 2470 2332 2525 ad
2374 2470 2798 2543 intelligendum
2827 2477 3148 2542 enodabilis,
3205 2488 3408 2550 praeter

1816 2572 1911 2612 eos
1943 2557 2036 2628 qui
2093 2559 2334 2616 usualem
2366 2560 2568 2618 habent
2609 2564 2661 2618 in
2694 2564 2778 2619 his
2816 2568 3287 2640 exercitationem.
3341 2569 3401 2626 Si

1817 2647 1941 2716 quis
1969 2656 2151 2703 autem
2178 2650 2319 2706 dicta
2366 2661 2462 2706 aut
2509 2653 2734 2709 dicenda
2763 2671 2953 2726 parum
2982 2673 3047 2712 ex
3076 2659 3294 2730 scriptis
3327 2661 3410 2716 in-

1817 2738 2105 2806 tellexerit,
2151 2741 2321 2811 ipsam
2357 2760 2469 2800 rem
2501 2747 2714 2816 probet,
2742 2758 2796 2802 et
2842 2749 3030 2818 procul
3063 2745 3228 2806 dubio
3258 2765 3409 2822 repe-

1817 2826 1922 2882 riet
1969 2829 2104 2884 satis
2146 2830 2438 2902 diligenter
2467 2835 2649 2889 omnia
2694 2835 2839 2890 dicta
2868 2851 3010 2891 esse.
3046 2837 3140 2892 llis
3165 2839 3240 2893 ita
3268 2855 3406 2909 pne-

1819 2919 2016 2974 taxatis
2062 2929 2185 2975 vota
2235 2923 2628 2992 persolvendo,
2683 2926 2920 2996 qualiter
2980 2928 3094 3002 hinc
3140 2932 3407 2986 elercite-

1817 3025 1960 3076 mus,
1992 3011 2192 3078 dicam,
2223 3022 2279 3068 et
2321 3015 2373 3070 in
2401 3016 2592 3087 primis
2619 3017 2685 3073 de
2713 3019 3088 3076 artiﬁcialibus
3117 3022 3265 3078 horis
3298 3022 3406 3078 diei

1817 3109 1875 3156 et
1903 3102 2100 3158 noctis.

2436 3197 2666 3257 CAPUT
2707 3200 2791 3257 lll.

2089 3287 2169 3344 De
2199 3289 2489 3362 colligendo
2515 3294 2662 3365 signo
2699 3305 2746 3350 et
2778 3296 2947 3368 gradu
2976 3296 3123 3352 solis.

1893 3375 1952 3432 St
1984 3379 2289 3436 certissime
2317 3380 2481 3437 horas
2509 3384 2784 3440 naturales
2809 3385 2922 3440 sive
2955 3385 3266 3444 artiﬁciales
3295 3386 3408 3445 diei

1819 3475 1875 3522 et
1921 3470 2098 3524 noctis
2127 3469 2281 3540 cupis
2311 3472 2484 3539 scire,
2511 3482 2723 3544 oportet
2753 3474 2804 3530 in
2847 3476 3040 3546 primis
3081 3486 3142 3532 ut
3193 3478 3334 3534 scias
3357 3478 3410 3533 in

1821 3573 1929 3628 quo
1951 3559 2108 3630 signo
2133 3559 2206 3615 sit
2235 3561 2314 3616 sol
2343 3570 2397 3617 et
2423 3562 2474 3617 in
2507 3573 2675 3634 quoto
2703 3565 2908 3621 decano
2949 3579 3040 3621 aut
3065 3568 3235 3638 gradu
3264 3569 3408 3640 ejus-

1822 3649 1944 3703 dem
1979 3649 2141 3720 signi.
2183 3648 2298 3705 Hoc
2348 3652 2566 3722 quidem
2609 3655 2712 3710 etsi
2756 3656 3143 3727 multiplicibus
3171 3658 3412 3716 calcula-

1827 3738 2035 3795 tionum
2069 3741 2373 3798 rationibus
2419 3744 2561 3799 scire
2592 3762 2790 3814 queas,
2823 3758 3002 3804 tamen
3043 3749 3306 3805 absolutis
3343 3764 3410 3806 ex

1825 3834 1934 3888 hac
1996 3833 2170 3904 ﬁgura
2228 3837 2465 3892 maxima
2521 3838 2742 3894 solertia
2787 3841 3056 3909 acquisita
3116 3856 3413 3912 cognosces

1824 3941 1988 3997 quam
2037 3927 2128 3983 hic
2172 3926 2517 3983 subscribere
2547 3943 2654 3982 non
2700 3928 2939 4000 ineptum
2986 3941 3244 3996 autumo,
3281 3931 3412 3987 dum

1822 4019 1976 4075 locus
2000 4027 2057 4074 et
2105 4019 2247 4074 ratio
2289 4018 2547 4088 postulat,
2579 4029 2631 4075 et
2661 4019 2734 4074 ita
2779 4021 2833 4075 in
2862 4021 3093 4077 Arabico
3120 4023 3411 4080 habeatur.

1825 4113 2000 4168 liabet
2027 4111 2174 4168 enim
2205 4111 2323 4167 haec
2352 4112 2522 4183 llgura
2564 4111 2617 4165 in
2657 4111 2826 4167 latere
2862 4128 2970 4168 uno
3016 4113 3235 4169 nomina
3263 4129 3416 4169 men-

1825 4206 1966 4261 sium
2012 4203 2371 4276 practitulata;
2413 4203 2584 4260 altero
2629 4219 2760 4260 vero
2785 4204 2955 4261 latere
2999 4207 3114 4262 dies
3145 4207 3409 4262 mensiqu

1823 4312 1924 4367 per
1969 4307 2289 4362 numerum;
2345 4295 2519 4351 media
2573 4295 2625 4351 in
2675 4298 2962 4367 superﬁcie
3012 4299 3179 4354 totius
3225 4298 3415 4354 circuli

1825 4388 2033 4444 zodiaci
2075 4389 2227 4458 signa
2276 4403 2398 4443 cum
2448 4383 2706 4461 gradibus
2745 4389 3003 4460 partium.
3052 4387 3120 4445 Et
3168 4389 3296 4445 dum
3335 4391 3414 4446 vis

1824 4497 1922 4552 per
1953 4482 2092 4536 hanc
2121 4481 2264 4536 scire
2288 4481 2502 4552 signum
2551 4490 2608 4537 et
2641 4483 2866 4554 gradum
2897 4482 3029 4538 solis
3080 4483 3134 4538 in
3175 4481 3420 4553 quolibet

1827 4571 1937 4638 die,
1963 4572 2245 4628 considera
2271 4572 2324 4628 in
2349 4581 2579 4644 utroque
2607 4572 2776 4630 latere
2799 4583 3121 4644 praesentem
3148 4589 3414 4640 mensem,

143 4665 358 4733 positus,
403 4675 458 4722 et
491 4667 560 4722 ad
593 4666 773 4738 ipsum
801 4669 1094 4722 umbonem
1121 4676 1427 4738 porrectus,
1477 4666 1568 4736 qui
1619 4665 1725 4721 cal-
1753 4651 1802 4712 Β
1829 4670 1884 4716 et
1930 4663 2171 4734 ejusdem
2223 4663 2430 4719 mensis
2481 4673 2804 4734 praesentem
2853 4663 3034 4730 diem,
3066 4675 3122 4720 et
3160 4665 3234 4720 ita
3274 4664 3419 4720 binis

145 4753 358 4812 culando
421 4773 695 4812 summam
750 4757 991 4814 numeri‘
1028 4757 1082 4812 in
1135 4757 1422 4828 epipltania
1473 4757 1724 4812 umbonis

1829 4752 2154 4809 altrinsecus
2203 4755 2362 4810 lineis
2409 4755 2694 4826 ingredere
2741 4769 2915 4824 usque
2963 4755 3030 4809 ad
3087 4753 3414 4824 proselidcm

148 4845 288 4910 positi
327 4847 612 4904 naturales
656 4849 1004 4904 discriminat
1051 4850 1235 4906 horas.
1289 4852 1388 4918 Qui
1421 4851 1620 4906 dicitur
1644 4850 1727 4904 al-
1825 4845 2445 4916 attgularem(l000),et
2465 4854 2688 4916 quotum
2712 4845 2843 4901 inibi
2868 4845 3110 4915 reperies
3131 4859 3417 4900 numerum

150 4938 279 5004 meri,
309 4939 361 4995 id
391 4949 477 4996 est
520 4941 840 5004 calculator,
896 4951 953 4996 et
983 4941 1112 4998 illud
1149 4942 1537 4997 halbancabuth
1569 4943 1726 4999 desu-

151 5036 233 5092 per
249 5031 481 5098 positum
516 5031 701 5087 tabula
730 5032 1122 5088 involutionem
1153 5033 1415 5106 contegit.

211 5121 318 5180 lam
355 5143 491 5182 vero
538 5126 723 5183 antica
761 5126 1038 5196 descripta
1069 5127 1294 5196 planitie
1343 5127 1409 5183 ad
1455 5127 1719 5198 posticam

156 5217 356 5273 vertitur
384 5218 580 5291 stylus,
632 5218 684 5273 in
729 5235 836 5290 qua
886 5218 1163 5288 signorum
1197 5229 1254 5277 et
1314 5221 1582 5277 mensium
1635 5219 1724 5274 ha-

157 5301 292 5328 L--.”
317 5325 322 5328 .
403 5312 508 5328 ..ην
611 5307 654 5328 ιτ

1827 4933 2060 5005 desuper
2093 4934 2147 4987 in
2183 4937 2371 4991 eadem
2406 4936 2547 4992 linea
2577 4935 2926 4991 considerato
2965 4935 3154 5006 signo,
3186 4932 3302 5004 ipse
3331 4942 3416 4986 est

1824 5025 2027 5094 gradus
2052 5024 2182 5079 solis
2211 5039 2373 5096 quem
2408 5025 2660 5096 requiris.
3158 5076 3163 5080 .

1904 5117 1963 5172 Si
2009 5116 2091 5170 vis
2140 5116 2300 5172 aliter
2345 5117 2507 5182 scire,
2555 5117 2846 5173 transactis
2879 5116 3104 5185 diebus,
3133 5115 3420 5190 prementis

1811 5209 2036 5265 mensis
2059 5209 2327 5278 quotlibet
2353 5205 2555 5263 fuerint
2573 5247 2588 5268 .
2621 5205 2846 5272 adiicias
2876 5209 2942 5264 15
2977 5226 3073 5282 per
3099 5225 3236 5284 quos
3258 5209 3420 5269 simu.

1834 5302 2086 5328 AA'.A“A‘
2137 5309 2450 5328 ΑΑ-ι-ΑιιΙΑ-ιι
2493 5297 2718 5328 ²ΠιΙΙ¹Ιι²ιιιι
2759 5317 2785 5328 Α
2837 5304 3008 5328 -..Χ-μ-
3062 5324 3143 5328 __-_
3165 5307 3226 5328 1--
3281 5305 3418 5328 ,2..--2
