4010 5328
184 285 266 338 597
1256 270 1344 334 DE
1384 273 1735 334 UTILITATh

1839 273 1864 328 ς
1902 273 2328 331 ASTROL.\BII.
3305 233 3426 333 595'

184 401 257 453 list
286 411 461 465 nempe
487 393 672 448 eadem
705 402 759 448 et
787 407 886 462 par
915 392 1150 447 versatio
1178 391 1466 446 orientium
1497 401 1547 443 et
1576 387 1718 442 occi-
1749 389 1793 447 Α
1824 384 2033 437 diurnis
2062 384 2295 452 peractis
2334 381 2543 442 olileus,
2592 383 2875 437 ronﬁ-sﬁm
2913 383 3157 454 ﬂagranti
3198 384 3412 453 iniuga-

180 489 389 543 dentium
425 501 520 556 per
566 486 902 540 horizontem
952 485 1193 538 cmlestis
1241 483 1483 552 sphterze,
1537 489 1595 534 ut
1631 496 1725 549 per
1832 477 1973 528 tTone
2025 477 2300 528 stellarum
2361 476 2588 527 lixarum
2646 473 2960 530 altitudines
3017 476 3414 530 nocturnalium

181 579 499 646 astrolapsnm
553 574 768 644 probari
813 585 1006 645 potest.
1061 575 1268 642 Quibus
1320 573 1570 635 inventis,
1620 572 1724 625 im.
1832 567 2084 620 horarum
2113 567 2315 621 iudices
2335 566 2590 634 providus
2615 566 3208 634 horosettpusadvisere
3228 565 3413 620 debes.

179 685 387 740 pressam
410 671 737 722 notationem
762 667 866 722 diei
895 677 948 722 et
977 669 1150 722 noctis
1175 667 1456 737 diligenter
1488 664 1722 734 impone.
1829 659 1962 712 Nam
2015 660 2155 713 sicut
2204 675 2300 729 per
2347 658 2577 711 solarem
2629 656 2967 711 altitudinem
3016 657 3222 710 diurna!
3272 658 3418 712 inve-

177 763 291 815 h’am
322 762 502 813 harum
537 770 693 813 cauta
727 758 1196 814 administratione
1226 757 1327 812 alia
1357 753 1537 812 omnia
1571 753 1726 810 facile
1830 748 2053 803 Ititttttur
2096 751 2263 811 horae,
2311 749 2386 803 sic
2425 761 2521 819 per
2563 747 2840 802 stellarum
2884 748 3111 801 lixarum
3141 758 3416 803 net-turum

174 853 422 923 patebunt.
1833 839 2131 892 eliciuntur
2163 839 2328 892 home.

1901 929 2010 983 llac
2044 931 2095 984 in
2128 930 2245 986 loco
2271 930 2522 984 admouet
2552 929 2688 983 ratio
2711 928 2911 999 aliquid
2938 931 3119 985 dicere
3143 946 3262 999 qum
3287 931 3416 992 sint,

1830 1023 1918 1075 ubi
1956 1023 2094 1085 siut,
2126 1031 2256 1092 quot
2296 1024 2428 1084 sint,
2465 1031 2518 1075 et
2551 1023 2615 1076 de
2651 1021 2973 1076 formatione
3007 1037 3097 1076 seu
3142 1021 3420 1077 vocabulis

1828 1113 2140 1167 earumdem
2170 1111 2514 1166 interserere.
2539 1111 2663 1174 Sed,
2691 1111 2818 1165 dum
2846 1113 2932 1166 hic
2963 1113 3214 1166 brevitati
3242 1111 3419 1166 stude-

1832 1214 1938 1268 tur,
1969 1221 2034 1259 ne
2085 1205 2253 1258 nimio
2302 1203 2449 1257 hiatu
2497 1203 2750 1274 alligatur
2791 1203 3042 1265 intentio,
3085 1204 3136 1256 iz‘.
3172 1203 3416 1272 sequenti

1828 1305 2033 1364 quanto
2077 1295 2492 1364 competentius,
2531 1304 2682 1349 tanto
2727 1295 2946 1350 ulterius
2981 1296 3081 1350 hoc
3121 1297 3420 1350 declarab-

1832 1399 1918 1440 tur
1962 1386 2098 1458 [ride
2129 1386 2255 1448 iul.,
2283 1403 2403 1457 cap.
2439 1386 2546 1456 ιη.
2591 1387 2943 1441 Altitudinem
2999 1398 3181 1441 autem
3239 1388 3420 1457 cujus-

1831 1477 1959 1532 libet
2003 1478 2170 1533 stellae
2223 1477 2401 1531 taliter
2451 1480 2674 1546 exquire
2715 1496 2725 1529 :
2769 1478 3051 1532 Sttblevalo
3104 1480 3417 1546 Astrolapsu

169 1582 330 1637 mundi
386 1591 740 1638 eontraennte
793 1600 822 1636 a
876 1592 1020 1638 terra
1083 1584 1344 1638 recedens
1400 1585 1466 1637 ad
1536 1582 1726 1636 altiora

1839 1579 2036 1624 tantum
2089 1570 2263 1638 ipsum
2309 1570 2570 1624 Alhidada
2611 1570 2914 1638 coaptando
2956 1579 3238 1639 torqueas,
3275 1587 3414 1640 quo-

167 1675 479 1730 περρηάρηαο
525 1674 700 1743 spatia
757 1674 902 1739 cm",
937 1675 1023 1729 vel
1071 1675 1450 1730 ιιεεοοηδρηλο
1496 1674 1562 1729 ad
1595 1672 1731 1727 infe-
1832 1662 2074 1730 adusque
2102 1660 2399 1729 quamlibet
2428 1660 2706 1716 stellarum
2745 1661 2973 1714 lixarum
3001 1671 3129 1716 tunc
3157 1676 3422 1732 apparea-

169 1769 293 1822 riora
324 1767 585 1838 procedit.
619 1765 752 1820 Nam
799 1766 977 1822 adhuc
1007 1767 1134 1820 dum
1177 1766 1463 1820 summitas
1492 1764 1608 1833 ejus
1639 1766 1725 1817 vix

1839 1753 1966 1805 lium
1998 1760 2053 1805 et
2080 1753 2132 1806 iu
2164 1752 2461 1821 astrolapsu
2485 1752 2888 1822 dcs’gimtarum
2918 1762 3064 1806 certa
3093 1753 3251 1808 unius
3278 1755 3420 1808 oculi

166 1862 225 1915 ab
264 1862 538 1916 horizonte
585 1860 848 1932 procedit,
898 1860 941 1914 si
988 1859 1345 1930 astmlapsutu
1393 1857 1725 1920 adhibueris,

1839 1843 2168 1911 inspectione
2205 1859 2302 1913 per
2345 1842 2506 1897 ambo
2549 1845 2934 1914 contempleris
2987 1843 3271 1899 foramina.
3305 1843 3419 1912 Qua

165 1954 347 2006 videbis
377 1951 667 2008 iusidieute
699 1952 956 2006 Alhidada
989 1950 1143 2006 linea:
1170 1949 1415 2005 orientali
1443 1949 1726 2004 inevitabi-

1839 1933 1942 1986 t'isa
1970 1932 2194 2003 ejusque
2224 1933 2506 1987 altitudine
2532 1934 2936 1989 deumustrnnte
2965 1935 3226 1988 Alhidada
3256 1935 3423 1989 aduo-

165 2046 274 2101 liler
301 2045 499 2100 radium
531 2045 664 2100 solis
698 2045 856 2099 ambo
893 2045 1010 2114 ejus
1053 2044 1315 2098 loramina
1360 2044 1690 2112 perlustrare
1712 2082 1726 2106 ,

1839 2032 1941 2076 Lata
1982 2024 2229 2076 eamdem
2280 2023 2625 2078 altitudinem
2663 2025 2803 2078 inter
2849 2024 3296 2080 Almuciitarath
3333 2039 3425 2078 co-

167 2137 274 2190 hiuc
308 2135 647 2191 ascendendo
677 2134 867 2189 altiora
910 2135 1130 2189 visitare
1167 2143 1218 2188 et
1258 2149 1427 2202 usque
1463 2133 1528 2186 ad
1569 2133 1729 2186 meri-

1839 2127 2005 2180 equa,
2059 2113 2112 2166 in
2147 2113 2259 2182 ipsa
2299 2123 2450 2182 parte
2503 2114 2554 2168 in
2597 2130 2700 2183 qua
2757 2117 3009 2184 accepisti
3051 2115 3278 2170 stellam.
3324 2113 3423 2171 Cui

164 2229 357 2282 dianam
407 2229 698 2298 pervenire
741 2227 965 2289 “mam.
1017 2227 1394 2284 descendendo
1442 2227 1496 2281 in
1539 2225 1726 2281 eadem
1830 2203 2106 2258 altitudini
2157 2205 2209 2259 in
2255 2205 2705 2298 Almucautarath
2754 2218 2918 2278 caput
2965 2208 3204 2277 r-jztsdettt
3255 2207 3426 2298 stella:

164 2325 296 2370 onus
316 2295 566 2372 sui'linea
596 2319 943 2373 occumbere.
1829 2307 2159 2362 superpone,
2195 2302 2249 2348 et
2288 2295 2573 2350 considera
2635 2312 2789 2366 'liltllll
2839 2297 3027 2351 horam
3062 2297 3260 2366 gradus
3294 2297 3424 2352 solis

223 2408 382 2475 Quota
421 2418 603 2464 autem
653 2411 724 2463 sit
761 2411 891 2464 solis
927 2411 1155 2466 altitudo
1185 2410 1426 2481 qualibet
1460 2409 1617 2474 hora,
1651 2410 1728 2464 sic
1829 2383 2188 2481 dFmonsuat
2237 2386 2364 2456 qm“
2421 2387 2534 2481 ί-Ρῗθ
2587 2396 2670 2481 "Si
2721 2403 2880 2481 ‘l"‘“"
2925 2389 3142 2456 Ἶ¹¹⁵¹“¹ί⁵·
3180 2389 3285 2443 sed
3325 2389 3427 2481 "9°

164 2500 488 2555 inuurdtionc
514 2501 842 2568 procedente
871 2502 1132 2556 invenies.
1163 2503 1400 2561 Arrepto
1427 2500 1728 2568 astrolapsu

1839 2475 2084 2540 observa,
2119 2487 2176 2530 ut
2205 2491 2303 2547 per
2341 2478 2534 2531 nadair
2576 2478 2706 2533 solis
2739 2480 2900 2533 horas
2933 2481 3057 2542 dici,
3097 2495 3194 2549 per
3227 2479 3427 2552 gradus

164 2592 402 2647 intentius
435 2600 603 2646 temet
631 2607 844 2662 oppone
872 2593 1000 2658 soli,
1032 2592 1102 2646 ita
1133 2601 1190 2644 ut
1219 2593 1437 2645 sinister
1475 2593 1730 2646 humerus

1839 2568 1961 2623 solis
2017 2570 2178 2624 horas
2226 2571 2404 2624 noctis
2449 2571 2649 2626 discas.

161 2682 247 2738 soli
289 2683 358 2737 sit
405 2681 672 2750 obiectus,
721 2683 940 2752 ipseque
975 2683 1311 2752 astrolapsns
1353 2684 1416 2737 de
1449 2698 1609 2736 manu
1642 2690 1729 2736 tua
2440 2686 2667 2742 CAPL‘T
2717 2687 2826 2740 ΥΠ.

160 2775 504 2867 ⁵ξ¹⁵Ρ⁰ηξ¹³ί¹¹Γ
532 2772 757 2867 dia???“
782 2773 1041 2867 β’θτξῆθά
1083 2782 1134 2867 φ
1174 2773 1291 2842 eius
1321 2773 1528 2867 ρυειίθῗ
1561 2771 1735 2867 ιθ¹ξ¹ξ¹ί⁶
1956 2799 2031 2852 De
2063 2799 2395 2853 distinctione
2430 2799 2679 2852 Italarum
2719 2813 2812 2867 per
2847 2808 3073 2867 quatuor
3099 2794 3305 2866 plagas.

163 2863 242 2928 tie,
262 2875 314 2918 et
346 2863 521 2933 ipsum
561 2862 826 2917 Alhidada
869 2863 1181 2934 diligentius
1216 2863 1389 2917 oculis
1428 2862 1558 2917 solis
1586 2861 1735 2917 obla-

165 2965 261 3008 tum
298 2957 490 3010 crebra
529 2955 794 3028 vertigine
829 2966 1083 3025 torqueas
1125 2957 1234 3010 itus
1263 2966 1316 3010 et
1344 2956 1571 3021 reditus,
1597 2972 1734 3026 quo-

163 3047 385 3118 adusque
438 3048 570 3103 solis
624 3049 806 3102 radius
854 3049 1013 3104 ambo
1069 3049 1386 3104 normaliter
1445 3049 1735 3120 perlustret

763 943 992 999 CAPUT
1045 943 1104 996 V.

174 1036 239 1090 De
269 1035 590 1105 concipienda
629 1036 754 1088 solis
791 1036 1069 1089 altitudine
1107 1045 1153 1089 et
1192 1035 1393 1089 arteria
1423 1032 1565 1088 horis
1600 1033 1722 1087 diei.

235 1127 418 1182 Dehinc
459 1127 500 1180 si
547 1128 623 1180 vis
663 1129 801 1182 scire
824 1138 1002 1183 certas
1034 1132 1193 1184 horas
1225 1130 1354 1195 diei,
1388 1131 1559 1184 debes.
1582 1130 1726 1183 inve-

171 1218 272 1270 nire
303 1216 630 1270 altitudinem
680 1217 832 1282 solis,
873 1235 1033 1289 quam
1072 1221 1305 1275 Arabice
1352 1220 1726 1289 Ernfamazcut

170 1307 433 1378 appellant,
484 1309 720 1378 qualibet
772 1312 904 1364 hora
955 1312 1214 1367 volueris.
1261 1312 1499 1366 Dicimus
1547 1316 1726 1364 autem

171 1399 482 1454 altitudinem
533 1400 662 1454 solis
709 1416 929 1455 cursum
984 1401 1130 1470 ejus,
1182 1417 1278 1472 per
1324 1416 1484 1471 quem
1545 1401 1657 1469 ipse
1697 1416 1726 1452 a

167 1492 322 1560 primo
349 1506 446 1546 suo
476 1500 596 1544 ortu
635 1492 896 1561 paulatim
943 1493 1098 1564 quasi
1141 1509 1236 1562 per
1281 1492 1482 1563 gradus
1525 1491 1726 1559 impetu

1907 2912 2148 2978 Quatuor
2194 2921 2322 2965 sunt
2363 2912 2533 2982 plaga:
2567 2913 2773 2978 mutuli,
2813 2929 3041 2983 quartuu
3086 2929 3189 2966 una
3219 2913 3430 2968 scilicet

1839 3004 2225 3072 septentrionis
2259 3019 2532 3072 nunquam
2565 3004 2764 3058 nostris
2800 3005 2852 3058 in
2889 3005 3023 3059 locis
3063 3007 3252 3076 recipit
3287 3007 3336 3059 in
3369 3024 3427 3058 se

1764 3107 1807 3169 ρ
1839 3095 2029 3148 solem.
2071 3093 2277 3148 Idcirco
2328 3110 2426 3163 per
2471 3094 2607 3147 alias
2662 3103 2790 3158 tres,
2845 3094 2898 3149 id
2948 3105 3030 3149 est
3085 3095 3425 3161 orientalem,

165 3138 428 3195 foramina.
482 3140 604 3208 Quo
649 3141 765 3196 viso
809 3141 1098 3211 diligenter
1150 3143 1346 3196 mentis
1388 3150 1442 3195 ct
1491 3144 1735 3210 corporis

165 3232 538 3289 iiilimrentibus
577 3230 880 3299 obtutibus,
934 3233 1038 3290 lida
1061 3236 1411 3290 adnotatione
1453 3236 1520 3289 ab
1551 3236 1736 3289 orien-

164 3323 242 3376 tali
271 3325 409 3379 liuea
453 3340 550 3394 per
589 3324 1026 3394 quinquepertita
1059 3326 1342 3381 intervalla
1379 3327 1737 3396 computando

164 3413 391 3486 designes
423 3431 732 3480 numerum,
772 3432 931 3486 quem
969 3417 1256 3471 summitas
1279 3417 1556 3470 Albidadte
1588 3417 1639 3470 in
1675 3417 1736 3470 l0

165 3510 363 3565 denotat
390 3510 660 3580 partibus.
693 3508 1118 3581 Quotuseunque
1159 3524 1287 3564 vero
1329 3519 1415 3564 est
1459 3525 1735 3575 numerus,

167 3604 259 3652 tota
285 3608 364 3654 est
394 3597 628 3653 altitudo
656 3597 806 3653 solis.

221 3684 329 3754 Quo
369 3688 606 3741 fideliter
635 3689 924 3743 observato
958 3697 1013 3743 et
1038 3688 1312 3743 memoria:
1340 3689 1735 3752 commendato,

165 3790 294 3833 verte
321 3781 560 3834 antieam
591 3779 870 3849 planitiem
903 3780 1236 3848 astrolapsus
1264 3779 1329 3832 ad
1366 3790 1438 3843 te,
1463 3780 1739 3833 eumdem-

165 3883 254 3936 qne
278 3886 560 3924 nmnerum
607 3870 660 3923 in
697 3869 979 3924 altitudine
1011 3870 1142 3924 solis
1167 3870 1564 3940 deprehensum
1599 3870 1740 3924 inter

167 3959 292 4024 ipsos
311 3961 731 4031 sesquipertitos
757 3961 1008 4015 adinveui
1031 3961 1127 4015 sic.
1157 3959 1228 4012 Da
1258 3961 1546 4014 unicuique
1571 3961 1738 4015 inter-

165 4051 288 4109 vallo
323 4054 371 4115 6,
412 4070 443 4108 a
481 4056 658 4124 primo
700 4055 961 4124 incnptens
1005 4055 1480 4120 Alumcautarath,
1527 4055 1736 4124 quoad-

167 4159 317 4215 usque
363 4155 655 4216 acceptum
719 4146 960 4216 reperias
1017 4160 1326 4209 numerum,
1381 4144 1426 4200 si
1481 4154 1564 4198 est
1613 4153 1738 4198 ante

168 4239 451 4304 meridiem,
489 4239 540 4292 in
569 4239 820 4292 orientali
855 4248 1042 4308 parte;
1084 4238 1127 4292 si
1169 4246 1288 4307 post
1336 4237 1636 4302 meridiem,
1684 4237 1736 4293 iu

167 4330 467 4387 occidentali
495 4341 671 4402 parte.
706 4332 823 4398 Quo
853 4331 1070 4386 invento
1094 4331 1259 4400 gradu
1291 4330 1420 4384 solis
1452 4330 1503 4383 iu
1534 4331 1738 4383 Alban-

168 4422 343 4476 cabuth
373 4422 694 4492 insignitum
719 4435 1020 4491 superpone
1046 4420 1315 4474 altitudini
1345 4420 1492 4482 solis,
1524 4429 1577 4474 et
1603 4421 1737 4474 tule-

171 4513 278 4566 riori
306 4516 524 4584 regione
553 4513 899 4568 considerato
927 4512 1118 4568 nadair
1141 4514 1292 4578 solis,
1323 4513 1407 4568 cui
1435 4514 1737 4583 supersidet

171 4603 314 4666 harte.
343 4609 453 4677 ipsa
481 4615 565 4662 est
606 4622 848 4678 prmsens
875 4607 1006 4662 hora
1037 4623 1195 4676 quam
1224 4610 1440 4678 qu;eris.
1476 4610 1738 4667 Similiter

171 4698 371 4770 singulis
419 4703 755 4773 quibuslibet
806 4703 954 4759 horis
1001 4703 1103 4758 diei
1149 4705 1400 4773 experire
1449 4707 1736 4763 veritatem

173 4790 268 4846 sive
313 4810 404 4863 per
445 4796 698 4850 aestivum
736 4796 846 4850 sive
879 4812 974 4866 per
1023 4795 1306 4851 hibernum
1353 4805 1563 4865 tempus
1596 4800 1737 4854 nulla

174 4887 367 4954 ancipiti
419 4891 634 4944 ratione
695 4887 1142 4942 intervaeillante.
1194 4888 1306 4944 lloc
1362 4889 1737 4959 dignissimum

174 4975 229 5026 ad
252 4977 488 5035 diucnum
528 4982 792 5034 horarum
833 4980 1214 5036 celebrandum
1247 4980 1502 5044 ollicium,
1540 4990 1594 5035 et
1621 4999 1739 5052 per-

173 5065 374 5123 nimium
401 5073 464 5126 ad
487 5071 777 5126 scientiam
809 5072 1021 5125 videtur
1044 5072 1194 5140 utile,
1222 5084 1422 5143 quanto
1451 5071 1658 5143 gratius
1687 5083 1740 5129 et

173 5152 429 5216 decentius
466 5171 666 5218 cuncta
703 5173 830 5217 tunc
872 5162 1188 5232 procedunt,
1219 5165 1343 5218 dum
1376 5178 1501 5218 cum
1531 5178 1737 5220 summa

175 5255 450 5307 reverentia
477 5254 682 5310 debitis
711 5256 857 5309 horis
887 5256 988 5310 sub
1023 5257 1199 5325 regula
1233 5258 1365 5328 justi
1393 5255 1618 5319 Jud‘icis,
1649 5261 1738 5328 qui

1840 3184 2213 3246 meridianam,
2264 3183 2788 3254 occidentalemque,
2843 3201 2962 3255 qua:
3007 3186 3295 3240 admittunt
3342 3201 3432 3241 so-

1838 3276 1964 3340 lem,
2004 3277 2285 3331 duodecim
2320 3277 2720 3331 distribuuntur
2764 3279 2932 3344 horae,
2969 3279 3261 3348 unicuique
3299 3294 3433 3349 qua-

1840 3377 1979 3421 tuor.
2032 3366 2167 3421 Nam
2222 3377 2302 3420 ter
2346 3377 2579 3436 quatuor
2629 3368 2911 3422 duodecim
2959 3368 3210 3424 reddunt.
3258 3367 3432 3424 Datur

1839 3458 2090 3512 orientali
2124 3458 2290 3528 plaga:
2318 3459 2338 3510 l
2373 3456 2407 3509 '2
2438 3458 2471 3512 5
2499 3457 2552 3522 4;
2587 3460 2898 3513 meridiame
2923 3459 2956 3513 5
2979 3458 3010 3513 6
3036 3459 3065 3511 7
3089 3461 3152 3526 8;
3179 3459 3434 3515 occiden¢

1841 3553 1931 3605 tali
1965 3555 1998 3606 9
2033 3537 2097 3604 10
2129 3552 2185 3604 ll
2227 3551 2315 3606 12.
2358 3549 2435 3604 Ex
2477 3551 2672 3619 quibus
2718 3551 2865 3604 horis
2905 3551 3024 3604 dua:
3071 3565 3284 3620 seniiper
3304 3557 3434 3605 sunt

1841 3645 1954 3697 sub.
1990 3659 2096 3696 uno
2142 3657 2366 3696 innuero
2415 3641 2498 3694 vel
2552 3657 2834 3705 mensura,
2892 3641 3133 3710 exceptis
3181 3651 3330 3694 sexta
3377 3649 3433 3692 et

1839 3732 2178 3786 duodecima.
2211 3730 2342 3784 Nam
2377 3731 2519 3784 sicut
2547 3740 2697 3784 sexta
2730 3739 2953 3800 propter
2993 3745 3265 3784 sunnnum
3297 3729 3432 3783 solis

1840 3838 2146 3886 ascensum,
2205 3822 2278 3876 ita
2322 3831 2378 3875 et
2416 3821 2735 3875 duodecima
2787 3830 3009 3890 propter
3042 3819 3285 3874 infimum
3329 3820 3430 3874 des

1842 3929 2089 3968 scensunt
2122 3921 2392 3982 nequeunt
2421 3912 2634 3965 czeteris
2677 3927 2903 3965 numero
2933 3913 3013 3966 vel
3047 3927 3300 3968 mensura
3330 3928 3418 3967 co-

1840 4004 2064 4074 :cquari.
2091 4001 2222 4056 Nam
2253 4011 2402 4056 sexta
2431 4001 2482 4054 iu
2509 4015 2719 4055 summo
2747 3985 3074 4070 poniitttri'et
3095 4003 3281 4071 quinta
3308 4017 3430 4056 cum

1839 4098 2090 4168 septima,
2139 4089 2342 4166 quarta
2380 4103 2766 4158 eum'octava,
2802 4096 2960 4150 tertia
2992 4110 3114 4150 eum
3154 4110 3315 4159 nona,
3345 4109 3430 4147 sev

1841 4191 2017 4246 cuuda
2060 4207 2182 4244 eum
2217 4189 2450 4245 decima.
2481 4189 2654 4258 prima
2685 4205 2807 4244 cum
2836 4189 3121 4243 undecima
3154 4202 3433 4244 mensurao

1843 4293 1958 4336 tur'
1993 4289 2232 4336 remanet
2258 4280 2579 4335 duodecima
2609 4279 2662 4334 iu
2694 4294 2888 4335 occasu
2922 4279 3120 4350 posita.

2291 4592 2581 4691 ιΤΞξΠιιυι
2610 4609 2640 4659 9
2669 4593 2775 4690 ιῙι
2805 4607 2832 4657 7

2295 4987 2352 5025 /
2556 4971 2585 5023 Ἰ
2627 4931 2639 5051 Ι
2688 4972 2719 5021 (ἱ

2074 5187 2126 5319 ί
2379 5063 2725 5320 -ς-[β
