4010 5328
1178 394 1409 451 (ἋΡΕΤ
1450 394 1579 452 VIII.

777 486 854 543 De
883 488 1026 541 horis
1058 487 1512 553 requinortinlibus
1535 496 1581 539 et
1613 482 1982 554 inmquulibus.

666 577 941 633 ll‘actenns
989 577 1369 631 artilleialibus
1399 575 1547 630 hnris
1588 574 1814 643 digestis
1841 572 1908 626 de
1938 585 2180 642 mqnmo-

588 669 847 727 rtialibns
868 679 923 722 et
949 667 1305 738 inaequalibus
1328 666 1585 734 deinceps
1606 665 1804 720 dicam.
1826 663 1891 718 Et
1920 662 2182 733 inprimis

594 763 776 819 dicam
823 759 1457 831 quomoduwlividuntur
1503 756 1609 812 560
1656 764 1838 826 partes
1886 770 1981 825 per
2021 755 2182 810 horas

588 851 999 927 aequinoctiales
1021 859 1074 905 et
1103 849 1417 919 inaequales,
1439 862 1576 919 quas
1597 846 1808 902 Arabes
1831 844 2180 908 Muzzewine,

595 945 654 1000 id
712 951 798 1000 est
850 942 1093 1013 aequales
1134 941 1323 996 dicunt
1399 949 1455 994 et
1506 936 1816 1002 Eumene,
1859 935 1912 990 id
1958 944 2041 989 est
2094 934 2182 989 in-

590 1036 851 1109 aequales.

664 1126 725 1185 Si
753 1127 837 1183 vis
880 1125 1023 1182 scire
1048 1134 1182 1195 quot
1224 1122 1373 1177 hora:
1417 1114 1739 1174 Mttzmoiuc
1781 1115 2083 1171 habeantur
2127 1112 2181 1166 in

597 1229 711 1275 toto
739 1218 946 1274 circulo
998 1218 1246 1280 zodiaco,
1294 1213 1347 1268 id
1397 1221 1480 1268 est
1531 1212 1636 1266 560
1686 1209 1950 1281 partibus,
2003 1206 2182 1261 divide

591 1312 939 1367 medietatem
1002 1306 1243 1378 ejusdem
1296 1302 1529 1369 numeri,
1588 1303 1710 1366 180,
1764 1315 1863 1371 per
1912 1297 1981 1352 £2
2020 1298 2184 1351 horas

602 1403 1031 1478 :rquinnctialcs,
1073 1401 1152 1455 sic
1182 1408 1240 1453 ut
1283 1396 1577 1466 unicuique
1605 1395 1754 1449 hora:
1793 1391 1860 1447 lii
1896 1400 2098 1462 partes,
2129 1389 2181 1442 id

592 1504 691 1559 est,
726 1495 827 1549 tria
864 1489 1305 1564 quinqnepertita
1343 1487 1626 1541 intervalla
1660 1483 1948 1543 attribuas,
1974 1491 2028 1535 ct
2058 1495 2180 1550 pro-

592 1588 681 1644 cnl
728 1586 893 1642 dubio
941 1583 1182 1653 reperies
1229 1580 1281 1634 in
1332 1578 1450 1649 ipso
1491 1575 1861 1645 hemispherio
1894 1572 1962 1626 l2
2012 1574 2178 1626 horas

589 1678 1016 1751 :equinuctiales.
1045 1674 1311 1730 Similiter
1340 1672 1395 1726 in
1432 1669 1604 1724 altero
1633 1668 1682 1723 si
1708 1667 1920 1729 feceris,
1956 1665 2178 1718 totidem

1453 274 1812 333 HERMANNI
1848 272 2239 333 CONTRACTI
2273 268 2640 330 AUGlENSlS
2675 267 2979 327 ΜΟΝᾹΩΙΙΙ

3751 280 3845 337 100

2199 407 2248 457 Α
2279 392 2600 458 manserint,
2635 401 2713 446 tot
2740 401 2861 447 sunt
2911 401 3093 461 partes
3135 389 3528 444 nocturnalium
3564 388 3843 443 iturarun'

2279 493 2336 539 ct
2364 493 2588 539 econtra
2622 484 2914 539 abstractis
2944 484 3011 538 de
3042 481 3113 537 50
3141 493 3422 538 nocturnae
3450 482 3600 536 horae
3627 480 3854 550 partibus

2281 582 2574 646 supersunt
2598 575 2812 631 diurnae
2840 585 3042 646 partes,
3089 575 3216 654 quia
3260 575 3453 628 harum
3493 572 3708 626 alterna
3746 588 3854 625 mu-

2284 668 2418 722 tatio
2441 667 2808 738 correptionis
2837 677 2893 724 et
2919 665 3300 738 depalatiouls,
3327 675 3386 720 ut
3415 665 3628 721 dictum
3657 672 3762 730 est,
3784 661 3856 717 io-

2282 759 2365 814 fra
2389 758 2460 815 30
2490 769 2759 816 versatur.
3131 784 3135 789 ’

2884 847 3111 905 CAPUT
3150 846 3219 903 Xl

2554 939 2632 997 De
2659 941 2966 1013 indaganda
2989 941 3286 1011 quantitate
3314 938 3454 991 ortus
3476 953 3610 991 met.

2350 1035 2488 1091 Cum
2508 1044 2688 1089 autem
2713 1034 2914 1105 quaeris
2945 1035 3088 1088 scire
3124 1042 3256 1102 quot
3286 1033 3450 1086 horas
3467 1028 3861 1101 tequinnctiaies

2283 1126 2487 1182 halzent
2510 1126 2627 1180 dies
2658 1125 2741 1180 vel
2779 1140 2907 1188 nox,
2937 1123 3021 1178 vel
3066 1134 3199 1193 quot
3244 1122 3427 1193 plures
3459 1135 3567 1176 nox
3616 1129 3714 1175 aut
3752 1120 3854 1174 dies

2281 1218 2688 1289 aequinoctiales
2721 1217 2886 1273 horas
2930 1218 3160 1282 habeat,
3207 1217 3460 1288 primitus
3506 1213 3857 1284 indrgaudm

2281 1320 2364 1367 est
2403 1310 2495 1365 tibi
2525 1318 2765 1380 quantus
2798 1308 2950 1364 orbis
2979 1308 3085 1363 diei
3113 1325 3179 1363 ac
3213 1308 3387 1363 noctis
3410 1307 3503 1361 sit.
3531 1306 3671 1362 Dico
3699 1315 3858 1359 autem

2282 1403 2470 1458 orbem
2519 1402 2662 1467 diei,
2706 1409 2969 1471 quantum
3019 1399 3100 1455 sol
3141 1415 3173 1454 ιι
3219 1398 3394 1468 primo
3428 1402 3566 1453 'ortu
3600 1409 3772 1467 usque
3803 1395 3859 1449 ad

2281 1509 2534 1549 occasum
2568 1508 2690 1548 cum
2721 1491 3083 1547 conversione
3127 1490 3352 1559 spinet-te
3383 1489 3666 1544 transiens
3701 1487 3751 1541 in
3773 1486 3861 1540 3w

2284 1584 2530 1655 partibus
2560 1583 2790 1654 singulis
2832 1583 3026 1638 diebus
3055 1580 3398 1652 permetitur,
3427 1591 3484 1634 ct
3538 1579 3722 1633 noctis
3753 1577 3859 1631 diro

2283 1674 2494 1741 urbem,
2523 1674 2614 1744 qui
2649 1683 2918 1730 remanet.
2944 1672 3114 1740 Quem
3148 1670 3331 1726 taliter
3375 1671 3626 1741 reperies
3650 1682 3670 1724 :
3694 1684 3861 1737 suptu-

590 1772 897 1829 adnntabis.
941 1768 1076 1824 Nam
1109 1766 1176 1821 15
1208 1764 1397 1836 viginti
1424 1771 1658 1834 quatuor
1696 1759 1801 1814 560
1846 1768 1994 1814 sunt.
2029 1756 2181 1811 Unde
2215 1758 2255 1814 li
2285 1769 2460 1836 μοεῑιο
2487 1768 2657 1837 gradu
2700 1766 2832 1823 30135
2859 1780 3025 1837 ειιροι·
3051 1765 3286 1836 primum
3331 1761 3775 1818 Αιηιαερηιαηυ,
3813 1760 3856 1813 ξι,
3937 1814 3945 1820 ,

589 1866 757 1922 semel
800 1863 1041 1919 revoluta
1074 1869 1182 1916 tota
1226 1860 1438 1929 splnera
1471 1857 1525 1911 in
1565 1855 1652 1910 die
1696 1862 1751 1908 et
1790 1861 1951 1908 nocte
1995 1850 2182 1922 viginti

595 1970 831 2030 quatuor
857 1958 1005 2013 horae
1032 1953 1395 2025 reperiuntur.

661 2051 718 2105 Si
751 2050 833 2106 vis
874 2058 1055 2103 autent
1098 2044 1242 2100 scire
1284 2050 1418 2114 quot
1461 2042 1610 2096 ltorze
1657 2029 2067 2100 Ezemenirﬁid
2101 2043 2185 2089 est

594 2140 910 2211 inaequales,
937 2136 1189 2192 itteodctn
1213 2147 1440 2188 numero
1464 2132 1615 2196 iianl,
1632 2128 2001 2195 daun-icnique
2025 2127 2185 2179 unde-

596 2230 786 2301 viginti
821 2238 1027 2301 partes,
1069 2235 1125 2282 et
1155 2222 1410 2279 nimirum
1443 2220 1685 2291 reperies
1722 2219 1777 2273 in
1825 2226 1938 2271 toto
1983 2216 2186 2269 cirt-u'o

600 2324 670 2379 19
698 2323 863 2378 horas
907 2314 1220 2388 inaequales,
1263 2322 1320 2368 et
1351 2313 1474 2368 ideo
1507 2310 1641 2366 hora
1680 2305 2073 2378 tequinmtialis
2118 2304 2188 2358 ιδ

591 2424 774 2488 partes
802 2414 988 2477 habet,
1014 2409 1164 2481 quia,
1190 2400 1557 2476 multiplicatis
1584 2402 1648 2457 15
1661 2416 1757 2471 per
1771 2399 1862 2464 2i,
1876 2409 2035 2454 erunt
2060 2396 2184 2453 560.

595 2508 734 2563 Nam
766 2504 991 2559 totidem
1022 2501 1168 2555 hora:
1188 2499 1533 2569 reperiuntur
1562 2510 1658 2564 per
1680 2493 1786 2547 560
1823 2499 2025 2560 partes,
2054 2497 2185 2557 quot

594 2602 745 2658 horae
787 2607 916 2654 sunt
958 2596 1011 2651 in
1052 2595 1138 2649 die
1168 2590 1422 2647 naturali.
1455 2589 1719 2644 Dicuntur
1748 2586 1895 2639 hora:
1939 2582 2181 2651 :eqnino-

592 2693 807 2758 ctiales,
847 2706 968 2760 qua:
999 2682 1339 2742 solummodo
1362 2682 1572 2743 duobus
1616 2677 1808 2733 diebus
1835 2676 1886 2730 in
1917 2688 2063 2729 anno
2088 2687 2181 2728 co-

593 2793 903 2858 arquantur,
930 2781 1036 2836 illis
1064 2778 1272 2835 scilicet
1299 2776 1497 2847 quibus
1524 2775 1605 2829 sol
1626 2780 1710 2828 est
1740 2768 1794 2826 in
1824 2769 1999 2839 prima
2031 2772 2186 2838 parte

593 2877 796 2936 Arietis
831 2883 888 2930 et
922 2869 1122 2929 Librae.
1161 2868 1370 2925 Caetero
1411 2874 1592 2920 autem
1637 2871 1880 2932 tempore
1931 2859 2186 2913 dirun'nr

598 2968 915 3042 inaequales,
942 2974 1163 3038 propter
1183 2970 1424 3017 mutuam
1451 2958 1869 3015 alternatiouem
1891 2954 2185 3022 correptio-

595 3059 681 3114 nis
706 3067 761 3114 et
806 3051 1202 3126 depalatiunis:
1242 3066 1363 3121 qtue
1406 3048 1617 3103 alterna
1664 3044 1932 3100 mutuatio
1969 3054 2185 3111 semper

597 3149 739 3202 infra
786 3116 950 3201 unius
999 3143 1138 3214 signi
1174 3116 1388 3212 partes,
1429 3138 1482 3194 id
1532 3146 1616 3193 est
1645 3135 1716 3193 50
1757 3134 2020 3189 variatur.
2046 3130 2183 3186 Nam
2214 3116 2260 3182 C

599 3238 924 3295 brevissima
958 3238 1091 3292 hora
1121 3232 1397 3289 czemenia
1430 3247 1537 3285 non
1588 3228 1770 3282 minus
1809 3240 1972 3296 quam
2018 3236 2190 3291 usque

599 3330 667 3384 ad
696 3327 946 3384 undecim
977 3334 1160 3396 partes
1189 3321 1452 3377 decrescit
1479 3334 1494 3374 :
1524 3319 1833 3389 longissima
1868 3326 2051 3369 autem
2081 3328 2188 3367 non

598 3420 725 3493 plus
775 3434 937 3491 quam
980 3412 1312 3485 undeviginti
1360 3421 1544 3484 partes
1591 3409 1882 3466 excrescit.
1934 3407 2084 3462 Unde
2122 3406 2191 3461 i9

606 3500 793 3585 partes
821 3509 924 3566 sibi
973 3505 1365 3573 attribuuntur,
1408 3520 1529 3574 qua:
1559 3512 1735 3557 tamen
1763 3509 1856 3555 aut
1897 3499 2192 3554 crescendo

602 3600 697 3661 aut
723 3597 1089 3659 decrescendo
1118 3599 1184 3654 ad
1209 3594 1606 3669 :equinoctialis
1635 3594 1780 3649 hut-te
1808 3601 2013 3665 partes,
2038 3591 2089 3646 id
2110 3599 2195 3645 est

599 3699 670 3757 15
700 3703 1007 3758 recurrunt.

1221 3778 1450 3839 CAPUT
1488 3778 1581 3835 IX.

824 3878 899 3935 De
936 3875 1172 3950 partibus
1197 3871 1537 3947 ianualium
1563 3869 1814 3927 horarum
1844 3870 1970 3925 diei.

672 3971 733 4029 Si
758 3971 839 4030 vis
860 3970 1002 4027 scire
1022 3978 1210 4041 partes
1237 3965 1582 4037 inaequalium
1613 3964 1873 4020 horarum
1897 3961 2027 4026 diei,
2052 3972 2193 4031 pone

606 4070 798 4123 nadair
827 4068 957 4122 solis
989 4081 1154 4136 super
1190 4064 1420 4134 primam
1454 4059 1652 4115 lineam
1695 4053 1982 4125 cujuslibet
2022 4052 2189 4107 horae.

611 4163 732 4231 Quo
769 4161 936 4228 facto,
959 4158 1244 4213 considera
1275 4155 1585 4225 diligenter,
1614 4160 1668 4207 ct
1698 4149 1914 4220 assigna
1958 4156 2193 4216 partem,

605 4239 770 4322 qumn
815 4246 1156 4304 denotaverit
1181 4244 1376 4299 Almeri
1422 4244 1475 4298 in
1502 4244 1607 4299 360
1635 4242 1897 4311 partibus.
1931 4237 2062 4293 l’nst
2099 4235 2195 4290 ad-

607 4356 766 4398 move
797 4339 987 4394 nadair
1013 4337 1082 4392 ad
1128 4344 1461 4407 postremam
1488 4332 1730 4405 ejusdem
1771 4330 1920 4385 hora:
1970 4328 2191 4395 lineam,

605 4443 665 4490 et
706 4439 1057 4504 quotcunque
1098 4436 1283 4500 partes
1317 4424 1456 4480 infra
1487 4438 1616 4479 suos
1660 4420 1862 4477 limites
1906 4426 2192 4489 computa-

554 4511 559 4516 ’
607 4522 748 4578 verit
777 4520 1006 4586 Almert,
1040 4525 1118 4575 tot
1149 4525 1276 4572 sunt
1320 4524 1504 4587 partes
1547 4510 1894 4583 inatqualium
1934 4509 2192 4567 horarum

608 4613 736 4669 diei.
1084 4597 1088 4602 ’

1246 4693 1476 4758 CAPUT
1514 4693 1583 4754 Χ.

838 4798 915 4853 De
937 4795 1175 4869 partibus
1204 4793 1546 4860 ianualittm
1573 4793 1824 4847 horarum
1849 4789 1976 4844 diei.

683 4893 742 4950 Si
776 4895 857 4950 vis
902 4893 1044 4949 scire
1091 4897 1276 4962 partes
1321 4890 1582 4945 horarum
1636 4884 1897 4948 noctium,
1954 4885 2039 4939 Inc
2075 4896 2200 4939 cum

612 4987 785 5055 gradu
814 4982 944 5039 solis
989 4982 1130 5039 sicut
1153 4978 1331 5035 fecisti
1361 4993 1485 5034 cum
1517 4962 1730 5042 nadairi
1764 4971 1978 5029 scilicet
2009 4984 2199 5042 super-

614 5077 793 5149 posito
837 5077 1005 5147 gradu
1036 5075 1228 5147 primm
1271 5071 1426 5127 lineae
1468 5067 1949 5141 cujuslibcthone,
2000 5065 2198 5121 deuota

615 5169 796 5225 locum
824 5167 894 5222 ab
941 5165 1145 5221 Almeri
1175 5164 1537 5233 designatum.
1578 5160 1714 5215 Hinc.
1751 5159 1820 5214 ad
1867 5166 2199 5227 postremam

617 5257 885 5323 revoluto,
920 5267 1052 5328 quot
1093 5252 1390 5328 gradiendo
1420 5252 1550 5308 solis
1572 5252 1773 5324 gradus
1817 5248 2068 5319 designat
2102 5246 2201 5302 Al-

2287 1868 2440 1929 parte
2482 1857 2757 1912 Atmarech
2797 1856 2976 1912 locum
3020 1855 3220 1910 Almert'
3255 1860 3415 1909 caute
3464 1852 3717 1922 designa.
3761 1848 3860 1915 Quo

2286 1950 2591 2020 designato,
2616 1948 2924 2003 transu'titte
2954 1945 3181 2015 gradum
3210 1945 3530 2015 [trmdictuttt
3563 1942 3636 1996 ad
3675 1950 3861 2011 postre-

2286 2056 2434 2095 mum
2476 2038 2924 2094 Almueantarath
2959 2038 3011 2091 in
3051 2045 3206 2108 parte
3250 2032 3548 2105 Almagrip,
3593 2041 3652 2087 et
3696 2032 3853 2086 denuo

2286 2130 2463 2185 locum
2494 2129 2699 2184 Altncri
2731 2129 2977 2200 designat,
2999 2137 3056 2182 et
3084 2134 3321 2197 quantus
3344 2133 3430 2180 est
3456 2138 3624 2180 meus
3648 2138 3679 2177 a
3710 2136 3855 2193 prmr.

2288 2225 2406 2280 loco
2429 2238 2604 2294 usque
2632 2223 2698 2277 ad
2731 2220 3026 2278 secundum
3057 2218 3235 2277 locum
3274 2217 3500 2282 Almeri,
3537 2217 3659 2289 ipse
3686 2224 3763 2271 cst
3785 2231 3860 2270 or-

2286 2314 2394 2382 bis,
2415 2330 2575 2386 quem
2605 2314 2829 2385 qumris.

2892 2404 3121 2462 CAPUT
3161 2402 3271 2460 ΧΗ.

2700 2498 2779 2554 De
2802 2499 3093 2566 quantitate
3125 2496 3264 2552 orbis
3290 2493 3471 2550 noctis.

2362 2590 2567 2647 Eadem
2614 2588 2759 2644 ratio
2785 2599 2871 2644 est
2913 2586 3242 2651 inventionis
3270 2587 3337 2640 de
3382 2584 3519 2639 orbe
3570 2581 3745 2638 noctis
3780 2594 3861 2652 per

2288 2683 2483 2739 nadair
2511 2681 2665 2738 solis.
2695 2680 2830 2737 Nam
2858 2688 2916 2735 ιιι
2942 2696 3040 2751 per
3064 2679 3293 2751 gradum
3322 2677 3455 2733 solis
3480 2675 3724 2732 circulus
3748 2673 3858 2736 dici,

2286 2773 2367 2829 sic
2395 2780 2493 2844 per
2517 2773 2712 2828 naiiair
2745 2770 2981 2827 circulus
3001 2770 3187 2825 ‘noctis
3231 2769 3651 2835 incunctanter,
3668 2766 3862 2836 quando

2285 2865 2436 2931 libet,
2463 2863 2786 2934 acquiritur.
2819 2860 3042 2918 lnvento
3069 2860 3271 2932 quippe
3297 2860 3429 2915 orbe
3457 2858 3598 2924 diei,
3626 2856 3765 2928 quod
3790 2868 3858 2908 te-

2288 2964 2474 3014 tnauet
2500 2956 2568 3013 de
2590 2955 2697 3011 560
2728 2954 2996 3027 partibus,
3017 2953 3169 3009 orbis
3197 2952 3372 3009 ηοειίε
3393 2959 3497 3008 est.

2886 3066 3113 3124 CAPUT
3152 3065 3289 3122 Xlli.

2637 3164 2777 3233 Quot
2808 3166 2910 3218 sint
2940 3162 3084 3219 liora:
3105 3162 3537 3236 a'quinccit'ules?

2363 3265 2500 3322 Cum
2546 3265 2749 3335 qtneris
2792 3265 2933 3323 scire
2958 3273 3089 3334 quot
3131 3261 3535 3333 mquinoctiales
3588 3263 3734 3319 here:
3772 3259 3860 3316 sint

2293 3356 2419 3421 dici,
2454 3356 2640 3410 urbem
2670 3353 2791 3424 ejus
2820 3354 2998 3408 divide
3026 3370 3058 3408 a
3087 3353 3265 3423 primo
3299 3351 3416 3408 loco
3458 3346 3638 3423 usque
3684 3354 3747 3407 ad
3787 3367 3858 3405 sc-

2293 3448 2526 3502 cundum
2555 3461 2649 3516 per
2679 3455 2865 3516 partes
2898 3447 3153 3499 horarum
3192 3444 3681 3514 :equiuoetialium,
3720 3445 3768 3499 id
3795 3453 3861 3498 est

2292 3554 2391 3611 per
2419 3537 2505 3605 l5,
2531 3548 2665 3609 quot
2694 3548 2819 3593 sum
2850 3540 2951 3591 tria
2998 3536 3435 3607 quinquepertita
3485 3536 3764 3592 intervalla
3796 3537 3860 3588 sic

2295 3639 2355 3683 ut
2385 3630 2673 3699 unicuique
2698 3628 2846 3682 hora:
2888 3626 2956 3682 15
2988 3637 3169 3698 partes
3197 3628 3487 3691 attribuas,
3528 3626 3860 3697 quoadusque

2295 3721 2531 3790 poteris;
2568 3729 2622 3775 et
2651 3729 2783 3789 quot
2809 3719 2972 3773 horas
3001 3734 3098 3789 per
3128 3727 3309 3788 partes
3337 3718 3416 3772 sic
3451 3716 3767 3772 calculanda
3793 3715 3860 3766 in-

2295 3813 2504 3877 venies,
2530 3822 2609 3867 tut
2635 3813 2782 3866 home
2804 3821 2931 3866 sunt
2971 3809 3377 3880 aequinoctiales
3402 3809 3535 3865 diei.
3582 3807 3676 3863 Sic
3715 3815 3858 3863 etiam

2298 3904 2664 3961 considerabis
2694 3903 3019 3959 detrimenta
3048 3911 3101 3957 et
3130 3911 3421 3975 augmenta
3451 3900 3668 3957 dierum
3689 3912 3751 3954 ac
3779 3911 3858 3951 no-

2295 4000 2485 4050 (tium.

2367 4087 2568 4143 Eadem
2615 4101 2834 4158 quoque
2878 4087 3143 4143 divrsmne
3174 4087 3352 4143 noctis
3394 4086 3586 4143 orbem
3634 4082 3857 4143 conside-

2297 4179 2447 4236 rabis
2471 4189 2526 4235 et
2555 4180 2799 4236 invenies
2826 4180 2993 4236 horas
3022 4180 3221 4235 noctis.
3249 4182 3401 4247 Quod
3437 4180 3697 4251 liquidius
3730 4175 3859 4232 inda-

2296 4271 2442 4343 gauli
2473 4280 2643 4343 patet.
2675 4270 2811 4327 Nam
2839 4272 3035 4328 ablatis
3067 4272 3216 4327 horis
3250 4272 3354 4327 diei
3387 4272 3452 4326 dc
3486 4272 3595 4327 560
3618 4271 3856 4342 partibus.

2299 4371 2583 4418 rctmtnent
2617 4363 2763 4418 horze
2798 4362 3056 4417 nimirum
3087 4362 3284 4428 noctis;
3311 4376 3433 4432 qnte
3457 4362 3628 4429 horta,
3654 4371 3710 4416 ut
3743 4372 3859 4429 prac-

2222 4453 2503 4540 Ddicttnu
2548 4462 2667 4522 est,
2717 4468 2934 4524 semper
2982 4453 3279 4523 ina-quales
3329 4463 3488 4520 sunt,
3522 4454 3626 4509 nisi
3678 4452 3859 4508 duobus

2297 4544 2488 4603 diebus
2518 4547 3009 4617 aequinoctialibus,
3044 4555 3283 4619 tuncque
3319 4548 3386 4603 ad
3423 4547 3747 4619 teqitalitazis
3780 4558 3859 4614 pa-

2298 4638 2554 4694 rilitatem
2583 4638 2827 4693 redeunt.
2848 4639 2924 4694 De
2943 4655 3174 4709 quarum
3200 4639 3560 4698 alternatione
3583 4638 3857 4705 mutnisque

2299 4730 2651 4786 incrementis
2690 4739 2744 4785 et
2791 4731 3135 4787 detrimentis
3184 4730 3570 4801 quamplurimi
3632 4738 3857 4785 auctores

2300 4821 2436 4875 satis
2483 4820 2686 4891 liquido
2735 4828 2991 4877 tractant.
3025 4819 3288 4889 Quocirca
3320 4820 3403 4878 his
3433 4822 3522 4876 hic
3571 4817 3856 4890 supersede-

2306 4922 2417 4967 Iur.
2456 4912 2514 4968 Si
2546 4912 2668 4983 quis
2697 4914 2801 4970 hoc
2842 4913 3137 4985 perfectius
3180 4916 3368 4971 rimari
3403 4915 3615 4978 nititur,
3641 4913 3859 4969 (Iunones

2304 5003 2583 5060 Ptolomaei
2620 5014 2860 5075 appetat,
2886 5006 2974 5061 ubi
3008 5005 3197 5061 horum
3226 5005 3467 5061 omnium
3498 5003 3857 5060 ailiucntiorem

2306 5097 2501 5168 poterit
2529 5105 2718 5168 puta-rc
2749 5096 2953 5152 fontem

2898 5204 3127 5263 CAPUT
3160 5203 3296 5261 XIV.
