  <div class='ocr_page' id='page_1' title='image "/cluster/home/n/w/nwhite01/storage/ocr_20150623/143/hvd.32044015471816/204.png"; bbox 0 0 4010 5328; ppageno 0'>
   <div class='ocr_carea' id='block_1_1' title="bbox 175 349 2332 412">
    <p class='ocr_par' dir='ltr' id='par_1_1' title="bbox 175 349 2332 412">
     <span class='ocr_line' id='line_1_1' title="bbox 175 349 2332 412; baseline 0.004 -8"><span class='ocrx_word' id='word_1_1' title='bbox 175 349 256 405; x_wconf 81' lang='grc' dir='ltr'>ιιιι</span> <span class='ocrx_word' id='word_1_2' title='bbox 1257 351 1346 409; x_wconf 83' lang='lat' dir='ltr'><strong><em>DE</em></strong></span> <span class='ocrx_word' id='word_1_3' title='bbox 1381 351 1868 410; x_wconf 64' lang='lat' dir='ltr'><strong>UTILITATIBUS</strong></span> <span class='ocrx_word' id='word_1_4' title='bbox 1901 352 2332 412; x_wconf 75' lang='lat' dir='ltr'><strong>ASTROLABII.</strong></span> 
     </span>
    </p>
   </div>
   <div class='ocr_carea' id='block_1_2' title="bbox 3292 354 3428 410">
    <p class='ocr_par' dir='ltr' id='par_1_2' title="bbox 3292 354 3428 410">
     <span class='ocr_line' id='line_1_2' title="bbox 3292 354 3428 410; baseline -0.015 0"><span class='ocrx_word' id='word_1_5' title='bbox 3292 362 3300 367; x_wconf 86' lang='lat'>&#39;</span> <span class='ocrx_word' id='word_1_6' title='bbox 3319 354 3428 410; x_wconf 73' lang='grc' dir='ltr'><strong>4οὶ</strong></span> 
     </span>
    </p>
   </div>
   <div class='ocr_carea' id='block_1_3' title="bbox 173 461 3426 536">
    <p class='ocr_par' dir='ltr' id='par_1_3' title="bbox 173 461 3426 536">
     <span class='ocr_line' id='line_1_3' title="bbox 173 461 3426 536; baseline -0 -16"><span class='ocrx_word' id='word_1_7' title='bbox 173 475 244 520; x_wconf 86' lang='lat' dir='ltr'><strong>est</strong></span> <span class='ocrx_word' id='word_1_8' title='bbox 272 477 424 533; x_wconf 84' lang='lat' dir='ltr'><strong>super</strong></span> <span class='ocrx_word' id='word_1_9' title='bbox 452 461 720 518; x_wconf 90' lang='lat' dir='ltr'><strong>decimum</strong></span> <span class='ocrx_word' id='word_1_10' title='bbox 746 471 996 518; x_wconf 85' lang='lat' dir='ltr'><strong>octavum</strong></span> <span class='ocrx_word' id='word_1_11' title='bbox 1021 461 1550 521; x_wconf 74' lang='lat' dir='ltr'><strong>Alumcantarathex</strong></span> <span class='ocrx_word' id='word_1_12' title='bbox 1578 473 1731 536; x_wconf 89' lang='lat' dir='ltr'><strong>parte</strong></span> <span class='ocrx_word' id='word_1_13' title='bbox 1761 471 1806 527; x_wconf 76' lang='grc' dir='ltr'><strong>Α</strong></span> <span class='ocrx_word' id='word_1_14' title='bbox 1837 464 1894 519; x_wconf 90' lang='lat' dir='ltr'><strong>lu</strong></span> <span class='ocrx_word' id='word_1_15' title='bbox 1929 464 2101 520; x_wconf 89' lang='lat' dir='ltr'><strong>cauda</strong></span> <span class='ocrx_word' id='word_1_16' title='bbox 2130 464 2446 534; x_wconf 75' lang='lat' dir='ltr'><strong>Capricorni</strong></span> <span class='ocrx_word' id='word_1_17' title='bbox 2476 473 2557 520; x_wconf 84' lang='lat' dir='ltr'><strong>est</strong></span> <span class='ocrx_word' id='word_1_18' title='bbox 2589 464 2838 534; x_wconf 80' lang='lat' dir='ltr'><strong>Delphin,</strong></span> <span class='ocrx_word' id='word_1_19' title='bbox 2867 476 2986 536; x_wconf 72' lang='lat' dir='ltr'><strong>quse</strong></span> <span class='ocrx_word' id='word_1_20' title='bbox 3014 472 3100 520; x_wconf 87' lang='lat' dir='ltr'><strong>est</strong></span> <span class='ocrx_word' id='word_1_21' title='bbox 3150 465 3204 520; x_wconf 92' lang='lat' dir='ltr'><strong>in</strong></span> <span class='ocrx_word' id='word_1_22' title='bbox 3251 475 3426 520; x_wconf 85' lang='lat' dir='ltr'><strong>astro-</strong></span> 
     </span>
    </p>
   </div>
   <div class='ocr_carea' id='block_1_4' title="bbox 178 555 856 627">
    <p class='ocr_par' dir='ltr' id='par_1_4' title="bbox 178 555 856 627">
     <span class='ocr_line' id='line_1_4' title="bbox 178 555 856 627; baseline -0.006 -15"><span class='ocrx_word' id='word_1_23' title='bbox 178 555 444 627; x_wconf 59' lang='lat' dir='ltr'><strong>Almagrip,</strong></span> <span class='ocrx_word' id='word_1_24' title='bbox 483 571 614 610; x_wconf 87' lang='lat' dir='ltr'><strong>ecce</strong></span> <span class='ocrx_word' id='word_1_25' title='bbox 637 571 790 608; x_wconf 76' lang='lat' dir='ltr'><strong>ant-or</strong></span> <span class='ocrx_word' id='word_1_26' title='bbox 805 572 856 608; x_wconf 90' lang='lat' dir='ltr'><strong>a.</strong></span> 
     </span>
    </p>
   </div>
   <div class='ocr_carea' id='block_1_5' title="bbox 748 644 1131 702">
    <p class='ocr_par' dir='ltr' id='par_1_5' title="bbox 748 644 1131 702">
     <span class='ocr_line' id='line_1_5' title="bbox 748 644 1131 702; baseline -0.003 -2"><span class='ocrx_word' id='word_1_27' title='bbox 748 644 974 702; x_wconf 76' lang='lat' dir='ltr'><strong>CAPUT</strong></span> <span class='ocrx_word' id='word_1_28' title='bbox 1015 645 1131 702; x_wconf 78' lang='lat' dir='ltr'><strong>XV.</strong></span> 
     </span>
    </p>
   </div>
   <div class='ocr_carea' id='block_1_6' title="bbox 172 737 1736 811">
    <p class='ocr_par' dir='ltr' id='par_1_6' title="bbox 172 737 1736 811">
     <span class='ocr_line' id='line_1_6' title="bbox 172 737 1736 811; baseline -0.003 -15"><span class='ocrx_word' id='word_1_29' title='bbox 172 741 238 796; x_wconf 74' lang='lat' dir='ltr'><strong>De</strong></span> <span class='ocrx_word' id='word_1_30' title='bbox 255 737 574 811; x_wconf 78' lang='lat' dir='ltr'><strong>percipiendo</strong></span> <span class='ocrx_word' id='word_1_31' title='bbox 597 737 822 808; x_wconf 71' lang='lat' dir='ltr'><strong>quolibet</strong></span> <span class='ocrx_word' id='word_1_32' title='bbox 845 751 1072 808; x_wconf 62' lang='lat' dir='ltr'><strong>(arripere</strong></span> <span class='ocrx_word' id='word_1_33' title='bbox 1100 738 1353 810; x_wconf 73' lang='lat' dir='ltr'><strong>cujusque</strong></span> <span class='ocrx_word' id='word_1_34' title='bbox 1375 739 1512 810; x_wconf 72' lang='lat' dir='ltr'><strong>signi</strong></span> <span class='ocrx_word' id='word_1_35' title='bbox 1535 747 1654 792; x_wconf 84' lang='lat' dir='ltr'><strong>ortu</strong></span> <span class='ocrx_word' id='word_1_36' title='bbox 1687 746 1736 793; x_wconf 87' lang='lat' dir='ltr'><strong>et</strong></span> 
     </span>
    </p>
   </div>
   <div class='ocr_carea' id='block_1_7' title="bbox 823 827 1031 864">
    <p class='ocr_par' dir='ltr' id='par_1_7' title="bbox 823 827 1031 864">
     <span class='ocr_line' id='line_1_7' title="bbox 823 827 1031 864; baseline -0.005 0"><span class='ocrx_word' id='word_1_37' title='bbox 823 827 881 864; x_wconf 69' lang='lat' dir='ltr'><strong>Of</strong></span> <span class='ocrx_word' id='word_1_38' title='bbox 885 827 972 863; x_wconf 82' lang='lat' dir='ltr'><strong>cas</strong></span> <span class='ocrx_word' id='word_1_39' title='bbox 978 827 1009 862; x_wconf 82' lang='grc' dir='ltr'><strong>ιι</strong></span> <span class='ocrx_word' id='word_1_40' title='bbox 1018 849 1031 863; x_wconf 83' lang='lat'><strong>.</strong></span> 
     </span>
    </p>
   </div>
   <div class='ocr_carea' id='block_1_8' title="bbox 233 903 1734 976">
    <p class='ocr_par' dir='ltr' id='par_1_8' title="bbox 233 903 1734 976">
     <span class='ocr_line' id='line_1_8' title="bbox 233 903 1734 976; baseline -0.001 -18"><span class='ocrx_word' id='word_1_41' title='bbox 233 903 468 972; x_wconf 80' lang='lat' dir='ltr'><strong>Qualibet</strong></span> <span class='ocrx_word' id='word_1_42' title='bbox 495 905 629 960; x_wconf 89' lang='lat' dir='ltr'><strong>hora</strong></span> <span class='ocrx_word' id='word_1_43' title='bbox 671 905 777 959; x_wconf 88' lang='lat' dir='ltr'><strong>diei</strong></span> <span class='ocrx_word' id='word_1_44' title='bbox 810 905 854 960; x_wconf 90' lang='lat' dir='ltr'><strong>si</strong></span> <span class='ocrx_word' id='word_1_45' title='bbox 892 905 1126 959; x_wconf 86' lang='lat' dir='ltr'><strong>volueris</strong></span> <span class='ocrx_word' id='word_1_46' title='bbox 1156 920 1296 961; x_wconf 75' lang='lat' dir='ltr'><strong>seire</strong></span> <span class='ocrx_word' id='word_1_47' title='bbox 1329 905 1474 976; x_wconf 92' lang='lat' dir='ltr'><strong>quod</strong></span> <span class='ocrx_word' id='word_1_48' title='bbox 1501 903 1734 976; x_wconf 86' lang='lat' dir='ltr'><strong>signum,</strong></span> 
     </span>
    </p>
   </div>
   <div class='ocr_carea' id='block_1_9' title="bbox 173 995 1739 1066">
    <p class='ocr_par' dir='ltr' id='par_1_9' title="bbox 173 995 1739 1066">
     <span class='ocr_line' id='line_1_9' title="bbox 173 995 1739 1066; baseline -0.001 -16"><span class='ocrx_word' id='word_1_49' title='bbox 173 996 245 1051; x_wconf 78' lang='lat' dir='ltr'><strong>vel</strong></span> <span class='ocrx_word' id='word_1_50' title='bbox 269 1005 425 1065; x_wconf 86' lang='lat' dir='ltr'><strong>quota</strong></span> <span class='ocrx_word' id='word_1_51' title='bbox 449 1011 600 1066; x_wconf 81' lang='lat' dir='ltr'><strong>pars,</strong></span> <span class='ocrx_word' id='word_1_52' title='bbox 633 996 716 1052; x_wconf 88' lang='lat' dir='ltr'><strong>vel</strong></span> <span class='ocrx_word' id='word_1_53' title='bbox 744 996 898 1052; x_wconf 93' lang='lat' dir='ltr'><strong>stella</strong></span> <span class='ocrx_word' id='word_1_54' title='bbox 922 1000 1137 1052; x_wconf 90' lang='lat' dir='ltr'><strong>oriatur</strong></span> <span class='ocrx_word' id='word_1_55' title='bbox 1167 997 1248 1052; x_wconf 90' lang='lat' dir='ltr'><strong>vel</strong></span> <span class='ocrx_word' id='word_1_56' title='bbox 1280 996 1515 1060; x_wconf 88' lang='lat' dir='ltr'><strong>occidat,</strong></span> <span class='ocrx_word' id='word_1_57' title='bbox 1546 995 1739 1064; x_wconf 79' lang='lat' dir='ltr'><strong>accipe</strong></span> 
     </span>
    </p>
   </div>
   <div class='ocr_carea' id='block_1_10' title="bbox 171 1084 1739 1157">
    <p class='ocr_par' dir='ltr' id='par_1_10' title="bbox 171 1084 1739 1157">
     <span class='ocr_line' id='line_1_10' title="bbox 171 1084 1739 1157; baseline -0.002 -16"><span class='ocrx_word' id='word_1_58' title='bbox 171 1086 485 1141; x_wconf 76' lang='lat' dir='ltr'><strong>altitudinem</strong></span> <span class='ocrx_word' id='word_1_59' title='bbox 512 1086 670 1151; x_wconf 79' lang='lat' dir='ltr'><strong>solis,</strong></span> <span class='ocrx_word' id='word_1_60' title='bbox 724 1102 888 1155; x_wconf 80' lang='lat' dir='ltr'><strong>super</strong></span> <span class='ocrx_word' id='word_1_61' title='bbox 937 1102 1098 1157; x_wconf 81' lang='lat' dir='ltr'><strong>quam</strong></span> <span class='ocrx_word' id='word_1_62' title='bbox 1154 1087 1462 1140; x_wconf 77' lang='lat' dir='ltr'><strong>transmitte</strong></span> <span class='ocrx_word' id='word_1_63' title='bbox 1513 1084 1739 1154; x_wconf 85' lang='lat' dir='ltr'><strong>gradum</strong></span> 
     </span>
    </p>
   </div>
   <div class='ocr_carea' id='block_1_11' title="bbox 171 1175 1740 1247">
    <p class='ocr_par' dir='ltr' id='par_1_11' title="bbox 171 1175 1740 1247">
     <span class='ocr_line' id='line_1_11' title="bbox 171 1175 1740 1247; baseline -0.002 -15"><span class='ocrx_word' id='word_1_64' title='bbox 171 1177 308 1242; x_wconf 86' lang='lat' dir='ltr'><strong>solis,</strong></span> <span class='ocrx_word' id='word_1_65' title='bbox 331 1176 380 1229; x_wconf 91' lang='lat' dir='ltr'><strong>in</strong></span> <span class='ocrx_word' id='word_1_66' title='bbox 400 1176 644 1246; x_wconf 80' lang='lat' dir='ltr'><strong>qualibet</strong></span> <span class='ocrx_word' id='word_1_67' title='bbox 669 1177 821 1247; x_wconf 84' lang='lat' dir='ltr'><strong>plaga</strong></span> <span class='ocrx_word' id='word_1_68' title='bbox 845 1178 937 1232; x_wconf 86' lang='lat' dir='ltr'><strong>sit.</strong></span> <span class='ocrx_word' id='word_1_69' title='bbox 965 1178 1082 1244; x_wconf 81' lang='lat' dir='ltr'><strong>Quo</strong></span> <span class='ocrx_word' id='word_1_70' title='bbox 1099 1176 1264 1242; x_wconf 76' lang='lat' dir='ltr'><strong>Iacto,</strong></span> <span class='ocrx_word' id='word_1_71' title='bbox 1289 1176 1569 1230; x_wconf 83' lang='lat' dir='ltr'><strong>considera</strong></span> <span class='ocrx_word' id='word_1_72' title='bbox 1597 1175 1740 1243; x_wconf 89' lang='lat' dir='ltr'><strong>quod</strong></span> 
     </span>
    </p>
   </div>
   <div class='ocr_carea' id='block_1_12' title="bbox 171 1265 1741 1337">
    <p class='ocr_par' dir='ltr' id='par_1_12' title="bbox 171 1265 1741 1337">
     <span class='ocr_line' id='line_1_12' title="bbox 171 1265 1741 1337; baseline -0.003 -14"><span class='ocrx_word' id='word_1_73' title='bbox 171 1265 360 1336; x_wconf 78' lang='lat' dir='ltr'><strong>signum</strong></span> <span class='ocrx_word' id='word_1_74' title='bbox 384 1265 740 1336; x_wconf 81' lang='lat' dir='ltr'><strong>ejusdemque</strong></span> <span class='ocrx_word' id='word_1_75' title='bbox 768 1266 905 1337; x_wconf 85' lang='lat' dir='ltr'><strong>signi</strong></span> <span class='ocrx_word' id='word_1_76' title='bbox 929 1277 1094 1336; x_wconf 74' lang='lat' dir='ltr'><strong>quota</strong></span> <span class='ocrx_word' id='word_1_77' title='bbox 1127 1281 1252 1334; x_wconf 87' lang='lat' dir='ltr'><strong>pars</strong></span> <span class='ocrx_word' id='word_1_78' title='bbox 1279 1266 1361 1318; x_wconf 91' lang='lat' dir='ltr'><strong>vel</strong></span> <span class='ocrx_word' id='word_1_79' title='bbox 1389 1265 1539 1319; x_wconf 81' lang='lat' dir='ltr'><strong>stella</strong></span> <span class='ocrx_word' id='word_1_80' title='bbox 1563 1265 1741 1334; x_wconf 90' lang='lat' dir='ltr'><strong>primo</strong></span> 
     </span>
    </p>
   </div>
   <div class='ocr_carea' id='block_1_13' title="bbox 172 1357 1742 1428">
    <p class='ocr_par' dir='ltr' id='par_1_13' title="bbox 172 1357 1742 1428">
     <span class='ocr_line' id='line_1_13' title="bbox 172 1357 1742 1428; baseline -0.002 -15"><span class='ocrx_word' id='word_1_81' title='bbox 172 1358 603 1413; x_wconf 73' lang='lat' dir='ltr'><strong>Almucantarath</strong></span> <span class='ocrx_word' id='word_1_82' title='bbox 634 1358 993 1428; x_wconf 71' lang='lat' dir='ltr'><strong>supersitlcat,</strong></span> <span class='ocrx_word' id='word_1_83' title='bbox 1020 1358 1146 1411; x_wconf 88' lang='lat' dir='ltr'><strong>illud</strong></span> <span class='ocrx_word' id='word_1_84' title='bbox 1176 1358 1429 1411; x_wconf 85' lang='lat' dir='ltr'><strong>nimirum</strong></span> <span class='ocrx_word' id='word_1_85' title='bbox 1455 1357 1659 1420; x_wconf 88' lang='lat' dir='ltr'><strong>oritur;</strong></span> <span class='ocrx_word' id='word_1_86' title='bbox 1687 1364 1742 1410; x_wconf 90' lang='lat' dir='ltr'><strong>et</strong></span> 
     </span>
    </p>
   </div>
   <div class='ocr_carea' id='block_1_14' title="bbox 171 1449 1740 1520">
    <p class='ocr_par' dir='ltr' id='par_1_14' title="bbox 171 1449 1740 1520">
     <span class='ocr_line' id='line_1_14' title="bbox 171 1449 1740 1520; baseline 0 -19"><span class='ocrx_word' id='word_1_87' title='bbox 171 1449 296 1520; x_wconf 90' lang='lat' dir='ltr'><strong>quod</strong></span> <span class='ocrx_word' id='word_1_88' title='bbox 341 1450 530 1504; x_wconf 88' lang='lat' dir='ltr'><strong>ultimo</strong></span> <span class='ocrx_word' id='word_1_89' title='bbox 575 1451 1048 1516; x_wconf 83' lang='lat' dir='ltr'><strong>Almucantaratb,</strong></span> <span class='ocrx_word' id='word_1_90' title='bbox 1100 1450 1228 1504; x_wconf 90' lang='lat' dir='ltr'><strong>illud</strong></span> <span class='ocrx_word' id='word_1_91' title='bbox 1271 1450 1470 1520; x_wconf 84' lang='lat' dir='ltr'><strong>quippe</strong></span> <span class='ocrx_word' id='word_1_92' title='bbox 1516 1449 1740 1514; x_wconf 89' lang='lat' dir='ltr'><strong>occidit,</strong></span> 
     </span>
    </p>
   </div>
   <div class='ocr_carea' id='block_1_15' title="bbox 170 1542 1741 1614">
    <p class='ocr_par' dir='ltr' id='par_1_15' title="bbox 170 1542 1741 1614">
     <span class='ocr_line' id='line_1_15' title="bbox 170 1542 1741 1614; baseline -0.001 -17"><span class='ocrx_word' id='word_1_93' title='bbox 170 1542 295 1614; x_wconf 82' lang='lat' dir='ltr'><strong>quod</strong></span> <span class='ocrx_word' id='word_1_94' title='bbox 321 1553 403 1600; x_wconf 89' lang='lat' dir='ltr'><strong>est</strong></span> <span class='ocrx_word' id='word_1_95' title='bbox 427 1544 458 1598; x_wconf 86' lang='lat'><strong>7</strong></span> <span class='ocrx_word' id='word_1_96' title='bbox 486 1543 558 1600; x_wconf 83' lang='lat' dir='ltr'><strong>ab</strong></span> <span class='ocrx_word' id='word_1_97' title='bbox 585 1544 828 1600; x_wconf 86' lang='lat' dir='ltr'><strong>Oriente.</strong></span> <span class='ocrx_word' id='word_1_98' title='bbox 863 1545 930 1600; x_wconf 85' lang='lat' dir='ltr'><strong>Et</strong></span> <span class='ocrx_word' id='word_1_99' title='bbox 979 1548 1123 1614; x_wconf 74' lang='lat' dir='ltr'><strong>quod</strong></span> <span class='ocrx_word' id='word_1_100' title='bbox 1155 1545 1350 1598; x_wconf 88' lang='lat' dir='ltr'><strong>lineam</strong></span> <span class='ocrx_word' id='word_1_101' title='bbox 1384 1545 1741 1599; x_wconf 86' lang='lat' dir='ltr'><strong>meridianam</strong></span> 
     </span>
    </p>
   </div>
   <div class='ocr_carea' id='block_1_16' title="bbox 171 1636 1741 1706">
    <p class='ocr_par' dir='ltr' id='par_1_16' title="bbox 171 1636 1741 1706">
     <span class='ocr_line' id='line_1_16' title="bbox 171 1636 1741 1706; baseline -0.001 -16"><span class='ocrx_word' id='word_1_102' title='bbox 171 1636 415 1706; x_wconf 77' lang='lat' dir='ltr'><strong>designat,</strong></span> <span class='ocrx_word' id='word_1_103' title='bbox 448 1636 628 1706; x_wconf 90' lang='lat' dir='ltr'><strong>ipsum</strong></span> <span class='ocrx_word' id='word_1_104' title='bbox 677 1637 910 1692; x_wconf 90' lang='lat' dir='ltr'><strong>medium</strong></span> <span class='ocrx_word' id='word_1_105' title='bbox 962 1637 1157 1692; x_wconf 64' lang='lat' dir='ltr'><strong>caelum</strong></span> <span class='ocrx_word' id='word_1_106' title='bbox 1195 1652 1356 1706; x_wconf 91' lang='lat' dir='ltr'><strong>super</strong></span> <span class='ocrx_word' id='word_1_107' title='bbox 1398 1646 1630 1699; x_wconf 89' lang='lat' dir='ltr'><strong>terram;</strong></span> <span class='ocrx_word' id='word_1_108' title='bbox 1685 1642 1741 1689; x_wconf 89' lang='lat' dir='ltr'><strong>et</strong></span> 
     </span>
    </p>
   </div>
   <div class='ocr_carea' id='block_1_17' title="bbox 172 1727 1742 1799">
    <p class='ocr_par' dir='ltr' id='par_1_17' title="bbox 172 1727 1742 1799">
     <span class='ocr_line' id='line_1_17' title="bbox 172 1727 1742 1799; baseline -0.003 -16"><span class='ocrx_word' id='word_1_109' title='bbox 172 1729 295 1798; x_wconf 86' lang='lat' dir='ltr'><strong>quod</strong></span> <span class='ocrx_word' id='word_1_110' title='bbox 331 1729 836 1799; x_wconf 79' lang='lat' dir='ltr'><strong>septentrionalem,</strong></span> <span class='ocrx_word' id='word_1_111' title='bbox 865 1729 1098 1783; x_wconf 90' lang='lat' dir='ltr'><strong>medium</strong></span> <span class='ocrx_word' id='word_1_112' title='bbox 1135 1727 1331 1784; x_wconf 76' lang='lat' dir='ltr'><strong>cwlum</strong></span> <span class='ocrx_word' id='word_1_113' title='bbox 1365 1727 1498 1781; x_wconf 80' lang='lat' dir='ltr'><strong>infra</strong></span> <span class='ocrx_word' id='word_1_114' title='bbox 1543 1736 1742 1780; x_wconf 82' lang='lat' dir='ltr'><strong>terram</strong></span> 
     </span>
    </p>
   </div>
   <div class='ocr_carea' id='block_1_18' title="bbox 1839 556 3427 630">
    <p class='ocr_par' dir='ltr' id='par_1_18' title="bbox 1839 556 3427 630">
     <span class='ocr_line' id='line_1_18' title="bbox 1839 556 3427 630; baseline 0.003 -18"><span class='ocrx_word' id='word_1_115' title='bbox 1839 556 1989 628; x_wconf 86' lang='lat' dir='ltr'><strong>lapsu</strong></span> <span class='ocrx_word' id='word_1_116' title='bbox 2021 559 2145 613; x_wconf 89' lang='lat' dir='ltr'><strong>talis</strong></span> <span class='ocrx_word' id='word_1_117' title='bbox 2195 557 2228 630; x_wconf 66' lang='grc' dir='ltr'><strong>ξ</strong></span> <span class='ocrx_word' id='word_1_118' title='bbox 2257 557 2290 629; x_wconf 63' lang='grc' dir='ltr'><strong>ἶ</strong></span> <span class='ocrx_word' id='word_1_119' title='bbox 2320 581 2350 613; x_wconf 72' lang='grc' dir='ltr'><strong>ιι</strong></span> <span class='ocrx_word' id='word_1_120' title='bbox 2371 599 2385 621; x_wconf 90' lang='grc'><em>,</em></span> <span class='ocrx_word' id='word_1_121' title='bbox 2416 571 2500 613; x_wconf 87' lang='lat' dir='ltr'><strong>est</strong></span> <span class='ocrx_word' id='word_1_122' title='bbox 2527 558 2886 612; x_wconf 76' lang='lat' dir='ltr'><strong>Dcnehcnitoz</strong></span> <span class='ocrx_word' id='word_1_123' title='bbox 2929 567 2984 614; x_wconf 92' lang='lat' dir='ltr'><strong>et</strong></span> <span class='ocrx_word' id='word_1_124' title='bbox 3019 558 3222 625; x_wconf 81' lang='lat' dir='ltr'><strong>Paula,</strong></span> <span class='ocrx_word' id='word_1_125' title='bbox 3262 560 3316 614; x_wconf 89' lang='lat' dir='ltr'><strong>id</strong></span> <span class='ocrx_word' id='word_1_126' title='bbox 3340 567 3427 616; x_wconf 81' lang='lat' dir='ltr'><strong>est</strong></span> 
     </span>
    </p>
   </div>
   <div class='ocr_carea' id='block_1_19' title="bbox 1837 651 3426 720">
    <p class='ocr_par' dir='ltr' id='par_1_19' title="bbox 1837 651 3426 720">
     <span class='ocr_line' id='line_1_19' title="bbox 1837 651 3426 720; baseline 0.003 -16"><span class='ocrx_word' id='word_1_127' title='bbox 1837 651 2008 704; x_wconf 88' lang='lat' dir='ltr'><strong>cauda</strong></span> <span class='ocrx_word' id='word_1_128' title='bbox 2054 661 2110 706; x_wconf 87' lang='lat' dir='ltr'><strong>et</strong></span> <span class='ocrx_word' id='word_1_129' title='bbox 2151 660 2338 705; x_wconf 88' lang='lat' dir='ltr'><strong>venter</strong></span> <span class='ocrx_word' id='word_1_130' title='bbox 2382 651 2662 719; x_wconf 88' lang='lat' dir='ltr'><strong>cujusdam</strong></span> <span class='ocrx_word' id='word_1_131' title='bbox 2698 651 2970 716; x_wconf 83' lang='lat' dir='ltr'><strong>animalis,</strong></span> <span class='ocrx_word' id='word_1_132' title='bbox 2999 667 3120 720; x_wconf 77' lang='lat' dir='ltr'><strong>qua:</strong></span> <span class='ocrx_word' id='word_1_133' title='bbox 3147 661 3241 706; x_wconf 89' lang='lat' dir='ltr'><strong>aut.</strong></span> <span class='ocrx_word' id='word_1_134' title='bbox 3297 667 3426 709; x_wconf 85' lang='lat' dir='ltr'><strong>raro</strong></span> 
     </span>
    </p>
   </div>
   <div class='ocr_carea' id='block_1_20' title="bbox 1839 743 3431 813">
    <p class='ocr_par' dir='ltr' id='par_1_20' title="bbox 1839 743 3431 813">
     <span class='ocr_line' id='line_1_20' title="bbox 1839 743 3431 813; baseline 0.002 -15"><span class='ocrx_word' id='word_1_135' title='bbox 1839 751 1934 798; x_wconf 79' lang='lat' dir='ltr'><strong>aut</strong></span> <span class='ocrx_word' id='word_1_136' title='bbox 1975 760 2250 813; x_wconf 83' lang='lat' dir='ltr'><strong>nunquam</strong></span> <span class='ocrx_word' id='word_1_137' title='bbox 2301 744 2354 797; x_wconf 91' lang='lat' dir='ltr'><strong>in</strong></span> <span class='ocrx_word' id='word_1_138' title='bbox 2403 744 2604 798; x_wconf 82' lang='lat' dir='ltr'><strong>nostris</strong></span> <span class='ocrx_word' id='word_1_139' title='bbox 2649 743 2962 798; x_wconf 86' lang='lat' dir='ltr'><strong>climatibus</strong></span> <span class='ocrx_word' id='word_1_140' title='bbox 3005 753 3324 811; x_wconf 84' lang='lat' dir='ltr'><strong>cernuntur,</strong></span> <span class='ocrx_word' id='word_1_141' title='bbox 3371 753 3431 801; x_wconf 76' lang='lat' dir='ltr'><strong>et</strong></span> 
     </span>
    </p>
   </div>
   <div class='ocr_carea' id='block_1_21' title="bbox 1839 838 3431 932">
    <p class='ocr_par' dir='ltr' id='par_1_21' title="bbox 1839 838 3431 932">
     <span class='ocr_line' id='line_1_21' title="bbox 1839 838 3431 932; baseline 0.001 -22"><span class='ocrx_word' id='word_1_142' title='bbox 1839 863 1966 910; x_wconf 88' lang='lat' dir='ltr'><strong>sunt</strong></span> <span class='ocrx_word' id='word_1_143' title='bbox 2008 855 2081 910; x_wconf 91' lang='lat' dir='ltr'><strong>ita</strong></span> <span class='ocrx_word' id='word_1_144' title='bbox 2125 838 2195 932; x_wconf 59' lang='grc' dir='ltr'><strong>ξ*</strong></span> <span class='ocrx_word' id='word_1_145' title='bbox 2227 895 2242 918; x_wconf 87' lang='grc'><strong><em>,</em></strong></span> <span class='ocrx_word' id='word_1_146' title='bbox 2290 862 2374 910; x_wconf 88' lang='lat' dir='ltr'><strong>est</strong></span> <span class='ocrx_word' id='word_1_147' title='bbox 2413 853 2557 925; x_wconf 78' lang='lat' dir='ltr'><strong>Vich</strong></span> <span class='ocrx_word' id='word_1_148' title='bbox 2589 862 2644 909; x_wconf 89' lang='lat' dir='ltr'><strong>et</strong></span> <span class='ocrx_word' id='word_1_149' title='bbox 2696 852 2930 906; x_wconf 75' lang='lat' dir='ltr'><strong>llhubor.</strong></span> <span class='ocrx_word' id='word_1_150' title='bbox 2961 851 3102 919; x_wconf 82' lang='lat' dir='ltr'><strong>Quid</strong></span> <span class='ocrx_word' id='word_1_151' title='bbox 3131 863 3314 910; x_wconf 84' lang='lat' dir='ltr'><strong>autem</strong></span> <span class='ocrx_word' id='word_1_152' title='bbox 3347 855 3431 910; x_wconf 82' lang='lat' dir='ltr'><strong>di&#39;</strong></span> 
     </span>
    </p>
   </div>
   <div class='ocr_carea' id='block_1_22' title="bbox 1839 977 3429 1043">
    <p class='ocr_par' dir='ltr' id='par_1_22' title="bbox 1839 977 3429 1043">
     <span class='ocr_line' id='line_1_22' title="bbox 1839 977 3429 1043; baseline -0.001 -8"><span class='ocrx_word' id='word_1_153' title='bbox 1839 995 1958 1036; x_wconf 84' lang='lat' dir='ltr'><strong>cam</strong></span> <span class='ocrx_word' id='word_1_154' title='bbox 1988 979 2183 1043; x_wconf 89' lang='lat' dir='ltr'><strong>dehis,</strong></span> <span class='ocrx_word' id='word_1_155' title='bbox 2215 978 2340 1034; x_wconf 88' lang='lat' dir='ltr'><strong>dtnn</strong></span> <span class='ocrx_word' id='word_1_156' title='bbox 2371 994 2399 1032; x_wconf 88' lang='lat' dir='ltr'><strong>a</strong></span> <span class='ocrx_word' id='word_1_157' title='bbox 2457 978 2610 1032; x_wconf 85' lang='lat' dir='ltr'><strong>nobis</strong></span> <span class='ocrx_word' id='word_1_158' title='bbox 2638 978 2859 1031; x_wconf 90' lang='lat' dir='ltr'><strong>minime</strong></span> <span class='ocrx_word' id='word_1_159' title='bbox 2891 977 3180 1033; x_wconf 84' lang='lat' dir='ltr'><strong>videntur?</strong></span> <span class='ocrx_word' id='word_1_160' title='bbox 3211 977 3306 1033; x_wconf 86' lang='lat' dir='ltr'><strong>Est</strong></span> <span class='ocrx_word' id='word_1_161' title='bbox 3334 977 3429 1033; x_wconf 78' lang='lat' dir='ltr'><strong>Al-</strong></span> 
     </span>
    </p>
   </div>
   <div class='ocr_carea' id='block_1_23' title="bbox 1839 1069 3430 1143">
    <p class='ocr_par' dir='ltr' id='par_1_23' title="bbox 1839 1069 3430 1143">
     <span class='ocr_line' id='line_1_23' title="bbox 1839 1069 3430 1143; baseline -0.001 -17"><span class='ocrx_word' id='word_1_162' title='bbox 1839 1071 2074 1143; x_wconf 77' lang='lat' dir='ltr'><strong>gomeiza</strong></span> <span class='ocrx_word' id='word_1_163' title='bbox 2103 1071 2400 1134; x_wconf 80' lang='lat' dir='ltr'><strong>Aldirnum,</strong></span> <span class='ocrx_word' id='word_1_164' title='bbox 2432 1069 2499 1125; x_wconf 89' lang='lat' dir='ltr'><strong>de</strong></span> <span class='ocrx_word' id='word_1_165' title='bbox 2536 1069 2733 1138; x_wconf 81' lang='lat' dir='ltr'><strong>quibus</strong></span> <span class='ocrx_word' id='word_1_166' title='bbox 2770 1070 2919 1123; x_wconf 86' lang='lat' dir='ltr'><strong>varie</strong></span> <span class='ocrx_word' id='word_1_167' title='bbox 2967 1077 3274 1135; x_wconf 85' lang='lat' dir='ltr'><strong>autumant,</strong></span> <span class='ocrx_word' id='word_1_168' title='bbox 3308 1069 3430 1124; x_wconf 87' lang='lat' dir='ltr'><strong>ideo</strong></span> 
     </span>
    </p>
   </div>
   <div class='ocr_carea' id='block_1_24' title="bbox 1841 1163 2666 1234">
    <p class='ocr_par' dir='ltr' id='par_1_24' title="bbox 1841 1163 2666 1234">
     <span class='ocr_line' id='line_1_24' title="bbox 1841 1163 2666 1234; baseline 0.001 -19"><span class='ocrx_word' id='word_1_169' title='bbox 1841 1164 1994 1234; x_wconf 71' lang='lat' dir='ltr'><strong>quasi</strong></span> <span class='ocrx_word' id='word_1_170' title='bbox 2027 1163 2246 1218; x_wconf 81' lang='lat' dir='ltr'><strong>dubium</strong></span> <span class='ocrx_word' id='word_1_171' title='bbox 2287 1163 2666 1231; x_wconf 66' lang='lat' dir='ltr'><strong>praetermitto.</strong></span> 
     </span>
    </p>
   </div>
   <div class='ocr_carea' id='block_1_25' title="bbox 1915 1249 3430 1323">
    <p class='ocr_par' dir='ltr' id='par_1_25' title="bbox 1915 1249 3430 1323">
     <span class='ocr_line' id='line_1_25' title="bbox 1915 1249 3430 1323; baseline -0.005 -15"><span class='ocrx_word' id='word_1_172' title='bbox 1915 1253 2053 1308; x_wconf 87' lang='lat' dir='ltr'><strong>Sunt</strong></span> <span class='ocrx_word' id='word_1_173' title='bbox 2083 1263 2278 1323; x_wconf 74' lang='lat' dir='ltr'><strong>przcter</strong></span> <span class='ocrx_word' id='word_1_174' title='bbox 2302 1255 2398 1308; x_wconf 90' lang='lat' dir='ltr'><strong>bas</strong></span> <span class='ocrx_word' id='word_1_175' title='bbox 2425 1255 2541 1307; x_wconf 76' lang='lat' dir='ltr'><strong>dua:</strong></span> <span class='ocrx_word' id='word_1_176' title='bbox 2571 1252 3025 1322; x_wconf 80' lang='lat' dir='ltr'><strong>Guuamulgnmb,</strong></span> <span class='ocrx_word' id='word_1_177' title='bbox 3067 1253 3314 1313; x_wconf 74' lang='lat' dir='ltr'><strong>Albuzal,</strong></span> <span class='ocrx_word' id='word_1_178' title='bbox 3349 1249 3430 1305; x_wconf 77' lang='lat' dir='ltr'><strong>vel</strong></span> 
     </span>
    </p>
   </div>
   <div class='ocr_carea' id='block_1_26' title="bbox 1844 1345 3433 1417">
    <p class='ocr_par' dir='ltr' id='par_1_26' title="bbox 1844 1345 3433 1417">
     <span class='ocr_line' id='line_1_26' title="bbox 1844 1345 3433 1417; baseline -0.002 -16"><span class='ocrx_word' id='word_1_179' title='bbox 1844 1347 2178 1402; x_wconf 72' lang='lat' dir='ltr'><strong>Alliintechin</strong></span> <span class='ocrx_word' id='word_1_180' title='bbox 2203 1347 2702 1417; x_wconf 82' lang='lat' dir='ltr'><strong>Centauro,quibus</strong></span> <span class='ocrx_word' id='word_1_181' title='bbox 2723 1345 2958 1402; x_wconf 73' lang='lat' dir='ltr'><strong>Chaldtei</strong></span> <span class='ocrx_word' id='word_1_182' title='bbox 2985 1347 3120 1402; x_wconf 89' lang='lat' dir='ltr'><strong>satis</strong></span> <span class='ocrx_word' id='word_1_183' title='bbox 3137 1347 3202 1401; x_wconf 91' lang='lat' dir='ltr'><strong>ad</strong></span> <span class='ocrx_word' id='word_1_184' title='bbox 3225 1347 3433 1401; x_wconf 87' lang='lat' dir='ltr'><strong>discer-</strong></span> 
     </span>
    </p>
   </div>
   <div class='ocr_carea' id='block_1_27' title="bbox 1845 1433 3432 1501">
    <p class='ocr_par' dir='ltr' id='par_1_27' title="bbox 1845 1433 3432 1501">
     <span class='ocr_line' id='line_1_27' title="bbox 1845 1433 3432 1501; baseline -0.002 -10"><span class='ocrx_word' id='word_1_185' title='bbox 1845 1440 2052 1492; x_wconf 84' lang='lat' dir='ltr'><strong>ucudas</strong></span> <span class='ocrx_word' id='word_1_186' title='bbox 2074 1437 2234 1492; x_wconf 82' lang='lat' dir='ltr'><strong>horas</strong></span> <span class='ocrx_word' id='word_1_187' title='bbox 2264 1448 2506 1501; x_wconf 87' lang='lat' dir='ltr'><strong>utuntur,</strong></span> <span class='ocrx_word' id='word_1_188' title='bbox 2540 1453 2570 1490; x_wconf 94' lang='lat' dir='ltr'><strong>a</strong></span> <span class='ocrx_word' id='word_1_189' title='bbox 2625 1436 2781 1490; x_wconf 87' lang='lat' dir='ltr'><strong>nobis</strong></span> <span class='ocrx_word' id='word_1_190' title='bbox 2805 1445 2984 1492; x_wconf 90' lang='lat' dir='ltr'><strong>autem</strong></span> <span class='ocrx_word' id='word_1_191' title='bbox 3016 1436 3297 1491; x_wconf 82' lang='lat' dir='ltr'><strong>rarissime</strong></span> <span class='ocrx_word' id='word_1_192' title='bbox 3349 1433 3432 1488; x_wconf 80' lang='lat' dir='ltr'><strong>vi-</strong></span> 
     </span>
    </p>
   </div>
   <div class='ocr_carea' id='block_1_28' title="bbox 1845 1524 3433 1592">
    <p class='ocr_par' dir='ltr' id='par_1_28' title="bbox 1845 1524 3433 1592">
     <span class='ocr_line' id='line_1_28' title="bbox 1845 1524 3433 1592; baseline -0.006 -9"><span class='ocrx_word' id='word_1_193' title='bbox 1845 1528 2064 1590; x_wconf 83' lang='lat' dir='ltr'><strong>dentur,</strong></span> <span class='ocrx_word' id='word_1_194' title='bbox 2090 1535 2145 1580; x_wconf 87' lang='lat' dir='ltr'><strong>et</strong></span> <span class='ocrx_word' id='word_1_195' title='bbox 2176 1526 2303 1581; x_wconf 87' lang='lat' dir='ltr'><strong>dtttn</strong></span> <span class='ocrx_word' id='word_1_196' title='bbox 2335 1526 2584 1579; x_wconf 82' lang='lat' dir='ltr'><strong>videntur</strong></span> <span class='ocrx_word' id='word_1_197' title='bbox 2619 1525 2824 1578; x_wconf 84' lang='lat' dir='ltr'><strong>duabus</strong></span> <span class='ocrx_word' id='word_1_198' title='bbox 2851 1535 2943 1580; x_wconf 86' lang='lat' dir='ltr'><strong>aut</strong></span> <span class='ocrx_word' id='word_1_199' title='bbox 2969 1525 3140 1581; x_wconf 86' lang='lat' dir='ltr'><strong>tribus</strong></span> <span class='ocrx_word' id='word_1_200' title='bbox 3164 1524 3312 1578; x_wconf 82' lang='lat' dir='ltr'><strong>horis</strong></span> <span class='ocrx_word' id='word_1_201' title='bbox 3340 1539 3433 1592; x_wconf 84' lang='lat' dir='ltr'><strong>ap-</strong></span> 
     </span>
    </p>
   </div>
   <div class='ocr_carea' id='block_1_29' title="bbox 1847 1614 3436 1688">
    <p class='ocr_par' dir='ltr' id='par_1_29' title="bbox 1847 1614 3436 1688">
     <span class='ocr_line' id='line_1_29' title="bbox 1847 1614 3436 1688; baseline -0.004 -16"><span class='ocrx_word' id='word_1_202' title='bbox 1847 1628 2056 1688; x_wconf 88' lang='lat' dir='ltr'><strong>parenl.</strong></span> <span class='ocrx_word' id='word_1_203' title='bbox 2081 1617 2212 1671; x_wconf 69' lang='lat' dir='ltr'><strong>Alize</strong></span> <span class='ocrx_word' id='word_1_204' title='bbox 2238 1615 2924 1686; x_wconf 65' lang='lat' dir='ltr'><strong>quamplurimwhabentur</strong></span> <span class='ocrx_word' id='word_1_205' title='bbox 2951 1617 3018 1668; x_wconf 78' lang='lat' dir='ltr'><strong>ad</strong></span> <span class='ocrx_word' id='word_1_206' title='bbox 3047 1614 3436 1671; x_wconf 74' lang='lat' dir='ltr'><strong>discernendae</strong></span> 
     </span>
    </p>
   </div>
   <div class='ocr_carea' id='block_1_30' title="bbox 1851 1701 3433 1777">
    <p class='ocr_par' dir='ltr' id='par_1_30' title="bbox 1851 1701 3433 1777">
     <span class='ocr_line' id='line_1_30' title="bbox 1851 1701 3433 1777; baseline -0.004 -14"><span class='ocrx_word' id='word_1_207' title='bbox 1851 1710 2033 1769; x_wconf 90' lang='lat' dir='ltr'><strong>horas,</strong></span> <span class='ocrx_word' id='word_1_208' title='bbox 2063 1723 2198 1777; x_wconf 89' lang='lat' dir='ltr'><strong>quas</strong></span> <span class='ocrx_word' id='word_1_209' title='bbox 2224 1708 2381 1761; x_wconf 91' lang='lat' dir='ltr'><strong>modo</strong></span> <span class='ocrx_word' id='word_1_210' title='bbox 2411 1707 2605 1772; x_wconf 83' lang='lat' dir='ltr'><strong>silebo,</strong></span> <span class='ocrx_word' id='word_1_211' title='bbox 2629 1722 2694 1760; x_wconf 90' lang='lat' dir='ltr'><strong>eo</strong></span> <span class='ocrx_word' id='word_1_212' title='bbox 2726 1706 2869 1776; x_wconf 90' lang='lat' dir='ltr'><strong>quod</strong></span> <span class='ocrx_word' id='word_1_213' title='bbox 2931 1706 3012 1759; x_wconf 87' lang='lat' dir='ltr'><strong>eis</strong></span> <span class='ocrx_word' id='word_1_214' title='bbox 3065 1720 3172 1760; x_wconf 92' lang='lat' dir='ltr'><strong>non</strong></span> <span class='ocrx_word' id='word_1_215' title='bbox 3223 1701 3433 1772; x_wconf 83' lang='lat' dir='ltr'><strong>indige-</strong></span> 
     </span>
    </p>
   </div>
   <div class='ocr_carea' id='block_1_31' title="bbox 174 1798 1748 1894">
    <p class='ocr_par' dir='ltr' id='par_1_31' title="bbox 174 1798 1741 1894">
     <span class='ocr_line' id='line_1_31' title="bbox 174 1798 1741 1894; baseline -0.002 -19"><span class='ocrx_word' id='word_1_216' title='bbox 174 1798 400 1890; x_wconf 83' lang='lat' dir='ltr'><strong>occupat.</strong></span> <span class='ocrx_word' id='word_1_217' title='bbox 432 1820 510 1875; x_wconf 78' lang='lat' dir='ltr'><strong>Ita</strong></span> <span class='ocrx_word' id='word_1_218' title='bbox 539 1820 792 1876; x_wconf 79' lang='lat' dir='ltr'><strong>faciemlo</strong></span> <span class='ocrx_word' id='word_1_219' title='bbox 821 1835 1116 1894; x_wconf 83' lang='lat' dir='ltr'><strong>cognosces</strong></span> <span class='ocrx_word' id='word_1_220' title='bbox 1143 1821 1279 1876; x_wconf 87' lang='lat' dir='ltr'><strong>situs</strong></span> <span class='ocrx_word' id='word_1_221' title='bbox 1319 1830 1373 1876; x_wconf 88' lang='lat' dir='ltr'><strong>et</strong></span> <span class='ocrx_word' id='word_1_222' title='bbox 1399 1830 1577 1876; x_wconf 74' lang='lat' dir='ltr'><strong>motus</strong></span> <span class='ocrx_word' id='word_1_223' title='bbox 1599 1819 1741 1874; x_wconf 83' lang='lat' dir='ltr'><strong>side-</strong></span> 
     </span>
    </p>
   </div>
   <div class='ocr_carea' id='block_1_32' title="bbox 1855 1798 3008 1894">
    <p class='ocr_par' dir='ltr' id='par_1_32' title="bbox 1855 1798 3008 1872">
     <span class='ocr_line' id='line_1_32' title="bbox 1855 1798 3008 1872; baseline -0.004 -15"><span class='ocrx_word' id='word_1_224' title='bbox 1855 1818 1990 1868; x_wconf 89' lang='lat' dir='ltr'><strong>tnus,</strong></span> <span class='ocrx_word' id='word_1_225' title='bbox 2021 1802 2064 1856; x_wconf 86' lang='lat' dir='ltr'><strong>si</strong></span> <span class='ocrx_word' id='word_1_226' title='bbox 2094 1809 2424 1872; x_wconf 68' lang='lat' dir='ltr'><strong>przetaxatas</strong></span> <span class='ocrx_word' id='word_1_227' title='bbox 2456 1802 2593 1854; x_wconf 89' lang='lat' dir='ltr'><strong>bene</strong></span> <span class='ocrx_word' id='word_1_228' title='bbox 2624 1798 3008 1869; x_wconf 68' lang='lat' dir='ltr'><strong>cognoscimus</strong></span> 
     </span>
    </p>
   </div>
   <div class='ocr_carea' id='block_1_33' title="bbox 173 1911 836 1985">
    <p class='ocr_par' dir='ltr' id='par_1_33' title="bbox 173 1911 836 1985">
     <span class='ocr_line' id='line_1_33' title="bbox 173 1911 836 1985; baseline 0.002 -20"><span class='ocrx_word' id='word_1_229' title='bbox 173 1926 275 1965; x_wconf 86' lang='lat' dir='ltr'><strong>rum</strong></span> <span class='ocrx_word' id='word_1_230' title='bbox 312 1911 425 1968; x_wconf 84' lang='lat' dir='ltr'><strong>sine</strong></span> <span class='ocrx_word' id='word_1_231' title='bbox 457 1913 836 1985; x_wconf 75' lang='lat' dir='ltr'><strong>ambiguitate.</strong></span> 
     </span>
    </p>
   </div>
   <div class='ocr_carea' id='block_1_34' title="bbox 230 2001 1744 2076">
    <p class='ocr_par' dir='ltr' id='par_1_34' title="bbox 230 2001 1744 2076">
     <span class='ocr_line' id='line_1_34' title="bbox 230 2001 1744 2076; baseline 0.001 -19"><span class='ocrx_word' id='word_1_232' title='bbox 230 2001 315 2058; x_wconf 83' lang='lat' dir='ltr'><strong>Sic</strong></span> <span class='ocrx_word' id='word_1_233' title='bbox 363 2018 581 2075; x_wconf 89' lang='lat' dir='ltr'><strong>quoque</strong></span> <span class='ocrx_word' id='word_1_234' title='bbox 634 2014 792 2061; x_wconf 90' lang='lat' dir='ltr'><strong>nocte</strong></span> <span class='ocrx_word' id='word_1_235' title='bbox 836 2005 1083 2076; x_wconf 77' lang='lat' dir='ltr'><strong>colligas.</strong></span> <span class='ocrx_word' id='word_1_236' title='bbox 1139 2005 1338 2076; x_wconf 77' lang='lat' dir='ltr'><strong>Accipe</strong></span> <span class='ocrx_word' id='word_1_237' title='bbox 1406 2003 1744 2060; x_wconf 66' lang='lat' dir='ltr'><strong>altitudinem</strong></span> 
     </span>
    </p>
   </div>
   <div class='ocr_carea' id='block_1_35' title="bbox 173 2091 1747 2169">
    <p class='ocr_par' dir='ltr' id='par_1_35' title="bbox 173 2091 1747 2169">
     <span class='ocr_line' id='line_1_35' title="bbox 173 2091 1747 2169; baseline 0.001 -21"><span class='ocrx_word' id='word_1_238' title='bbox 173 2093 441 2162; x_wconf 86' lang='lat' dir='ltr'><strong>cujuslibet</strong></span> <span class='ocrx_word' id='word_1_239' title='bbox 471 2095 649 2152; x_wconf 78' lang='lat' dir='ltr'><strong>stella:</strong></span> <span class='ocrx_word' id='word_1_240' title='bbox 676 2091 728 2151; x_wconf 87' lang='lat' dir='ltr'><strong>in</strong></span> <span class='ocrx_word' id='word_1_241' title='bbox 769 2098 1077 2169; x_wconf 86' lang='lat' dir='ltr'><strong>astrolapsu</strong></span> <span class='ocrx_word' id='word_1_242' title='bbox 1116 2098 1354 2168; x_wconf 68' lang='lat' dir='ltr'><strong>scriptas,</strong></span> <span class='ocrx_word' id='word_1_243' title='bbox 1382 2096 1539 2166; x_wconf 90' lang='lat' dir='ltr'><strong>cujus</strong></span> <span class='ocrx_word' id='word_1_244' title='bbox 1562 2098 1747 2151; x_wconf 85' lang='lat' dir='ltr'><strong>altitu-</strong></span> 
     </span>
    </p>
   </div>
   <div class='ocr_carea' id='block_1_36' title="bbox 173 2182 1746 2257">
    <p class='ocr_par' dir='ltr' id='par_1_36' title="bbox 173 2182 1746 2257">
     <span class='ocr_line' id='line_1_36' title="bbox 173 2182 1746 2257; baseline 0.003 -20"><span class='ocrx_word' id='word_1_245' title='bbox 173 2182 270 2238; x_wconf 86' lang='lat' dir='ltr'><strong>dini</strong></span> <span class='ocrx_word' id='word_1_246' title='bbox 295 2198 534 2256; x_wconf 87' lang='lat' dir='ltr'><strong>suppone</strong></span> <span class='ocrx_word' id='word_1_247' title='bbox 570 2195 738 2256; x_wconf 77' lang='lat' dir='ltr'><strong>caput</strong></span> <span class='ocrx_word' id='word_1_248' title='bbox 773 2187 1016 2257; x_wconf 86' lang='lat' dir='ltr'><strong>ejusdem</strong></span> <span class='ocrx_word' id='word_1_249' title='bbox 1047 2187 1234 2250; x_wconf 75' lang='lat' dir='ltr'><strong>stellze,</strong></span> <span class='ocrx_word' id='word_1_250' title='bbox 1265 2196 1322 2241; x_wconf 89' lang='lat' dir='ltr'><strong>ct</strong></span> <span class='ocrx_word' id='word_1_251' title='bbox 1369 2188 1657 2242; x_wconf 88' lang='lat' dir='ltr'><strong>considera</strong></span> <span class='ocrx_word' id='word_1_252' title='bbox 1684 2187 1746 2241; x_wconf 84' lang='lat' dir='ltr'><strong>li-</strong></span> 
     </span>
    </p>
   </div>
   <div class='ocr_carea' id='block_1_37' title="bbox 173 2275 1743 2349">
    <p class='ocr_par' dir='ltr' id='par_1_37' title="bbox 173 2275 1743 2349">
     <span class='ocr_line' id='line_1_37' title="bbox 173 2275 1743 2349; baseline 0.003 -21"><span class='ocrx_word' id='word_1_253' title='bbox 173 2286 285 2328; x_wconf 75' lang='lat' dir='ltr'><strong>nea;</strong></span> <span class='ocrx_word' id='word_1_254' title='bbox 312 2275 611 2347; x_wconf 82' lang='lat' dir='ltr'><strong>plagarum.</strong></span> <span class='ocrx_word' id='word_1_255' title='bbox 649 2275 780 2332; x_wconf 78' lang='lat' dir='ltr'><strong>Nam</strong></span> <span class='ocrx_word' id='word_1_256' title='bbox 817 2278 946 2346; x_wconf 74' lang='lat' dir='ltr'><strong>ipsae</strong></span> <span class='ocrx_word' id='word_1_257' title='bbox 974 2277 1500 2349; x_wconf 75' lang='lat' dir='ltr'><strong>demonstrantqttml</strong></span> <span class='ocrx_word' id='word_1_258' title='bbox 1525 2279 1743 2348; x_wconf 69' lang='lat' dir='ltr'><strong>quaeris.</strong></span> 
     </span>
    </p>
   </div>
   <div class='ocr_carea' id='block_1_38' title="bbox 747 2394 1153 2451">
    <p class='ocr_par' dir='ltr' id='par_1_38' title="bbox 747 2394 1153 2451">
     <span class='ocr_line' id='line_1_38' title="bbox 747 2394 1153 2451; baseline -0.005 0"><span class='ocrx_word' id='word_1_259' title='bbox 747 2394 975 2451; x_wconf 75' lang='lat' dir='ltr'><strong>CAPUT</strong></span> <span class='ocrx_word' id='word_1_260' title='bbox 1013 2396 1153 2451; x_wconf 63' lang='lat' dir='ltr'><strong>XVI.</strong></span> 
     </span>
    </p>
   </div>
   <div class='ocr_carea' id='block_1_39' title="bbox 571 2510 1320 2583">
    <p class='ocr_par' dir='ltr' id='par_1_39' title="bbox 571 2510 1320 2583">
     <span class='ocr_line' id='line_1_39' title="bbox 571 2510 1320 2583; baseline -0.003 -15"><span class='ocrx_word' id='word_1_261' title='bbox 571 2511 642 2568; x_wconf 85' lang='lat' dir='ltr'><strong>In</strong></span> <span class='ocrx_word' id='word_1_262' title='bbox 676 2529 776 2582; x_wconf 78' lang='lat' dir='ltr'><strong>quo</strong></span> <span class='ocrx_word' id='word_1_263' title='bbox 807 2511 954 2583; x_wconf 81' lang='lat' dir='ltr'><strong>signo</strong></span> <span class='ocrx_word' id='word_1_264' title='bbox 985 2512 1088 2566; x_wconf 67' lang='lat' dir='ltr'><strong>sint</strong></span> <span class='ocrx_word' id='word_1_265' title='bbox 1133 2510 1320 2566; x_wconf 75' lang='lat' dir='ltr'><strong>sleIIrc.</strong></span> 
     </span>
    </p>
   </div>
   <div class='ocr_carea' id='block_1_40' title="bbox 234 2601 1745 2674">
    <p class='ocr_par' dir='ltr' id='par_1_40' title="bbox 234 2601 1745 2674">
     <span class='ocr_line' id='line_1_40' title="bbox 234 2601 1745 2674; baseline 0 -18"><span class='ocrx_word' id='word_1_266' title='bbox 234 2601 356 2656; x_wconf 85' lang='lat' dir='ltr'><strong>Cum</strong></span> <span class='ocrx_word' id='word_1_267' title='bbox 388 2602 466 2657; x_wconf 84' lang='lat' dir='ltr'><strong>vis</strong></span> <span class='ocrx_word' id='word_1_268' title='bbox 514 2604 661 2657; x_wconf 88' lang='lat' dir='ltr'><strong>scire</strong></span> <span class='ocrx_word' id='word_1_269' title='bbox 690 2604 740 2658; x_wconf 91' lang='lat' dir='ltr'><strong>in</strong></span> <span class='ocrx_word' id='word_1_270' title='bbox 769 2619 876 2674; x_wconf 92' lang='lat' dir='ltr'><strong>quo</strong></span> <span class='ocrx_word' id='word_1_271' title='bbox 911 2603 1065 2673; x_wconf 78' lang='lat' dir='ltr'><strong>signo</strong></span> <span class='ocrx_word' id='word_1_272' title='bbox 1091 2604 1162 2658; x_wconf 88' lang='lat' dir='ltr'><strong>sit</strong></span> <span class='ocrx_word' id='word_1_273' title='bbox 1197 2603 1450 2673; x_wconf 68' lang='lat' dir='ltr'><strong>quaelibet</strong></span> <span class='ocrx_word' id='word_1_274' title='bbox 1490 2603 1745 2657; x_wconf 86' lang='lat' dir='ltr'><strong>horarum</strong></span> 
     </span>
    </p>
   </div>
   <div class='ocr_carea' id='block_1_41' title="bbox 177 2694 1750 2765">
    <p class='ocr_par' dir='ltr' id='par_1_41' title="bbox 177 2694 1750 2765">
     <span class='ocr_line' id='line_1_41' title="bbox 177 2694 1750 2765; baseline 0.001 -17"><span class='ocrx_word' id='word_1_275' title='bbox 177 2694 330 2758; x_wconf 81' lang='lat' dir='ltr'><strong>stella,</strong></span> <span class='ocrx_word' id='word_1_276' title='bbox 359 2695 510 2765; x_wconf 88' lang='lat' dir='ltr'><strong>cujus</strong></span> <span class='ocrx_word' id='word_1_277' title='bbox 545 2697 765 2765; x_wconf 78' lang='lat' dir='ltr'><strong>signum</strong></span> <span class='ocrx_word' id='word_1_278' title='bbox 794 2697 1018 2765; x_wconf 70' lang='lat' dir='ltr'><strong>qnmris,</strong></span> <span class='ocrx_word' id='word_1_279' title='bbox 1043 2712 1074 2750; x_wconf 90' lang='lat' dir='ltr'><strong>e</strong></span> <span class='ocrx_word' id='word_1_280' title='bbox 1097 2712 1160 2750; x_wconf 89' lang='lat' dir='ltr'><strong>us</strong></span> <span class='ocrx_word' id='word_1_281' title='bbox 1187 2705 1351 2765; x_wconf 88' lang='lat' dir='ltr'><strong>caput</strong></span> <span class='ocrx_word' id='word_1_282' title='bbox 1380 2696 1534 2751; x_wconf 73' lang='lat' dir='ltr'><strong>lineae</strong></span> <span class='ocrx_word' id='word_1_283' title='bbox 1589 2695 1750 2750; x_wconf 88' lang='lat' dir='ltr'><strong>tueri-</strong></span> 
     </span>
    </p>
   </div>
   <div class='ocr_carea' id='block_1_42' title="bbox 178 2777 1748 2859">
    <p class='ocr_par' dir='ltr' id='par_1_42' title="bbox 178 2777 1748 2859">
     <span class='ocr_line' id='line_1_42' title="bbox 178 2777 1748 2859; baseline 0.001 -19"><span class='ocrx_word' id='word_1_284' title='bbox 178 2784 331 2841; x_wconf 79' lang='lat' dir='ltr'><strong>diauze</strong></span> <span class='ocrx_word' id='word_1_285' title='bbox 364 2801 727 2858; x_wconf 86' lang='lat' dir='ltr'><strong>superpones,</strong></span> <span class='ocrx_word' id='word_1_286' title='bbox 756 2798 811 2843; x_wconf 89' lang='lat' dir='ltr'><strong>et</strong></span> <span class='ocrx_word' id='word_1_287' title='bbox 857 2789 1000 2859; x_wconf 90' lang='lat' dir='ltr'><strong>quod</strong></span> <span class='ocrx_word' id='word_1_288' title='bbox 1048 2777 1260 2858; x_wconf 78' lang='lat' dir='ltr'><strong>signum</strong></span> <span class='ocrx_word' id='word_1_289' title='bbox 1291 2789 1391 2859; x_wconf 84' lang='lat' dir='ltr'><strong>ipsi</strong></span> <span class='ocrx_word' id='word_1_290' title='bbox 1422 2789 1748 2858; x_wconf 84' lang='lat' dir='ltr'><strong>supersidet,</strong></span> 
     </span>
    </p>
   </div>
   <div class='ocr_carea' id='block_1_43' title="bbox 178 2877 1745 2951">
    <p class='ocr_par' dir='ltr' id='par_1_43' title="bbox 178 2877 1745 2951">
     <span class='ocr_line' id='line_1_43' title="bbox 178 2877 1745 2951; baseline 0.001 -19"><span class='ocrx_word' id='word_1_291' title='bbox 178 2877 223 2932; x_wconf 88' lang='lat' dir='ltr'><strong>itt</strong></span> <span class='ocrx_word' id='word_1_292' title='bbox 248 2878 339 2932; x_wconf 88' lang='lat' dir='ltr'><strong>hoc</strong></span> <span class='ocrx_word' id='word_1_293' title='bbox 365 2879 622 2934; x_wconf 70' lang='lat' dir='ltr'><strong>consistit</strong></span> <span class='ocrx_word' id='word_1_294' title='bbox 652 2879 766 2949; x_wconf 89' lang='lat' dir='ltr'><strong>ipsa</strong></span> <span class='ocrx_word' id='word_1_295' title='bbox 816 2880 992 2935; x_wconf 81' lang='lat' dir='ltr'><strong>stella.</strong></span> <span class='ocrx_word' id='word_1_296' title='bbox 1025 2880 1159 2934; x_wconf 86' lang='lat' dir='ltr'><strong>Nam</strong></span> <span class='ocrx_word' id='word_1_297' title='bbox 1203 2883 1346 2951; x_wconf 90' lang='lat' dir='ltr'><strong>qttod</strong></span> <span class='ocrx_word' id='word_1_298' title='bbox 1377 2880 1575 2936; x_wconf 88' lang='lat' dir='ltr'><strong>lineam</strong></span> <span class='ocrx_word' id='word_1_299' title='bbox 1602 2880 1745 2934; x_wconf 86' lang='lat' dir='ltr'><strong>desi-</strong></span> 
     </span>
    </p>
   </div>
   <div class='ocr_carea' id='block_1_44' title="bbox 178 2968 1126 3038">
    <p class='ocr_par' dir='ltr' id='par_1_44' title="bbox 178 2968 1126 3038">
     <span class='ocr_line' id='line_1_44' title="bbox 178 2968 1126 3038; baseline 0.008 -21"><span class='ocrx_word' id='word_1_300' title='bbox 178 2975 307 3034; x_wconf 78' lang='lat' dir='ltr'><strong>gnat,</strong></span> <span class='ocrx_word' id='word_1_301' title='bbox 339 2968 585 3022; x_wconf 80' lang='lat' dir='ltr'><strong>eamdem</strong></span> <span class='ocrx_word' id='word_1_302' title='bbox 627 2968 842 3024; x_wconf 87' lang='lat' dir='ltr'><strong>stellam</strong></span> <span class='ocrx_word' id='word_1_303' title='bbox 878 2981 1126 3038; x_wconf 77' lang='lat' dir='ltr'><strong>occupat.</strong></span> 
     </span>
    </p>
   </div>
   <div class='ocr_carea' id='block_1_45' title="bbox 734 3065 1168 3123">
    <p class='ocr_par' dir='ltr' id='par_1_45' title="bbox 734 3065 1168 3123">
     <span class='ocr_line' id='line_1_45' title="bbox 734 3065 1168 3123; baseline 0.002 -3"><span class='ocrx_word' id='word_1_304' title='bbox 734 3065 964 3122; x_wconf 80' lang='lat' dir='ltr'><strong>CAPUT</strong></span> <span class='ocrx_word' id='word_1_305' title='bbox 1004 3066 1168 3123; x_wconf 75' lang='lat' dir='ltr'><strong>XVII.</strong></span> 
     </span>
    </p>
   </div>
   <div class='ocr_carea' id='block_1_46' title="bbox 318 3176 1590 3235">
    <p class='ocr_par' dir='ltr' id='par_1_46' title="bbox 318 3176 1590 3235">
     <span class='ocr_line' id='line_1_46' title="bbox 318 3176 1590 3235; baseline 0.002 -3"><span class='ocrx_word' id='word_1_306' title='bbox 318 3176 392 3232; x_wconf 87' lang='lat' dir='ltr'><strong>De</strong></span> <span class='ocrx_word' id='word_1_307' title='bbox 419 3177 691 3233; x_wconf 78' lang='lat' dir='ltr'><strong>rocabulis</strong></span> <span class='ocrx_word' id='word_1_308' title='bbox 716 3177 987 3233; x_wconf 74' lang='lat' dir='ltr'><strong>stellarum</strong></span> <span class='ocrx_word' id='word_1_309' title='bbox 1016 3177 1219 3234; x_wconf 73' lang='lat' dir='ltr'><strong>Latinis</strong></span> <span class='ocrx_word' id='word_1_310' title='bbox 1254 3190 1301 3234; x_wconf 83' lang='lat' dir='ltr'><strong>et</strong></span> <span class='ocrx_word' id='word_1_311' title='bbox 1331 3179 1590 3235; x_wconf 73' lang='lat' dir='ltr'><strong>Arabicis.</strong></span> 
     </span>
    </p>
   </div>
   <div class='ocr_carea' id='block_1_47' title="bbox 246 3292 1754 3364">
    <p class='ocr_par' dir='ltr' id='par_1_47' title="bbox 246 3292 1754 3364">
     <span class='ocr_line' id='line_1_47' title="bbox 246 3292 1754 3364; baseline -0.001 -17"><span class='ocrx_word' id='word_1_312' title='bbox 246 3292 334 3349; x_wconf 88' lang='lat' dir='ltr'><strong>llic</strong></span> <span class='ocrx_word' id='word_1_313' title='bbox 361 3293 512 3349; x_wconf 82' lang='lat' dir='ltr'><strong>locus</strong></span> <span class='ocrx_word' id='word_1_314' title='bbox 558 3302 614 3348; x_wconf 89' lang='lat' dir='ltr'><strong>et</strong></span> <span class='ocrx_word' id='word_1_315' title='bbox 647 3293 788 3349; x_wconf 89' lang='lat' dir='ltr'><strong>ratio</strong></span> <span class='ocrx_word' id='word_1_316' title='bbox 817 3294 1052 3364; x_wconf 84' lang='lat' dir='ltr'><strong>postulat</strong></span> <span class='ocrx_word' id='word_1_317' title='bbox 1087 3294 1354 3364; x_wconf 86' lang='lat' dir='ltr'><strong>promissa</strong></span> <span class='ocrx_word' id='word_1_318' title='bbox 1385 3293 1616 3358; x_wconf 87' lang='lat' dir='ltr'><strong>solvere,</strong></span> <span class='ocrx_word' id='word_1_319' title='bbox 1647 3292 1754 3348; x_wconf 84' lang='lat' dir='ltr'><strong>sci-</strong></span> 
     </span>
    </p>
   </div>
   <div class='ocr_carea' id='block_1_48' title="bbox 181 3382 1750 3453">
    <p class='ocr_par' dir='ltr' id='par_1_48' title="bbox 181 3382 1750 3453">
     <span class='ocr_line' id='line_1_48' title="bbox 181 3382 1750 3453; baseline -0.003 -15"><span class='ocrx_word' id='word_1_320' title='bbox 181 3383 291 3440; x_wconf 76' lang='lat' dir='ltr'><strong>licet</strong></span> <span class='ocrx_word' id='word_1_321' title='bbox 335 3395 390 3440; x_wconf 92' lang='lat' dir='ltr'><strong>ut</strong></span> <span class='ocrx_word' id='word_1_322' title='bbox 418 3386 483 3440; x_wconf 87' lang='lat' dir='ltr'><strong>de</strong></span> <span class='ocrx_word' id='word_1_323' title='bbox 525 3383 704 3440; x_wconf 84' lang='lat' dir='ltr'><strong>stellis</strong></span> <span class='ocrx_word' id='word_1_324' title='bbox 732 3385 990 3439; x_wconf 87' lang='lat' dir='ltr'><strong>horarum</strong></span> <span class='ocrx_word' id='word_1_325' title='bbox 1033 3384 1233 3448; x_wconf 88' lang='lat' dir='ltr'><strong>dicam,</strong></span> <span class='ocrx_word' id='word_1_326' title='bbox 1271 3392 1450 3453; x_wconf 74' lang='lat' dir='ltr'><strong>quota:</strong></span> <span class='ocrx_word' id='word_1_327' title='bbox 1493 3383 1626 3446; x_wconf 88' lang='lat' dir='ltr'><strong>sint,</strong></span> <span class='ocrx_word' id='word_1_328' title='bbox 1661 3382 1750 3435; x_wconf 89' lang='lat' dir='ltr'><strong>ubi</strong></span> 
     </span>
    </p>
   </div>
   <div class='ocr_carea' id='block_1_49' title="bbox 179 3473 1752 3533">
    <p class='ocr_par' dir='ltr' id='par_1_49' title="bbox 179 3473 1752 3533">
     <span class='ocr_line' id='line_1_49' title="bbox 179 3473 1752 3533; baseline -0.003 -2"><span class='ocrx_word' id='word_1_329' title='bbox 179 3476 275 3532; x_wconf 84' lang='lat' dir='ltr'><strong>sint</strong></span> <span class='ocrx_word' id='word_1_330' title='bbox 306 3486 358 3532; x_wconf 90' lang='lat' dir='ltr'><strong>et</strong></span> <span class='ocrx_word' id='word_1_331' title='bbox 387 3476 453 3533; x_wconf 88' lang='lat' dir='ltr'><strong>de</strong></span> <span class='ocrx_word' id='word_1_332' title='bbox 489 3475 775 3532; x_wconf 81' lang='lat' dir='ltr'><strong>vocabulis</strong></span> <span class='ocrx_word' id='word_1_333' title='bbox 800 3484 855 3530; x_wconf 87' lang='lat' dir='ltr'><strong>et</strong></span> <span class='ocrx_word' id='word_1_334' title='bbox 895 3475 1311 3531; x_wconf 80' lang='lat' dir='ltr'><strong>formationibus</strong></span> <span class='ocrx_word' id='word_1_335' title='bbox 1335 3475 1667 3530; x_wconf 79' lang='lat' dir='ltr'><strong>earumdem.</strong></span> <span class='ocrx_word' id='word_1_336' title='bbox 1696 3473 1752 3527; x_wconf 91' lang='lat' dir='ltr'><strong>In</strong></span> 
     </span>
    </p>
   </div>
   <div class='ocr_carea' id='block_1_50' title="bbox 184 3586 1748 3671">
    <p class='ocr_par' dir='ltr' id='par_1_50' title="bbox 184 3586 1748 3671">
     <span class='ocr_line' id='line_1_50' title="bbox 184 3586 1748 3671; baseline 0.002 -17"><span class='ocrx_word' id='word_1_337' title='bbox 184 3597 398 3656; x_wconf 80' lang='lat' dir='ltr'><strong>Teutone</strong></span> <span class='ocrx_word' id='word_1_338' title='bbox 425 3598 657 3669; x_wconf 86' lang='lat' dir='ltr'><strong>majoris</strong></span> <span class='ocrx_word' id='word_1_339' title='bbox 689 3599 959 3667; x_wconf 80' lang='lat' dir='ltr'><strong>Plaustri,</strong></span> <span class='ocrx_word' id='word_1_340' title='bbox 991 3600 1134 3670; x_wconf 86' lang='lat' dir='ltr'><strong>quod</strong></span> <span class='ocrx_word' id='word_1_341' title='bbox 1161 3601 1236 3656; x_wconf 91' lang='lat' dir='ltr'><strong>ita</strong></span> <span class='ocrx_word' id='word_1_342' title='bbox 1273 3599 1538 3656; x_wconf 79' lang='lat' dir='ltr'><strong>formatur</strong></span> <span class='ocrx_word' id='word_1_343' title='bbox 1579 3586 1748 3671; x_wconf 51' lang='grc' dir='ltr'><strong>πθ*</strong></span> 
     </span>
    </p>
   </div>
   <div class='ocr_carea' id='block_1_51' title="bbox 182 3723 1755 3795">
    <p class='ocr_par' dir='ltr' id='par_1_51' title="bbox 182 3723 1755 3795">
     <span class='ocr_line' id='line_1_51' title="bbox 182 3723 1755 3795; baseline 0.006 -21"><span class='ocrx_word' id='word_1_344' title='bbox 182 3731 256 3776; x_wconf 84' lang='lat' dir='ltr'><strong>est</strong></span> <span class='ocrx_word' id='word_1_345' title='bbox 281 3739 377 3778; x_wconf 87' lang='lat' dir='ltr'><strong>una</strong></span> <span class='ocrx_word' id='word_1_346' title='bbox 409 3723 676 3779; x_wconf 88' lang='lat' dir='ltr'><strong>horarum</strong></span> <span class='ocrx_word' id='word_1_347' title='bbox 703 3723 882 3788; x_wconf 88' lang='lat' dir='ltr'><strong>stella,</strong></span> <span class='ocrx_word' id='word_1_348' title='bbox 915 3739 1036 3795; x_wconf 65' lang='lat' dir='ltr'><strong>qua:</strong></span> <span class='ocrx_word' id='word_1_349' title='bbox 1080 3724 1316 3783; x_wconf 81' lang='lat' dir='ltr'><strong>Arabice</strong></span> <span class='ocrx_word' id='word_1_350' title='bbox 1361 3726 1562 3782; x_wconf 89' lang='lat' dir='ltr'><strong>dicitur</strong></span> <span class='ocrx_word' id='word_1_351' title='bbox 1588 3727 1755 3784; x_wconf 82' lang='lat' dir='ltr'><strong>Bene-</strong></span> 
     </span>
    </p>
   </div>
   <div class='ocr_carea' id='block_1_52' title="bbox 185 3815 1754 3890">
    <p class='ocr_par' dir='ltr' id='par_1_52' title="bbox 185 3815 1754 3890">
     <span class='ocr_line' id='line_1_52' title="bbox 185 3815 1754 3890; baseline 0.004 -23"><span class='ocrx_word' id='word_1_352' title='bbox 185 3829 289 3878; x_wconf 71' lang='grc' dir='ltr'><strong>παι,</strong></span> <span class='ocrx_word' id='word_1_353' title='bbox 318 3815 520 3871; x_wconf 78' lang='lat' dir='ltr'><strong>scilicet</strong></span> <span class='ocrx_word' id='word_1_354' title='bbox 554 3815 729 3885; x_wconf 88' lang='lat' dir='ltr'><strong>prima</strong></span> <span class='ocrx_word' id='word_1_355' title='bbox 759 3815 812 3869; x_wconf 92' lang='lat' dir='ltr'><strong>in</strong></span> <span class='ocrx_word' id='word_1_356' title='bbox 845 3815 1106 3880; x_wconf 88' lang='lat' dir='ltr'><strong>Tcmone,</strong></span> <span class='ocrx_word' id='word_1_357' title='bbox 1138 3825 1194 3872; x_wconf 91' lang='lat' dir='ltr'><strong>et</strong></span> <span class='ocrx_word' id='word_1_358' title='bbox 1223 3825 1306 3872; x_wconf 89' lang='lat' dir='ltr'><strong>est</strong></span> <span class='ocrx_word' id='word_1_359' title='bbox 1347 3817 1398 3871; x_wconf 91' lang='lat' dir='ltr'><strong>in</strong></span> <span class='ocrx_word' id='word_1_360' title='bbox 1425 3818 1754 3890; x_wconf 76' lang='lat' dir='ltr'><strong>astrolapsu.</strong></span> 
     </span>
    </p>
   </div>
   <div class='ocr_carea' id='block_1_53' title="bbox 185 3900 1756 3979">
    <p class='ocr_par' dir='ltr' id='par_1_53' title="bbox 185 3900 1756 3979">
     <span class='ocr_line' id='line_1_53' title="bbox 185 3900 1756 3979; baseline 0.004 -22"><span class='ocrx_word' id='word_1_361' title='bbox 185 3900 296 3958; x_wconf 78' lang='lat' dir='ltr'><strong>Post</strong></span> <span class='ocrx_word' id='word_1_362' title='bbox 341 3920 498 3974; x_wconf 89' lang='lat' dir='ltr'><strong>quam</strong></span> <span class='ocrx_word' id='word_1_363' title='bbox 555 3913 640 3960; x_wconf 87' lang='lat' dir='ltr'><strong>cst</strong></span> <span class='ocrx_word' id='word_1_364' title='bbox 697 3905 1010 3972; x_wconf 81' lang='lat' dir='ltr'><strong>Almarech,</strong></span> <span class='ocrx_word' id='word_1_365' title='bbox 1067 3906 1118 3961; x_wconf 92' lang='lat' dir='ltr'><strong>id</strong></span> <span class='ocrx_word' id='word_1_366' title='bbox 1169 3916 1255 3962; x_wconf 87' lang='lat' dir='ltr'><strong>est</strong></span> <span class='ocrx_word' id='word_1_367' title='bbox 1310 3909 1627 3979; x_wconf 80' lang='lat' dir='ltr'><strong>artOphylax</strong></span> <span class='ocrx_word' id='word_1_368' title='bbox 1659 3909 1756 3971; x_wconf 62' lang='lat' dir='ltr'><strong>it»:</strong></span> 
     </span>
    </p>
   </div>
   <div class='ocr_carea' id='block_1_54' title="bbox 187 3993 1756 4070">
    <p class='ocr_par' dir='ltr' id='par_1_54' title="bbox 187 3993 1756 4070">
     <span class='ocr_line' id='line_1_54' title="bbox 187 3993 1756 4070; baseline 0.006 -23"><span class='ocrx_word' id='word_1_369' title='bbox 187 3993 292 4051; x_wconf 82' lang='lat' dir='ltr'><strong>talis</strong></span> <span class='ocrx_word' id='word_1_370' title='bbox 338 3997 493 4070; x_wconf 78' lang='lat' dir='ltr'><strong>stella</strong></span> <span class='ocrx_word' id='word_1_371' title='bbox 554 3997 868 4068; x_wconf 79' lang='lat' dir='ltr'><strong>pnelucida.</strong></span> <span class='ocrx_word' id='word_1_372' title='bbox 915 3997 1066 4054; x_wconf 78' lang='lat' dir='ltr'><strong>lianc</strong></span> <span class='ocrx_word' id='word_1_373' title='bbox 1129 3999 1378 4070; x_wconf 83' lang='lat' dir='ltr'><strong>sequitur</strong></span> <span class='ocrx_word' id='word_1_374' title='bbox 1433 4016 1634 4056; x_wconf 89' lang='lat' dir='ltr'><strong>corona</strong></span> <span class='ocrx_word' id='word_1_375' title='bbox 1683 4001 1756 4057; x_wconf 90' lang='lat' dir='ltr'><strong>ita</strong></span> 
     </span>
    </p>
   </div>
   <div class='ocr_carea' id='block_1_55' title="bbox 186 4089 1755 4187">
    <p class='ocr_par' dir='ltr' id='par_1_55' title="bbox 186 4089 1755 4187">
     <span class='ocr_line' id='line_1_55' title="bbox 186 4089 1755 4187; baseline 0.008 -34"><span class='ocrx_word' id='word_1_376' title='bbox 186 4100 390 4157; x_wconf 71' lang='lat' dir='ltr'><strong>formata</strong></span> <span class='ocrx_word' id='word_1_377' title='bbox 413 4089 516 4187; x_wconf 61' lang='grc' dir='ltr'>ηιξξέ</span> <span class='ocrx_word' id='word_1_378' title='bbox 545 4107 700 4178; x_wconf 84' lang='lat' dir='ltr'><strong>cujus</strong></span> <span class='ocrx_word' id='word_1_379' title='bbox 734 4107 786 4160; x_wconf 89' lang='lat' dir='ltr'><strong>in</strong></span> <span class='ocrx_word' id='word_1_380' title='bbox 816 4107 993 4162; x_wconf 86' lang='lat' dir='ltr'><strong>medio</strong></span> <span class='ocrx_word' id='word_1_381' title='bbox 1020 4118 1104 4162; x_wconf 83' lang='lat' dir='ltr'><strong>est</strong></span> <span class='ocrx_word' id='word_1_382' title='bbox 1133 4108 1284 4162; x_wconf 85' lang='lat' dir='ltr'><strong>stella</strong></span> <span class='ocrx_word' id='word_1_383' title='bbox 1316 4108 1563 4175; x_wconf 82' lang='lat' dir='ltr'><strong>lucidior,</strong></span> <span class='ocrx_word' id='word_1_384' title='bbox 1595 4091 1755 4180; x_wconf 88' lang='lat' dir='ltr'><strong>quam</strong></span> 
     </span>
    </p>
   </div>
   <div class='ocr_carea' id='block_1_56' title="bbox 188 4201 1760 4276">
    <p class='ocr_par' dir='ltr' id='par_1_56' title="bbox 188 4201 1760 4276">
     <span class='ocr_line' id='line_1_56' title="bbox 188 4201 1760 4276; baseline 0.008 -22"><span class='ocrx_word' id='word_1_385' title='bbox 188 4201 352 4260; x_wconf 82' lang='lat' dir='ltr'><strong>dicunt</strong></span> <span class='ocrx_word' id='word_1_386' title='bbox 378 4206 632 4274; x_wconf 75' lang='lat' dir='ltr'><strong>Mirmur,</strong></span> <span class='ocrx_word' id='word_1_387' title='bbox 660 4206 746 4263; x_wconf 85' lang='lat' dir='ltr'><strong>vel</strong></span> <span class='ocrx_word' id='word_1_388' title='bbox 780 4206 984 4276; x_wconf 84' lang='lat' dir='ltr'><strong>Elfeca.</strong></span> <span class='ocrx_word' id='word_1_389' title='bbox 1019 4208 1113 4264; x_wconf 84' lang='lat' dir='ltr'><strong>Est</strong></span> <span class='ocrx_word' id='word_1_390' title='bbox 1142 4217 1198 4264; x_wconf 88' lang='lat' dir='ltr'><strong>et</strong></span> <span class='ocrx_word' id='word_1_391' title='bbox 1229 4210 1281 4264; x_wconf 89' lang='lat' dir='ltr'><strong>in</strong></span> <span class='ocrx_word' id='word_1_392' title='bbox 1334 4210 1461 4265; x_wconf 90' lang='lat' dir='ltr'><strong>Lira</strong></span> <span class='ocrx_word' id='word_1_393' title='bbox 1491 4211 1596 4266; x_wconf 87' lang='lat' dir='ltr'><strong>alia</strong></span> <span class='ocrx_word' id='word_1_394' title='bbox 1626 4211 1760 4276; x_wconf 79' lang='lat' dir='ltr'><strong>luci-</strong></span> 
     </span>
    </p>
   </div>
   <div class='ocr_carea' id='block_1_57' title="bbox 191 4313 1761 4395">
    <p class='ocr_par' dir='ltr' id='par_1_57' title="bbox 191 4313 1761 4395">
     <span class='ocr_line' id='line_1_57' title="bbox 191 4313 1761 4395; baseline 0.009 -27"><span class='ocrx_word' id='word_1_395' title='bbox 191 4313 295 4370; x_wconf 88' lang='lat' dir='ltr'><strong>dior</strong></span> <span class='ocrx_word' id='word_1_396' title='bbox 324 4318 398 4374; x_wconf 87' lang='lat' dir='ltr'><strong>sic</strong></span> <span class='ocrx_word' id='word_1_397' title='bbox 424 4318 662 4376; x_wconf 81' lang='lat' dir='ltr'><strong>formata</strong></span> <span class='ocrx_word' id='word_1_398' title='bbox 692 4325 807 4390; x_wconf 43' lang='grc' dir='ltr'><strong>ἐς,</strong></span> <span class='ocrx_word' id='word_1_399' title='bbox 833 4337 995 4392; x_wconf 90' lang='lat' dir='ltr'><strong>quam</strong></span> <span class='ocrx_word' id='word_1_400' title='bbox 1043 4322 1232 4379; x_wconf 90' lang='lat' dir='ltr'><strong>dicunt</strong></span> <span class='ocrx_word' id='word_1_401' title='bbox 1265 4323 1604 4395; x_wconf 75' lang='lat' dir='ltr'><strong>Alwagakha.</strong></span> <span class='ocrx_word' id='word_1_402' title='bbox 1631 4324 1761 4382; x_wconf 84' lang='lat' dir='ltr'><strong>Post</strong></span> 
     </span>
    </p>
   </div>
   <div class='ocr_carea' id='block_1_58' title="bbox 189 4420 1763 4527">
    <p class='ocr_par' dir='ltr' id='par_1_58' title="bbox 189 4420 1763 4527">
     <span class='ocr_line' id='line_1_58' title="bbox 189 4420 1763 4527; baseline 0.011 -51"><span class='ocrx_word' id='word_1_403' title='bbox 189 4440 335 4496; x_wconf 90' lang='lat' dir='ltr'><strong>quam</strong></span> <span class='ocrx_word' id='word_1_404' title='bbox 361 4439 444 4485; x_wconf 89' lang='lat' dir='ltr'><strong>est</strong></span> <span class='ocrx_word' id='word_1_405' title='bbox 468 4431 774 4497; x_wconf 70' lang='lat' dir='ltr'><strong>Are/icitur,</strong></span> <span class='ocrx_word' id='word_1_406' title='bbox 803 4432 886 4486; x_wconf 76' lang='lat' dir='ltr'><strong>vel</strong></span> <span class='ocrx_word' id='word_1_407' title='bbox 914 4432 1063 4504; x_wconf 74' lang='lat' dir='ltr'><strong>Alrif</strong></span> <span class='ocrx_word' id='word_1_408' title='bbox 1082 4434 1287 4504; x_wconf 53' lang='lat' dir='ltr'><strong>,*,,vel</strong></span> <span class='ocrx_word' id='word_1_409' title='bbox 1315 4435 1390 4489; x_wconf 89' lang='lat' dir='ltr'><strong>ita</strong></span> <span class='ocrx_word' id='word_1_410' title='bbox 1440 4420 1542 4527; x_wconf 46' lang='lat' dir='ltr'><strong>argui</strong></span> <span class='ocrx_word' id='word_1_411' title='bbox 1572 4445 1658 4503; x_wconf 86' lang='lat' dir='ltr'><strong>,et</strong></span> <span class='ocrx_word' id='word_1_412' title='bbox 1677 4447 1763 4494; x_wconf 86' lang='lat' dir='ltr'><strong>est</strong></span> 
     </span>
    </p>
   </div>
   <div class='ocr_carea' id='block_1_59' title="bbox 2399 1915 2845 1972">
    <p class='ocr_par' dir='ltr' id='par_1_59' title="bbox 2399 1915 2845 1972">
     <span class='ocr_line' id='line_1_59' title="bbox 2399 1915 2845 1972; baseline -0.004 0"><span class='ocrx_word' id='word_1_413' title='bbox 2399 1915 2624 1972; x_wconf 70' lang='lat' dir='ltr'>CAPUT</span> <span class='ocrx_word' id='word_1_414' title='bbox 2665 1915 2845 1972; x_wconf 71' lang='lat' dir='ltr'><strong>XVIII.</strong></span> 
     </span>
    </p>
   </div>
   <div class='ocr_carea' id='block_1_60' title="bbox 1849 2008 3436 2082">
    <p class='ocr_par' dir='ltr' id='par_1_60' title="bbox 1849 2008 3436 2082">
     <span class='ocr_line' id='line_1_60' title="bbox 1849 2008 3436 2082; baseline -0.003 -14"><span class='ocrx_word' id='word_1_415' title='bbox 1849 2013 1924 2068; x_wconf 89' lang='lat' dir='ltr'><strong>De</strong></span> <span class='ocrx_word' id='word_1_416' title='bbox 1946 2013 2294 2082; x_wconf 65' lang='lat' dir='ltr'><strong>descriptione</strong></span> <span class='ocrx_word' id='word_1_417' title='bbox 2322 2013 2612 2072; x_wconf 78' lang='lat' dir='ltr'><strong>dimatant,</strong></span> <span class='ocrx_word' id='word_1_418' title='bbox 2644 2020 2688 2064; x_wconf 82' lang='lat' dir='ltr'><strong>et</strong></span> <span class='ocrx_word' id='word_1_419' title='bbox 2717 2027 2896 2064; x_wconf 83' lang='lat' dir='ltr'><strong>eorum</strong></span> <span class='ocrx_word' id='word_1_420' title='bbox 2919 2008 3226 2065; x_wconf 79' lang='lat' dir='ltr'><strong>invenienda</strong></span> <span class='ocrx_word' id='word_1_421' title='bbox 3255 2008 3436 2064; x_wconf 77' lang='lat' dir='ltr'><strong>latitu-</strong></span> 
     </span>
    </p>
   </div>
   <div class='ocr_carea' id='block_1_61' title="bbox 2567 2083 2708 2135">
    <p class='ocr_par' dir='ltr' id='par_1_61' title="bbox 2567 2083 2708 2135">
     <span class='ocr_line' id='line_1_61' title="bbox 2567 2083 2708 2135; baseline 0 -1"><span class='ocrx_word' id='word_1_422' title='bbox 2567 2083 2708 2135; x_wconf 80' lang='lat' dir='ltr'><strong>dine.</strong></span> 
     </span>
    </p>
   </div>
   <div class='ocr_carea' id='block_1_62' title="bbox 1921 2191 3437 2251">
    <p class='ocr_par' dir='ltr' id='par_1_62' title="bbox 1921 2191 3437 2251">
     <span class='ocr_line' id='line_1_62' title="bbox 1921 2191 3437 2251; baseline -0.006 -1"><span class='ocrx_word' id='word_1_423' title='bbox 1921 2194 2017 2251; x_wconf 89' lang='lat' dir='ltr'><strong>llic</strong></span> <span class='ocrx_word' id='word_1_424' title='bbox 2043 2193 2221 2249; x_wconf 82' lang='lat' dir='ltr'><strong>danda</strong></span> <span class='ocrx_word' id='word_1_425' title='bbox 2247 2201 2332 2249; x_wconf 90' lang='lat' dir='ltr'><strong>est</strong></span> <span class='ocrx_word' id='word_1_426' title='bbox 2365 2193 2504 2248; x_wconf 88' lang='lat' dir='ltr'><strong>ratio</strong></span> <span class='ocrx_word' id='word_1_427' title='bbox 2534 2201 2588 2247; x_wconf 91' lang='lat' dir='ltr'><strong>ct</strong></span> <span class='ocrx_word' id='word_1_428' title='bbox 2615 2191 2898 2246; x_wconf 88' lang='lat' dir='ltr'><strong>utilissima</strong></span> <span class='ocrx_word' id='word_1_429' title='bbox 2928 2201 2981 2246; x_wconf 86' lang='lat' dir='ltr'><strong>et</strong></span> <span class='ocrx_word' id='word_1_430' title='bbox 3008 2191 3160 2246; x_wconf 75' lang='lat' dir='ltr'><strong>valde</strong></span> <span class='ocrx_word' id='word_1_431' title='bbox 3190 2206 3437 2246; x_wconf 80' lang='lat' dir='ltr'><strong>necessa-</strong></span> 
     </span>
    </p>
   </div>
   <div class='ocr_carea' id='block_1_63' title="bbox 1848 2284 3436 2357">
    <p class='ocr_par' dir='ltr' id='par_1_63' title="bbox 1848 2284 3436 2357">
     <span class='ocr_line' id='line_1_63' title="bbox 1848 2284 3436 2357; baseline -0.005 -13"><span class='ocrx_word' id='word_1_432' title='bbox 1848 2290 1948 2352; x_wconf 88' lang='lat' dir='ltr'><strong>ria,</strong></span> <span class='ocrx_word' id='word_1_433' title='bbox 1983 2294 2038 2342; x_wconf 88' lang='lat' dir='ltr'><strong>et</strong></span> <span class='ocrx_word' id='word_1_434' title='bbox 2073 2288 2117 2342; x_wconf 93' lang='lat' dir='ltr'><strong>si</strong></span> <span class='ocrx_word' id='word_1_435' title='bbox 2160 2287 2278 2357; x_wconf 86' lang='lat' dir='ltr'><strong>ejus</strong></span> <span class='ocrx_word' id='word_1_436' title='bbox 2317 2301 2514 2357; x_wconf 79' lang='lat' dir='ltr'><strong>expers</strong></span> <span class='ocrx_word' id='word_1_437' title='bbox 2559 2284 2747 2347; x_wconf 81' lang='lat' dir='ltr'><strong>fueris,</strong></span> <span class='ocrx_word' id='word_1_438' title='bbox 2795 2285 3017 2339; x_wconf 89' lang='lat' dir='ltr'><strong>minime</strong></span> <span class='ocrx_word' id='word_1_439' title='bbox 3062 2284 3128 2338; x_wconf 90' lang='lat' dir='ltr'><strong>ad</strong></span> <span class='ocrx_word' id='word_1_440' title='bbox 3179 2284 3436 2353; x_wconf 86' lang='lat' dir='ltr'><strong>horarum</strong></span> 
     </span>
    </p>
   </div>
   <div class='ocr_carea' id='block_1_64' title="bbox 1849 2373 3440 2444">
    <p class='ocr_par' dir='ltr' id='par_1_64' title="bbox 1849 2373 3440 2444">
     <span class='ocr_line' id='line_1_64' title="bbox 1849 2373 3440 2444; baseline -0.006 -10"><span class='ocrx_word' id='word_1_441' title='bbox 1849 2377 2139 2434; x_wconf 79' lang='lat' dir='ltr'><strong>scientiam</strong></span> <span class='ocrx_word' id='word_1_442' title='bbox 2200 2375 2505 2444; x_wconf 86' lang='lat' dir='ltr'><strong>pervenies.</strong></span> <span class='ocrx_word' id='word_1_443' title='bbox 2570 2375 2666 2428; x_wconf 83' lang='lat' dir='ltr'><strong>Est</strong></span> <span class='ocrx_word' id='word_1_444' title='bbox 2725 2374 2924 2444; x_wconf 90' lang='lat' dir='ltr'><strong>quippe</strong></span> <span class='ocrx_word' id='word_1_445' title='bbox 2989 2373 3269 2428; x_wconf 82' lang='lat' dir='ltr'><strong>sciendum</strong></span> <span class='ocrx_word' id='word_1_446' title='bbox 3311 2389 3440 2441; x_wconf 87' lang='lat' dir='ltr'><strong>quo-</strong></span> 
     </span>
    </p>
   </div>
   <div class='ocr_carea' id='block_1_65' title="bbox 1850 2461 3438 2534">
    <p class='ocr_par' dir='ltr' id='par_1_65' title="bbox 1850 2461 3438 2534">
     <span class='ocr_line' id='line_1_65' title="bbox 1850 2461 3438 2534; baseline -0.004 -11"><span class='ocrx_word' id='word_1_447' title='bbox 1850 2468 2010 2525; x_wconf 85' lang='lat' dir='ltr'><strong>modo</strong></span> <span class='ocrx_word' id='word_1_448' title='bbox 2041 2467 2370 2521; x_wconf 88' lang='lat' dir='ltr'><strong>mutationes</strong></span> <span class='ocrx_word' id='word_1_449' title='bbox 2399 2466 2699 2529; x_wconf 89' lang='lat' dir='ltr'><strong>climatum,</strong></span> <span class='ocrx_word' id='word_1_450' title='bbox 2729 2465 2810 2519; x_wconf 89' lang='lat' dir='ltr'><strong>vel</strong></span> <span class='ocrx_word' id='word_1_451' title='bbox 2842 2465 2892 2518; x_wconf 93' lang='lat' dir='ltr'><strong>in</strong></span> <span class='ocrx_word' id='word_1_452' title='bbox 2937 2481 3042 2534; x_wconf 82' lang='lat' dir='ltr'><strong>quo</strong></span> <span class='ocrx_word' id='word_1_453' title='bbox 3083 2475 3134 2518; x_wconf 91' lang='lat' dir='ltr'><strong>tu</strong></span> <span class='ocrx_word' id='word_1_454' title='bbox 3164 2463 3258 2518; x_wconf 86' lang='lat' dir='ltr'><strong>sis.</strong></span> <span class='ocrx_word' id='word_1_455' title='bbox 3303 2461 3438 2525; x_wconf 84' lang='lat' dir='ltr'><strong>Nam</strong></span> 
     </span>
    </p>
   </div>
   <div class='ocr_carea' id='block_1_66' title="bbox 1849 2554 3457 2631">
    <p class='ocr_par' dir='ltr' id='par_1_66' title="bbox 1849 2554 3457 2631">
     <span class='ocr_line' id='line_1_66' title="bbox 1849 2554 3457 2631; baseline -0.005 -13"><span class='ocrx_word' id='word_1_456' title='bbox 1849 2562 1985 2618; x_wconf 85' lang='lat' dir='ltr'><strong>sicut</strong></span> <span class='ocrx_word' id='word_1_457' title='bbox 2013 2567 2238 2631; x_wconf 87' lang='lat' dir='ltr'><strong>propter</strong></span> <span class='ocrx_word' id='word_1_458' title='bbox 2261 2559 2424 2614; x_wconf 89' lang='lat' dir='ltr'><strong>situm</strong></span> <span class='ocrx_word' id='word_1_459' title='bbox 2457 2567 2614 2613; x_wconf 70' lang='lat' dir='ltr'><strong>terrae</strong></span> <span class='ocrx_word' id='word_1_460' title='bbox 2642 2574 2746 2613; x_wconf 89' lang='lat' dir='ltr'><strong>non</strong></span> <span class='ocrx_word' id='word_1_461' title='bbox 2777 2558 2914 2613; x_wconf 88' lang='lat' dir='ltr'><strong>idem</strong></span> <span class='ocrx_word' id='word_1_462' title='bbox 2948 2557 3204 2614; x_wconf 83' lang='lat' dir='ltr'><strong>meridies</strong></span> <span class='ocrx_word' id='word_1_463' title='bbox 3228 2554 3286 2610; x_wconf 85' lang='lat' dir='ltr'><strong>Iit</strong></span> <span class='ocrx_word' id='word_1_464' title='bbox 3323 2554 3457 2610; x_wconf 83' lang='lat' dir='ltr'><strong>ubi-&#39;</strong></span> 
     </span>
    </p>
   </div>
   <div class='ocr_carea' id='block_1_67' title="bbox 1850 2647 3440 2724">
    <p class='ocr_par' dir='ltr' id='par_1_67' title="bbox 1850 2647 3440 2724">
     <span class='ocr_line' id='line_1_67' title="bbox 1850 2647 3440 2724; baseline -0.004 -18"><span class='ocrx_word' id='word_1_465' title='bbox 1850 2667 1978 2724; x_wconf 89' lang='lat' dir='ltr'><strong>que,</strong></span> <span class='ocrx_word' id='word_1_466' title='bbox 2008 2653 2078 2705; x_wconf 88' lang='lat' dir='ltr'><strong>ita</strong></span> <span class='ocrx_word' id='word_1_467' title='bbox 2107 2651 2295 2707; x_wconf 61' lang='lat' dir='ltr'><strong>eadem</strong></span> <span class='ocrx_word' id='word_1_468' title='bbox 2326 2649 2604 2718; x_wconf 79' lang='lat' dir='ltr'><strong>horologia</strong></span> <span class='ocrx_word' id='word_1_469' title='bbox 2637 2665 2757 2704; x_wconf 90' lang='lat' dir='ltr'><strong>esse</strong></span> <span class='ocrx_word' id='word_1_470' title='bbox 2803 2657 3094 2718; x_wconf 77' lang='lat' dir='ltr'><strong>nequeunt.</strong></span> <span class='ocrx_word' id='word_1_471' title='bbox 3131 2647 3267 2702; x_wconf 88' lang='lat' dir='ltr'><strong>Sunt</strong></span> <span class='ocrx_word' id='word_1_472' title='bbox 3296 2647 3440 2700; x_wconf 88' lang='lat' dir='ltr'><strong>enim</strong></span> 
     </span>
    </p>
   </div>
   <div class='ocr_carea' id='block_1_68' title="bbox 1851 2738 3439 2810">
    <p class='ocr_par' dir='ltr' id='par_1_68' title="bbox 1851 2738 3439 2810">
     <span class='ocr_line' id='line_1_68' title="bbox 1851 2738 3439 2810; baseline -0.007 -10"><span class='ocrx_word' id='word_1_473' title='bbox 1851 2744 2148 2800; x_wconf 84' lang='lat' dir='ltr'><strong>secundum</strong></span> <span class='ocrx_word' id='word_1_474' title='bbox 2178 2751 2337 2798; x_wconf 70' lang='lat' dir='ltr'><strong>terrae</strong></span> <span class='ocrx_word' id='word_1_475' title='bbox 2364 2742 2688 2810; x_wconf 81' lang='lat' dir='ltr'><strong>positionem</strong></span> <span class='ocrx_word' id='word_1_476' title='bbox 2713 2750 2766 2797; x_wconf 88' lang='lat' dir='ltr'><strong>et</strong></span> <span class='ocrx_word' id='word_1_477' title='bbox 2791 2740 3147 2799; x_wconf 86' lang='lat' dir='ltr'><strong>discretioncs</strong></span> <span class='ocrx_word' id='word_1_478' title='bbox 3165 2738 3439 2794; x_wconf 87' lang='lat' dir='ltr'><strong>climatum</strong></span> 
     </span>
    </p>
   </div>
   <div class='ocr_carea' id='block_1_69' title="bbox 1853 2827 3443 2902">
    <p class='ocr_par' dir='ltr' id='par_1_69' title="bbox 1853 2827 3443 2902">
     <span class='ocr_line' id='line_1_69' title="bbox 1853 2827 3443 2902; baseline -0.008 -12"><span class='ocrx_word' id='word_1_479' title='bbox 1853 2835 2108 2890; x_wconf 88' lang='lat' dir='ltr'><strong>mutanda</strong></span> <span class='ocrx_word' id='word_1_480' title='bbox 2145 2831 2448 2902; x_wconf 85' lang='lat' dir='ltr'><strong>horologia,</strong></span> <span class='ocrx_word' id='word_1_481' title='bbox 2482 2832 2546 2886; x_wconf 91' lang='lat' dir='ltr'><strong>dc</strong></span> <span class='ocrx_word' id='word_1_482' title='bbox 2573 2846 2803 2901; x_wconf 85' lang='lat' dir='ltr'><strong>quorum</strong></span> <span class='ocrx_word' id='word_1_483' title='bbox 2835 2829 3229 2888; x_wconf 80' lang='lat' dir='ltr'><strong>mutationibus</strong></span> <span class='ocrx_word' id='word_1_484' title='bbox 3259 2827 3443 2881; x_wconf 79' lang='lat' dir='ltr'><strong>Ptolo-</strong></span> 
     </span>
    </p>
   </div>
   <div class='ocr_carea' id='block_1_70' title="bbox 1852 2917 3444 2983">
    <p class='ocr_par' dir='ltr' id='par_1_70' title="bbox 1852 2917 3444 2983">
     <span class='ocr_line' id='line_1_70' title="bbox 1852 2917 3444 2983; baseline -0.008 -1"><span class='ocrx_word' id='word_1_485' title='bbox 1852 2944 2022 2983; x_wconf 69' lang='lat' dir='ltr'><strong>mmus</strong></span> <span class='ocrx_word' id='word_1_486' title='bbox 2051 2935 2106 2981; x_wconf 88' lang='lat' dir='ltr'><strong>et</strong></span> <span class='ocrx_word' id='word_1_487' title='bbox 2135 2925 2522 2981; x_wconf 84' lang='lat' dir='ltr'><strong>Eratosthenes</strong></span> <span class='ocrx_word' id='word_1_488' title='bbox 2553 2923 2687 2980; x_wconf 80' lang='lat' dir='ltr'><strong>satis</strong></span> <span class='ocrx_word' id='word_1_489' title='bbox 2714 2922 2890 2978; x_wconf 85' lang='lat' dir='ltr'><strong>lucide</strong></span> <span class='ocrx_word' id='word_1_490' title='bbox 2929 2928 3184 2974; x_wconf 78' lang='lat' dir='ltr'><strong>tractant.</strong></span> <span class='ocrx_word' id='word_1_491' title='bbox 3217 2917 3444 2974; x_wconf 74' lang='lat' dir='ltr'><strong>Marci-.-</strong></span> 
     </span>
    </p>
   </div>
   <div class='ocr_carea' id='block_1_71' title="bbox 1853 3009 3442 3090">
    <p class='ocr_par' dir='ltr' id='par_1_71' title="bbox 1853 3009 3442 3090">
     <span class='ocr_line' id='line_1_71' title="bbox 1853 3009 3442 3090; baseline -0.008 -16"><span class='ocrx_word' id='word_1_492' title='bbox 1853 3033 2202 3090; x_wconf 89' lang='lat' dir='ltr'><strong>nus-quoqne</strong></span> <span class='ocrx_word' id='word_1_493' title='bbox 2247 3033 2356 3074; x_wconf 87' lang='lat' dir='ltr'><strong>non</strong></span> <span class='ocrx_word' id='word_1_494' title='bbox 2405 3014 2578 3070; x_wconf 87' lang='lat' dir='ltr'><strong>solum</strong></span> <span class='ocrx_word' id='word_1_495' title='bbox 2613 3015 2678 3068; x_wconf 90' lang='lat' dir='ltr'><strong>de</strong></span> <span class='ocrx_word' id='word_1_496' title='bbox 2722 3012 3110 3067; x_wconf 83' lang='lat' dir='ltr'><strong>mutationibus</strong></span> <span class='ocrx_word' id='word_1_497' title='bbox 3142 3009 3442 3074; x_wconf 82' lang='lat' dir='ltr'><strong>climatum,</strong></span> 
     </span>
    </p>
   </div>
   <div class='ocr_carea' id='block_1_72' title="bbox 1853 3097 3444 3174">
    <p class='ocr_par' dir='ltr' id='par_1_72' title="bbox 1853 3097 3444 3174">
     <span class='ocr_line' id='line_1_72' title="bbox 1853 3097 3444 3174; baseline -0.008 -11"><span class='ocrx_word' id='word_1_498' title='bbox 1853 3109 1947 3164; x_wconf 86' lang='lat' dir='ltr'><strong>sed</strong></span> <span class='ocrx_word' id='word_1_499' title='bbox 1967 3108 2129 3162; x_wconf 87' lang='lat' dir='ltr'><strong>etiam</strong></span> <span class='ocrx_word' id='word_1_500' title='bbox 2154 3106 2219 3162; x_wconf 91' lang='lat' dir='ltr'><strong>de</strong></span> <span class='ocrx_word' id='word_1_501' title='bbox 2243 3104 2578 3174; x_wconf 80' lang='lat' dir='ltr'><strong>singulorum</strong></span> <span class='ocrx_word' id='word_1_502' title='bbox 2630 3101 2858 3158; x_wconf 89' lang='lat' dir='ltr'><strong>meridie</strong></span> <span class='ocrx_word' id='word_1_503' title='bbox 2908 3108 2963 3154; x_wconf 87' lang='lat' dir='ltr'><strong>et</strong></span> <span class='ocrx_word' id='word_1_504' title='bbox 3007 3097 3287 3152; x_wconf 82' lang='lat' dir='ltr'><strong>altitudine</strong></span> <span class='ocrx_word' id='word_1_505' title='bbox 3347 3113 3444 3150; x_wconf 88' lang='lat' dir='ltr'><strong>seu</strong></span> 
     </span>
    </p>
   </div>
   <div class='ocr_carea' id='block_1_73' title="bbox 1777 3185 3438 3274">
    <p class='ocr_par' dir='ltr' id='par_1_73' title="bbox 1777 3185 3438 3274">
     <span class='ocr_line' id='line_1_73' title="bbox 1777 3185 3438 3274; baseline -0.011 -12"><span class='ocrx_word' id='word_1_506' title='bbox 1777 3185 1824 3248; x_wconf 67' lang='grc' dir='ltr'>ο</span> <span class='ocrx_word' id='word_1_507' title='bbox 1857 3205 2006 3261; x_wconf 78' lang='lat' dir='ltr'><strong>horis</strong></span> <span class='ocrx_word' id='word_1_508' title='bbox 2030 3201 2498 3274; x_wconf 56' lang='lat' dir='ltr'><strong>aequinocjaiiluts</strong></span> <span class='ocrx_word' id='word_1_509' title='bbox 2530 3199 2663 3253; x_wconf 91' lang='lat' dir='ltr'><strong>satis</strong></span> <span class='ocrx_word' id='word_1_510' title='bbox 2686 3197 2927 3267; x_wconf 76' lang='lat' dir='ltr'><strong>expedit.</strong></span> <span class='ocrx_word' id='word_1_511' title='bbox 2955 3192 3120 3264; x_wconf 86' lang='lat' dir='ltr'><strong>Cujus</strong></span> <span class='ocrx_word' id='word_1_512' title='bbox 3152 3191 3438 3248; x_wconf 86' lang='lat' dir='ltr'><strong>scientiam</strong></span> 
     </span>
    </p>
   </div>
   <div class='ocr_carea' id='block_1_74' title="bbox 1854 3289 2975 3355">
    <p class='ocr_par' dir='ltr' id='par_1_74' title="bbox 1854 3289 2975 3355">
     <span class='ocr_line' id='line_1_74' title="bbox 1854 3289 2975 3355; baseline -0.012 -1"><span class='ocrx_word' id='word_1_513' title='bbox 1854 3309 1902 3355; x_wconf 86' lang='lat' dir='ltr'><strong>et</strong></span> <span class='ocrx_word' id='word_1_514' title='bbox 1935 3297 2220 3352; x_wconf 71' lang='lat' dir='ltr'><strong>Arahicam</strong></span> <span class='ocrx_word' id='word_1_515' title='bbox 2250 3311 2352 3350; x_wconf 92' lang='lat' dir='ltr'><strong>non</strong></span> <span class='ocrx_word' id='word_1_516' title='bbox 2384 3302 2467 3348; x_wconf 84' lang='lat' dir='ltr'><strong>est</strong></span> <span class='ocrx_word' id='word_1_517' title='bbox 2493 3291 2680 3347; x_wconf 84' lang='lat' dir='ltr'><strong>inutile</strong></span> <span class='ocrx_word' id='word_1_518' title='bbox 2711 3289 2975 3345; x_wconf 86' lang='lat' dir='ltr'><strong>scribere.</strong></span> 
     </span>
    </p>
   </div>
   <div class='ocr_carea' id='block_1_75' title="bbox 1926 3372 3446 3445">
    <p class='ocr_par' dir='ltr' id='par_1_75' title="bbox 1926 3372 3446 3445">
     <span class='ocr_line' id='line_1_75' title="bbox 1926 3372 3446 3445; baseline -0.011 -3"><span class='ocrx_word' id='word_1_519' title='bbox 1926 3388 2292 3443; x_wconf 85' lang='lat' dir='ltr'><strong>Discretiones</strong></span> <span class='ocrx_word' id='word_1_520' title='bbox 2339 3385 2618 3438; x_wconf 84' lang='lat' dir='ltr'><strong>climatum</strong></span> <span class='ocrx_word' id='word_1_521' title='bbox 2655 3390 2711 3436; x_wconf 91' lang='lat' dir='ltr'><strong>et</strong></span> <span class='ocrx_word' id='word_1_522' title='bbox 2765 3379 3094 3434; x_wconf 75' lang='lat' dir='ltr'><strong>mutationes</strong></span> <span class='ocrx_word' id='word_1_523' title='bbox 3135 3372 3446 3445; x_wconf 83' lang='lat' dir='ltr'><strong>horologio-</strong></span> 
     </span>
    </p>
   </div>
   <div class='ocr_carea' id='block_1_76' title="bbox 1859 3464 3445 3547">
    <p class='ocr_par' dir='ltr' id='par_1_76' title="bbox 1859 3464 3445 3547">
     <span class='ocr_line' id='line_1_76' title="bbox 1859 3464 3445 3547; baseline -0.012 -14"><span class='ocrx_word' id='word_1_524' title='bbox 1859 3495 1979 3534; x_wconf 92' lang='lat' dir='ltr'><strong>rum</strong></span> <span class='ocrx_word' id='word_1_525' title='bbox 2010 3492 2106 3547; x_wconf 93' lang='lat' dir='ltr'><strong>per</strong></span> <span class='ocrx_word' id='word_1_526' title='bbox 2136 3476 2296 3530; x_wconf 86' lang='lat' dir='ltr'><strong>istam</strong></span> <span class='ocrx_word' id='word_1_527' title='bbox 2323 3473 2648 3528; x_wconf 69' lang='lat' dir='ltr'><strong>sententiam</strong></span> <span class='ocrx_word' id='word_1_528' title='bbox 2679 3469 2858 3525; x_wconf 90' lang='lat' dir='ltr'><strong>taliter</strong></span> <span class='ocrx_word' id='word_1_529' title='bbox 2887 3469 3027 3523; x_wconf 86' lang='lat' dir='ltr'><strong>scire</strong></span> <span class='ocrx_word' id='word_1_530' title='bbox 3056 3467 3278 3538; x_wconf 86' lang='lat' dir='ltr'><strong>poteris.</strong></span> <span class='ocrx_word' id='word_1_531' title='bbox 3311 3464 3445 3517; x_wconf 89' lang='lat' dir='ltr'><strong>Dmn</strong></span> 
     </span>
    </p>
   </div>
   <div class='ocr_carea' id='block_1_77' title="bbox 1857 3557 3448 3641">
    <p class='ocr_par' dir='ltr' id='par_1_77' title="bbox 1857 3557 3448 3641">
     <span class='ocr_line' id='line_1_77' title="bbox 1857 3557 3448 3641; baseline -0.01 -17"><span class='ocrx_word' id='word_1_532' title='bbox 1857 3569 2058 3641; x_wconf 80' lang='lat' dir='ltr'><strong>qmeris</strong></span> <span class='ocrx_word' id='word_1_533' title='bbox 2107 3569 2159 3621; x_wconf 93' lang='lat' dir='ltr'><strong>in</strong></span> <span class='ocrx_word' id='word_1_534' title='bbox 2208 3582 2316 3637; x_wconf 88' lang='lat' dir='ltr'><strong>quo</strong></span> <span class='ocrx_word' id='word_1_535' title='bbox 2371 3565 2586 3618; x_wconf 67' lang='lat' dir='ltr'><strong>climate</strong></span> <span class='ocrx_word' id='word_1_536' title='bbox 2627 3564 2726 3626; x_wconf 88' lang='lat' dir='ltr'><strong>sis,</strong></span> <span class='ocrx_word' id='word_1_537' title='bbox 2773 3561 2859 3616; x_wconf 86' lang='lat' dir='ltr'><strong>vel</strong></span> <span class='ocrx_word' id='word_1_538' title='bbox 2905 3577 3012 3632; x_wconf 87' lang='lat' dir='ltr'><strong>quo</strong></span> <span class='ocrx_word' id='word_1_539' title='bbox 3064 3557 3342 3628; x_wconf 72' lang='lat' dir='ltr'><strong>horologio</strong></span> <span class='ocrx_word' id='word_1_540' title='bbox 3371 3557 3448 3610; x_wconf 90' lang='lat' dir='ltr'><strong>ttti</strong></span> 
     </span>
    </p>
   </div>
   <div class='ocr_carea' id='block_1_78' title="bbox 1857 3649 3449 3729">
    <p class='ocr_par' dir='ltr' id='par_1_78' title="bbox 1857 3649 3449 3729">
     <span class='ocr_line' id='line_1_78' title="bbox 1857 3649 3449 3729; baseline -0.01 -11"><span class='ocrx_word' id='word_1_541' title='bbox 1857 3663 2058 3718; x_wconf 81' lang='lat' dir='ltr'><strong>debeas</strong></span> <span class='ocrx_word' id='word_1_542' title='bbox 2105 3659 2333 3729; x_wconf 85' lang='lat' dir='ltr'><strong>singulis</strong></span> <span class='ocrx_word' id='word_1_543' title='bbox 2375 3657 2426 3712; x_wconf 91' lang='lat' dir='ltr'><strong>in</strong></span> <span class='ocrx_word' id='word_1_544' title='bbox 2474 3656 2607 3710; x_wconf 85' lang='lat' dir='ltr'><strong>locis</strong></span> <span class='ocrx_word' id='word_1_545' title='bbox 2639 3655 2692 3710; x_wconf 92' lang='lat' dir='ltr'><strong>in</strong></span> <span class='ocrx_word' id='word_1_546' title='bbox 2740 3653 2937 3708; x_wconf 78' lang='lat' dir='ltr'><strong>Martio</strong></span> <span class='ocrx_word' id='word_1_547' title='bbox 2967 3668 3170 3711; x_wconf 84' lang='lat' dir='ltr'><strong>mense,</strong></span> <span class='ocrx_word' id='word_1_548' title='bbox 3200 3667 3323 3705; x_wconf 90' lang='lat' dir='ltr'><strong>cum</strong></span> <span class='ocrx_word' id='word_1_549' title='bbox 3370 3649 3449 3703; x_wconf 86' lang='lat' dir='ltr'><strong>sol</strong></span> 
     </span>
    </p>
   </div>
   <div class='ocr_carea' id='block_1_79' title="bbox 1857 3741 3450 3822">
    <p class='ocr_par' dir='ltr' id='par_1_79' title="bbox 1857 3741 3450 3822">
     <span class='ocr_line' id='line_1_79' title="bbox 1857 3741 3450 3822; baseline -0.01 -15"><span class='ocrx_word' id='word_1_550' title='bbox 1857 3752 2009 3809; x_wconf 87' lang='lat' dir='ltr'><strong>sitia</strong></span> <span class='ocrx_word' id='word_1_551' title='bbox 2047 3751 2222 3822; x_wconf 89' lang='lat' dir='ltr'><strong>primo</strong></span> <span class='ocrx_word' id='word_1_552' title='bbox 2263 3748 2436 3821; x_wconf 85' lang='lat' dir='ltr'><strong>gradu</strong></span> <span class='ocrx_word' id='word_1_553' title='bbox 2477 3746 2699 3810; x_wconf 71' lang='lat' dir='ltr'><strong>Arietis,</strong></span> <span class='ocrx_word' id='word_1_554' title='bbox 2729 3744 2812 3800; x_wconf 89' lang='lat' dir='ltr'><strong>vel</strong></span> <span class='ocrx_word' id='word_1_555' title='bbox 2867 3744 2920 3799; x_wconf 93' lang='lat' dir='ltr'><strong>in</strong></span> <span class='ocrx_word' id='word_1_556' title='bbox 2968 3741 3292 3813; x_wconf 85' lang='lat' dir='ltr'><strong>Septembri,</strong></span> <span class='ocrx_word' id='word_1_557' title='bbox 3327 3754 3450 3794; x_wconf 93' lang='lat' dir='ltr'><strong>cum</strong></span> 
     </span>
    </p>
   </div>
   <div class='ocr_carea' id='block_1_80' title="bbox 1859 3832 3488 3911">
    <p class='ocr_par' dir='ltr' id='par_1_80' title="bbox 1859 3832 3488 3911">
     <span class='ocr_line' id='line_1_80' title="bbox 1859 3832 3488 3911; baseline -0.012 -11"><span class='ocrx_word' id='word_1_558' title='bbox 1859 3845 1937 3900; x_wconf 92' lang='lat' dir='ltr'><strong>sol</strong></span> <span class='ocrx_word' id='word_1_559' title='bbox 1966 3844 2037 3900; x_wconf 88' lang='lat' dir='ltr'><strong>sit</strong></span> <span class='ocrx_word' id='word_1_560' title='bbox 2062 3843 2116 3897; x_wconf 92' lang='lat' dir='ltr'><strong>in</strong></span> <span class='ocrx_word' id='word_1_561' title='bbox 2145 3842 2322 3911; x_wconf 88' lang='lat' dir='ltr'><strong>primo</strong></span> <span class='ocrx_word' id='word_1_562' title='bbox 2347 3839 2514 3910; x_wconf 82' lang='lat' dir='ltr'><strong>gradu</strong></span> <span class='ocrx_word' id='word_1_563' title='bbox 2547 3837 2741 3901; x_wconf 75' lang='lat' dir='ltr'><strong>Librm,</strong></span> <span class='ocrx_word' id='word_1_564' title='bbox 2763 3836 2889 3906; x_wconf 87' lang='lat' dir='ltr'><strong>quia</strong></span> <span class='ocrx_word' id='word_1_565' title='bbox 2918 3845 3043 3894; x_wconf 84' lang='lat' dir='ltr'><strong>tunc</strong></span> <span class='ocrx_word' id='word_1_566' title='bbox 3063 3832 3298 3902; x_wconf 80' lang='lat' dir='ltr'><strong>:cquales</strong></span> <span class='ocrx_word' id='word_1_567' title='bbox 3323 3837 3453 3884; x_wconf 84' lang='lat' dir='ltr'><strong>sunt</strong></span> <span class='ocrx_word' id='word_1_568' title='bbox 3483 3867 3488 3872; x_wconf 84' lang='grc'><strong>-</strong></span> 
     </span>
    </p>
   </div>
   <div class='ocr_carea' id='block_1_81' title="bbox 1859 3919 3454 4005">
    <p class='ocr_par' dir='ltr' id='par_1_81' title="bbox 1859 3919 3454 4005">
     <span class='ocr_line' id='line_1_81' title="bbox 1859 3919 3454 4005; baseline -0.012 -14"><span class='ocrx_word' id='word_1_569' title='bbox 1859 3937 1975 3991; x_wconf 87' lang='lat' dir='ltr'><strong>dies</strong></span> <span class='ocrx_word' id='word_1_570' title='bbox 2003 3935 2242 4005; x_wconf 87' lang='lat' dir='ltr'><strong>ipsorum</strong></span> <span class='ocrx_word' id='word_1_571' title='bbox 2276 3931 2570 3994; x_wconf 91' lang='lat' dir='ltr'><strong>ntcnsium,</strong></span> <span class='ocrx_word' id='word_1_572' title='bbox 2602 3927 2888 3985; x_wconf 84' lang='lat' dir='ltr'><strong>considera</strong></span> <span class='ocrx_word' id='word_1_573' title='bbox 2925 3924 3150 3983; x_wconf 84' lang='lat' dir='ltr'><strong>ubilibet</strong></span> <span class='ocrx_word' id='word_1_574' title='bbox 3173 3929 3338 3992; x_wconf 88' lang='lat' dir='ltr'><strong>quota</strong></span> <span class='ocrx_word' id='word_1_575' title='bbox 3380 3919 3454 3974; x_wconf 87' lang='lat' dir='ltr'><strong>sit.</strong></span> 
     </span>
    </p>
   </div>
   <div class='ocr_carea' id='block_1_82' title="bbox 1859 4015 3449 4091">
    <p class='ocr_par' dir='ltr' id='par_1_82' title="bbox 1859 4015 3449 4091">
     <span class='ocr_line' id='line_1_82' title="bbox 1859 4015 3449 4091; baseline -0.011 -6"><span class='ocrx_word' id='word_1_576' title='bbox 1859 4029 2086 4085; x_wconf 87' lang='lat' dir='ltr'><strong>altitudo</strong></span> <span class='ocrx_word' id='word_1_577' title='bbox 2108 4027 2238 4083; x_wconf 90' lang='lat' dir='ltr'><strong>solis</strong></span> <span class='ocrx_word' id='word_1_578' title='bbox 2265 4026 2316 4081; x_wconf 92' lang='lat' dir='ltr'><strong>in</strong></span> <span class='ocrx_word' id='word_1_579' title='bbox 2349 4025 2593 4090; x_wconf 74' lang='lat' dir='ltr'><strong>meridie,</strong></span> <span class='ocrx_word' id='word_1_580' title='bbox 2626 4031 2681 4077; x_wconf 86' lang='lat' dir='ltr'><strong>et</strong></span> <span class='ocrx_word' id='word_1_581' title='bbox 2705 4030 2966 4091; x_wconf 86' lang='lat' dir='ltr'><strong>quantum</strong></span> <span class='ocrx_word' id='word_1_582' title='bbox 2998 4019 3176 4073; x_wconf 89' lang='lat' dir='ltr'><strong>minus</strong></span> <span class='ocrx_word' id='word_1_583' title='bbox 3201 4017 3269 4072; x_wconf 91' lang='lat' dir='ltr'><strong>sit</strong></span> <span class='ocrx_word' id='word_1_584' title='bbox 3303 4034 3331 4068; x_wconf 76' lang='grc' dir='ltr'><strong>ιι</strong></span> <span class='ocrx_word' id='word_1_585' title='bbox 3359 4015 3449 4077; x_wconf 82' lang='grc'><strong>90,</strong></span> 
     </span>
    </p>
   </div>
   <div class='ocr_carea' id='block_1_83' title="bbox 1859 4107 3447 4191">
    <p class='ocr_par' dir='ltr' id='par_1_83' title="bbox 1859 4107 3447 4191">
     <span class='ocr_line' id='line_1_83' title="bbox 1859 4107 3447 4191; baseline -0.011 -15"><span class='ocrx_word' id='word_1_586' title='bbox 1859 4130 1914 4176; x_wconf 90' lang='lat' dir='ltr'><strong>et</strong></span> <span class='ocrx_word' id='word_1_587' title='bbox 1971 4128 2168 4191; x_wconf 88' lang='lat' dir='ltr'><strong>quotus</strong></span> <span class='ocrx_word' id='word_1_588' title='bbox 2217 4131 2478 4171; x_wconf 82' lang='lat' dir='ltr'><strong>numerus</strong></span> <span class='ocrx_word' id='word_1_589' title='bbox 2539 4123 2616 4169; x_wconf 85' lang='lat' dir='ltr'><strong>est</strong></span> <span class='ocrx_word' id='word_1_590' title='bbox 2655 4153 2670 4177; x_wconf 94' lang='lat'><strong>,</strong></span> <span class='ocrx_word' id='word_1_591' title='bbox 2733 4111 2823 4180; x_wconf 91' lang='lat' dir='ltr'><strong>qui</strong></span> <span class='ocrx_word' id='word_1_592' title='bbox 2887 4111 3066 4169; x_wconf 79' lang='lat' dir='ltr'><strong>minus</strong></span> <span class='ocrx_word' id='word_1_593' title='bbox 3115 4117 3202 4162; x_wconf 87' lang='lat' dir='ltr'><strong>est</strong></span> <span class='ocrx_word' id='word_1_594' title='bbox 3248 4123 3277 4159; x_wconf 87' lang='lat' dir='ltr'><strong>a</strong></span> <span class='ocrx_word' id='word_1_595' title='bbox 3335 4107 3447 4166; x_wconf 85' lang='lat'><strong>90,</strong></span> 
     </span>
    </p>
   </div>
   <div class='ocr_carea' id='block_1_84' title="bbox 1862 4195 3456 4275">
    <p class='ocr_par' dir='ltr' id='par_1_84' title="bbox 1862 4195 3456 4275">
     <span class='ocr_line' id='line_1_84' title="bbox 1862 4195 3456 4275; baseline -0.011 -10"><span class='ocrx_word' id='word_1_596' title='bbox 1862 4219 1972 4265; x_wconf 90' lang='lat' dir='ltr'><strong>tota</strong></span> <span class='ocrx_word' id='word_1_597' title='bbox 2001 4217 2085 4264; x_wconf 88' lang='lat' dir='ltr'><strong>est</strong></span> <span class='ocrx_word' id='word_1_598' title='bbox 2109 4207 2340 4262; x_wconf 87' lang='lat' dir='ltr'><strong>altitudo</strong></span> <span class='ocrx_word' id='word_1_599' title='bbox 2373 4205 2541 4275; x_wconf 78' lang='lat' dir='ltr'><strong>ipsius</strong></span> <span class='ocrx_word' id='word_1_600' title='bbox 2572 4201 2804 4257; x_wconf 81' lang='lat' dir='ltr'><strong>climatis</strong></span> <span class='ocrx_word' id='word_1_601' title='bbox 2855 4199 2908 4255; x_wconf 89' lang='lat' dir='ltr'><strong>in</strong></span> <span class='ocrx_word' id='word_1_602' title='bbox 2953 4215 3058 4270; x_wconf 92' lang='lat' dir='ltr'><strong>quo</strong></span> <span class='ocrx_word' id='word_1_603' title='bbox 3101 4213 3182 4254; x_wconf 89' lang='lat' dir='ltr'><strong>es.</strong></span> <span class='ocrx_word' id='word_1_604' title='bbox 3220 4195 3288 4250; x_wconf 84' lang='lat' dir='ltr'><strong>Et</strong></span> <span class='ocrx_word' id='word_1_605' title='bbox 3326 4204 3456 4248; x_wconf 91' lang='lat' dir='ltr'><strong>tunc</strong></span> 
     </span>
    </p>
   </div>
   <div class='ocr_carea' id='block_1_85' title="bbox 1860 4285 3448 4366">
    <p class='ocr_par' dir='ltr' id='par_1_85' title="bbox 1860 4285 3448 4366">
     <span class='ocr_line' id='line_1_85' title="bbox 1860 4285 3448 4366; baseline -0.012 -11"><span class='ocrx_word' id='word_1_606' title='bbox 1860 4299 2148 4357; x_wconf 87' lang='lat' dir='ltr'><strong>considera</strong></span> <span class='ocrx_word' id='word_1_607' title='bbox 2205 4297 2260 4350; x_wconf 91' lang='lat' dir='ltr'><strong>in</strong></span> <span class='ocrx_word' id='word_1_608' title='bbox 2306 4311 2412 4366; x_wconf 90' lang='lat' dir='ltr'><strong>qua</strong></span> <span class='ocrx_word' id='word_1_609' title='bbox 2483 4291 2786 4348; x_wconf 87' lang='lat' dir='ltr'><strong>tabularum</strong></span> <span class='ocrx_word' id='word_1_610' title='bbox 2841 4289 3139 4358; x_wconf 83' lang='lat' dir='ltr'><strong>inscriptus</strong></span> <span class='ocrx_word' id='word_1_611' title='bbox 3186 4285 3258 4342; x_wconf 90' lang='lat' dir='ltr'><strong>sit</strong></span> <span class='ocrx_word' id='word_1_612' title='bbox 3309 4286 3448 4339; x_wconf 88' lang='lat' dir='ltr'><strong>idem</strong></span> 
     </span>
    </p>
   </div>
   <div class='ocr_carea' id='block_1_86' title="bbox 1863 4377 3456 4460">
    <p class='ocr_par' dir='ltr' id='par_1_86' title="bbox 1863 4377 3456 4460">
     <span class='ocr_line' id='line_1_86' title="bbox 1863 4377 3456 4460; baseline -0.011 -13"><span class='ocrx_word' id='word_1_613' title='bbox 1863 4406 2144 4456; x_wconf 77' lang='lat' dir='ltr'><strong>numerus,</strong></span> <span class='ocrx_word' id='word_1_614' title='bbox 2176 4388 2268 4460; x_wconf 91' lang='lat' dir='ltr'><strong>qui</strong></span> <span class='ocrx_word' id='word_1_615' title='bbox 2303 4387 2457 4444; x_wconf 86' lang='lat' dir='ltr'><strong>deest</strong></span> <span class='ocrx_word' id='word_1_616' title='bbox 2497 4401 2527 4440; x_wconf 89' lang='lat' dir='ltr'><strong>a</strong></span> <span class='ocrx_word' id='word_1_617' title='bbox 2563 4382 2902 4456; x_wconf 83' lang='lat' dir='ltr'><strong>perfectione</strong></span> <span class='ocrx_word' id='word_1_618' title='bbox 2952 4379 3041 4436; x_wconf 86' lang='lat'><strong>90.</strong></span> <span class='ocrx_word' id='word_1_619' title='bbox 3072 4377 3208 4436; x_wconf 81' lang='lat' dir='ltr'><strong>Nam</strong></span> <span class='ocrx_word' id='word_1_620' title='bbox 3263 4377 3456 4432; x_wconf 85' lang='lat' dir='ltr'><strong>subtus</strong></span> 
     </span>
    </p>
   </div>
   <div class='ocr_carea' id='block_1_87' title="bbox 1863 4465 3455 4548">
    <p class='ocr_par' dir='ltr' id='par_1_87' title="bbox 1863 4465 3455 4548">
     <span class='ocr_line' id='line_1_87' title="bbox 1863 4465 3455 4548; baseline -0.011 -11"><span class='ocrx_word' id='word_1_621' title='bbox 1863 4479 2309 4537; x_wconf 82' lang='lat' dir='ltr'><strong>Ahnucantaratb</strong></span> <span class='ocrx_word' id='word_1_622' title='bbox 2331 4477 2516 4548; x_wconf 85' lang='lat' dir='ltr'><strong>scripti</strong></span> <span class='ocrx_word' id='word_1_623' title='bbox 2539 4483 2668 4530; x_wconf 85' lang='lat' dir='ltr'><strong>sunt</strong></span> <span class='ocrx_word' id='word_1_624' title='bbox 2697 4473 2974 4538; x_wconf 86' lang='lat' dir='ltr'><strong>meridies,</strong></span> <span class='ocrx_word' id='word_1_625' title='bbox 3004 4468 3301 4536; x_wconf 78' lang='lat' dir='ltr'><strong>secundum</strong></span> <span class='ocrx_word' id='word_1_626' title='bbox 3331 4465 3455 4521; x_wconf 87' lang='lat' dir='ltr'><strong>lati-</strong></span> 
     </span>
    </p>
   </div>
   <div class='ocr_carea' id='block_1_88' title="bbox 192 4538 1748 4636">
    <p class='ocr_par' dir='ltr' id='par_1_88' title="bbox 192 4538 1748 4636">
     <span class='ocr_line' id='line_1_88' title="bbox 192 4538 1748 4636; baseline 0.006 -40"><span class='ocrx_word' id='word_1_627' title='bbox 192 4538 453 4636; x_wconf 83' lang='lat' dir='ltr'><strong>Cygno.</strong></span> <span class='ocrx_word' id='word_1_628' title='bbox 485 4545 546 4600; x_wconf 89' lang='lat' dir='ltr'><strong>In</strong></span> <span class='ocrx_word' id='word_1_629' title='bbox 574 4545 776 4617; x_wconf 76' lang='lat' dir='ltr'><strong>Auriga</strong></span> <span class='ocrx_word' id='word_1_630' title='bbox 828 4548 948 4603; x_wconf 65' lang='lat' dir='ltr'><strong>dum</strong></span> <span class='ocrx_word' id='word_1_631' title='bbox 999 4557 1125 4606; x_wconf 89' lang='lat' dir='ltr'><strong>sunt</strong></span> <span class='ocrx_word' id='word_1_632' title='bbox 1173 4549 1490 4610; x_wconf 86' lang='lat' dir='ltr'><strong>lucidiorcs.</strong></span> <span class='ocrx_word' id='word_1_633' title='bbox 1521 4551 1748 4618; x_wconf 76' lang='lat' dir='ltr'><strong>Menreb,</strong></span> 
     </span>
    </p>
   </div>
   <div class='ocr_carea' id='block_1_89' title="bbox 1855 4538 3454 4636">
    <p class='ocr_par' dir='ltr' id='par_1_89' title="bbox 1868 4538 3454 4636">
     <span class='ocr_line' id='line_1_89' title="bbox 1868 4538 3454 4636; baseline -0.009 -7"><span class='ocrx_word' id='word_1_634' title='bbox 1868 4574 2104 4629; x_wconf 53' lang='lat' dir='ltr'><strong>tuﬂiuezn</strong></span> <span class='ocrx_word' id='word_1_635' title='bbox 2133 4538 2519 4632; x_wconf 60' lang='grc' dir='ltr'>οιίιιιίιιιιιιι,ὀι</span> <span class='ocrx_word' id='word_1_636' title='bbox 2559 4574 2807 4636; x_wconf 89' lang='lat' dir='ltr'><strong>quotum,</strong></span> <span class='ocrx_word' id='word_1_637' title='bbox 2842 4563 2931 4618; x_wconf 84' lang='lat' dir='ltr'><strong>vel</strong></span> <span class='ocrx_word' id='word_1_638' title='bbox 2969 4561 3022 4616; x_wconf 89' lang='lat' dir='ltr'><strong>in</strong></span> <span class='ocrx_word' id='word_1_639' title='bbox 3061 4577 3167 4632; x_wconf 83' lang='lat' dir='ltr'><strong>qua</strong></span> <span class='ocrx_word' id='word_1_640' title='bbox 3195 4558 3454 4629; x_wconf 82' lang='lat' dir='ltr'><strong>reperies,</strong></span> 
     </span>
    </p>
   </div>
   <div class='ocr_carea' id='block_1_90' title="bbox 195 4632 1754 4714">
    <p class='ocr_par' dir='ltr' id='par_1_90' title="bbox 195 4632 1754 4714">
     <span class='ocr_line' id='line_1_90' title="bbox 195 4632 1754 4714; baseline 0.008 -28"><span class='ocrx_word' id='word_1_641' title='bbox 195 4632 409 4700; x_wconf 76' lang='lat' dir='ltr'><strong>Alroecli,</strong></span> <span class='ocrx_word' id='word_1_642' title='bbox 440 4639 493 4692; x_wconf 89' lang='lat' dir='ltr'><strong>id</strong></span> <span class='ocrx_word' id='word_1_643' title='bbox 517 4647 597 4694; x_wconf 90' lang='lat' dir='ltr'><strong>est</strong></span> <span class='ocrx_word' id='word_1_644' title='bbox 629 4637 917 4705; x_wconf 83' lang='lat' dir='ltr'><strong>Humerus,</strong></span> <span class='ocrx_word' id='word_1_645' title='bbox 947 4649 1002 4695; x_wconf 89' lang='lat' dir='ltr'><strong>et</strong></span> <span class='ocrx_word' id='word_1_646' title='bbox 1031 4641 1197 4710; x_wconf 80' lang='lat' dir='ltr'><strong>Rigel,</strong></span> <span class='ocrx_word' id='word_1_647' title='bbox 1224 4641 1275 4694; x_wconf 86' lang='lat' dir='ltr'><strong>id</strong></span> <span class='ocrx_word' id='word_1_648' title='bbox 1293 4653 1376 4696; x_wconf 89' lang='lat' dir='ltr'><strong>est</strong></span> <span class='ocrx_word' id='word_1_649' title='bbox 1401 4657 1492 4714; x_wconf 85' lang='lat' dir='ltr'><strong>pes</strong></span> <span class='ocrx_word' id='word_1_650' title='bbox 1519 4641 1600 4714; x_wconf 56' lang='grc' dir='ltr'><strong>Ξῖ</strong></span> <span class='ocrx_word' id='word_1_651' title='bbox 1630 4685 1645 4708; x_wconf 86' lang='grc'><strong><em>,</em></strong></span> <span class='ocrx_word' id='word_1_652' title='bbox 1673 4644 1754 4698; x_wconf 87' lang='lat' dir='ltr'><strong>vel</strong></span> 
     </span>
    </p>
   </div>
   <div class='ocr_carea' id='block_1_91' title="bbox 197 4725 1723 4804">
    <p class='ocr_par' dir='ltr' id='par_1_91' title="bbox 197 4725 1723 4804">
     <span class='ocr_line' id='line_1_91' title="bbox 197 4725 1723 4804; baseline 0.001 -19"><span class='ocrx_word' id='word_1_653' title='bbox 197 4725 259 4778; x_wconf 69' lang='lat' dir='ltr'><strong>ila</strong></span> <span class='ocrx_word' id='word_1_654' title='bbox 285 4728 370 4792; x_wconf 58' lang='grc' dir='ltr'><strong>*τι*</strong></span> <span class='ocrx_word' id='word_1_655' title='bbox 419 4738 502 4785; x_wconf 88' lang='lat' dir='ltr'><strong>est</strong></span> <span class='ocrx_word' id='word_1_656' title='bbox 529 4729 788 4801; x_wconf 81' lang='lat' dir='ltr'><strong>Pegasus,</strong></span> <span class='ocrx_word' id='word_1_657' title='bbox 822 4733 874 4787; x_wconf 91' lang='lat' dir='ltr'><strong>in</strong></span> <span class='ocrx_word' id='word_1_658' title='bbox 920 4747 1028 4804; x_wconf 92' lang='lat' dir='ltr'><strong>quo</strong></span> <span class='ocrx_word' id='word_1_659' title='bbox 1051 4734 1281 4789; x_wconf 87' lang='lat' dir='ltr'><strong>habetur</strong></span> <span class='ocrx_word' id='word_1_660' title='bbox 1311 4749 1417 4787; x_wconf 90' lang='lat' dir='ltr'><strong>una</strong></span> <span class='ocrx_word' id='word_1_661' title='bbox 1450 4733 1571 4787; x_wconf 89' lang='lat' dir='ltr'><strong>talis</strong></span> <span class='ocrx_word' id='word_1_662' title='bbox 1629 4733 1662 4804; x_wconf 61' lang='grc' dir='ltr'><strong>ξ</strong></span> <span class='ocrx_word' id='word_1_663' title='bbox 1690 4735 1723 4804; x_wconf 65' lang='grc' dir='ltr'><strong>ξ</strong></span> 
     </span>
    </p>
   </div>
   <div class='ocr_carea' id='block_1_92' title="bbox 1629 4775 1754 4805">
    <p class='ocr_par' dir='ltr' id='par_1_92' title="bbox 1629 4775 1754 4805">
     <span class='ocr_line' id='line_1_92' title="bbox 1629 4775 1754 4805; baseline 0 0"><span class='ocrx_word' id='word_1_664' title='bbox 1629 4775 1754 4805; x_wconf 58' lang='grc' dir='ltr'><strong>ίαν</strong></span> 
     </span>
    </p>
   </div>
   <div class='ocr_carea' id='block_1_93' title="bbox 199 4831 1759 4936">
    <p class='ocr_par' dir='ltr' id='par_1_93' title="bbox 199 4831 1759 4936">
     <span class='ocr_line' id='line_1_93' title="bbox 199 4831 1759 4936; baseline 0.012 -50"><span class='ocrx_word' id='word_1_665' title='bbox 199 4850 339 4903; x_wconf 89' lang='lat' dir='ltr'><strong>quam</strong></span> <span class='ocrx_word' id='word_1_666' title='bbox 373 4841 561 4897; x_wconf 85' lang='lat' dir='ltr'><strong>dicunt</strong></span> <span class='ocrx_word' id='word_1_667' title='bbox 585 4842 820 4914; x_wconf 78' lang='lat' dir='ltr'><strong>Alferaz.</strong></span> <span class='ocrx_word' id='word_1_668' title='bbox 853 4844 1043 4900; x_wconf 85' lang='lat' dir='ltr'><strong>Telum</strong></span> <span class='ocrx_word' id='word_1_669' title='bbox 1081 4857 1164 4902; x_wconf 85' lang='lat' dir='ltr'><strong>est</strong></span> <span class='ocrx_word' id='word_1_670' title='bbox 1190 4848 1262 4902; x_wconf 86' lang='lat' dir='ltr'><strong>ita</strong></span> <span class='ocrx_word' id='word_1_671' title='bbox 1307 4831 1338 4936; x_wconf 69' lang='grc' dir='ltr'>ξ</span> <span class='ocrx_word' id='word_1_672' title='bbox 1380 4845 1533 4916; x_wconf 83' lang='lat' dir='ltr'><strong>cujus</strong></span> <span class='ocrx_word' id='word_1_673' title='bbox 1557 4848 1610 4902; x_wconf 90' lang='lat' dir='ltr'><strong>in</strong></span> <span class='ocrx_word' id='word_1_674' title='bbox 1641 4863 1759 4904; x_wconf 88' lang='lat' dir='ltr'><strong>me-</strong></span> 
     </span>
    </p>
   </div>
   <div class='ocr_carea' id='block_1_94' title="bbox 199 4945 1758 5034">
    <p class='ocr_par' dir='ltr' id='par_1_94' title="bbox 199 4945 1758 5034">
     <span class='ocr_line' id='line_1_94' title="bbox 199 4945 1758 5034; baseline 0.012 -33"><span class='ocrx_word' id='word_1_675' title='bbox 199 4945 274 5003; x_wconf 85' lang='lat' dir='ltr'><strong>dio</strong></span> <span class='ocrx_word' id='word_1_676' title='bbox 298 4959 372 5006; x_wconf 85' lang='lat' dir='ltr'><strong>est</strong></span> <span class='ocrx_word' id='word_1_677' title='bbox 399 4969 526 5023; x_wconf 90' lang='lat' dir='ltr'><strong>una,</strong></span> <span class='ocrx_word' id='word_1_678' title='bbox 557 4971 722 5025; x_wconf 87' lang='lat' dir='ltr'><strong>quam</strong></span> <span class='ocrx_word' id='word_1_679' title='bbox 755 4956 937 5012; x_wconf 88' lang='lat' dir='ltr'><strong>dicunt</strong></span> <span class='ocrx_word' id='word_1_680' title='bbox 981 4958 1227 5015; x_wconf 75' lang='lat' dir='ltr'><strong>Alltadt&#39;b.</strong></span> <span class='ocrx_word' id='word_1_681' title='bbox 1267 4963 1321 5016; x_wconf 92' lang='lat' dir='ltr'><strong>In</strong></span> <span class='ocrx_word' id='word_1_682' title='bbox 1354 4964 1536 5034; x_wconf 82' lang='lat' dir='ltr'><strong>Cygno</strong></span> <span class='ocrx_word' id='word_1_683' title='bbox 1575 4971 1758 5020; x_wconf 88' lang='lat' dir='ltr'><strong>autem</strong></span> 
     </span>
    </p>
   </div>
   <div class='ocr_carea' id='block_1_95' title="bbox 200 5043 1764 5116">
    <p class='ocr_par' dir='ltr' id='par_1_95' title="bbox 200 5043 1764 5116">
     <span class='ocr_line' id='line_1_95' title="bbox 200 5043 1764 5116; baseline 0.012 -23"><span class='ocrx_word' id='word_1_684' title='bbox 200 5043 355 5100; x_wconf 85' lang='lat' dir='ltr'><strong>medio</strong></span> <span class='ocrx_word' id='word_1_685' title='bbox 398 5046 502 5102; x_wconf 88' lang='lat' dir='ltr'><strong>ima</strong></span> <span class='ocrx_word' id='word_1_686' title='bbox 546 5057 653 5112; x_wconf 83' lang='lat' dir='ltr'><strong>est,</strong></span> <span class='ocrx_word' id='word_1_687' title='bbox 684 5064 845 5116; x_wconf 81' lang='lat' dir='ltr'><strong>quam</strong></span> <span class='ocrx_word' id='word_1_688' title='bbox 875 5049 1066 5104; x_wconf 87' lang='lat' dir='ltr'><strong>dicunt</strong></span> <span class='ocrx_word' id='word_1_689' title='bbox 1113 5051 1306 5106; x_wconf 75' lang='lat' dir='ltr'><strong>Alceir.</strong></span> <span class='ocrx_word' id='word_1_690' title='bbox 1357 5054 1410 5108; x_wconf 89' lang='lat' dir='ltr'><strong>lu</strong></span> <span class='ocrx_word' id='word_1_691' title='bbox 1457 5056 1636 5110; x_wconf 86' lang='lat' dir='ltr'><strong>’I&#39;auro</strong></span> <span class='ocrx_word' id='word_1_692' title='bbox 1678 5063 1764 5111; x_wconf 82' lang='lat' dir='ltr'><strong>est</strong></span> 
     </span>
    </p>
   </div>
   <div class='ocr_carea' id='block_1_96' title="bbox 201 5139 1761 5238">
    <p class='ocr_par' dir='ltr' id='par_1_96' title="bbox 201 5139 1761 5238">
     <span class='ocr_line' id='line_1_96' title="bbox 201 5139 1761 5238; baseline 0.008 -48"><span class='ocrx_word' id='word_1_693' title='bbox 201 5151 290 5238; x_wconf 61' lang='lat' dir='ltr'><strong>una</strong></span> <span class='ocrx_word' id='word_1_694' title='bbox 313 5139 380 5195; x_wconf 88' lang='lat' dir='ltr'><strong>ita</strong></span> <span class='ocrx_word' id='word_1_695' title='bbox 407 5140 633 5198; x_wconf 88' lang='lat' dir='ltr'><strong>lucidior</strong></span> <span class='ocrx_word' id='word_1_696' title='bbox 683 5143 717 5214; x_wconf 60' lang='grc' dir='ltr'>ξ</span> <span class='ocrx_word' id='word_1_697' title='bbox 745 5140 777 5212; x_wconf 58' lang='grc' dir='ltr'><strong><em>ζ</em></strong></span> <span class='ocrx_word' id='word_1_698' title='bbox 805 5160 869 5210; x_wconf 61' lang='lat' dir='ltr'><strong>4r,</strong></span> <span class='ocrx_word' id='word_1_699' title='bbox 902 5158 1067 5212; x_wconf 86' lang='lat' dir='ltr'><strong>quam</strong></span> <span class='ocrx_word' id='word_1_700' title='bbox 1112 5146 1299 5201; x_wconf 88' lang='lat' dir='ltr'><strong>dicunt</strong></span> <span class='ocrx_word' id='word_1_701' title='bbox 1332 5146 1670 5202; x_wconf 80' lang='lat' dir='ltr'><strong>Aldebaram.</strong></span> <span class='ocrx_word' id='word_1_702' title='bbox 1701 5146 1761 5202; x_wconf 92' lang='lat' dir='ltr'><strong>In</strong></span> 
     </span>
    </p>
   </div>
   <div class='ocr_carea' id='block_1_97' title="bbox 1869 4649 3459 4735">
    <p class='ocr_par' dir='ltr' id='par_1_97' title="bbox 1869 4649 3459 4735">
     <span class='ocr_line' id='line_1_97' title="bbox 1869 4649 3459 4735; baseline -0.012 -15"><span class='ocrx_word' id='word_1_703' title='bbox 1869 4666 2042 4735; x_wconf 89' lang='lat' dir='ltr'><strong>ipsum</strong></span> <span class='ocrx_word' id='word_1_704' title='bbox 2069 4671 2153 4717; x_wconf 86' lang='lat' dir='ltr'><strong>est</strong></span> <span class='ocrx_word' id='word_1_705' title='bbox 2186 4660 2344 4716; x_wconf 90' lang='lat' dir='ltr'><strong>clima</strong></span> <span class='ocrx_word' id='word_1_706' title='bbox 2377 4660 2428 4713; x_wconf 91' lang='lat' dir='ltr'><strong>in</strong></span> <span class='ocrx_word' id='word_1_707' title='bbox 2456 4673 2562 4728; x_wconf 91' lang='lat' dir='ltr'><strong>quo</strong></span> <span class='ocrx_word' id='word_1_708' title='bbox 2588 4670 2670 4720; x_wconf 86' lang='lat' dir='ltr'><strong>es,</strong></span> <span class='ocrx_word' id='word_1_709' title='bbox 2703 4664 2758 4710; x_wconf 89' lang='lat' dir='ltr'><strong>et</strong></span> <span class='ocrx_word' id='word_1_710' title='bbox 2786 4653 3042 4708; x_wconf 80' lang='lat' dir='ltr'><strong>meridies</strong></span> <span class='ocrx_word' id='word_1_711' title='bbox 3069 4649 3198 4720; x_wconf 48' lang='lat' dir='ltr'><strong>ejus,</strong></span> <span class='ocrx_word' id='word_1_712' title='bbox 3234 4649 3459 4719; x_wconf 87' lang='lat' dir='ltr'><strong>ipsaque</strong></span> 
     </span>
    </p>
   </div>
   <div class='ocr_carea' id='block_1_98' title="bbox 1869 4742 3457 4825">
    <p class='ocr_par' dir='ltr' id='par_1_98' title="bbox 1869 4742 3457 4825">
     <span class='ocr_line' id='line_1_98' title="bbox 1869 4742 3457 4825; baseline -0.013 -12"><span class='ocrx_word' id='word_1_713' title='bbox 1869 4757 2076 4820; x_wconf 88' lang='lat' dir='ltr'><strong>tabula,</strong></span> <span class='ocrx_word' id='word_1_714' title='bbox 2107 4770 2229 4825; x_wconf 69' lang='lat' dir='ltr'><strong>quae</strong></span> <span class='ocrx_word' id='word_1_715' title='bbox 2254 4767 2547 4808; x_wconf 74' lang='lat' dir='ltr'><strong>numerum.</strong></span> <span class='ocrx_word' id='word_1_716' title='bbox 2569 4749 2834 4810; x_wconf 87' lang='lat' dir='ltr'><strong>continet,</strong></span> <span class='ocrx_word' id='word_1_717' title='bbox 2867 4745 2934 4800; x_wconf 91' lang='lat' dir='ltr'><strong>ad</strong></span> <span class='ocrx_word' id='word_1_718' title='bbox 2978 4744 3119 4798; x_wconf 89' lang='lat' dir='ltr'><strong>idem</strong></span> <span class='ocrx_word' id='word_1_719' title='bbox 3145 4742 3307 4797; x_wconf 91' lang='lat' dir='ltr'><strong>clima</strong></span> <span class='ocrx_word' id='word_1_720' title='bbox 3335 4755 3457 4808; x_wconf 83' lang='lat' dir='ltr'><strong>per-</strong></span> 
     </span>
    </p>
   </div>
   <div class='ocr_carea' id='block_1_99' title="bbox 1871 4827 3454 4911">
    <p class='ocr_par' dir='ltr' id='par_1_99' title="bbox 1871 4827 3454 4911">
     <span class='ocr_line' id='line_1_99' title="bbox 1871 4827 3454 4911; baseline -0.013 -9"><span class='ocrx_word' id='word_1_721' title='bbox 1871 4848 2024 4902; x_wconf 88' lang='lat' dir='ltr'><strong>tinet.</strong></span> <span class='ocrx_word' id='word_1_722' title='bbox 2071 4844 2175 4898; x_wconf 85' lang='lat' dir='ltr'><strong>Per</strong></span> <span class='ocrx_word' id='word_1_723' title='bbox 2217 4844 2250 4898; x_wconf 92' lang='lat'><strong>8</strong></span> <span class='ocrx_word' id='word_1_724' title='bbox 2292 4841 2530 4911; x_wconf 58' lang='lat' dir='ltr'><strong>riperics</strong></span> <span class='ocrx_word' id='word_1_725' title='bbox 2574 4837 2894 4894; x_wconf 83' lang='lat' dir='ltr'><strong>altitudines</strong></span> <span class='ocrx_word' id='word_1_726' title='bbox 2951 4833 3254 4894; x_wconf 82' lang='lat' dir='ltr'><strong>climatum.</strong></span> <span class='ocrx_word' id='word_1_727' title='bbox 3321 4827 3454 4883; x_wconf 86' lang='lat' dir='ltr'><strong>Nam</strong></span> 
     </span>
    </p>
   </div>
   <div class='ocr_carea' id='block_1_100' title="bbox 1801 4919 3459 5007">
    <p class='ocr_par' dir='ltr' id='par_1_100' title="bbox 1801 4919 3459 5007">
     <span class='ocr_line' id='line_1_100' title="bbox 1801 4919 3459 5007; baseline -0.013 -13"><span class='ocrx_word' id='word_1_728' title='bbox 1801 4919 1812 4931; x_wconf 70' lang='grc'><strong>“</strong></span> <span class='ocrx_word' id='word_1_729' title='bbox 1870 4938 2069 4994; x_wconf 85' lang='lat' dir='ltr'><strong>additis</strong></span> <span class='ocrx_word' id='word_1_730' title='bbox 2097 4937 2128 4990; x_wconf 77' lang='grc' dir='ltr'>δ</span> <span class='ocrx_word' id='word_1_731' title='bbox 2152 4935 2218 4990; x_wconf 89' lang='lat' dir='ltr'><strong>ad</strong></span> <span class='ocrx_word' id='word_1_732' title='bbox 2254 4933 2338 4999; x_wconf 66' lang='grc' dir='ltr'><strong>ιδ,</strong></span> <span class='ocrx_word' id='word_1_733' title='bbox 2366 4942 2526 4986; x_wconf 87' lang='lat' dir='ltr'><strong>erunt</strong></span> <span class='ocrx_word' id='word_1_734' title='bbox 2554 4931 2657 4994; x_wconf 75' lang='lat'><strong>~23;</strong></span> <span class='ocrx_word' id='word_1_735' title='bbox 2703 4945 2820 5007; x_wconf 67' lang='lat' dir='ltr'><strong>(pta:</strong></span> <span class='ocrx_word' id='word_1_736' title='bbox 2848 4933 2934 4983; x_wconf 80' lang='lat' dir='ltr'><strong>est</strong></span> <span class='ocrx_word' id='word_1_737' title='bbox 2960 4923 3190 4983; x_wconf 87' lang='lat' dir='ltr'><strong>altitudo</strong></span> <span class='ocrx_word' id='word_1_738' title='bbox 3235 4919 3459 4976; x_wconf 79' lang='lat' dir='ltr'><strong>secundi</strong></span> 
     </span>
    </p>
   </div>
   <div class='ocr_carea' id='block_1_101' title="bbox 1867 5013 3458 5088">
    <p class='ocr_par' dir='ltr' id='par_1_101' title="bbox 1867 5013 3458 5088">
     <span class='ocr_line' id='line_1_101' title="bbox 1867 5013 3458 5088; baseline -0.014 -3"><span class='ocrx_word' id='word_1_739' title='bbox 1867 5029 2120 5088; x_wconf 87' lang='lat' dir='ltr'><strong>climatis.</strong></span> <span class='ocrx_word' id='word_1_740' title='bbox 2153 5026 2290 5083; x_wconf 79' lang='lat' dir='ltr'><strong>Hinc</strong></span> <span class='ocrx_word' id='word_1_741' title='bbox 2315 5022 2628 5080; x_wconf 85' lang='lat' dir='ltr'><strong>secundum</strong></span> <span class='ocrx_word' id='word_1_742' title='bbox 2665 5031 2948 5077; x_wconf 77' lang='lat' dir='ltr'><strong>numerum</strong></span> <span class='ocrx_word' id='word_1_743' title='bbox 2981 5013 3287 5070; x_wconf 87' lang='lat' dir='ltr'><strong>tabularuut</strong></span> <span class='ocrx_word' id='word_1_744' title='bbox 3312 5025 3458 5065; x_wconf 89' lang='lat' dir='ltr'><strong>sem-</strong></span> 
     </span>
    </p>
   </div>
   <div class='ocr_carea' id='block_1_102' title="bbox 1866 5104 3462 5193">
    <p class='ocr_par' dir='ltr' id='par_1_102' title="bbox 1866 5104 3462 5193">
     <span class='ocr_line' id='line_1_102' title="bbox 1866 5104 3462 5193; baseline -0.015 -16"><span class='ocrx_word' id='word_1_745' title='bbox 1866 5136 1964 5193; x_wconf 86' lang='lat' dir='ltr'><strong>per</strong></span> <span class='ocrx_word' id='word_1_746' title='bbox 1987 5117 2281 5174; x_wconf 82' lang='lat' dir='ltr'><strong>minuendo</strong></span> <span class='ocrx_word' id='word_1_747' title='bbox 2302 5113 2537 5168; x_wconf 77' lang='lat' dir='ltr'><strong>ttnitatcs</strong></span> <span class='ocrx_word' id='word_1_748' title='bbox 2559 5107 2854 5168; x_wconf 84' lang='lat' dir='ltr'><strong>octonarii,</strong></span> <span class='ocrx_word' id='word_1_749' title='bbox 2883 5112 2937 5157; x_wconf 81' lang='lat' dir='ltr'><strong>et</strong></span> <span class='ocrx_word' id='word_1_750' title='bbox 2963 5105 3111 5173; x_wconf 87' lang='lat' dir='ltr'><strong>quod</strong></span> <span class='ocrx_word' id='word_1_751' title='bbox 3141 5104 3207 5160; x_wconf 85' lang='lat' dir='ltr'><strong>ab</strong></span> <span class='ocrx_word' id='word_1_752' title='bbox 3229 5111 3354 5158; x_wconf 89' lang='lat' dir='ltr'><strong>octo</strong></span> <span class='ocrx_word' id='word_1_753' title='bbox 3379 5114 3462 5154; x_wconf 92' lang='lat' dir='ltr'><strong>rc-</strong></span> 
     </span>
    </p>
   </div>
   <div class='ocr_carea' id='block_1_103' title="bbox 1871 5191 3466 5238">
    <p class='ocr_par' dir='ltr' id='par_1_103' title="bbox 1871 5191 3466 5238">
     <span class='ocr_line' id='line_1_103' title="bbox 1871 5191 3466 5238; baseline 0 0"><span class='ocrx_word' id='word_1_754' title='bbox 1871 5191 2050 5238; x_wconf 61' lang='grc' dir='ltr'>ζνυιηιιι</span> <span class='ocrx_word' id='word_1_755' title='bbox 2106 5203 2292 5238; x_wconf 65' lang='lat' dir='ltr'><strong>mutam</strong></span> <span class='ocrx_word' id='word_1_756' title='bbox 2331 5197 2602 5238; x_wconf 73' lang='grc' dir='ltr'>Ιςιιῐιιιιιὶιιι</span> <span class='ocrx_word' id='word_1_757' title='bbox 2659 5192 2953 5238; x_wconf 77' lang='grc' dir='ltr'><strong>ηι-ιιίηςιιίηι</strong></span> <span class='ocrx_word' id='word_1_758' title='bbox 2997 5195 3236 5238; x_wconf 64' lang='lat' dir='ltr'><strong>vomu-ins</strong></span> <span class='ocrx_word' id='word_1_759' title='bbox 3279 5191 3466 5238; x_wconf 59' lang='lat' dir='ltr'><strong>latim»</strong></span> 
     </span>
    </p>
   </div>
  </div>
