4010 5328
581 178 688 235 407

1439 176 1801 236 HERMANNI
1837 175 2229 236 CONTRACTI
2260 175 2623 236 AUGIENSIS
2671 173 2974 236 MONACHI

3738 178 3823 229 ωδ

579 313 727 368 horae
761 312 1050 368 terminum
1084 308 1241 366 iacio:
1287 310 1468 382 verbi‘
1486 314 1658 383 gratia
1701 333 1714 368 :
1753 315 1808 370 in
1843 314 2162 386 Capricorni
2193 327 2242 389 Α
2268 328 2362 370 seu
2415 311 2548 368 alias
2591 311 2860 383 quaslibet
2905 309 3252 367 habitudines
3300 321 3551 364 mensura
3605 305 3824 378 diligenti

579 401 740 459 initio
785 402 839 456 in
883 410 990 458 une
1021 413 1188 457 sexta:
1235 406 1386 461 hora:
1433 405 1678 459 ascendit
1708 402 1791 460 sol
1825 407 2028 478 gradus
2053 407 2161 474 i8;

574 504 840 561 quantum
869 509 999 565 ergo
1021 493 1179 566 spatii
1214 494 1266 546 in
1311 509 1454 564 saepe
1495 495 1632 549 dicta
1677 495 1812 550 linea
1844 511 1874 551 a
1908 505 2164 554 corausto

573 599 751 657 usque
798 584 868 641 ad
917 585 1081 641 finem
1129 586 1326 641 decimi
1357 586 1534 641 octavi
1587 589 1786 658 gradus
1832 591 2160 657 continetur,

577 677 914 736 tantumdem
948 677 1000 731 in
1030 676 1172 732 linea
1210 691 1315 748 qua
1340 676 1705 748 Capricornus
1730 679 1962 745 orditur,
1991 695 2162 750 usque

573 768 642 827 ad
669 776 838 823 sextae.
873 768 1021 821 hom
1054 766 1346 822 terminum
1374 767 1648 822 constituo
1700 778 1757 825 et
1788 770 1858 822 ila
1889 771 1941 826 in
1971 772 2162 842 singu-

572 857 752 919 lorum
783 858 956 914 initiis
985 873 1264 930 signorum
1314 871 1370 914 et
1410 860 1678 915 mensium
1733 861 2159 934 uniuscujusque

569 947 723 1004 liora:
766 959 976 1002 certum
1018 949 1308 1002 terminum
1357 949 1638 1005 inveniens
1664 953 1880 1026 punctis
1909 953 2153 1024 designo;

571 1039 761 1109 sicque
799 1041 852 1094 in
907 1039 1168 1128 cujusque
1195 1041 1343 1097 bene
1392 1040 1501 1100 fine
1531 1057 1561 1096 a
1601 1043 1818 1112 punctis
1851 1045 1920 1098 ad
1958 1041 2188 1114 puncta.

569 1129 818 1199 obliquas
847 1129 1037 1194 lineas,
1053 1123 1376 1190 utvidelicet
1404 1131 1736 1187 incrementa
1756 1144 1811 1188 et
1835 1134 2158 1193 detrimenta

569 1221 783 1276 dierum
825 1219 1124 1293 postulant,
1154 1220 1468 1280 decedendo
1500 1223 1668 1279 totius
1709 1225 1972 1296 horologii
2000 1228 2160 1298 hujus

565 1327 883 1368 mensuram
916 1315 1325 1375 consummnbo.
1356 1315 1487 1380 Qua:
1519 1325 1578 1368 ut
1620 1317 1961 1374 manifestius
1989 1335 2158 1390 appa-

568 1411 747 1466 rennl,
788 1402 961 1472 ipsum
1012 1403 1200 1458 circuli
1250 1405 1641 1473 quadraturam
1693 1407 1744 1461 in
1789 1407 1857 1463 90
1897 1411 2160 1480 praedicto
2240 1421 2244 1428 '

566 1493 732 1546 modo
782 1493 1052 1558 divisam,
1110 1503 1164 1548 et
1227 1497 1730 1566 perpendicularem
1791 1500 1988 1557 lineam
2041 1504 2158 1560 vice

564 1582 835 1654 horologii
867 1583 1031 1652 hujus
1061 1586 1409 1656 pendentem,
1439 1597 1492 1642 et
1523 1589 1592 1644 66
1622 1592 1904 1661 gradibus,
1936 1604 1996 1650 ut
2019 1597 2154 1663 dixi,

560 1676 880 1747 insignitum
912 1677 1002 1732 hic
1028 1678 1414 1750 depingamus;
1458 1680 1545 1735 ubi
1579 1685 1873 1739 secundum
1919 1687 2158 1758 ipsorum
2191 1696 2232 1730 ι)

554 1769 737 1836 spatia
771 1777 826 1823 et
856 1784 1144 1823 numerum
1193 1772 1460 1842 graduum
1506 1772 1558 1827 in
1603 1778 1868 1847 superiori
1922 1778 2156 1839 formula

553 1860 940 1939 praescriptum
981 1861 1238 1918 horarum
1270 1863 1554 1918 intervalla
1609 1882 1704 1936 per
1745 1868 1956 1940 singula
1998 1873 2156 1944 signa

565 1961 626 2013 et
654 1966 868 2006 menses
898 1951 1074 2006 metiri
1112 1953 1410 2016 valeamus.

907 2039 926 2113 (
960 2040 1046 2096 Ita
1085 2043 1260 2114 ﬁgura
1297 2047 1568 2103 exhibetur
1604 2051 1658 2106 in
1689 2053 1832 2123 cod.)

512 3786 517 3792 '
611 3778 726 3836 Hoc
763 3781 924 3837 modo
962 3793 1336 3840 tneusuratum
1389 3785 1654 3861 horologii
1715 3790 1878 3862 hujus
1931 3793 2139 3850 instru-

536 3879 816 3937 mentum,
845 3887 1005 3930 verso
1051 3875 1116 3936 ad
1145 3875 1401 3933 instantis
1427 3882 1632 3937 mensis
1667 3889 1723 3938 et
1762 3883 1904 3954 signi
1937 3885 2134 3944 lineam

535 3961 834 4027 sciotbero,
867 3966 935 4022 ad
977 3966 1109 4024 solis
1147 3971 1361 4026 radium
1391 3975 1697 4043 suspende,
1729 3986 1782 4032 et
1830 3994 2134 4048 quamcun-

536 4067 648 4121 que
675 4055 864 4112 horam
903 4061 1191 4118 stnnmitas
1216 4066 1559 4133 gnomonica:
1604 4069 1847 4143 tetigerit
1895 4073 2127 4142 umbrae,

537 4144 713 4215 ipsam
751 4165 856 4204 non
889 4152 1101 4209 dubites
1132 4156 1344 4212 adesse.

2265 406 2514 476 notisque
2541 405 2835 462 discernito
2855 445 2873 470 ,
2923 413 2981 459 ut
3005 417 3166 459 verso
3200 401 3266 457 ad
3313 401 3459 472 ipsas
3487 401 3827 458 dimensiones

2263 497 2558 562 sciothero,
2581 495 2935 568 umbramque
2955 494 3170 550 lucente
3186 493 3365 550 solein
3381 493 3529 562 ipsas
3545 491 3824 557 emittente,

2263 601 2428 657 quam
2465 586 2869 658 proportionem
2927 586 3044 658 ipse
3090 593 3146 640 et
3200 586 3395 641 umbra
3446 584 3565 656 ejus
3617 583 3825 640 invicem

2264 677 2498 732 habeant
2529 678 2712 733 statim
2743 677 2916 749 possit
2970 690 3253 748 apparere.
3293 675 3428 730 Nam
3457 671 3504 729 si
3532 673 3601 729 ad
3640 681 3822 729 sextam

2262 769 2518 824 sciotheri
2546 777 2754 838 partem
2785 769 2976 824 umbra
3008 768 3178 838 ipsius
3208 765 3551 838 pervenerit,
3595 763 3826 834 planities

2263 858 2568 914 inumbrata
2598 859 2665 914 ad
2693 858 3053 923 altitudinem,
3077 873 3198 927 qua:
3226 859 3471 910 umbram
3483 854 3638 923 iacit,
3653 869 3825 908 sexcu-

2260 949 2346 1020 pla
2375 951 2500 1004 erit.
2535 949 2592 1005 Si
2623 950 2691 1005 ad
2721 959 2995 1019 quartam,
3024 947 3354 1019 qttadrupla;
3401 946 3446 1000 si
3496 946 3564 999 ad
3611 945 3824 1009 tertiani,

2263 1042 2458 1114 tripla;
2503 1043 2548 1098 si
2583 1043 2649 1096 ad
2677 1042 2981 1106 dimidiam,
3011 1041 3206 1108 dupla;
3239 1040 3286 1095 si
3317 1039 3383 1093 ad
3417 1046 3589 1092 totam
3619 1036 3825 1106 longitu-

2259 1132 2438 1187 dinem
2478 1132 2738 1187 seiotheri
2770 1131 3079 1203 pertigerit,
3124 1129 3349 1200 aequalis
3390 1128 3518 1184 erit.
3551 1125 3611 1183 Si
3658 1127 3720 1181 ad
3745 1126 3824 1180 du-

2260 1221 2436 1294 plam,
2465 1221 2661 1298 dupla;
2697 1222 2741 1278 si
2773 1223 2837 1277 ad
2871 1222 3088 1294 triplam
3117 1219 3410 1296 subtripla,
3451 1227 3509 1275 ct
3544 1217 3622 1273 ita
3650 1217 3702 1272 in
3739 1230 3825 1272 car-

2261 1316 2416 1372 teris.

2882 1406 3112 1465 CAPUT
3151 1407 3215 1462 ll.

2408 1497 2486 1550 De
2525 1497 2886 1568 magnitudine
2935 1498 3163 1558 ambitus
3209 1495 3437 1550 universi
3489 1493 3652 1548 orbis.

2328 1590 2588 1654 Quamvis
2616 1587 2887 1642 Ambrosii
2924 1586 3217 1642 Theodosii
3249 1585 3582 1640 auctoritate
3615 1581 3822 1636 universi

2262 1678 2411 1740 orbis
2435 1677 2667 1733 ambitus
2692 1677 2943 1733 notabilis
2970 1678 3256 1742 habeatur,
3289 1675 3413 1747 quia
3445 1675 3516 1729 ab
3550 1674 3641 1728 illo
3667 1682 3825 1727 aucte-

2258 1769 2441 1826 ritatis
2478 1771 2616 1826 ratio
2639 1770 2793 1841 quasi
2830 1769 3194 1842 praetermissa
3221 1776 3332 1834 est,
3365 1765 3677 1822 volentibus
3709 1764 3825 1819 scire

2256 1873 2610 1943 proponatur.
2641 1862 2793 1941 Quod
2825 1863 2971 1920 enim
3011 1877 3041 1917 a
3087 1861 3363 1916 modernis
3392 1855 3726 1928 impossibile
3747 1853 3818 1922 jn-

2257 1955 2490 2019 dicatur,
2537 1955 2589 2009 id
2627 1970 2657 2009 a
2708 1954 3006 2020 veteribus,
3039 1953 3304 2024 sapientia
3337 1952 3498 2016 duce,
3535 1947 3823 2002 facillimum

2257 2045 2571 2109 allirntatur,
2610 2055 2667 2100 et
2692 2044 2834 2114 quod
2877 2044 3125 2114 corporis
3169 2040 3419 2097 sensibus
3454 2036 3702 2111 indagari
3737 2050 3823 2091 non

2255 2149 2416 2206 posse
2445 2135 2677 2200 videtur,
2706 2135 2758 2190 id
2789 2133 3020 2190 rationis
3041 2133 3293 2188 acumine
3326 2131 3444 2186 luce
3474 2128 3677 2185 clarius
3698 2126 3824 2182 inda-

2256 2235 2439 2298 gatutn
2470 2226 2722 2280 habetur.

2327 2314 2557 2392 Sumpto
2584 2318 2885 2387 horoscopo
2916 2315 3018 2371 sub
3046 2313 3277 2369 stellata:
3307 2310 3485 2368 noctis
3531 2307 3825 2366 claritudine

2256 2395 2610 2480 inspectoque
2635 2406 2757 2478 polo
2799 2421 2922 2462 cum
2954 2414 3184 2476 utroque
3211 2401 3510 2459 mediclinii
3561 2401 3821 2458 foramine,

2258 2505 2550 2572 notataque
2579 2497 2866 2568 graduum,
2891 2497 2944 2551 in
2969 2511 3075 2567 qua
3103 2494 3252 2550 stetit
3281 2491 3677 2553 mediclinimn,
3705 2485 3822 2540 mul-

2257 2589 2510 2654 titudine,
2548 2588 2826 2660 profectus
2857 2596 2943 2642 est
2979 2593 3340 2642 cosmometra
3395 2597 3492 2652 per
3549 2590 3745 2636 rectam
3768 2575 3820 2629 li-

2256 2693 2416 2742 neam
2465 2689 2656 2734 contra
2705 2677 3140 2748 Septentrionem
3190 2691 3220 2732 a
3269 2672 3493 2729 Meridie
3547 2679 3656 2728 tam
3711 2668 3820 2730 diu,

2256 2777 2431 2830 donec
2469 2790 2524 2829 tn
2563 2773 2790 2829 alterius
2826 2772 3001 2828 noctis
3051 2769 3302 2826 claritate
3337 2782 3452 2822 viso
3477 2805 3494 2832 ,
3544 2764 3640 2820 ubi
3674 2761 3820 2834 prius,

2257 2867 2383 2939 polo
2413 2882 2536 2922 cum
2571 2876 2801 2937 utroque
2833 2865 3129 2922 mediclinii
3177 2863 3451 2918 foramine
3486 2861 3643 2915 stetit
3672 2858 3820 2928 ipsum

2261 2957 2628 3018 mediclinium
2658 2957 2820 3012 altius
2857 2956 3018 3011 unius
3046 2956 3245 3026 gradus
3274 2951 3690 3008 numerositate.
3715 2946 3825 3004 Post

2183 3047 2230 3111 C
2263 3050 2397 3118 haec,
2429 3050 2637 3108 ratione
2671 3050 2942 3114 dictante,
2972 3062 3190 3102 mensus
3209 3052 3292 3100 est
3319 3042 3709 3116 hujusitineris
3723 3053 3822 3108 spae

2260 3141 2414 3208 tium,
2445 3151 2501 3198 et
2530 3150 2714 3196 notata
2754 3140 2914 3211 hujus
2948 3139 3254 3210 quantitate
3281 3137 3388 3191 700
3415 3137 3596 3191 stadia
3622 3136 3731 3190 sive
3764 3129 3818 3184 87

2255 3234 2510 3296 milliaria
2564 3234 2875 3289 afﬁrmavit.
2939 3232 3144 3296 Deinde
3195 3231 3338 3286 datis
3395 3228 3693 3298 unicuique
3734 3221 3823 3279 360

2251 3327 2588 3397 astrolapsus
2614 3325 2900 3397 graduum,
2933 3335 3010 3382 tot
3035 3324 3232 3381 stadiis
3258 3324 3373 3382 sive
3401 3319 3726 3380 milliaribus
3748 3316 3818 3370 in-

2251 3428 2442 3474 ventus
2464 3430 2549 3476 est
2575 3419 2811 3474 ambitus
2844 3417 3048 3474 terreni
3077 3416 3248 3472 orbis.
3284 3412 3442 3478 Nam,
3483 3409 3818 3481 multiplicato

2248 3521 2347 3578 per
2374 3507 2509 3563 alios
2534 3509 2734 3580 gradus
2779 3508 2940 3564 unius
2965 3507 3161 3577 spatio,
3191 3515 3454 3574 quantum
3489 3517 3560 3556 ex
3593 3503 3691 3556 hac
3712 3514 3818 3568 pro-

2247 3602 2458 3656 venerit
2497 3600 2974 3671 multiplicatione,
3019 3607 3230 3657 tantum
3261 3593 3529 3652 contineri
3580 3592 3816 3664 probatur

2244 3694 2410 3751 totius
2438 3693 2627 3766 mundi
2659 3692 3001 3752 circuitione.

2834 3782 3069 3848 CAPUT
3132 3781 3198 3846 Ill

2491 3879 2858 3938 Eratosthenis
2898 3878 2964 3936 de
2999 3876 3182 3936 eadem
3221 3891 3272 3930 fe
3307 3872 3593 3934 sententia.

2309 3955 2718 4027 Eratosthenes.
2752 3967 3106 4039 philosophus
3171 3972 3557 4039 geometraque
3593 3955 3810 4031 διελεῖς·

2235 4060 2408 4118 simus
2449 4061 2612 4116 totius
2648 4059 2806 4134 orbis
2839 4069 2997 4114 terra:
3023 4055 3314 4118 circuitum
3343 4069 3440 4132 per
3469 4051 3808 4112 mutationem

2233 4151 2508 4224 gnominis
2536 4151 2854 4206 umbrarmn
2894 4151 2947 4205 in
2983 4158 3129 4211 terra
3168 4145 3468 4202 secundum
3514 4151 3698 4214 partes
3731 4151 3806 4194 so-

611 4239 667 4295 ιη
698 4241 803 4297 hoc
843 4244 1008 4308 etiam
1057 4247 1341 4319 ιιοι-οιοεῙο
1383 4251 1429 4305 εί
1479 4252 1764 4309 duodecim
1811 4259 2127 4326 ρνειαηιεε
2231 4245 2375 4302 diaci
2407 4244 2684 4316 ingeniose
2711 4243 3109 4316 deprehensum
3155 4240 3329 4303 CCLll
3359 4237 3573 4302 stadia,
3607 4235 3659 4292 id
3700 4240 3804 4326 est

535 4328 816 4400 signorum
859 4343 914 4388 et
961 4335 1228 4390 mensium
1268 4338 1571 4396 intervallis
1603 4344 1821 4399 tertium
1852 4347 2122 4404 decimum

2234 4337 2453 4400 XXXII)
2501 4336 2758 4394 milliaria
2801 4335 3087 4391 continere
3142 4333 3361 4398 difIinit,
3391 4332 3686 4402 unicuique
3717 4322 3807 4382 356

532 4420 676 4478 velis
726 4422 965 4494 adjicere
991 4467 1005 4490 ,
1059 4428 1344 4500 ipsumque
1402 4448 1654 4489 mensura
1682 4477 1700 4502 ,
1749 4400 2123 4508 qua
2156 4400 2207 4459 D
2233 4429 2431 4500 partim
2464 4429 2516 4484 in
2549 4428 2776 4491 zodiaca
2807 4426 2910 4482 700
2937 4425 3135 4491 stadia,
3167 4425 3218 4480 id
3249 4435 3334 4481 est
3376 4425 3442 4482 87
3476 4400 3719 4478 milliaria
3757 4424 3806 4472 et

533 4513 914 4609 distinguere,
971 4517 1263 4586 cujuslibet
1318 4525 1487 4580 erecti
1546 4527 1795 4596 corporis
1851 4529 1903 4584 in
1962 4531 2124 4599 plano

532 4607 731 4665 stantis
780 4609 1120 4666 altitudinem
1165 4629 1264 4684 per
1313 4617 1560 4680 umbram
1614 4619 1784 4689 ipsius
1827 4622 1985 4679 facile
2031 4641 2124 4696 ρο-

533 4701 667 4757 teris
706 4701 1052 4775 investigare.
1092 4705 1229 4762 Cum
1287 4710 1431 4764 enim
1489 4712 1728 4780 cujusvis
1786 4716 1838 4770 in
1900 4717 2123 4787 planitie

530 4795 698 4848 erecti
767 4798 1016 4867 corporis
1081 4801 1274 4856 umbra
1337 4803 1666 4874 triangulnm
1734 4807 2116 4878 orthogonium

531 4882 783 4957 efﬁngat,
830 4902 1064 4960 cumque
1111 4893 1467 4950 nihilominus
1512 4896 1565 4951 in
1607 4897 1710 4953 hoc
1759 4899 2120 4958 instrumento

530 4977 854 5049 triangulam
906 4984 1155 5041 umbram
1200 4986 1506 5043 sciotherus
1555 4990 1621 5044 ad
1674 4988 1926 5046 umbram
1974 5009 2004 5048 a
2058 5007 2118 5049 se

529 5068 732 5125 factam
787 5073 1076 5143 habuerit,
1129 5081 1375 5135 eamdem
1423 5081 1542 5136 sine
1591 5083 1756 5138 dubio
1807 5082 2118 5140 inumbrata

529 5159 784 5230 planities
831 5165 1096 5222 obtinebit
1148 5169 1216 5223 ad
1256 5185 1454 5241 corpus
1489 5172 1766 5242 quodlibet
1812 5175 1954 5242 quod
2005 5193 2120 5230 um.

487 5250 684 5307 "bram
742 5253 898 5321 jaoit.
955 5257 1081 5314 Ideo
1131 5259 1185 5314 in
1238 5262 1398 5316 tertio
1449 5264 1690 5328 decimo,
1752 5266 1895 5328 quod
1957 5267 2070 5324 dixi
2100 5308 2114 5328 .

2232 4519 2516 4578 semissem
2575 4519 2863 4592 deputans.
2913 4518 2993 4576 Ex
3043 4518 3128 4573 his
3162 4517 3320 4593 juxta
3361 4515 3604 4588 regulam
3634 4509 3801 4570 circuli

2231 4625 2290 4671 et
2333 4615 2638 4674 diametrici
2676 4614 3100 4676 crassitudinem
3154 4628 3249 4670 seu
3300 4611 3626 4666 diametrum
3662 4617 3801 4661 terra:

2230 4706 2312 4762 sic
2343 4706 2807 4775 comprehendere
2852 4704 3056 4776 poteris
3105 4702 3267 4776 (Vide
3301 4719 3418 4773 cap.
3447 4703 3519 4759 93
3545 4703 3797 4758 Gcometr.

2229 4799 2526 4868 Gerberti).
2571 4795 2739 4863 Aufer
2785 4796 3098 4858 vicesimam
3149 4795 3445 4854 secundam
3483 4795 3549 4848 de
3591 4789 3800 4848 circuilﬂ

2229 4901 2410 4958 terrae,
2437 4891 2489 4946 id
2510 4899 2596 4949 est
2616 4889 2684 4945 de
2712 4887 2885 4944 CCLII
2909 4887 3100 4948 stadiis
3132 4887 3260 4942 tolle
3285 4884 3408 4949 XXI
3436 4879 3714 4946 CCCC.le
3753 4885 3801 4932 et

2183 5033 2187 5038 .
2228 4985 2513 5048 semissem
2540 4991 2594 5038 et
2619 4981 2856 5046 XXIIam
2879 4991 3090 5054 partem
3121 4979 3286 5036 unius
3305 4978 3499 5043 stadii,
3539 4976 3800 5032 remanent

2229 5075 2628 5135 CCXLDXLIV
2659 5091 2782 5130 cum
2813 5074 3060 5140 semisse,
3091 5083 3149 5128 et
3197 5071 3324 5135 XXI
3371 5071 3614 5144 partibus
3653 5067 3797 5122 unius

2225 5168 2409 5226 stadii.
2444 5167 2648 5222 Horum
2691 5165 2848 5221 tertia
2897 5181 3054 5236 pars,
3107 5165 3161 5227 id
3206 5175 3293 5221 est
3331 5163 3562 5227 LXXXC
3599 5155 3794 5224 LXXXI

2229 5261 2288 5320 ὃ.
2325 5271 2381 5318 et
2425 5277 2524 5318 sex
2564 5259 2838 5328 vigesima:
2866 5257 2984 5313 duae
3029 5259 3194 5314 unius
3224 5259 3387 5316 stadii
3421 5255 3619 5319 terreni
3665 5252 3796 5308 orbis
