4010 5328
197 335 297 393 ωε)

1281 332 1370 387 DE
1413 327 1893 388 UTILITATIBUS
1940 327 2370 386 ASTROLABII.

3344 335 3450 392 HO

192 447 381 515 LXXX
418 455 716 512 stadiorum
762 459 967 506 tantum
999 449 1082 506 vel
1129 465 1236 505 non
1271 450 1441 504 multo
1469 447 1592 520 plus
1623 447 1770 502 dicat
1799 449 1840 508 Α
1880 450 1966 497 tur
1993 442 2464 498 Almucantaratb.
2500 426 2806 502 Secundum
2847 453 2996 502 hanc
3031 446 3449 518 descriptionem

196 526 464 605 habere.

787 633 1012 692 CAPUT
1066 631 1156 689 IV.

703 726 850 782 Idem
895 725 1014 780 aliis
1064 725 1251 778 verbis.

271 819 530 876 Ambitus
586 817 787 873 terreni
845 815 992 872 orbis
1059 813 1232 870 CCLII
1296 812 1593 867 stadiorum
1653 810 1769 867 sive

187 913 401 967 XXXID
451 911 674 967 milliar.
713 925 834 965 esse
879 907 1238 963 Eratosthene
1284 905 1604 975 philosopho
1640 920 1766 974 pro-

187 1005 342 1060 batnr
391 1014 642 1058 auctore.
673 1002 836 1072 Cujus
883 1001 1194 1055 vicesimam
1248 1008 1494 1067 quartam
1536 1006 1766 1068 partem,

189 1098 236 1151 id
261 1105 342 1150 est
375 1093 426 1149 X
456 1095 636 1150 stadia
684 1096 797 1150 sive
833 1093 977 1148 mille
1007 1091 1134 1148 CCC
1165 1090 1255 1144 XII
1287 1090 1496 1145 scilicet
1550 1090 1767 1143 milliar.

190 1185 277 1241 Sol
308 1201 416 1240 una
448 1186 777 1241 transcurrit
803 1185 954 1239 hora.
985 1183 1141 1237 [Ione
1171 1191 1347 1236 autem
1381 1192 1533 1252 parte
1559 1181 1767 1234 decima

188 1277 392 1346 quinta,
423 1276 532 1331 hoc
560 1285 643 1330 est
671 1276 830 1330 unius
858 1291 924 1328 ex
971 1273 1076 1328 560
1123 1272 1383 1344 gradibus
1426 1287 1653 1326 ascensu
1685 1272 1768 1325 vel

189 1368 448 1422 descensu
474 1366 646 1422 solem
681 1365 784 1421 700
813 1366 985 1420 stadia
1017 1363 1130 1419 sive
1158 1363 1250 1426 87,
1292 1363 1350 1417 S.
1383 1363 1549 1417 millia
1593 1372 1770 1416 trans-

189 1473 407 1512 currere
434 1457 686 1528 przedicti
718 1467 874 1512 teme
905 1456 1140 1511 ambitus
1181 1470 1278 1525 per
1304 1453 1408 1508 560
1437 1453 1662 1509 clarebit
1690 1454 1772 1507 di-

189 1552 412 1606 visione.
446 1550 787 1605 Diamelrum
815 1560 995 1604 autem
1031 1560 1190 1602 terra:
1216 1546 1369 1614 juxta
1413 1547 1598 1603 circuli
1645 1562 1770 1616 geo-

191 1642 530 1698 tnetricalem
561 1641 800 1711 regulam
829 1641 880 1694 in
909 1638 1101 1696 LXXX
1135 1639 1176 1692 C
1211 1636 1444 1694 LXXXI.
1473 1636 1531 1690 S.
1557 1637 1769 1702 stadiis,

191 1749 278 1788 seu
311 1731 380 1787 IX
439 1732 588 1788 XXII
628 1732 929 1795 milliariis,
959 1730 1074 1787 CXI
1117 1731 1284 1786 sextis
1334 1729 1562 1785 decimis
1610 1729 1770 1783 unius

191 1823 420 1878 ntilliarii
476 1824 656 1893 colligi
707 1822 1256 1892 probatur,'quamvis
1290 1820 1596 1875 Macrobius
1627 1819 1765 1875 idem
1803 1818 1844 1876 Β

191 1915 517 1970 diametrum
553 1911 748 1968 LXXX
775 1913 984 1980 stadiis,
1015 1913 1099 1968 vel
1129 1929 1234 1968 non
1275 1911 1445 1967 multo
1487 1911 1606 1980 plus
1651 1925 1774 1965 esse

194 2007 385 2064 Iateatu
395 2025 438 2064 r.
1420 2018 1424 2022 ’

808 2140 1036 2199 CAPUT
1089 2139 1157 2197 γ.

192 2251 263 2308 De
289 2252 664 2308 distributione
707 2251 1022 2335 quadrantis
1065 2253 1140 2335 i!a_
1171 2261 1226 2306 ut
1257 2259 1424 2306 certas
1471 2250 1576 2306 diei
1613 2251 1774 2306 horas

745 2340 913 2394 ροδδτε
969 2340 1022 2376 τη
1029 2340 1139 2378 rem
1148 2340 1220 2378 re.

258 2415 456 2472 Circnli
520 2416 785 2487 quadram
833 2416 886 2471 in
933 2415 1002 2471 90
1047 2431 1146 2486 per
1190 2414 1634 2486 quinquepertita
1691 2414 1776 2469 in-

195 2507 406 2564 tervalla
453 2508 512 2562 in
545 2508 858 2563 summitate
898 2507 1097 2561 divide.
1128 2507 1266 2561 lIinc
1309 2521 1631 2571 cursorem,
1681 2505 1772 2576 qui

192 2599 322 2654 infra
345 2600 604 2664 volvitur,
639 2601 719 2655 sic
747 2600 963 2655 metire.
981 2597 1152 2653 Verso
1183 2598 1248 2652 ad
1276 2608 1328 2654 te
1347 2611 1560 2668 quarta:
1584 2607 1774 2653 centro

197 2694 246 2748 in
280 2695 502 2748 sinistra
539 2703 696 2763 parte
745 2692 1005 2748 subtrahe
1042 2691 1113 2746 24
1161 2693 1228 2746 de
1277 2692 1406 2764 ipsis
1447 2692 1536 2757 90,
1587 2701 1641 2746 et
1677 2706 1776 2762 per

197 2797 460 2841 cursorem
517 2785 755 2841 ﬁrmiter
803 2785 856 2839 in
921 2801 1019 2840 sua
1073 2785 1415 2840 concavitate
1462 2796 1772 2838 manentem

197 2875 366 2944 regula
394 2883 657 2930 manente
701 2874 756 2929 in
804 2885 996 2930 centro
1031 2874 1203 2945 posita
1235 2884 1288 2929 et
1326 2875 1378 2928 in
1421 2875 1589 2944 gradu
1631 2874 1774 2928 vice-

199 2966 323 3019 simo
347 2975 548 3036 quarto
578 2966 777 3021 lineam
809 2967 982 3020 trabe.
1013 2966 1068 3020 In
1103 2967 1292 3020 dextra
1329 2981 1462 3020 vero
1507 2976 1664 3036 parte
1708 2967 1776 3020 de
1821 2989 1824 2992 ’

200 3055 317 3123 ipsis
344 3058 413 3113 90
449 3058 515 3114 l9
550 3050 831 3118 subtrahe.
869 3066 924 3112 et
966 3058 1150 3129 regula
1181 3065 1438 3112 manente
1483 3057 1536 3110 in
1585 3066 1775 3111 centro

1871 530 2076 690 quadr)a
2108 531 2358 600 superius
2383 532 2724 603 depingatur.
2756 535 2865 605 (Ita
2887 535 3115 607 ﬁguram
3156 538 3322 591 codex
3359 553 3448 592 ea:-

1873 622 2030 675 hibet.

1873 622 2030 675 hibet.

1944 2330 2266 2388 Inventurus
2291 2332 2478 2388 horam
2506 2348 2628 2388 eum
2662 2333 2892 2403 quadra,
2927 2348 3046 2403 quae
3073 2343 3158 2388 est
3185 2348 3308 2388 cum
3342 2348 3464 2385 cur-

1875 2441 2028 2489 sore,
2070 2426 2504 2496 :equinoctialem
2544 2426 2741 2480 lineam
2779 2426 3018 2482 cursoris
3052 2441 3172 2495 qua:
3203 2425 3456 2480 Martium

1877 2514 2364 2586 Septenmremque
2398 2515 2767 2582 discriminat,
2808 2516 2913 2570 duc
2953 2529 3116 2584 super
3149 2529 3455 2580 numerum,

1874 2607 1965 2677 qni
2011 2607 2062 2661 in
2105 2608 2363 2678 gradibus
2404 2607 2456 2661 in
2497 2607 2732 2662 umbone
2781 2606 2926 2661 notis
2974 2604 3314 2660 altitudinem
3346 2603 3464 2672 ejus

1875 2695 2135 2761 climatis,
2176 2696 2228 2750 in
2266 2711 2376 2766 quo
2412 2704 2522 2760 est,
2567 2702 2920 2766 praesentant,
2964 2703 3186 2765 utpula,
3225 2693 3272 2749 si
3304 2695 3379 2749 sis
3409 2694 3464 2748 in

1876 2797 2097 2852 nostro,
2131 2787 2183 2842 id
2214 2797 2299 2843 est
2341 2788 2392 2842 in
2432 2788 2664 2858 septimo
2703 2787 2953 2851 climate,
2986 2786 3463 2861 pomgprtedictam

1875 2877 2071 2932 lineam
2111 2894 2276 2948 super
2302 2878 2403 2945 48,
2445 2878 2514 2933 ab
2552 2878 2660 2933 imo
2697 2893 2886 2933 sursus
2937 2877 3202 2947 incipiens
3241 2892 3463 2946 compu-

1876 2976 2013 3022 tare.
2046 2967 2248 3022 Locato
2284 2969 2363 3023 sic
2401 2982 2626 3024 curstre
2693 2968 2796 3022 duc
2834 2965 3276 3037 perpendiculum
3303 2981 3467 3034 super

1876 3069 2200 3130 prmsentem
2248 3059 2412 3124 diem,
2459 3061 2510 3112 in
2560 3074 2664 3128 qua
2710 3059 2901 3112 horam
2953 3056 3212 3126 inquiris,
3245 3065 3301 3111 et
3340 3057 3464 3111 vide

200 3151 320 3211 etin
355 3151 567 3206 decimo
597 3166 740 3206 nono
767 3151 955 3225 gradu,
984 3152 1088 3206 duc
1120 3150 1316 3204 lineam
1344 3165 1440 3218 per
1486 3163 1770 3203 cursorem
1801 3176 1845 3236 ρ
1876 3165 2036 3219 quam
2080 3150 2274 3203 lineam
2319 3165 2385 3203 ex
2415 3148 2860 3204 Almncantaratli
2907 3163 2936 3202 a
2976 3148 3199 3202 sinistro
3242 3163 3460 3203 tersum

199 3249 250 3294 et
274 3242 525 3313 utrinque
556 3257 676 3297 eam
721 3241 961 3307 abscide,
989 3250 1043 3296 et
1087 3243 1201 3296 haec
1228 3250 1314 3296 est
1340 3239 1618 3310 longitudo
1645 3255 1772 3294 cur-

204 3333 350 3390 βοῆς.

264 3428 463 3483 Deinde
490 3427 753 3483 circulum
785 3423 924 3479 infra
961 3423 1222 3479 circulum
1257 3421 1554 3477 secundum
1589 3420 1762 3492 placi-

203 3525 329 3583 tum,
355 3518 500 3573 inter
528 3531 690 3587 quem
721 3516 826 3570 duo
856 3513 946 3568 alii
974 3515 1270 3577 ducantur,
1311 3512 1364 3565 in
1395 3513 1591 3581 quibus
1618 3527 1712 3581 per
1741 3511 1774 3566 6

205 3609 373 3666 divisis
396 3610 686 3665 duodecim
715 3608 862 3662 liorm
891 3617 1168 3670 notentur,
1199 3615 1254 3660 et
1279 3615 1425 3660 recte
1456 3621 1552 3674 per
1581 3606 1776 3659 dister-

206 3704 394 3760 minum
441 3705 588 3760 Itone
631 3703 666 3757 5
696 3711 749 3758 et
778 3702 830 3765 4,
880 3711 935 3757 et
961 3701 1051 3766 10,
1084 3709 1138 3755 et
1163 3700 1250 3765 Η,
1285 3698 1466 3770 regula
1501 3699 1552 3751 in
1587 3705 1774 3751 centro

208 3805 468 3859 manente,
499 3803 554 3848 et
581 3793 674 3864 qui
713 3794 765 3847 in
805 3792 1219 3862 quadragesimo
1261 3791 1451 3860 quinto
1480 3788 1646 3859 gradu
1677 3787 1776 3840 du-

207 3893 343 3938 catur
366 3886 528 3950 linea,
551 3901 672 3954 qum
700 3885 898 3939 dicitur
923 3882 1336 3953 aequinoctialis.
1379 3882 1533 3934 Tunc
1571 3881 1621 3934 in
1659 3879 1771 3948 ipsa

209 3974 549 4042 aequinoctiali
590 3975 734 4029 linea
767 3990 956 4029 cursor
981 3974 1032 4027 in
1059 3972 1093 4026 5
1120 3972 1388 4026 dividatur
1424 3972 1478 4026 in
1520 3979 1674 4041 parte
1701 3971 1775 4024 si-

209 4063 391 4132 nistra;
443 4082 673 4136 quarum
713 4065 748 4119 5
773 4080 892 4134 qn:e
935 4063 1193 4134 proxima:
1230 4069 1357 4117 sunt
1409 4059 1772 4132 :eqninoctiali

209 4153 366 4224 linem,
397 4161 452 4213 in
482 4158 516 4214 4
548 4158 823 4212 dividatur
864 4169 1224 4225 unaquteqne,
1265 4161 1320 4207 et
1355 4153 1409 4206 in
1441 4153 1473 4206 9
1504 4153 1620 4206 duae
1653 4151 1774 4205 reli-

209 4258 330 4315 qua.
369 4247 634 4310 Similiter
677 4246 982 4301 faciendum
1022 4255 1107 4300 est
1155 4245 1207 4298 in
1238 4243 1458 4298 dextera
1501 4251 1683 4313 parte,
1720 4251 1776 4296 et

211 4347 446 4394 notentur
481 4339 569 4393 illa
599 4337 858 4408 spatiola.

272 4430 522 4487 Mensium
553 4446 686 4486 vero
715 4430 973 4484 discretio
1009 4428 1088 4483 sic
1115 4427 1207 4482 Iiat
1234 4444 1247 4480 :
1286 4427 1338 4481 in
1370 4435 1522 4496 parte
1553 4425 1773 4480 dextera

1875 3256 2156 3296 cursorem
2200 3240 2428 3296 inferius
2457 3250 2663 3312 tangat.
2697 3242 2812 3308 Qua
2853 3251 3062 3308 notata,
3095 3241 3198 3295 duc
3225 3254 3460 3310 perpen-

1875 3334 2109 3390 diculum
2159 3335 2224 3388 ad
2271 3344 2437 3405 caput
2478 3334 2721 3404 ejusdem
2770 3334 2926 3388 linea:
2977 3349 3044 3388 ex
3092 3332 3264 3388 altera
3307 3340 3464 3402 parte

1873 3438 2066 3478 versus
2102 3423 2379 3494 pinnulas,
2419 3432 2476 3479 et
2505 3423 2593 3479 ubi
2629 3439 2747 3478 eam
2787 3424 2959 3494 tangit
2997 3423 3461 3493 perpendiculum,

1877 3525 1932 3570 tu
1968 3516 2020 3569 in
2048 3530 2170 3570 cera
2204 3515 2571 3587 perpendiculi
2608 3514 2694 3570 fac
2730 3515 3134 3585 pnnctnm,‘vel
3168 3513 3458 3584 perpendi-

1875 3607 2079 3672 culum,
2112 3617 2169 3661 ut
2197 3609 2338 3678 apud
2364 3608 2626 3678 quosdam
2657 3621 2774 3663 mos
2803 3616 2904 3671 est,
2950 3607 3146 3660 habeat
3185 3620 3463 3660 cursorem

1875 3698 2184 3768 parvulum.
2217 3699 2373 3754 llunc
2409 3708 2464 3754 tu
2496 3698 2650 3753 volve
2686 3700 2753 3754 ad
2794 3698 2996 3764 locum,
3034 3697 3121 3752 ubi
3153 3699 3464 3767 prredictam

1874 3789 2070 3844 lineam
2105 3798 2288 3862 tangat
2325 3790 2790 3860 perpendiculum.
2837 3789 2952 3844 Hac
2985 3789 3197 3844 ratione
3237 3789 3458 3845 invento

1875 3891 2095 3952 puncto,
2123 3891 2177 3937 et
2204 3883 2256 3936 in
2287 3897 2410 3936 cera
2435 3897 2532 3952 per
2557 3882 2818 3937 circulum
2851 3881 3221 3952 perpendiculi
3254 3888 3462 3947 notato,

1876 3974 1964 4028 ubi
2011 3973 2350 4028 altitudinem
2401 3973 2531 4028 solis
2582 3973 2800 4028 inventa
2850 3977 3027 4044 poscit
3082 3973 3240 4028 ratio.
3287 3973 3461 4040 Quam

1875 4062 2200 4116 inventurus
2245 4063 2419 4118 levata
2462 4063 2665 4133 quadra
2709 4063 2986 4119 sinistrum
3037 4064 3135 4119 soli
3178 4064 3463 4119 humerum

1873 4172 2106 4226 oppone,
2146 4165 2198 4212 et
2237 4155 2421 4210 tandiu
2471 4172 2590 4212 eam
2642 4155 2749 4211 huc
2790 4155 2915 4212 illuc
2957 4165 3126 4222 verte,
3168 4155 3341 4211 donec
3385 4154 3464 4211 sol

1875 4256 2166 4317 utrumque
2212 4246 2559 4317 piunularum
2601 4246 2846 4304 foramen
2888 4256 3135 4317 penetret
3184 4258 3332 4302 recto
3382 4255 3462 4301 te-

1874 4355 2026 4396 nore.
2050 4339 2280 4407 Gradus,
2314 4354 2473 4411 quem
2512 4349 2640 4395 tunc
2670 4340 3114 4411 perpendiculum
3146 4340 3201 4394 in
3229 4340 3465 4394 umbone

1877 4431 2139 4502 tetigerit,
2165 4433 2285 4498 tibi,
2317 4439 2580 4502 quantum
2608 4431 2686 4486 sol
2717 4430 2829 4500 jam
2860 4431 3128 4495 ascendit,
3161 4431 3463 4495 descendit,

214 4522 398 4616 duobus
452 4525 656 4581 relictis
713 4522 956 4592 spatiulis
995 4520 1256 4614 Januario
1285 4519 1338 4584 6,
1392 4517 1688 4616 Februario
1716 4517 1769 4616 5,
1806 4557 1850 4616 Β
1878 4521 2082 4592 liquido
2105 4522 2517 4578 demonstrabit.
2555 4521 2733 4592 Super
2773 4523 3020 4578 eumdem
3071 4523 3296 4592 gradum
3343 4537 3466 4590 per-

217 4611 384 4670 Llartio
409 4617 463 4681 6,
509 4615 682 4687 Aprili
717 4614 772 4680 6,
823 4612 966 4668 Maio
1012 4612 1044 4667 6
1075 4602 1488 4674 'concedantur;
1542 4608 1703 4664 Junio
1740 4609 1774 4663 4

217 4715 323 4760 ante
358 4708 673 4773 solstitium,
704 4714 760 4761 et
785 4706 888 4761 lioc
925 4703 979 4757 in
1021 4700 1288 4772 superiori
1320 4697 1543 4754 circulo.
1583 4697 1641 4752 In
1691 4697 1776 4752 in-

220 4793 377 4850 leriol‘i
417 4813 544 4852 vero
579 4795 786 4861 circulo
825 4794 945 4872 diue
984 4800 1108 4862 post
1153 4789 1444 4846 solstitium
1499 4787 1778 4858 particula:

221 4885 392 4942 dentur
417 4889 609 4950 Junio;
651 4886 795 4941 Julio
831 4894 1012 4940 autem
1043 4884 1096 4937 6.
1145 4883 1388 4952 Augusto
1425 4879 1482 4945 6,
1531 4878 1779 4948 Septem-

221 4975 287 5032 bri
307 4979 354 5044 6,
387 4979 606 5038 Octobri
637 4980 692 5046 6,
724 4977 1017 5034 Novembri
1041 4975 1096 5040 6,
1126 4973 1406 5030 Decembri
1436 4971 1469 5025 4
1500 4979 1628 5027 ante
1659 4973 1771 5026 sol-

221 5068 430 5135 stitium,
465 5081 521 5126 et
552 5073 654 5126 hoc
679 5079 762 5126 est
803 5071 858 5124 in
891 5066 1135 5123 inleriori
1165 5064 1390 5120 circulo.
1430 5062 1564 5117 Post
1592 5062 1776 5118 solsti-

225 5159 334 5215 tium
356 5146 528 5218 autem
567 5163 619 5216 in
648 5161 934 5233 superiore
969 5158 1233 5213 mensium
1268 5154 1476 5214 circulo
1501 5155 1620 5210 dua:
1645 5171 1775 5225 par-

1880 4612 2165 4683 pendiculo
2183 4611 2398 4681 jacente
2427 4613 2547 4668 vide
2572 4628 2736 4683 quam
2777 4613 2976 4669 lineam
3012 4629 3080 4668 ex
3113 4614 3464 4668 Almucanta-

1880 4705 2001 4759 ratli
2033 4705 2281 4774 superius
2317 4712 2500 4775 tangat
2532 4707 2831 4776 regionem.
2885 4705 3061 4775 Super
3097 4706 3236 4759 lianc
3267 4704 3462 4758 lineam

1881 4805 1935 4851 tu
1981 4809 2240 4867 punctum
2287 4798 2337 4851 in
2387 4813 2512 4852 cera
2563 4814 2726 4870 super
2763 4799 3106 4868 pendiculnm
3147 4798 3349 4850 factum
3379 4796 3465 4850 vel

1881 4888 2147 4944 circulum
2184 4887 2488 4958 pendiculi,
2533 4890 2840 4958 ubicunque
2866 4903 2985 4941 eam
3022 4900 3242 4958 tangere
3273 4887 3464 4955 possit,

1879 4996 2090 5051 ponens
2137 4981 2442 5045 considera,
2483 4981 2573 5050 qui
2621 4983 2768 5036 hora:
2795 4979 3238 5049 perpendiculum
3275 4993 3466 5046 super-

1877 5071 2092 5142 jaccat,
2132 5080 2186 5126 et
2211 5072 2325 5126 haec
2355 5080 2460 5137 est,
2493 5087 2654 5141 quam
2697 5080 2821 5126 tuus
2856 5069 3009 5124 labor
3037 5071 3202 5143 [cod.,
3232 5080 3469 5139 quantus

1886 5163 2058 5234 labor]
2091 5164 2360 5233 exquirat.
