4010 5328
546 92 642 147 Ml

1414 87 1771 145 HERMANNI
1806 86 2194 146 CONTRACTI
2234 87 2598 145 AUGIENSIS
2653 88 2979 147 MONACHI.

3250 50 3295 63 ,φ

3701 92 3791 148 ΗΞ

551 205 703 260 ratio
736 216 831 272 per
863 209 1093 270 utraque
1135 197 1395 255 foramina
1421 200 1698 279 Albidadac
1730 200 1976 257 dit-eetim
2023 200 2126 254 im-
2159 204 2204 262 Α
2232 200 2525 255 Assumutlt
2577 218 2668 256 seu
2719 199 3015 269 rectitude,
3062 204 3188 274 quia
3230 203 3313 259 bis
3352 206 3519 261 st'itur
3565 206 3621 260 in
3658 206 3797 275 cujus

546 299 719 353 misso
747 294 870 349 vide
906 293 961 348 in
994 308 1097 363 qua
1130 302 1283 361 parte
1321 293 1878 371 latet-is‘qnadraatis,
1906 292 2048 361 quod
2077 291 2129 343 in

556 390 624 445 ti
656 394 837 458 partes
867 385 1098 440 divisum
1131 393 1235 449 est,
1268 384 1475 439 directa
1522 380 1694 454 ipsius
1719 384 1998 438 Alltidadte
2025 390 2133 437 stet

554 478 718 543 linea,
758 485 815 532 et
842 490 1222 546 quamcunque
1257 475 1661 545 proportionem
1703 490 1959 529 numerus
2005 490 2134 543 par-

559 572 691 624 tium
727 582 886 637 super
915 566 1176 621 Alltidada
1220 566 1594 637 apparentium
1634 566 1699 619 ad
1740 566 1827 629 19.,
1861 565 1912 619 id
1954 563 2137 619 estad

557 669 731 715 totum
775 658 914 712 latus
939 658 1186 727 quadrati
1226 658 1497 721 habuerit,
1531 657 1777 711 eamdem
1815 654 2000 725 procul
2039 656 2139 708 du-

557 750 650 806 bio
676 749 1080 820 proportionem
1117 747 1369 812 altitudo,
1414 763 1575 816 quam
1618 745 1864 801 invenire
1897 743 2135 807 voluisti,

561 841 629 895 ad
673 839 918 894 umbram
955 853 983 891 a
1017 852 1074 891 se
1113 836 1312 890 factam
1359 837 1411 890 in
1441 836 1664 906 planitie
1701 833 1949 899 habebit;
1990 832 2139 887 verbi

561 927 762 1000 gratia,
804 925 849 978 si
895 924 1011 977 dum
1060 938 1220 993 supra
1267 931 1530 992 apparent
1577 932 1781 991 partes,
1812 922 1877 975 ad
1914 920 2140 991 quale

565 1017 866 1088 sescuplam
912 1017 1114 1070 habent
1156 1014 1587 1084 proportionem,
1639 1014 1886 1083 seseupla
1929 1026 2142 1082 quoque

566 1108 758 1164 umbra
796 1105 901 1160 erit
936 1103 1002 1157 ad
1038 1102 1402 1156 altitudinem.
1453 1101 1509 1154 Si
1552 1111 1663 1155 tres
1698 1108 1980 1171 apparent,
2011 1113 2143 1168 qna-

567 1200 790 1271 drupla;
839 1199 884 1253 si
925 1206 1178 1267 quatuor,
1225 1194 1418 1264 tripla;
1470 1194 1514 1249 si
1557 1193 1613 1258 5,
1654 1193 1849 1262 duplex
1899 1190 2145 1260 superbi-

567 1293 812 1364 partiens
850 1290 1157 1360 quantitas;
1210 1287 1254 1342 si
1278 1277 1338 1351 '6,
1372 1286 1564 1357 dttpla;
1599 1287 1642 1340 si
1686 1285 1738 1348 7,
1772 1301 1935 1354 super
1961 1284 1994 1338 5
2022 1298 2145 1353 par-

571 1382 712 1438 tiens
733 1380 1019 1451 septimas;
1047 1379 1090 1433 si
1113 1379 1166 1443 8,
1195 1375 1582 1446 sesquialtera;
1612 1376 1656 1431 si
1685 1376 1738 1437 9,
1768 1373 2140 1444 sestptilertia;

570 1473 617 1530 si
642 1470 726 1538 lt),
751 1469 1152 1541 sesquiquinta;
1185 1468 1228 1521 si
1254 1468 1340 1533 H,
1364 1465 1859 1534 sesqniundecima;
1890 1463 1933 1517 si
1958 1477 2146 1517 omnes

2235 292 2407 362 partis
2449 293 2630 346 mundi
2681 294 2886 348 directo
2930 294 3002 348 sit
3044 294 3222 363 aliqua
3260 295 3425 364 regio,
3472 311 3599 364 que
3637 295 3799 350 taliter

2235 382 2414 437 fuerit.
2468 383 2711 437 Invenies
2755 384 3005 452 primitus
3056 394 3303 439 centrum
3352 385 3625 454 regionis,
3672 387 3800 440 acci-

2234 476 2388 546 piens
2438 475 2773 530 lazitudinem
2824 477 3058 547 regionis
3096 492 3125 530 a
3154 486 3353 546 puncto
3391 494 3420 531 ε
3463 492 3660 532 versus
3683 478 3729 541 lt,
3755 488 3802 533 ct
3837 480 3843 489 ’

2237 566 2447 623 faciens
2490 576 2698 631 notam,
2730 583 2893 638 supra
2939 584 3099 637 quam
3129 583 3295 638 pones
3334 569 3579 637 regulam
3608 581 3663 622 et
3684 584 3803 639 pun-

2238 668 2383 713 ctum
2418 674 2468 721 ε,
2500 666 2575 721 et,
2606 657 2698 712 ttbi
2745 658 3037 714 absciderit
3083 659 3403 713 diametrum
3447 675 3476 712 e
3525 675 3561 711 a
3605 658 3663 723 d,
3712 658 3802 712 erit

2239 757 2485 803 centrum
2519 746 2777 818 regionis,
2808 762 2967 815 quant
3003 747 3210 800 notabis
3235 754 3431 817 puncto
3457 762 3512 799 ο.
3546 744 3614 799 Ει
3640 754 3804 815 postea

2241 839 2475 908 accipies
2520 837 2765 892 eamdem
2816 836 3160 892 latitudinem
3212 852 3240 891 a
3280 846 3482 907 puncto
3511 853 3541 890 ε
3573 836 3804 891 versusd

2241 945 2402 1000 supra
2432 944 2592 998 quant
2630 943 2795 998 pones
2833 927 3073 997 regulam
3112 935 3166 981 ct
3201 936 3457 996 punctum
3492 942 3544 993 ε,
3578 935 3633 981 et
3659 925 3807 978 facies

2243 1030 2425 1075 notant
2460 1020 2510 1073 itt
2544 1018 2660 1073 loco
2691 1027 2866 1072 tactus
2894 1017 3090 1085 regula:
3127 1017 3178 1070 itt
3207 1017 3474 1069 diametro
3503 1031 3532 1068 ε
3557 1031 3591 1067 α
3612 1014 3646 1066 d
3668 1029 3807 1083 super

2244 1111 2480 1167 tabulam
2508 1110 2739 1179 ligneam
2772 1118 3019 1170 extenso.
3052 1116 3106 1162 et
3138 1108 3341 1163 scribes
3369 1108 3386 1159 i
3412 1124 3461 1161 ε.
3507 1107 3709 1161 Deinde
3742 1105 3808 1159 fa-

2244 1203 2356 1258 cies
2383 1200 2873 1257 circmnferentiam
2914 1214 3009 1270 per
3044 1207 3299 1269 punctum
3330 1214 3359 1251 ο
3387 1207 3441 1253 et
3469 1214 3507 1265 p
3546 1205 3807 1251 transeun-

2249 1305 2354 1349 tem
2386 1294 2452 1347 ad
2483 1302 2728 1347 centrum
2762 1291 2995 1345 medium
3037 1300 3414 1359 utrorumque,
3453 1286 3619 1356 cujus
3646 1302 3760 1358 pars
3781 1305 3809 1340 ιι

2247 1385 2275 1439 b
2304 1385 2356 1439 in
2382 1402 2409 1438 c
2438 1399 2534 1453 per
2564 1399 2594 1437 ο
2624 1380 2927 1446 manifesta,
2963 1392 3019 1436 et
3049 1380 3151 1435 alia
3181 1399 3213 1435 α
3238 1398 3265 1435 c
3300 1382 3354 1436 in
3377 1382 3406 1435 b
3435 1396 3592 1452 perp
3620 1370 3808 1435 occulta

2249 1474 2550 1538 notabitur;
2586 1472 2711 1542 quia
2744 1471 2829 1525 illa
2859 1487 2977 1540 qua:
3007 1481 3091 1527 est
3115 1488 3144 1525 a
3174 1471 3203 1525 ὸ
3235 1471 3288 1526 ἱη
3317 1488 3344 1525 c
3370 1486 3468 1542 per
3496 1487 3528 1524 ο
3577 1470 3644 1525 de
3666 1468 3809 1524 Assu-

572 1565 663 1629 12.
690 1578 841 1633 aequa
882 1562 990 1615 erit
1027 1559 1255 1615 altitudo
1291 1567 1347 1613 et
1383 1559 1571 1613 umbra
1621 1566 1675 1611 et
1712 1556 1933 1611 omnino
1965 1553 2149 1622 .cnjus-

2255 1568 2400 1621 mntlt
2449 1564 2554 1621 erit
2604 1562 2789 1628 lineis;
2844 1562 2949 1617 alia
2994 1576 3124 1618 vero
3160 1571 3283 1634 post
3329 1560 3508 1617 factas
3542 1558 3811 1616 Assumutlt

576 1668 791 1724 cunque
833 1650 1197 1721 proportionis
1243 1648 1568 1719 triangulutn
1606 1649 1868 1702 Alltidada
1924 1647 1978 1701 in
2018 1661 2151 1715 qua-

574 1746 734 1798 drato
785 1743 901 1812 ipso
957 1739 1197 1796 effecerit
1255 1740 1495 1810 ejusdem
1551 1739 1917 1809 proportionis
1982 1739 2153 1791 trian-

576 1834 780 1906 gulum,
817 1833 1004 1886 umbra
1036 1830 1323 1900 cujuslibet
1364 1831 1532 1885 erecti
1568 1833 1812 1899 corporis
1849 1831 1900 1883 in
1933 1829 2154 1898 planitie

580 1924 764 1979 statim
815 1922 1090 1977 formabit.
1162 1922 1219 1976 ltt
1268 1936 1377 1991 quo
1421 1922 1674 1975 videlicet
1723 1922 1993 1991 triangulo
2039 1921 2152 1989 ipsa

580 2015 826 2069 umbrata
846 2012 1097 2083 planities
1118 2012 1262 2066 basis
1288 2020 1403 2077 est;
1431 2020 1612 2066 erecta
1634 2011 1860 2064 altitudo
1884 2010 2153 2076 catltetus,

579 2107 762 2162 radius
804 2106 934 2159 solis
983 2104 1226 2158 umbraut
1279 2104 1601 2158 trauversim
1650 2102 2158 2178 limitansdtypote-

582 2211 732 2253 ausa:
757 2194 927 2261 t'icent
956 2193 1291 2264 dignoscitur
1316 2192 1536 2247 habere.

1178 2283 1405 2340 CAPUT
1446 2282 1534 2339 VII

750 2375 900 2433 Alius
927 2375 1114 2430 modus
1142 2373 1473 2429 altitudinem
1516 2390 1689 2428 rerum
1723 2373 1989 2428 metiendi.

653 2467 774 2540 (Eu
810 2478 874 2522 ex
902 2483 1016 2535 cap.
1043 2464 1112 2520 82
1133 2461 1439 2519 Geomelriw
1464 2461 1698 2519 Gerberti
1726 2462 2033 2534 sumptum.)
2068 2467 2161 2517 list

584 2567 642 2616 et
694 2558 798 2614 alia
845 2557 983 2612 ratio
1027 2556 1365 2613 altitudinem
1416 2553 1628 2609 videndi
1676 2570 1796 2623 quae
1830 2552 2156 2623 bujnsmodi.

590 2648 995 2720 Ortltogonunt,
1023 2647 1178 2718 cujus
1222 2647 1471 2701 catltetus
1501 2644 1534 2699 6
1568 2645 1759 2716 pedum
1787 2644 1880 2706 sit,
1931 2643 2077 2697 basis
2104 2643 2156 2705 8,

589 2739 921 2809 ltypoteuusa
953 2737 1041 2804 l0,
1073 2737 1253 2808 erigas
1291 2736 1364 2791 ita
1402 2746 1461 2791 ut
1503 2746 1661 2790 terra:
1704 2735 1849 2790 basis
1894 2733 2161 2804 adjacent,

587 2831 835 2889 cathetus
880 2830 1139 2885 adversus
1187 2844 1301 2883 rem
1354 2828 1523 2892 illam,
1573 2826 1727 2896 cujus
1773 2826 2000 2881 altitudo
2042 2842 2163 2895 per-

588 2921 746 2992 pendi
791 2921 972 2986 debet,
1017 2919 1275 2989 erigatur.
1312 2918 1658 2989 llypotenusa
1702 2931 1833 2971 vero
1882 2931 1912 2969 a
1953 2932 2165 2970 summo
2194 2916 2237 2976 ιζ

589 3011 791 3066 catlteti
838 3011 893 3066 in
938 3025 1206 3066 summum
1253 3011 1399 3066 basis
1435 3011 1682 3064 ditentur.
1721 3007 1778 3063 Si
1817 3005 2022 3062 directo
2058 3006 2168 3062 illic

591 3106 765 3170 visus,
812 3105 902 3160 ubi
943 3104 1089 3160 basis
1126 3106 1473 3175 Itypotenusm
1512 3100 1776 3173 jungitur,
1815 3100 2030 3180 oculum
2075 3116 2170 3171 ap-

593 3211 737 3268 pone
793 3196 859 3251 ad
910 3206 1109 3252 terram
1158 3204 1481 3267 prostratus.
1545 3195 1748 3249 Deinde
1792 3194 1900 3249 huc
1944 3204 1997 3248 et
2045 3193 2170 3248 illuc

597 3300 704 3346 tam
731 3289 821 3343 ditt
847 3288 1092 3352 detrahe,
1127 3288 1283 3343 oculo
1320 3297 1498 3351 tamen
1538 3270 1750 3356 semper
1778 3285 2046 3355 opposito,
2074 3285 2171 3337 do-

594 3396 696 3435 nec
723 3394 990 3434 summum
1013 3379 1213 3435 catlteti
1239 3379 1331 3433 tibi
1360 3378 1500 3432 illius
1529 3378 1625 3441 rei,
1656 3376 1805 3445 cujus
1832 3377 2168 3431 altitudinem

594 3470 828 3540 quieris,
877 3469 1171 3524 summitati
1218 3469 1487 3539 adaequari
1540 3469 1807 3524 videatur.
1862 3467 1977 3533 Quo
2026 3467 2170 3521 facto

596 3575 767 3629 ponas
800 3561 1032 3631 signum,
1072 3561 1161 3616 ubi
1200 3560 1413 3616 oculum
1453 3560 1705 3624 tenebas,
1741 3568 1795 3614 et
1830 3574 1895 3612 ex
1923 3574 1986 3613 eo
2016 3559 2169 3626 signo

595 3651 787 3707 tnetire
832 3650 1065 3721 spatium
1108 3665 1278 3720 usque
1322 3650 1390 3705 ad
1435 3644 1625 3721 pedem
1675 3650 1749 3704 rei
1798 3649 1940 3704 illius
1980 3659 2034 3704 et
2070 3649 2172 3703 hoc

594 3744 772 3814 spatio
800 3759 895 3814 Per
919 3746 952 3799 4
977 3744 1177 3815 partito
1206 3752 1452 3814 quartam
1485 3759 1645 3798 unam
1671 3742 1980 3804 subtrahas,
2010 3751 2171 3796 etate-

597 3849 689 3891 t'as
717 3845 827 3889 tres
855 3849 953 3905 pro
978 3834 1259 3890 altitudine
1291 3834 1402 3900 illa,
1430 3850 1592 3903 quam
1621 3833 1923 3904 quaerebas,
1953 3832 2167 3885 habeto.

599 3924 723 3982 llaec
752 3925 1086 3979 altitudinem
1115 3925 1328 3980 videndi
1367 3925 1509 3979 ratio
1546 3924 1847 3979 certissima
1878 3932 1985 3987 est,
2015 3922 2061 3976 si
2095 3930 2175 3975 ta-

601 4030 723 4071 men
757 4032 881 4071 area
928 4033 1024 4087 per
1058 4034 1220 4087 quattt
1272 4019 1522 4075 cathetus
1548 4019 1852 4076 detrahitur
1881 4033 1988 4074 nou
2020 4032 2175 4072 mou-

603 4116 754 4162 tuosa
795 4123 967 4176 neque
994 4109 1193 4164 vallosa
1224 4111 1319 4164 sed
1349 4111 1502 4179 plana
1536 4110 1717 4166 fuerit.

1187 4196 1414 4254 CAPUT
1458 4199 1586 4254 ‘t'lll.

825 4286 1096 4353 Quomodo
1113 4288 1295 4342 circuli
1316 4300 1487 4342 «smul
1505 4290 1811 4359 depingendt'
1832 4290 1957 4342 sint.

672 4376 803 4434 Post
833 4379 1298 4449 Almucautarath,
1344 4380 1435 4449 qui
1485 4380 1883 4451 describantur,
1931 4380 2177 4449 sequitur

2251 1658 2539 1713 delcltitur.

2323 1753 2433 1807 lloc
2465 1751 2609 1807 facto
2638 1751 2846 1806 divides
2875 1747 3122 1803 eumdem
3163 1748 3422 1803 circulum
3459 1761 3565 1817 per
3590 1745 3692 1799 duo
3717 1758 3811 1798 nte-

2254 1844 2338 1898 dia
2365 1843 2569 1897 ducens
2597 1841 2921 1895 diametrum
2961 1839 3013 1892 itt
3044 1837 3428 1908 longitudinem
3464 1850 3572 1904 per
3607 1832 3812 1887 tabulam

2254 1935 2480 2006 ligneam
2514 1950 2581 1990 ex
2610 1943 2837 2003 utraque
2872 1939 3026 2003 parte
3059 1930 3229 2000 ipsius
3258 1929 3466 1992 circuli,
3513 1929 3698 2001 in_quo
3723 1926 3817 1977 dia-

2211 2063 2221 2087 δ
2254 2039 2426 2082 metro
2455 2025 2696 2081 invenies
2723 2023 3018 2079 Assumth
3051 2030 3261 2076 centra.
3293 2019 3519 2077 Divides
3543 2019 3685 2073 enim
3714 2030 3815 2087 par-

2258 2125 2363 2170 tem
2406 2114 2616 2178 circuli,
2659 2128 2779 2184 qua:
2817 2123 2901 2167 est
2938 2128 2968 2167 a
3005 2111 3033 2165 b
3057 2097 3114 2165 in
3154 2129 3184 2165 ο
3215 2126 3312 2181 per
3337 2110 3390 2175 9,
3418 2119 3471 2162 et
3513 2110 3817 2175 aliam,qu:e

2256 2215 2341 2263 est
2367 2205 2436 2261 ab
2465 2223 2493 2259 ο
2523 2206 2576 2259 itt
2608 2222 2657 2269 ο,
2688 2203 2940 2274 similiter
2969 2216 3066 2273 per
3091 2202 3146 2257 9.
3196 2201 3263 2255 Et
3303 2200 3381 2255 sic
3426 2199 3602 2253 facies
3631 2198 3694 2252 de
3719 2195 3817 2249 aliis

2259 2296 2627 2358 inferioribus,
2668 2294 2796 2351 licet
2842 2294 3213 2363 superioribus
3257 2292 3366 2348 sint
3410 2290 3678 2359 majores;
3720 2301 3817 2356 qua:

2257 2403 2380 2444 cum
2414 2389 2522 2442 sint
2557 2382 2720 2440 totius
2750 2383 2938 2440 circuli
2967 2398 3019 2452 α.
3047 2383 3271 2454 singula:
3297 2382 3627 2437 obtinebunt
3649 2377 3818 2450 gradus

2260 2476 2468 2531 decem.
2504 2475 2711 2543 Quibus
2754 2474 3112 2529 divisionibus
3149 2472 3374 2544 signatis
3407 2484 3584 2541 pones
3613 2465 3815 2539 regulam

2263 2582 2427 2636 super
2472 2576 2726 2635 punctum
2771 2581 2800 2618 ο
2846 2573 2901 2619 et
2935 2563 3231 2617 secundant
3273 2561 3630 2624 divisionem,
3673 2557 3720 2610 id
3753 2562 3818 2609 est

2266 2675 2426 2729 supra
2452 2659 2682 2729 primum
2708 2656 2956 2726 gradum,
2982 2663 3036 2709 et
3062 2653 3149 2708 ttbi
3178 2651 3473 2708 absciderit
3499 2651 3814 2706 diametrum,

2267 2751 2424 2820 longe
2465 2751 2517 2804 in
2558 2747 2739 2804 tabula
2780 2747 2954 2816 lignea
2994 2745 3161 2809 facies
3186 2744 3419 2813 primum
3456 2749 3705 2797 centrum
3734 2735 3816 2789 As-

2269 2842 2506 2897 sumntlt.
2558 2840 2658 2894 Per
2694 2839 2836 2909 quod
2879 2847 3123 2892 centrum
3181 2834 3349 2890 facies
3398 2826 3817 2899 circumferentia

2270 2944 2477 3004 partem
2508 2946 2537 2984 a
2565 2929 2767 2987 circulo
2799 2925 3161 2996 hemispltzcrii
3194 2933 3570 2979 transeuntem
3596 2934 3687 2991 per
3710 2931 3820 2983 putt-

2267 3035 2413 3080 ctum
2457 3039 2488 3076 ο
2535 3035 2704 3090 usque
2750 3018 2818 3073 ad
2867 3015 3129 3072 circulum
3174 3011 3523 3085 capricorni,
3585 3018 3639 3066 et
3683 3004 3820 3075 facies

2268 3120 2452 3184 postea
2501 3109 2642 3164 aliud
2666 3107 2984 3163 Assumutlt.
3035 3106 3116 3160 Ad
3155 3118 3383 3174 quorum
3418 3100 3752 3157 divisionem,
3778 3092 3820 3145 id

2268 3212 2353 3260 est
2390 3201 2456 3256 ad
2491 3201 2759 3257 decimum
2799 3199 3057 3268 gradum,
3098 3206 3154 3251 et
3194 3197 3412 3251 invento
3447 3202 3642 3249 centro
3686 3184 3821 3240 facies

2272 3293 2506 3349 transire
2553 3292 2695 3347 aliud
2724 3290 3017 3345 Assumuth
3065 3304 3164 3358 per
3210 3288 3350 3343 idem
3400 3293 3660 3357 punctum
3695 3296 3740 3339 ο,
3776 3283 3820 3326 τι

2270 3384 2412 3439 scias
2437 3382 2564 3452 quia
2608 3397 2729 3436 cunt
2758 3379 2952 3434 feceris
2977 3379 3274 3434 Assumutlt
3307 3378 3372 3432 ad
3402 3377 3493 3441 10,
3524 3373 3735 3430 exibunt
3769 3363 3820 3417 ad

2273 3475 2372 3538 f0;
2403 3482 2457 3527 ct
2483 3488 2604 3526 cum
2634 3472 2697 3524 ad
2724 3469 2812 3535 10,
2845 3469 3071 3525 exibunt
3099 3467 3157 3524 S.
3190 3470 3324 3523 Cmtt
3355 3476 3538 3521 autem
3563 3455 3820 3534 perfeceris

2275 3579 2436 3618 unam
2486 3562 2830 3617 medietatem
2867 3559 3079 3626 circuli,
3123 3558 3326 3615 redibis
3359 3557 3427 3612 ad
3465 3557 3661 3617 aliam,
3688 3544 3821 3604 etsic

2273 3672 2461 3712 outnes
2489 3652 2894 3709 consumutaltis
2921 3651 3239 3707 Assumuth.

2344 3746 2473 3800 Post
2499 3747 2752 3799 horarum
2778 3741 2962 3797 leneas
2987 3756 3126 3811 pone
3161 3749 3323 3811 caput
3349 3737 3544 3794 Cancri
3572 3745 3723 3803 super
3745 3725 3819 3780 Al-

2278 3835 2657 3901 mueantarallt
2690 3834 2726 3886 i.
2757 3850 2809 3903 g.
2847 3833 2900 3887 itt
2951 3830 3258 3896 occidente,
3304 3839 3359 3885 et
3388 3826 3628 3898 signabis
3674 3821 3817 3873 locum

2276 3929 2469 3998 capitis
2493 3926 2700 3994 Cancri.
2730 3926 2784 3979 itt
2815 3933 2967 3994 parte
3003 3924 3293 3988 horarum;
3328 3922 3514 3989 sicque
3544 3916 3699 3972 facies
3720 3921 3817 3963 cum

2278 4021 2453 4089 capite
2476 4019 2676 4073 Arietis
2722 4027 2775 4073 et
2802 4016 3139 4086 Capricorni,
3175 4025 3230 4070 et
3259 4013 3499 4083 signabis
3546 4007 3712 4078 capita

2284 4126 2396 4165 rum
2427 4110 2796 4180 oppositorum
2850 4107 2901 4159 in
2935 4107 3206 4174 praalictis
3254 4103 3423 4159 horis.
3478 4100 3582 4154 Per
3604 4086 3818 4165 qumtria

2279 4203 2432 4270 signa
2467 4179 2644 4255 duces
2687 4197 2882 4252 lineam
2911 4195 3212 4264 crepusculi
3243 4190 3553 4248 Orientalis.
3596 4179 3821 4241 Similiter

2206 4260 2253 4319 ι)
2281 4260 2450 4348 facies
2481 4290 2535 4346 in
2560 4288 2804 4360 opposita
2829 4295 2984 4357 parte
3008 4260 3075 4340 ad
3105 4284 3438 4341 occidentale
3463 4270 3817 4351 crepusculum.

2857 4374 3061 4430 Ca’tera
3087 4374 3296 4428 desunt.
