4010 5328
575 319 681 376 615

1395 319 1755 385 IIEIIMANNI
1807 329 2201 388 CONTRACTI
2240 333 2607 394 AUGIENSIS
2658 337 2964 400 MONACHI

3749 352 3856 412 “6

574 441 883 506 prmpll‘enl
905 442 1266 505 comportare.
1290 436 1430 509 Ergo
1460 438 1720 510 diapason
1744 444 2164 515 duas,diapente
2192 447 2242 506 Α
2270 451 2395 521 quia
2424 459 2532 507 tam
2561 454 2885 510 chordarum
2913 471 3138 514 numero
3171 475 3332 530 quam
3362 465 3612 521 continua
3642 482 3860 525 succes-

575 534 707 590 tres,
743 525 1081 580 diatessaron
1130 536 1314 597 partes
1351 529 1572 586 exhibet
1601 543 1854 603 quatuor.
1896 535 2082 607 Itaque
2122 554 2157 594 ιι

574 631 632 670 ιιι
665 631 718 669 tv
741 617 794 670 in
826 632 993 671 unum
1019 617 1259 674 collecta
1291 637 1340 675 ix
1373 632 1536 692 atque
1565 624 1686 680 ideo
1727 636 1912 683 tonum
1959 629 2162 698 sesqui—

571 719 760 761 octava
786 709 1134 779 proportione
1166 708 1391 766 faciunt.
1425 712 1588 785 Igitur
1629 717 1866 773 breviter
1900 734 1965 775 ac
1993 721 2163 775 mani-

573 797 708 853 feste
730 806 878 868 patet
904 799 1048 868 quod
1084 815 1112 852 a
1141 787 1426 872 principali
1461 804 1690 860 unitatis
1739 807 1791 861 id
1824 809 1923 863 sibi
1966 810 2163 865 merito

571 887 779 944 musica
811 888 1046 960 dignitas
1074 889 1413 958 vindicavit;
1454 896 1597 963 quod
1639 897 2166 966 pritnoralis‘nume-

570 987 968 1032 rorum‘natura
985 979 1456 1038 excellentissimis
1479 988 1916 1056 proportionibus
1931 993 2159 1048 creavit.

569 1067 651 1130 Id,
675 1067 918 1138 inquam,
946 1068 1074 1124 illud
1106 1079 1184 1126 est
1214 1073 1356 1141 quod
1381 1088 1411 1127 a
1443 1075 1730 1145 principali
1766 1079 1989 1135 unitatis
2023 1081 2162 1136 inei-

570 1159 725 1228 piens
767 1161 1028 1229 positura,
1072 1177 1140 1218 ne
1189 1164 1441 1219 vacillare
1487 1167 1690 1238 possit,
1741 1169 1792 1223 in
1821 1175 2157 1239 quaternarii

573 1250 748 1304 ﬁnivit
776 1252 1129 1321 quadratum,
1177 1254 1269 1324 qui
1306 1257 1516 1326 primus
1549 1261 1787 1315 omnium
1831 1263 1953 1316 dua'.
1979 1279 2041 1319 ns
2078 1265 2163 1319 tti-

576 1350 696 1398 tens
752 1343 1136 1416 medietaLiEms
1201 1347 1591 1404 elementorum
1653 1350 1884 1406 fmderat
1929 1369 2152 1423 compu-

577 1433 881 1503 gnantiam,
917 1444 1327 1508 ten'porumque
1357 1450 1728 1513 teutenipeiat
1770 1444 2160 1516 diversitatem,

570 1524 664 1594 qui
711 1525 875 1580 etiam
924 1529 1146 1584 musicm
1191 1533 1528 1586 necessarius
1556 1543 1640 1587 est
1685 1549 1846 1604 quam
1883 1539 2158 1604 maxime,

571 1624 841 1686 quatenus
875 1619 1077 1674 homini
1127 1637 1193 1675 ex
1223 1637 1310 1688 ea,
1337 1623 1479 1678 sicut
1507 1639 1571 1679 ex
1603 1635 1838 1695 quatuor
1875 1626 2161 1685 clementis

567 1707 845 1773 existenti,
876 1708 933 1764 in
964 1710 1114 1765 nullo
1135 1713 1435 1780 contraria,
1471 1713 1551 1768 vel
1591 1713 1957 1773 ineonsonans
1989 1719 2160 1788 possit

568 1796 788 1854 haberi.

640 1889 826 1946 Potest
855 1894 1022 1948 etiam
1059 1895 1235 1951 adlutc
1273 1897 1468 1952 mirum
1514 1899 1684 1955 videri
1726 1903 1869 1972 quod
1911 1905 2052 1960 sicut
2103 1907 2156 1962 iu

567 1985 812 2053 quolibet
837 1987 1042 2040 Semiue
1067 1996 1212 2042 tatus
1252 1989 1410 2042 simul
1446 1992 1608 2045 futuri
1650 1997 1893 2062 cerporis
1928 1997 2156 2054 ellectus

569 2072 731 2141 ὶιοι,
774 2076 866 2141 ita,
899 2077 952 2130 iu
975 2090 1039 2132 eo
1068 2083 1210 2148 quod
1257 2083 1640 2150 praaliximus,
1685 2087 1934 2157 originali
1967 2104 2160 2145 conso-

571 2166 884 2222 nantiarum
921 2169 1126 2224 semine
1167 2172 1394 2240 primum
1429 2175 1594 2230 etiam
1637 2175 1712 2230 illi
1737 2178 1828 2246 qui
1859 2179 1912 2232 in
1939 2181 2162 2235 malleo-

569 2274 690 2314 rum
736 2262 1065 2330 ponderibus
1114 2266 1312 2331 reperti
1361 2277 1486 2321 sunt
1531 2270 1740 2324 muneri
1791 2273 2155 2329 occultantur.

569 2355 718 2418 Quos
747 2353 1040 2424 hoeinodo
1070 2357 1223 2427 quasi
1252 2374 1315 2414 ex
1346 2359 1498 2415 silice
1523 2361 1700 2432 ignem
1731 2364 2064 2420 excedemus
2113 2368 2160 2422 si

567 2447 747 2518 primo
777 2448 1182 2520 multiplicator,
1218 2452 1400 2509 idest
1438 2455 1681 2511 binarius
1704 2466 2111 2528 quaternart'nm
2143 2501 2159 2528 ,

570 2541 848 2598 ternarius
871 2557 996 2598 vero
1027 2545 1262 2615 seipsum
1294 2547 1638 2618 multiplicet.
1660 2547 1778 2616 Quo
1811 2549 1957 2606 t'acto
1988 2567 2038 2606 vi
2063 2568 2161 2607 vni

566 2645 623 2687 xx
647 2647 722 2685 xu
745 2633 1114 2689 inveniuntur.
1144 2634 1244 2702 Qui
1273 2636 1523 2693 videlinet
1554 2639 1765 2694 numeri
1791 2640 1964 2697 instar
1988 2642 2161 2699 teucri

566 2724 828 2794 germinis
849 2737 1190 2800 entergentes
1213 2729 1354 2785 miro
1378 2731 1555 2797 modo,
1580 2747 1678 2787 suo
1703 2732 1919 2803 quidem
1950 2735 2162 2792 semine

567 2819 874 2889 quantitate
925 2822 1353 2889 numerosiores,
1395 2824 1491 2879 sed
1534 2825 1979 2895 proportionibus
2029 2836 2158 2883 sunt

565 2914 994 2983 contractiores;
1031 2913 1082 2969 in
1109 2915 1317 2970 semine
1344 2916 1562 2987 quippe,
1595 2926 1784 2988 utpote
1814 2920 1866 2972 in
1903 2927 2016 2974 toto
2046 2937 2164 2975 om-

565 3021 662 3061 nes
683 3007 841 3063 simul
873 3009 1095 3063 musicze
1126 3009 1527 3080 proportiones,
1555 3009 1605 3064 id
1636 3020 1719 3066 est
1754 3008 1938 3082 dupla,
1977 3013 2158 3082 tripla,

564 3100 886 3170 quadrupht,
936 3101 1316 3171 sesquialtera,
1361 3102 1731 3172 sesquitertia,
1779 3103 2156 3173 sesquioetava

566 3295 702 3349 quas
734 3281 820 3336 isti
843 3299 947 3337 t-on
977 3284 1080 3340 nisi
1112 3285 1320 3341 biuario
1343 3287 1684 3358 multiplicati
1719 3289 2153 3359 aequiparabunt.

566 3368 720 3434 Quod
747 3372 837 3441 qui
885 3372 1066 3429 facere
1091 3375 1345 3440 noluerit,
1371 3376 1470 3430 hos
1494 3391 1748 3432 numeros
1780 3393 1826 3432 vr
1863 3395 1957 3433 vnI
1989 3395 2041 3433 ts
2079 3396 2153 3436 xu

565 3472 656 3512 avt
686 3474 814 3513 xvut
851 3476 1007 3528 μιν,
1049 3463 1311 3534 integram
1361 3464 1610 3520 videlicet
1665 3467 2145 3523 consonantiarum

565 3548 994 3618 eomplcvionem
1025 3553 1266 3609 habebit.

637 3643 732 3700 IIis
769 3645 931 3716 igitur
961 3647 1011 3702 in
1046 3648 1214 3704 sterili
1247 3649 1679 3704 consideratione
1715 3651 1978 3717 tractatis,
2018 3650 2151 3720 quid

565 3747 803 3807 septemc
831 3753 991 3794 voces
1014 3739 1176 3795 varia:
1206 3740 1272 3794 ad
1299 3755 1358 3796 se
1388 3739 1617 3795 invicem
1643 3741 1904 3811 copulata:
1923 3741 2159 3798 elliciant

564 3829 868 3896 videamus,
899 3831 1048 3900 prius
1093 3831 1144 3886 id
1181 3831 1323 3901 Quod
1358 3831 1649 3902 quemlibet
1693 3831 1992 3901 simplicem
2040 3849 2158 3888 mo-

563 3934 692 3975 vcse
717 3921 920 3991 poterit
946 3921 1234 3986 solventes,
1263 3938 1381 3988 cur,
1409 3938 1531 3978 eam
1563 3922 1644 3977 bis
1665 3932 1872 3993 si-ptem
1900 3933 2159 3993 quatuor-

563 4011 740 4066 deeim
777 4013 1024 4080 reddant,
1068 4015 1378 4086 quindecim
1413 4016 1592 4085 potius
1637 4032 1797 4071 voces
1836 4008 2157 4093 habeantur.

565 4104 679 4160 IIoe
701 4108 918 4176 quidem
952 4124 1177 4165 numero
1200 4119 1429 4173 tantum,
1461 4127 1565 4164 non
1595 4111 1857 4164 varietate
1887 4109 1999 4165 ﬁeri
2032 4124 2156 4180 per-

563 4196 813 4264 spicuum
844 4209 966 4263 est;
998 4216 1122 4254 nam
1152 4201 1267 4258 sive
1294 4219 1480 4258 susum
1501 4204 1814 4273 sivejusutu
1841 4204 1922 4258 bis
1950 4214 2155 4273 septem

564 4306 851 4358 muneres,
891 4294 1214 4365 relinquitur
1262 4298 1664 4367 quintadecima
1715 4297 1863 4367 quae‘,
1918 4297 2048 4368 quia
2087 4295 2156 4352 ad

562 4399 708 4443 meae
739 4395 925 4441 octava
960 4398 1068 4454 est,
1094 4389 1316 4459 aequalis
1344 4390 1392 4443 ei
1422 4399 1476 4444 et
1515 4391 1713 4443 virtute
1753 4397 1836 4443 est
1865 4401 1921 4443 et
1956 4388 2157 4443 chara-

563 4487 735 4530 ctere.
781 4474 1015 4543 ldipsum
1071 4483 1236 4532 etiam
1285 4480 1338 4532 in
1389 4478 1616 4548 simplici
1665 4478 1922 4547 diapason
1977 4487 2153 4548 potest

561 4568 869 4638 praevideri.
905 4570 1123 4639 Septem
1163 4571 1305 4624 enim
1338 4571 1644 4640 disparibus
1695 4570 2026 4625 enumeratis
2058 4585 2153 4624 vo-

563 4661 738 4726 cibus,
759 4663 1306 4732 rclinquitur'oetava,
1324 4681 1442 4736 qtue
1461 4664 1722 4736 aequalem
1744 4665 1932 4736 prima:
1959 4680 2154 4721 sonum

563 4753 728 4809 habet
753 4763 805 4808 et
835 4756 1232 4811 characterem.

636 4844 760 4901 ibeo
801 4847 1062 4903 hactenus
1093 4850 1235 4918 quod
1272 4850 1534 4919 empimus
1564 4865 1947 4920 exsequamur.
1989 4850 2156 4921 Igitur

560 4936 882 5009 quadruplo,
909 4939 958 4994 id
992 4948 1075 4995 est
1099 4939 1181 4995 bis
1213 4943 1472 5013 diapason
1492 4943 1576 4997 bis
1603 4951 1855 5013 septenas
1885 4943 2032 4998 salva
2069 4960 2153 4999 ra-

561 5030 711 5086 tione
736 5049 801 5086 xv
831 5035 1223 5104 compicctente
1252 5052 1413 5091 voces
1449 5053 1636 5092 rursus
1663 5039 1862 5092 caedem
1903 5039 1970 5092 ad
2000 5039 2153 5092 simi-

561 5118 840 5176 litudinem
892 5124 1257 5180 elementarize
1309 5129 1582 5197 parentis,
1635 5129 1688 5182 in
1737 5127 2152 5200 quadricliordis

561 5213 864 5262 I't-ESOIVO‘IIII'
891 5219 1200 5262 nonam-ine-
1233 5237 1352 5262 nnm
1377 5236 1499 5262 mum
1541 5222 1705 5262 εμπιιμΙ
1741 5230 1866 5262 nolo
1915 5234 2152 5262 ηιιειιιιηι·

2267 543 2419 598 sione
2444 561 2541 599 nec
2571 562 2676 600 non
2704 548 2867 603 etiam
2905 549 3109 620 tropica
3137 552 3479 612 institutione
3525 558 3695 614 solum
3723 577 3857 630 qua-

2268 634 2565 688 ternas-ium
2607 649 3020 708 reprzesentant,
3055 643 3328 715 propriam
3356 645 3502 700 velut
3531 645 3624 702 [iiii
3660 649 3725 702 ad
3761 666 3856 719 pa-

2267 734 2478 802 rentum
2509 725 2686 782 vultus
2729 729 2841 784 nati
2889 734 3309 801 generositatem
3348 735 3741 794 demonstrant.
3775 741 3860 797 In-

2267 815 2523 870 tucmlum
2550 824 2727 874 tamen
2757 821 2885 890 quid
2915 840 3011 893 pro
3039 827 3360 895 repetitione
3403 845 3456 884 tv
3499 845 3598 900 pro
3624 833 3857 889 naturali

2265 920 2392 961 vero
2421 907 2628 962 ratione
2660 909 2766 964 duo
2793 921 2940 978 sunt,
2970 930 3134 983 grave
3162 917 3309 972 enim
3337 928 3391 973 et
3419 921 3694 989 superius,
3727 922 3858 979 item

2263 1002 2320 1049 et
2350 995 2506 1052 ﬁnale
2532 1009 2584 1054 et
2620 1001 2889 1058 excellens
2919 1006 3078 1060 unius
3112 1017 3320 1063 naturae
3345 1019 3491 1064 sunt.
3525 1011 3640 1067 IIoc
3678 1023 3858 1070 autem

2263 1089 2405 1157 quod
2430 1089 2548 1145 aliis
2578 1107 2675 1162 pro
2703 1093 2965 1162 qualitate
2995 1113 3185 1152 vocum
3209 1115 3395 1168 grave,
3423 1117 3522 1156 nos
3545 1118 3645 1174 pro
3680 1104 3858 1158 multi-

2265 1182 2423 1235 moda
2449 1182 2672 1239 ell‘ectus
2697 1187 2815 1257 ejus
2844 1187 2893 1241 vi
2929 1205 2992 1244 ac
3021 1192 3259 1260 potentia
3288 1192 3522 1262 primum
3553 1193 3638 1249 vel
3664 1195 3860 1265 princi-

2264 1272 2382 1342 pale
2407 1276 2744 1332 liOfIlIllalllllS
2770 1297 2782 1332 :
2815 1280 2961 1348 quia,
2989 1292 3247 1350 quantutn
3280 1284 3346 1337 ad
3369 1299 3564 1340 nomen
3595 1286 3858 1355 primatus

2264 1365 2496 1434 primum
2520 1369 2586 1421 ad
2617 1369 2789 1438 ipsum
2818 1371 2861 1424 si
2889 1371 3234 1429 dextrorsum
3261 1387 3628 1444 mensuretur,
3652 1381 3859 1451 primus

2263 1455 2426 1509 etiam
2454 1459 2737 1530 quadrupli
2767 1477 2958 1530 passus
2989 1464 3289 1532 concludit;
3323 1477 3590 1536 quantum
3623 1485 3757 1526 vero
3794 1470 3859 1526 ad

2264 1561 2458 1602 nomen
2486 1552 2894 1620 quadrichordi,
2924 1555 3062 1610 idem
3091 1557 3265 1627 ipsum
3288 1558 3471 1624 etiam,
3505 1560 3551 1615 si
3577 1561 3860 1617 sinistror-

2264 1651 2384 1692 sum
2418 1651 2781 1712 meusuretur,
2812 1646 2954 1717 quod
2982 1656 3039 1702 et
3067 1651 3238 1718 magis
3266 1651 3409 1706 valet
3434 1651 3581 1709 solus
3604 1664 3858 1723 quartus,

2265 1731 2452 1800 prima:
2479 1734 2789 1802 partitionis
2817 1753 3007 1808 passus
3037 1741 3436 1811 complectitur.
3473 1743 3688 1800 Primus
3710 1747 3859 1800 enim

2265 1839 2489 1886 vacuus.
2522 1828 2792 1883 secundus
2817 1830 3095 1901 diapason,
3122 1833 3312 1888 tertius
3332 1833 3609 1906 diapente,
3629 1852 3735 1891 oua
3749 1849 3863 1892 rtus

2263 1912 2636 1983 diatessaron,
2687 1919 2738 1973 id
2787 1930 2869 1975 est
2914 1923 3155 1977 omnium
3216 1925 3736 1994 quadriebordorum
3811 1938 3866 1982 et

2265 2013 2581 2075 troporum,
2634 2010 2774 2063 sicut
2829 2012 3022 2067 tertius
3069 2014 3314 2069 omnium
3365 2016 3862 2086 pentaehordorum

2263 2097 2464 2153 fontem
2509 2101 2832 2158 mirabiliter
2868 2105 3033 2160 elicit.
3075 2105 3208 2161 Nam
3255 2108 3451 2163 horum
3490 2109 3619 2164 alter
3671 2126 3864 2165 omnes

2264 2191 2624 2258 diatessaron,
2669 2196 2807 2252 alter
2843 2212 3034 2254 omnes
3075 2200 3326 2271 diapente
3365 2203 3575 2272 species
3621 2204 3863 2258 naturali

2261 2285 2507 2355 genitura
2561 2288 2826 2356 producit.
2881 2289 3014 2345 IIine
3053 2282 3540 2364 etiatn‘colligitur
3589 2312 3694 2350 non
3735 2311 3863 2351 esse

2261 2376 2584 2432 naturaliter
2623 2377 2804 2447 plures
2840 2396 3003 2450 quam
3049 2391 3284 2451 quatuor
3315 2391 3520 2453 trepos,
3563 2402 3701 2454 quos
3745 2387 3865 2455 pri-

2262 2481 2433 2534 mum,
2457 2478 2515 2522 ut
2558 2467 2763 2523 dictum
2805 2480 2908 2536 est,
2955 2471 3241 2542 quadrupli
3281 2485 3510 2543 quartus
3551 2492 3740 2546 passus
3773 2477 3862 2531 in-

2263 2556 2442 2624 clusit,
2484 2559 2732 2628 quamvis
2772 2562 3142 2632 unusquisque
3178 2578 3366 2618 eormn
3417 2566 3689 2635 majorum
3732 2582 3864 2622 con-

2263 2650 2382 2704 silio
2423 2650 2476 2705 in
2510 2653 2643 2707 duos
2685 2652 2892 2708 divisus
2932 2654 3023 2724 sit,
3053 2663 3320 2724 quatenus
3364 2657 3550 2727 gravia
3579 2658 3860 2729 gravibus,

2264 2750 2418 2795 acuta
2449 2743 2738 2798 convenire
2773 2744 2990 2800 valeant
3031 2746 3226 2802 acutis.
3273 2745 3425 2802 Unde
3456 2747 3621 2804 etiam
3655 2750 3860 2804 factum

2262 2841 2341 2886 cst
2375 2841 2430 2885 ιιι
2479 2833 2569 2903 qui
2602 2844 2837 2903 quatuor
2856 2844 2981 2890 sunt
3005 2835 3057 2890 itt
3090 2845 3286 2890 natura
3317 2846 3443 2893 octo
3466 2821 3861 2910 computentur

2262 2939 2327 2978 ex
2357 2940 2602 2980 numero.
2623 2926 2717 2983 Est
2742 2927 2905 2997 igitur
2928 2927 3048 2982 talis
3076 2927 3315 2998 ipsorum
3337 2929 3857 2996 quadrichordorum

2263 3015 2480 3084 positio,
2507 3024 2586 3080 ut,
2617 3017 2743 3087 quia
2770 3017 2871 3070 tria
2896 3025 3130 3087 quatuor
3153 3018 3293 3072 inter
3317 3032 3480 3074 voces
3507 3027 3637 3073 sunt
3663 3019 3856 3090 spatia,

2226 3094 2230 3182 ρ
2264 3105 2496 3176 primum
2529 3115 2582 3160 et
2618 3107 2835 3161 tertium
2886 3115 3035 3171 tono,
3085 3109 3318 3165 medium
3350 3119 3652 3182 occupetur
3692 3111 3857 3164 senti-

566 3193 784 3247 seuario
833 3179 1051 3264 quoque
1090 3210 1317 3249 nuutero
1375 3196 1724 3251 admirabiles
1782 3197 2155 3265 inveniuntur,
2186 3167 2232 3230 C

2267 3198 2454 3264 ionio;
2495 3199 2681 3268 sicque
2721 3199 2825 3254 duo
2872 3201 2923 3254 in
2959 3202 3398 3260 extremitatibus
3443 3202 3558 3258 toni
3603 3215 3856 3274 quatuor,

2262 3290 2500 3346 medium
2541 3306 2671 3346 vero
2699 3292 3044 3346 semitonium
3081 3292 3307 3350 duorum
3352 3294 3422 3351 sit
3453 3294 3714 3350 distantia
3745 3305 3856 3350 lno-

2260 3396 2478 3451 porum.
2549 3387 2553 3396 '

2331 3473 2462 3528 Illud
2491 3490 2704 3546 quoque
2729 3476 3007 3532 seiemlum
3036 3477 3198 3548 quod,
3224 3495 3344 3534 eum
3371 3481 3423 3534 iu
3457 3495 3565 3536 uno
3594 3479 3856 3549 diapason

2228 3563 2468 3634 'seplem
2515 3565 2739 3621 diversa:
2786 3577 2913 3622 sunt
2962 3583 3156 3634 voces,
3201 3571 3413 3624 nonnisi
3469 3569 3581 3626 duo
3627 3572 3855 3641 quadri-

2261 3657 2462 3710 ehorda
2486 3655 2752 3724 ciliciant;
2795 3659 3134 3728 septenarius
3167 3674 3298 3715 vero
3326 3676 3510 3726 uuam,
3545 3671 3600 3715 ut
3643 3664 3856 3717 cunctis

2224 3811 2229 3816 1
2261 3745 2449 3818 liquet,
2482 3746 2827 3802 medietatem
2866 3749 3156 3819 possideat,
3191 3764 3410 3803 necesse
3454 3759 3538 3804 est
3569 3751 3677 3804 duo
3717 3766 3855 3819 qua-

2260 3838 2549 3894 drichorda
2577 3839 2692 3909 ipsa
2725 3855 2827 3892 una
2868 3840 3157 3894 medietate
3187 3833 3477 3905 contineri,
3509 3842 3656 3911 quod
3680 3840 3855 3897 Gnrei

2262 3932 2543 4002 suuaphen
2588 3930 2886 4005 (συναφην),
2934 3948 3032 3987 nos
3080 3930 3518 4001 conjunctionem
3567 3948 3856 4004 possumus

2261 4025 2462 4088 dicere,
2499 4034 2558 4079 ut
2594 4025 2846 4079 videlicet
2880 4026 3174 4096 superioris
3203 4027 3274 4080 sit
3304 4036 3497 4096 quarta
3535 4026 3618 4081 vel
3647 4026 3853 4081 acutis-

2259 4105 2416 4176 sima:
2449 4114 2764 4183 posterioris
2796 4130 2922 4169 vero
2962 4115 3136 4184 prima
3177 4115 3260 4169 vel
3289 4116 3645 4187 gravissima;
3691 4131 3850 4187 quam

2261 4208 2567 4263 medietatis
2597 4209 2858 4262 rationem
2894 4224 2993 4279 pro
3031 4207 3336 4263 litterarum
3369 4209 3641 4279 positione
3683 4209 3850 4264 solum

2260 4301 2302 4356 Ι)
2325 4300 2474 4356 sorte
2497 4301 2705 4355 ordinis
2729 4299 3130 4370 exsequendam
3160 4300 3412 4354 obtinuit.
3445 4301 3562 4366 Quo
3595 4299 3714 4355 Ioco
3739 4301 3852 4370 qui-

2260 4393 2383 4447 dam
2438 4392 2767 4447 enchiriadis
2823 4391 3043 4446 musica:
3093 4401 3284 4445 auctor
3345 4406 3451 4445 non
3503 4393 3852 4447 mediocriter

2221 4483 2481 4552 'Ierravit,
2524 4483 2615 4552 qui
2664 4483 2776 4552 ipsa
2826 4481 2950 4536 bina
2994 4481 3361 4551 septenarium
3407 4495 3600 4535 vocum
3637 4481 3851 4550 quadri-

2260 4577 2460 4632 chorda
2482 4575 2884 4631 duabuscoutra
2907 4583 3152 4629 naturam
3178 4573 3850 4645 medietatibusseparaus,

2264 4671 2430 4741 ipsius
2461 4671 2766 4725 medietatis
2805 4678 3037 4740 tropum,
3067 4669 3211 4740 quod
3245 4668 3579 4738 impossibile
3607 4677 3718 4735 est,
3763 4669 3852 4724 du-

2261 4765 2510 4836 plicavit;
2542 4773 2596 4820 et
2645 4764 2718 4818 ita
2755 4780 2851 4833 pro
2877 4765 3107 4818 duorum
3137 4762 3368 4817 naturali
3400 4761 3669 4831 Positione
3705 4771 3850 4816 tono-

2264 4873 2383 4910 rum
2433 4857 2751 4912 eontinuum
2809 4855 3067 4910 tritonum
3119 4853 3392 4918 incurrit;
3445 4853 3637 4922 sicque
3694 4853 3851 4906 totius

2265 4947 2614 5003 mouochordi
2645 4953 2974 5008 structuram
3017 4943 3245 5016 regulari
3281 4941 3397 5011 ejus
3428 4943 3621 4998 ordine
3651 4944 3849 5000 distur-

2258 5038 2383 5092 bato
2410 5038 2705 5101 dextruxit,
2738 5046 2792 5092 et
2827 5045 2936 5091 tam
2977 5051 3096 5091 eam
3124 5050 3243 5105 qua:
3271 5043 3354 5090 est
3385 5035 3688 5091 secundum
3719 5035 3850 5090 anti-

2258 5148 2395 5202 quos
2425 5141 2589 5200 atque
2615 5131 2902 5186 moderuos
2931 5144 3091 5198 quam
3126 5143 3245 5182 eam
3277 5143 3398 5199 quae
3436 5136 3521 5184 est
3557 5128 3848 5184 secundum

2262 5223 2429 5262 inci-nc.
2453 5231 2660 5262 natnrm
2691 5224 3065 5262 summi-itamm
3097 5220 3393 5262 “er-nnnim
3421 5218 3846 5262 ummrinlimwm
