  <div class='ocr_page' id='page_1' title='image "/cluster/home/n/w/nwhite01/storage/ocr_20150623/143/hvd.32044015471816/212.png"; bbox 0 0 4010 5328; ppageno 0'>
   <div class='ocr_carea' id='block_1_1' title="bbox 183 394 284 449">
    <p class='ocr_par' dir='ltr' id='par_1_1' title="bbox 183 394 284 449">
     <span class='ocr_line' id='line_1_1' title="bbox 183 394 284 449; baseline -0.01 0"><span class='ocrx_word' id='word_1_1' title='bbox 183 394 284 449; x_wconf 65' lang='grc'><strong>417</strong></span> 
     </span>
    </p>
   </div>
   <div class='ocr_carea' id='block_1_2' title="bbox 1488 380 2172 445">
    <p class='ocr_par' dir='ltr' id='par_1_2' title="bbox 1488 380 2172 445">
     <span class='ocr_line' id='line_1_2' title="bbox 1488 380 2172 445; baseline -0.007 -4"><span class='ocrx_word' id='word_1_2' title='bbox 1488 380 1848 441; x_wconf 78' lang='lat' dir='ltr'><strong>0PUSCUL.\</strong></span> <span class='ocrx_word' id='word_1_3' title='bbox 1895 380 2172 445; x_wconf 77' lang='lat' dir='ltr'><strong>MUSIC.\.</strong></span> 
     </span>
    </p>
   </div>
   <div class='ocr_carea' id='block_1_3' title="bbox 3370 380 3472 438">
    <p class='ocr_par' dir='ltr' id='par_1_3' title="bbox 3370 380 3472 438">
     <span class='ocr_line' id='line_1_3' title="bbox 3370 380 3472 438; baseline 0.039 -5"><span class='ocrx_word' id='word_1_4' title='bbox 3370 380 3472 438; x_wconf 72' lang='lat'><strong>“3</strong></span> 
     </span>
    </p>
   </div>
   <div class='ocr_carea' id='block_1_4' title="bbox 184 496 3474 578">
    <p class='ocr_par' dir='ltr' id='par_1_4' title="bbox 184 496 3474 578">
     <span class='ocr_line' id='line_1_4' title="bbox 184 496 3474 578; baseline -0.004 -14"><span class='ocrx_word' id='word_1_5' title='bbox 184 523 247 564; x_wconf 75' lang='lat' dir='ltr'><strong>to</strong></span> <span class='ocrx_word' id='word_1_6' title='bbox 271 521 536 578; x_wconf 84' lang='lat' dir='ltr'><strong>:sequens</strong></span> <span class='ocrx_word' id='word_1_7' title='bbox 575 504 726 560; x_wconf 83' lang='lat' dir='ltr'><strong>ordo.</strong></span> <span class='ocrx_word' id='word_1_8' title='bbox 769 503 974 575; x_wconf 80' lang='lat' dir='ltr'><strong>Quippe</strong></span> <span class='ocrx_word' id='word_1_9' title='bbox 1003 502 1094 559; x_wconf 90' lang='lat' dir='ltr'><strong>ubi</strong></span> <span class='ocrx_word' id='word_1_10' title='bbox 1142 501 1286 557; x_wconf 91' lang='lat' dir='ltr'><strong>nulla</strong></span> <span class='ocrx_word' id='word_1_11' title='bbox 1325 502 1568 574; x_wconf 84' lang='lat' dir='ltr'><strong>ejusdem</strong></span> <span class='ocrx_word' id='word_1_12' title='bbox 1604 501 1785 570; x_wconf 81' lang='lat' dir='ltr'><strong>dispo-</strong></span> <span class='ocrx_word' id='word_1_13' title='bbox 1813 500 1860 560; x_wconf 84' lang='grc' dir='ltr'><strong>Α</strong></span> <span class='ocrx_word' id='word_1_14' title='bbox 1892 499 2024 554; x_wconf 91' lang='lat' dir='ltr'><strong>timo</strong></span> <span class='ocrx_word' id='word_1_15' title='bbox 2058 500 2140 555; x_wconf 88' lang='lat' dir='ltr'><strong>bis</strong></span> <span class='ocrx_word' id='word_1_16' title='bbox 2186 499 2466 572; x_wconf 84' lang='lat' dir='ltr'><strong>synapben</strong></span> <span class='ocrx_word' id='word_1_17' title='bbox 2502 499 2553 553; x_wconf 93' lang='lat' dir='ltr'><strong>in</strong></span> <span class='ocrx_word' id='word_1_18' title='bbox 2591 498 2649 561; x_wconf 86' lang='lat' dir='ltr'><strong>E,</strong></span> <span class='ocrx_word' id='word_1_19' title='bbox 2685 497 2766 552; x_wconf 89' lang='lat' dir='ltr'><strong>bis</strong></span> <span class='ocrx_word' id='word_1_20' title='bbox 2795 497 3080 552; x_wconf 78' lang='lat' dir='ltr'><strong>diezeuxm</strong></span> <span class='ocrx_word' id='word_1_21' title='bbox 3124 505 3265 552; x_wconf 83' lang='lat' dir='ltr'><strong>Inter</strong></span> <span class='ocrx_word' id='word_1_22' title='bbox 3298 514 3326 550; x_wconf 94' lang='lat' dir='ltr'><strong>a</strong></span> <span class='ocrx_word' id='word_1_23' title='bbox 3357 507 3409 551; x_wconf 84' lang='lat' dir='ltr'><strong>ct</strong></span> <span class='ocrx_word' id='word_1_24' title='bbox 3439 496 3474 551; x_wconf 91' lang='lat' dir='ltr'><strong>b</strong></span> 
     </span>
    </p>
   </div>
   <div class='ocr_carea' id='block_1_5' title="bbox 179 592 1782 665">
    <p class='ocr_par' dir='ltr' id='par_1_5' title="bbox 179 592 1782 665">
     <span class='ocr_line' id='line_1_5' title="bbox 179 592 1782 665; baseline -0.004 -12"><span class='ocrx_word' id='word_1_25' title='bbox 179 599 406 654; x_wconf 76' lang='lat' dir='ltr'><strong>sitionis</strong></span> <span class='ocrx_word' id='word_1_26' title='bbox 429 597 635 652; x_wconf 82' lang='lat' dir='ltr'><strong>chorda</strong></span> <span class='ocrx_word' id='word_1_27' title='bbox 665 597 717 651; x_wconf 93' lang='lat' dir='ltr'><strong>in</strong></span> <span class='ocrx_word' id='word_1_28' title='bbox 739 606 929 650; x_wconf 90' lang='lat' dir='ltr'><strong>octava</strong></span> <span class='ocrx_word' id='word_1_29' title='bbox 959 595 1145 650; x_wconf 89' lang='lat' dir='ltr'><strong>eadem</strong></span> <span class='ocrx_word' id='word_1_30' title='bbox 1171 610 1291 650; x_wconf 85' lang='lat' dir='ltr'><strong>esse</strong></span> <span class='ocrx_word' id='word_1_31' title='bbox 1322 594 1612 665; x_wconf 83' lang='lat' dir='ltr'><strong>reperitur,</strong></span> <span class='ocrx_word' id='word_1_32' title='bbox 1639 592 1782 661; x_wconf 89' lang='lat' dir='ltr'><strong>quod</strong></span> 
     </span>
    </p>
   </div>
   <div class='ocr_carea' id='block_1_6' title="bbox 181 682 1785 758">
    <p class='ocr_par' dir='ltr' id='par_1_6' title="bbox 181 682 1785 758">
     <span class='ocr_line' id='line_1_6' title="bbox 181 682 1785 758; baseline -0.004 -16"><span class='ocrx_word' id='word_1_33' title='bbox 181 698 368 743; x_wconf 90' lang='lat' dir='ltr'><strong>tamen</strong></span> <span class='ocrx_word' id='word_1_34' title='bbox 393 687 525 758; x_wconf 84' lang='lat' dir='ltr'><strong>quia</strong></span> <span class='ocrx_word' id='word_1_35' title='bbox 557 695 827 756; x_wconf 76' lang='lat' dir='ltr'><strong>oporteat,</strong></span> <span class='ocrx_word' id='word_1_36' title='bbox 862 694 919 740; x_wconf 87' lang='lat' dir='ltr'><strong>et</strong></span> <span class='ocrx_word' id='word_1_37' title='bbox 945 685 1186 740; x_wconf 82' lang='lat' dir='ltr'><strong>unanimi</strong></span> <span class='ocrx_word' id='word_1_38' title='bbox 1211 683 1452 738; x_wconf 90' lang='lat' dir='ltr'><strong>omnium</strong></span> <span class='ocrx_word' id='word_1_39' title='bbox 1483 682 1785 736; x_wconf 77' lang='lat' dir='ltr'><strong>assertione</strong></span> 
     </span>
    </p>
   </div>
   <div class='ocr_carea' id='block_1_7' title="bbox 176 773 1782 847">
    <p class='ocr_par' dir='ltr' id='par_1_7' title="bbox 176 773 1782 847">
     <span class='ocr_line' id='line_1_7' title="bbox 176 773 1782 847; baseline -0.003 -15"><span class='ocrx_word' id='word_1_40' title='bbox 176 788 232 833; x_wconf 86' lang='lat' dir='ltr'><strong>et</strong></span> <span class='ocrx_word' id='word_1_41' title='bbox 281 777 647 847; x_wconf 85' lang='lat' dir='ltr'><strong>insuperabili</strong></span> <span class='ocrx_word' id='word_1_42' title='bbox 696 785 906 831; x_wconf 69' lang='lat' dir='ltr'><strong>natura:</strong></span> <span class='ocrx_word' id='word_1_43' title='bbox 939 777 1170 830; x_wconf 82' lang='lat' dir='ltr'><strong>veritate</strong></span> <span class='ocrx_word' id='word_1_44' title='bbox 1212 775 1617 844; x_wconf 70' lang='lat' dir='ltr'><strong>comprobatur.</strong></span> <span class='ocrx_word' id='word_1_45' title='bbox 1648 773 1782 827; x_wconf 88' lang='lat' dir='ltr'><strong>Cum</strong></span> 
     </span>
    </p>
   </div>
   <div class='ocr_carea' id='block_1_8' title="bbox 178 866 1784 938">
    <p class='ocr_par' dir='ltr' id='par_1_8' title="bbox 178 866 1784 938">
     <span class='ocr_line' id='line_1_8' title="bbox 178 866 1784 938; baseline -0.002 -14"><span class='ocrx_word' id='word_1_46' title='bbox 178 868 354 936; x_wconf 88' lang='lat' dir='ltr'><strong>enim,</strong></span> <span class='ocrx_word' id='word_1_47' title='bbox 408 877 638 938; x_wconf 85' lang='lat' dir='ltr'><strong>propter</strong></span> <span class='ocrx_word' id='word_1_48' title='bbox 667 866 1073 937; x_wconf 82' lang='lat' dir='ltr'><strong>signiﬁcandam</strong></span> <span class='ocrx_word' id='word_1_49' title='bbox 1103 867 1576 937; x_wconf 78' lang='lat' dir='ltr'><strong>:equisonantiam,</strong></span> <span class='ocrx_word' id='word_1_50' title='bbox 1624 881 1784 920; x_wconf 88' lang='lat' dir='ltr'><strong>omne</strong></span> 
     </span>
    </p>
   </div>
   <div class='ocr_carea' id='block_1_9' title="bbox 176 958 1783 1030">
    <p class='ocr_par' dir='ltr' id='par_1_9' title="bbox 176 958 1783 1030">
     <span class='ocr_line' id='line_1_9' title="bbox 176 958 1783 1030; baseline -0.001 -16"><span class='ocrx_word' id='word_1_51' title='bbox 176 961 451 1030; x_wconf 72' lang='lat' dir='ltr'><strong>diapason</strong></span> <span class='ocrx_word' id='word_1_52' title='bbox 492 975 522 1013; x_wconf 93' lang='lat' dir='ltr'><strong>a</strong></span> <span class='ocrx_word' id='word_1_53' title='bbox 563 975 669 1030; x_wconf 91' lang='lat' dir='ltr'><strong>qua</strong></span> <span class='ocrx_word' id='word_1_54' title='bbox 711 959 899 1029; x_wconf 83' lang='lat' dir='ltr'><strong>incipit</strong></span> <span class='ocrx_word' id='word_1_55' title='bbox 940 960 994 1013; x_wconf 95' lang='lat' dir='ltr'><strong>in</strong></span> <span class='ocrx_word' id='word_1_56' title='bbox 1041 958 1231 1014; x_wconf 87' lang='lat' dir='ltr'><strong>eadem</strong></span> <span class='ocrx_word' id='word_1_57' title='bbox 1280 959 1461 1014; x_wconf 85' lang='lat' dir='ltr'><strong>littera</strong></span> <span class='ocrx_word' id='word_1_58' title='bbox 1500 958 1783 1014; x_wconf 83' lang='lat' dir='ltr'><strong>terminari</strong></span> 
     </span>
    </p>
   </div>
   <div class='ocr_carea' id='block_1_10' title="bbox 175 1049 1781 1120">
    <p class='ocr_par' dir='ltr' id='par_1_10' title="bbox 175 1049 1781 1120">
     <span class='ocr_line' id='line_1_10' title="bbox 175 1049 1781 1120; baseline 0.001 -18"><span class='ocrx_word' id='word_1_59' title='bbox 175 1051 390 1112; x_wconf 84' lang='lat' dir='ltr'><strong>debeat,</strong></span> <span class='ocrx_word' id='word_1_60' title='bbox 411 1049 578 1120; x_wconf 87' lang='lat' dir='ltr'><strong>quale</strong></span> <span class='ocrx_word' id='word_1_61' title='bbox 601 1060 685 1105; x_wconf 91' lang='lat' dir='ltr'><strong>est</strong></span> <span class='ocrx_word' id='word_1_62' title='bbox 715 1050 766 1104; x_wconf 94' lang='lat' dir='ltr'><strong>in</strong></span> <span class='ocrx_word' id='word_1_63' title='bbox 794 1051 915 1115; x_wconf 90' lang='lat' dir='ltr'><strong>bac,</strong></span> <span class='ocrx_word' id='word_1_64' title='bbox 945 1050 1012 1104; x_wconf 78' lang='lat' dir='ltr'><strong>tle</strong></span> <span class='ocrx_word' id='word_1_65' title='bbox 1033 1066 1137 1118; x_wconf 88' lang='lat' dir='ltr'><strong>qtta</strong></span> <span class='ocrx_word' id='word_1_66' title='bbox 1165 1051 1365 1120; x_wconf 90' lang='lat' dir='ltr'><strong>agitur,</strong></span> <span class='ocrx_word' id='word_1_67' title='bbox 1395 1050 1781 1120; x_wconf 87' lang='lat' dir='ltr'><strong>descriptione,</strong></span> 
     </span>
    </p>
   </div>
   <div class='ocr_carea' id='block_1_11' title="bbox 174 1141 1781 1210">
    <p class='ocr_par' dir='ltr' id='par_1_11' title="bbox 174 1141 1781 1210">
     <span class='ocr_line' id='line_1_11' title="bbox 174 1141 1781 1210; baseline 0.004 -18"><span class='ocrx_word' id='word_1_68' title='bbox 174 1141 320 1210; x_wconf 84' lang='lat' dir='ltr'><strong>quod</strong></span> <span class='ocrx_word' id='word_1_69' title='bbox 371 1157 502 1196; x_wconf 91' lang='lat' dir='ltr'><strong>cum</strong></span> <span class='ocrx_word' id='word_1_70' title='bbox 551 1143 595 1196; x_wconf 82' lang='lat' dir='ltr'><strong>A</strong></span> <span class='ocrx_word' id='word_1_71' title='bbox 647 1142 930 1205; x_wconf 89' lang='lat' dir='ltr'><strong>cecineris,</strong></span> <span class='ocrx_word' id='word_1_72' title='bbox 983 1142 1034 1195; x_wconf 92' lang='lat' dir='ltr'><strong>in</strong></span> <span class='ocrx_word' id='word_1_73' title='bbox 1081 1154 1273 1198; x_wconf 90' lang='lat' dir='ltr'><strong>octavo</strong></span> <span class='ocrx_word' id='word_1_74' title='bbox 1319 1143 1439 1197; x_wconf 94' lang='lat' dir='ltr'><strong>loco</strong></span> <span class='ocrx_word' id='word_1_75' title='bbox 1488 1143 1781 1198; x_wconf 77' lang='lat' dir='ltr'><strong>secundum</strong></span> 
     </span>
    </p>
   </div>
   <div class='ocr_carea' id='block_1_12' title="bbox 176 1231 1783 1302">
    <p class='ocr_par' dir='ltr' id='par_1_12' title="bbox 176 1231 1783 1302">
     <span class='ocr_line' id='line_1_12' title="bbox 176 1231 1783 1302; baseline 0.004 -19"><span class='ocrx_word' id='word_1_76' title='bbox 176 1233 352 1300; x_wconf 83' lang='lat' dir='ltr'><strong>ipsum</strong></span> <span class='ocrx_word' id='word_1_77' title='bbox 393 1231 441 1287; x_wconf 78' lang='grc' dir='ltr'><strong>ϐ</strong></span> <span class='ocrx_word' id='word_1_78' title='bbox 483 1233 538 1286; x_wconf 91' lang='lat' dir='ltr'><strong>id</strong></span> <span class='ocrx_word' id='word_1_79' title='bbox 571 1242 654 1288; x_wconf 91' lang='lat' dir='ltr'><strong>est</strong></span> <span class='ocrx_word' id='word_1_80' title='bbox 680 1234 948 1288; x_wconf 87' lang='lat' dir='ltr'><strong>telrardns</strong></span> <span class='ocrx_word' id='word_1_81' title='bbox 983 1234 1344 1302; x_wconf 85' lang='lat' dir='ltr'><strong>respondeat;</strong></span> <span class='ocrx_word' id='word_1_82' title='bbox 1377 1249 1500 1288; x_wconf 93' lang='lat' dir='ltr'><strong>cum</strong></span> <span class='ocrx_word' id='word_1_83' title='bbox 1538 1232 1580 1286; x_wconf 85' lang='grc' dir='ltr'><strong>Β</strong></span> <span class='ocrx_word' id='word_1_84' title='bbox 1621 1235 1671 1288; x_wconf 91' lang='lat' dir='ltr'><strong>id</strong></span> <span class='ocrx_word' id='word_1_85' title='bbox 1700 1243 1783 1290; x_wconf 81' lang='lat' dir='ltr'><strong>est</strong></span> 
     </span>
    </p>
   </div>
   <div class='ocr_carea' id='block_1_13' title="bbox 173 1325 1780 1395">
    <p class='ocr_par' dir='ltr' id='par_1_13' title="bbox 173 1325 1780 1395">
     <span class='ocr_line' id='line_1_13' title="bbox 173 1325 1780 1395; baseline 0.003 -19"><span class='ocrx_word' id='word_1_86' title='bbox 173 1327 468 1380; x_wconf 82' lang='lat' dir='ltr'><strong>deuterum</strong></span> <span class='ocrx_word' id='word_1_87' title='bbox 496 1325 725 1389; x_wconf 79' lang='lat' dir='ltr'><strong>dixeris,</strong></span> <span class='ocrx_word' id='word_1_88' title='bbox 752 1326 803 1378; x_wconf 93' lang='lat' dir='ltr'><strong>in</strong></span> <span class='ocrx_word' id='word_1_89' title='bbox 826 1335 1019 1380; x_wconf 89' lang='lat' dir='ltr'><strong>octavo</strong></span> <span class='ocrx_word' id='word_1_90' title='bbox 1045 1328 1086 1379; x_wconf 75' lang='grc' dir='ltr'>Α</span> <span class='ocrx_word' id='word_1_91' title='bbox 1119 1327 1170 1380; x_wconf 88' lang='lat' dir='ltr'><strong>id</strong></span> <span class='ocrx_word' id='word_1_92' title='bbox 1192 1336 1274 1380; x_wconf 93' lang='lat' dir='ltr'><strong>est</strong></span> <span class='ocrx_word' id='word_1_93' title='bbox 1295 1335 1483 1395; x_wconf 88' lang='lat' dir='ltr'><strong>protus</strong></span> <span class='ocrx_word' id='word_1_94' title='bbox 1507 1335 1780 1381; x_wconf 88' lang='lat' dir='ltr'><strong>occurrat.</strong></span> 
     </span>
    </p>
   </div>
   <div class='ocr_carea' id='block_1_14' title="bbox 174 1416 1782 1487">
    <p class='ocr_par' dir='ltr' id='par_1_14' title="bbox 174 1416 1782 1487">
     <span class='ocr_line' id='line_1_14' title="bbox 174 1416 1782 1487; baseline 0 -17"><span class='ocrx_word' id='word_1_95' title='bbox 174 1416 258 1478; x_wconf 80' lang='lat' dir='ltr'><strong>Et,</strong></span> <span class='ocrx_word' id='word_1_96' title='bbox 295 1425 355 1470; x_wconf 88' lang='lat' dir='ltr'><strong>ttt</strong></span> <span class='ocrx_word' id='word_1_97' title='bbox 405 1417 651 1471; x_wconf 69' lang='lat' dir='ltr'><strong>breviter</strong></span> <span class='ocrx_word' id='word_1_98' title='bbox 683 1418 1127 1487; x_wconf 81' lang='lat' dir='ltr'><strong>perstringuntus,</strong></span> <span class='ocrx_word' id='word_1_99' title='bbox 1169 1432 1548 1485; x_wconf 92' lang='lat' dir='ltr'><strong>quamcunque</strong></span> <span class='ocrx_word' id='word_1_100' title='bbox 1595 1431 1782 1470; x_wconf 80' lang='lat' dir='ltr'><strong>susum</strong></span> 
     </span>
    </p>
   </div>
   <div class='ocr_carea' id='block_1_15' title="bbox 173 1505 1780 1577">
    <p class='ocr_par' dir='ltr' id='par_1_15' title="bbox 173 1505 1780 1577">
     <span class='ocr_line' id='line_1_15' title="bbox 173 1505 1780 1577; baseline 0.002 -20"><span class='ocrx_word' id='word_1_101' title='bbox 173 1506 254 1559; x_wconf 87' lang='lat' dir='ltr'><strong>vel</strong></span> <span class='ocrx_word' id='word_1_102' title='bbox 280 1507 476 1576; x_wconf 84' lang='lat' dir='ltr'><strong>jnsum</strong></span> <span class='ocrx_word' id='word_1_103' title='bbox 519 1506 780 1561; x_wconf 88' lang='lat' dir='ltr'><strong>cbordam</strong></span> <span class='ocrx_word' id='word_1_104' title='bbox 813 1507 1124 1577; x_wconf 74' lang='lat' dir='ltr'><strong>incmperis,</strong></span> <span class='ocrx_word' id='word_1_105' title='bbox 1157 1505 1274 1574; x_wconf 84' lang='lat' dir='ltr'><strong>ejus</strong></span> <span class='ocrx_word' id='word_1_106' title='bbox 1319 1507 1551 1562; x_wconf 82' lang='lat' dir='ltr'><strong>similem</strong></span> <span class='ocrx_word' id='word_1_107' title='bbox 1591 1523 1695 1562; x_wconf 90' lang='lat' dir='ltr'><strong>non</strong></span> <span class='ocrx_word' id='word_1_108' title='bbox 1728 1507 1780 1560; x_wconf 88' lang='lat' dir='ltr'><strong>in</strong></span> 
     </span>
    </p>
   </div>
   <div class='ocr_carea' id='block_1_16' title="bbox 173 1595 1782 1666">
    <p class='ocr_par' dir='ltr' id='par_1_16' title="bbox 173 1595 1782 1666">
     <span class='ocr_line' id='line_1_16' title="bbox 173 1595 1782 1666; baseline 0.002 -20"><span class='ocrx_word' id='word_1_109' title='bbox 173 1608 385 1658; x_wconf 88' lang='lat' dir='ltr'><strong>octava,</strong></span> <span class='ocrx_word' id='word_1_110' title='bbox 420 1595 570 1664; x_wconf 81' lang='lat' dir='ltr'><strong>quod</strong></span> <span class='ocrx_word' id='word_1_111' title='bbox 601 1603 832 1665; x_wconf 85' lang='lat' dir='ltr'><strong>oportet,</strong></span> <span class='ocrx_word' id='word_1_112' title='bbox 866 1601 960 1650; x_wconf 80' lang='lat' dir='ltr'><strong>sed</strong></span> <span class='ocrx_word' id='word_1_113' title='bbox 992 1596 1044 1648; x_wconf 91' lang='lat' dir='ltr'><strong>in</strong></span> <span class='ocrx_word' id='word_1_114' title='bbox 1078 1612 1217 1649; x_wconf 92' lang='lat' dir='ltr'><strong>nona</strong></span> <span class='ocrx_word' id='word_1_115' title='bbox 1247 1597 1425 1665; x_wconf 81' lang='lat' dir='ltr'><strong>potius</strong></span> <span class='ocrx_word' id='word_1_116' title='bbox 1453 1596 1670 1666; x_wconf 81' lang='lat' dir='ltr'><strong>regione</strong></span> <span class='ocrx_word' id='word_1_117' title='bbox 1699 1597 1782 1650; x_wconf 93' lang='lat' dir='ltr'><strong>iu-</strong></span> 
     </span>
    </p>
   </div>
   <div class='ocr_carea' id='block_1_17' title="bbox 176 1685 1782 1756">
    <p class='ocr_par' dir='ltr' id='par_1_17' title="bbox 176 1685 1782 1756">
     <span class='ocr_line' id='line_1_17' title="bbox 176 1685 1782 1756; baseline 0.002 -18"><span class='ocrx_word' id='word_1_118' title='bbox 176 1687 383 1740; x_wconf 80' lang='lat' dir='ltr'><strong>venias.</strong></span> <span class='ocrx_word' id='word_1_119' title='bbox 440 1685 558 1742; x_wconf 83' lang='lat' dir='ltr'><strong>Hoc</strong></span> <span class='ocrx_word' id='word_1_120' title='bbox 604 1687 805 1756; x_wconf 89' lang='lat' dir='ltr'><strong>itaque,</strong></span> <span class='ocrx_word' id='word_1_121' title='bbox 841 1687 966 1756; x_wconf 90' lang='lat' dir='ltr'><strong>quia</strong></span> <span class='ocrx_word' id='word_1_122' title='bbox 1011 1686 1162 1741; x_wconf 87' lang='lat' dir='ltr'><strong>locus</strong></span> <span class='ocrx_word' id='word_1_123' title='bbox 1196 1687 1410 1750; x_wconf 88' lang='lat' dir='ltr'><strong>obtulit,</strong></span> <span class='ocrx_word' id='word_1_124' title='bbox 1450 1688 1572 1742; x_wconf 81' lang='lat' dir='ltr'><strong>ideo</strong></span> <span class='ocrx_word' id='word_1_125' title='bbox 1601 1688 1782 1742; x_wconf 80' lang='lat' dir='ltr'><strong>redar-</strong></span> 
     </span>
    </p>
   </div>
   <div class='ocr_carea' id='block_1_18' title="bbox 175 1778 1778 1850">
    <p class='ocr_par' dir='ltr' id='par_1_18' title="bbox 175 1778 1778 1850">
     <span class='ocr_line' id='line_1_18' title="bbox 175 1778 1778 1850; baseline 0.004 -21"><span class='ocrx_word' id='word_1_126' title='bbox 175 1778 419 1850; x_wconf 78' lang='lat' dir='ltr'><strong>guimus,</strong></span> <span class='ocrx_word' id='word_1_127' title='bbox 465 1794 538 1834; x_wconf 88' lang='lat' dir='ltr'><strong>ne</strong></span> <span class='ocrx_word' id='word_1_128' title='bbox 568 1780 854 1850; x_wconf 86' lang='lat' dir='ltr'><strong>quisquam</strong></span> <span class='ocrx_word' id='word_1_129' title='bbox 886 1779 1113 1850; x_wconf 88' lang='lat' dir='ltr'><strong>simplex</strong></span> <span class='ocrx_word' id='word_1_130' title='bbox 1143 1780 1267 1834; x_wconf 91' lang='lat' dir='ltr'><strong>dum</strong></span> <span class='ocrx_word' id='word_1_131' title='bbox 1295 1780 1454 1834; x_wconf 87' lang='lat' dir='ltr'><strong>aliant</strong></span> <span class='ocrx_word' id='word_1_132' title='bbox 1496 1780 1590 1845; x_wconf 86' lang='lat' dir='ltr'><strong>ibi,</strong></span> <span class='ocrx_word' id='word_1_133' title='bbox 1618 1781 1778 1836; x_wconf 90' lang='lat' dir='ltr'><strong>aliam</strong></span> 
     </span>
    </p>
   </div>
   <div class='ocr_carea' id='block_1_19' title="bbox 179 1868 1781 1928">
    <p class='ocr_par' dir='ltr' id='par_1_19' title="bbox 179 1868 1781 1928">
     <span class='ocr_line' id='line_1_19' title="bbox 179 1868 1781 1928; baseline 0.003 -7"><span class='ocrx_word' id='word_1_134' title='bbox 179 1869 228 1921; x_wconf 80' lang='lat' dir='ltr'><strong>in</strong></span> <span class='ocrx_word' id='word_1_135' title='bbox 257 1868 384 1924; x_wconf 88' lang='lat' dir='ltr'><strong>aliis</strong></span> <span class='ocrx_word' id='word_1_136' title='bbox 415 1869 814 1926; x_wconf 90' lang='lat' dir='ltr'><strong>institutionem</strong></span> <span class='ocrx_word' id='word_1_137' title='bbox 842 1870 1153 1926; x_wconf 89' lang='lat' dir='ltr'><strong>intenderit.</strong></span> <span class='ocrx_word' id='word_1_138' title='bbox 1172 1871 1238 1926; x_wconf 87' lang='lat' dir='ltr'><strong>de</strong></span> <span class='ocrx_word' id='word_1_139' title='bbox 1268 1872 1518 1927; x_wconf 90' lang='lat' dir='ltr'><strong>omnibus</strong></span> <span class='ocrx_word' id='word_1_140' title='bbox 1541 1872 1781 1928; x_wconf 87' lang='lat' dir='ltr'><strong>incertus</strong></span> 
     </span>
    </p>
   </div>
   <div class='ocr_carea' id='block_1_20' title="bbox 174 1961 466 2018">
    <p class='ocr_par' dir='ltr' id='par_1_20' title="bbox 174 1961 466 2018">
     <span class='ocr_line' id='line_1_20' title="bbox 174 1961 466 2018; baseline 0.014 -4"><span class='ocrx_word' id='word_1_141' title='bbox 174 1961 466 2018; x_wconf 82' lang='lat' dir='ltr'><strong>reddatur.</strong></span> 
     </span>
    </p>
   </div>
   <div class='ocr_carea' id='block_1_21' title="bbox 241 2055 1782 2129">
    <p class='ocr_par' dir='ltr' id='par_1_21' title="bbox 241 2055 1782 2129">
     <span class='ocr_line' id='line_1_21' title="bbox 241 2055 1782 2129; baseline 0.003 -22"><span class='ocrx_word' id='word_1_142' title='bbox 241 2055 446 2111; x_wconf 84' lang='lat' dir='ltr'><strong>Adhuc</strong></span> <span class='ocrx_word' id='word_1_143' title='bbox 483 2065 539 2111; x_wconf 92' lang='lat' dir='ltr'><strong>et</strong></span> <span class='ocrx_word' id='word_1_144' title='bbox 577 2057 709 2112; x_wconf 91' lang='lat' dir='ltr'><strong>illud</strong></span> <span class='ocrx_word' id='word_1_145' title='bbox 747 2056 800 2112; x_wconf 90' lang='lat' dir='ltr'><strong>in</strong></span> <span class='ocrx_word' id='word_1_146' title='bbox 847 2057 1372 2128; x_wconf 81' lang='lat' dir='ltr'><strong>qttadt&#39;icbordorttm</strong></span> <span class='ocrx_word' id='word_1_147' title='bbox 1411 2057 1782 2129; x_wconf 88' lang='lat' dir='ltr'><strong>speculatione</strong></span> 
     </span>
    </p>
   </div>
   <div class='ocr_carea' id='block_1_22' title="bbox 172 2142 1783 2218">
    <p class='ocr_par' dir='ltr' id='par_1_22' title="bbox 172 2142 1783 2218">
     <span class='ocr_line' id='line_1_22' title="bbox 172 2142 1783 2218; baseline 0.004 -19"><span class='ocrx_word' id='word_1_148' title='bbox 172 2142 310 2200; x_wconf 76' lang='lat' dir='ltr'><strong>Stil’c</strong></span> <span class='ocrx_word' id='word_1_149' title='bbox 339 2155 587 2217; x_wconf 79' lang='lat' dir='ltr'><strong>Oportet,</strong></span> <span class='ocrx_word' id='word_1_150' title='bbox 621 2149 764 2218; x_wconf 91' lang='lat' dir='ltr'><strong>quod</strong></span> <span class='ocrx_word' id='word_1_151' title='bbox 793 2164 915 2203; x_wconf 91' lang='lat' dir='ltr'><strong>eum</strong></span> <span class='ocrx_word' id='word_1_152' title='bbox 941 2150 992 2202; x_wconf 93' lang='lat' dir='ltr'><strong>in</strong></span> <span class='ocrx_word' id='word_1_153' title='bbox 1023 2149 1208 2204; x_wconf 92' lang='lat' dir='ltr'><strong>multis</strong></span> <span class='ocrx_word' id='word_1_154' title='bbox 1237 2149 1566 2214; x_wconf 89' lang='lat' dir='ltr'><strong>communia,</strong></span> <span class='ocrx_word' id='word_1_155' title='bbox 1592 2149 1645 2203; x_wconf 94' lang='lat' dir='ltr'><strong>in</strong></span> <span class='ocrx_word' id='word_1_156' title='bbox 1680 2149 1783 2206; x_wconf 85' lang='lat' dir='ltr'><strong>ltoc</strong></span> 
     </span>
    </p>
   </div>
   <div class='ocr_carea' id='block_1_23' title="bbox 174 2235 1783 2312">
    <p class='ocr_par' dir='ltr' id='par_1_23' title="bbox 174 2235 1783 2312">
     <span class='ocr_line' id='line_1_23' title="bbox 174 2235 1783 2312; baseline 0.007 -26"><span class='ocrx_word' id='word_1_157' title='bbox 174 2235 382 2306; x_wconf 75' lang='lat' dir='ltr'><strong>privata</strong></span> <span class='ocrx_word' id='word_1_158' title='bbox 416 2247 475 2294; x_wconf 78' lang='lat' dir='ltr'><strong>et</strong></span> <span class='ocrx_word' id='word_1_159' title='bbox 505 2240 724 2310; x_wconf 87' lang='lat' dir='ltr'><strong>propria</strong></span> <span class='ocrx_word' id='word_1_160' title='bbox 760 2241 1040 2311; x_wconf 86' lang='lat' dir='ltr'><strong>possident</strong></span> <span class='ocrx_word' id='word_1_161' title='bbox 1068 2238 1263 2305; x_wconf 80' lang='lat' dir='ltr'><strong>oilicia,</strong></span> <span class='ocrx_word' id='word_1_162' title='bbox 1289 2241 1433 2312; x_wconf 89' lang='lat' dir='ltr'><strong>quod</strong></span> <span class='ocrx_word' id='word_1_163' title='bbox 1463 2241 1696 2312; x_wconf 90' lang='lat' dir='ltr'><strong>primum</strong></span> <span class='ocrx_word' id='word_1_164' title='bbox 1727 2252 1783 2297; x_wconf 85' lang='lat' dir='ltr'><strong>et</strong></span> 
     </span>
    </p>
   </div>
   <div class='ocr_carea' id='block_1_24' title="bbox 175 2331 1780 2403">
    <p class='ocr_par' dir='ltr' id='par_1_24' title="bbox 175 2331 1780 2403">
     <span class='ocr_line' id='line_1_24' title="bbox 175 2331 1780 2403; baseline 0.008 -26"><span class='ocrx_word' id='word_1_165' title='bbox 175 2338 431 2396; x_wconf 87' lang='lat' dir='ltr'><strong>quartutn</strong></span> <span class='ocrx_word' id='word_1_166' title='bbox 481 2331 584 2384; x_wconf 77' lang='lat' dir='ltr'><strong>sibi</strong></span> <span class='ocrx_word' id='word_1_167' title='bbox 632 2331 685 2385; x_wconf 91' lang='lat' dir='ltr'><strong>in</strong></span> <span class='ocrx_word' id='word_1_168' title='bbox 732 2333 1173 2388; x_wconf 70' lang='lat' dir='ltr'><strong>estrcmimﬁbus</strong></span> <span class='ocrx_word' id='word_1_169' title='bbox 1225 2334 1504 2403; x_wconf 88' lang='lat' dir='ltr'><strong>opposita,</strong></span> <span class='ocrx_word' id='word_1_170' title='bbox 1551 2335 1780 2390; x_wconf 89' lang='lat' dir='ltr'><strong>alterum</strong></span> 
     </span>
    </p>
   </div>
   <div class='ocr_carea' id='block_1_25' title="bbox 179 2419 1781 2492">
    <p class='ocr_par' dir='ltr' id='par_1_25' title="bbox 179 2419 1781 2492">
     <span class='ocr_line' id='line_1_25' title="bbox 179 2419 1781 2492; baseline 0.006 -23"><span class='ocrx_word' id='word_1_171' title='bbox 179 2419 492 2474; x_wconf 78' lang='lat' dir='ltr'><strong>necessario</strong></span> <span class='ocrx_word' id='word_1_172' title='bbox 515 2421 895 2492; x_wconf 88' lang='lat' dir='ltr'><strong>gravissimum</strong></span> <span class='ocrx_word' id='word_1_173' title='bbox 922 2421 1166 2476; x_wconf 75' lang='lat' dir='ltr'><strong>mclodia:</strong></span> <span class='ocrx_word' id='word_1_174' title='bbox 1191 2423 1530 2488; x_wconf 85' lang='lat' dir='ltr'><strong>descensum,</strong></span> <span class='ocrx_word' id='word_1_175' title='bbox 1553 2424 1781 2480; x_wconf 88' lang='lat' dir='ltr'><strong>allermn</strong></span> 
     </span>
    </p>
   </div>
   <div class='ocr_carea' id='block_1_26' title="bbox 179 2505 1785 2574">
    <p class='ocr_par' dir='ltr' id='par_1_26' title="bbox 179 2505 1785 2574">
     <span class='ocr_line' id='line_1_26' title="bbox 179 2505 1785 2574; baseline 0.005 -14"><span class='ocrx_word' id='word_1_176' title='bbox 179 2505 507 2562; x_wconf 65' lang='lat' dir='ltr'><strong>altissimum</strong></span> <span class='ocrx_word' id='word_1_177' title='bbox 545 2525 858 2574; x_wconf 84' lang='lat' dir='ltr'><strong>ascensum,</strong></span> <span class='ocrx_word' id='word_1_178' title='bbox 892 2511 1122 2565; x_wconf 93' lang='lat' dir='ltr'><strong>duorum</strong></span> <span class='ocrx_word' id='word_1_179' title='bbox 1161 2527 1292 2566; x_wconf 91' lang='lat' dir='ltr'><strong>vero</strong></span> <span class='ocrx_word' id='word_1_180' title='bbox 1319 2514 1620 2568; x_wconf 90' lang='lat' dir='ltr'><strong>mediorum</strong></span> <span class='ocrx_word' id='word_1_181' title='bbox 1650 2513 1785 2568; x_wconf 82' lang='lat' dir='ltr'><strong>alte-</strong></span> 
     </span>
    </p>
   </div>
   <div class='ocr_carea' id='block_1_27' title="bbox 179 2601 1783 2674">
    <p class='ocr_par' dir='ltr' id='par_1_27' title="bbox 179 2601 1783 2674">
     <span class='ocr_line' id='line_1_27' title="bbox 179 2601 1783 2674; baseline 0.007 -25"><span class='ocrx_word' id='word_1_182' title='bbox 179 2613 292 2652; x_wconf 92' lang='lat' dir='ltr'><strong>rum</strong></span> <span class='ocrx_word' id='word_1_183' title='bbox 309 2601 604 2656; x_wconf 76' lang='lat' dir='ltr'><strong>cantilena:</strong></span> <span class='ocrx_word' id='word_1_184' title='bbox 618 2602 844 2666; x_wconf 88' lang='lat' dir='ltr'><strong>exitum,</strong></span> <span class='ocrx_word' id='word_1_185' title='bbox 869 2603 1120 2666; x_wconf 86' lang='lat' dir='ltr'><strong>alterum.</strong></span> <span class='ocrx_word' id='word_1_186' title='bbox 1139 2620 1245 2660; x_wconf 91' lang='lat' dir='ltr'><strong>una</strong></span> <span class='ocrx_word' id='word_1_187' title='bbox 1261 2616 1511 2674; x_wconf 77' lang='lat' dir='ltr'><strong>excepta,</strong></span> <span class='ocrx_word' id='word_1_188' title='bbox 1539 2607 1783 2661; x_wconf 87' lang='lat' dir='ltr'><strong>omninnt</strong></span> 
     </span>
    </p>
   </div>
   <div class='ocr_carea' id='block_1_28' title="bbox 177 2691 1781 2768">
    <p class='ocr_par' dir='ltr' id='par_1_28' title="bbox 177 2691 1781 2768">
     <span class='ocr_line' id='line_1_28' title="bbox 177 2691 1781 2768; baseline 0.006 -25"><span class='ocrx_word' id='word_1_189' title='bbox 177 2691 418 2747; x_wconf 84' lang='lat' dir='ltr'><strong>continet</strong></span> <span class='ocrx_word' id='word_1_190' title='bbox 467 2693 620 2747; x_wconf 73' lang='lat' dir='ltr'><strong>initia</strong></span> <span class='ocrx_word' id='word_1_191' title='bbox 649 2695 1096 2750; x_wconf 70' lang='lat' dir='ltr'><strong>differentiarum.</strong></span> <span class='ocrx_word' id='word_1_192' title='bbox 1131 2695 1230 2752; x_wconf 89' lang='lat' dir='ltr'><strong>Ubi</strong></span> <span class='ocrx_word' id='word_1_193' title='bbox 1262 2696 1387 2754; x_wconf 85' lang='lat' dir='ltr'><strong>illud</strong></span> <span class='ocrx_word' id='word_1_194' title='bbox 1415 2714 1518 2752; x_wconf 94' lang='lat' dir='ltr'><strong>non</strong></span> <span class='ocrx_word' id='word_1_195' title='bbox 1551 2707 1781 2768; x_wconf 56' lang='lat' dir='ltr'><strong>praeter-</strong></span> 
     </span>
    </p>
   </div>
   <div class='ocr_carea' id='block_1_29' title="bbox 178 2781 1782 2860">
    <p class='ocr_par' dir='ltr' id='par_1_29' title="bbox 178 2781 1782 2860">
     <span class='ocr_line' id='line_1_29' title="bbox 178 2781 1782 2860; baseline 0.011 -31"><span class='ocrx_word' id='word_1_196' title='bbox 178 2781 415 2836; x_wconf 81' lang='lat' dir='ltr'><strong>cun-lum</strong></span> <span class='ocrx_word' id='word_1_197' title='bbox 442 2784 657 2839; x_wconf 88' lang='lat' dir='ltr'><strong>videtur</strong></span> <span class='ocrx_word' id='word_1_198' title='bbox 692 2786 834 2856; x_wconf 90' lang='lat' dir='ltr'><strong>quod</strong></span> <span class='ocrx_word' id='word_1_199' title='bbox 869 2787 1330 2856; x_wconf 85' lang='lat' dir='ltr'><strong>quemadmodum</strong></span> <span class='ocrx_word' id='word_1_200' title='bbox 1355 2788 1648 2860; x_wconf 91' lang='lat' dir='ltr'><strong>discipulus</strong></span> <span class='ocrx_word' id='word_1_201' title='bbox 1677 2806 1782 2846; x_wconf 92' lang='lat' dir='ltr'><strong>non</strong></span> 
     </span>
    </p>
   </div>
   <div class='ocr_carea' id='block_1_30' title="bbox 177 2875 1786 2948">
    <p class='ocr_par' dir='ltr' id='par_1_30' title="bbox 177 2875 1786 2948">
     <span class='ocr_line' id='line_1_30' title="bbox 177 2875 1786 2948; baseline 0.008 -25"><span class='ocrx_word' id='word_1_202' title='bbox 177 2883 256 2928; x_wconf 78' lang='lat' dir='ltr'><strong>es:</strong></span> <span class='ocrx_word' id='word_1_203' title='bbox 281 2888 452 2945; x_wconf 81' lang='lat' dir='ltr'><strong>super</strong></span> <span class='ocrx_word' id='word_1_204' title='bbox 473 2875 898 2946; x_wconf 73' lang='lat' dir='ltr'><strong>ttiagistrtnn,ita</strong></span> <span class='ocrx_word' id='word_1_205' title='bbox 925 2876 1070 2931; x_wconf 82' lang='lat' dir='ltr'><strong>utilia</strong></span> <span class='ocrx_word' id='word_1_206' title='bbox 1096 2876 1456 2948; x_wconf 84' lang='lat' dir='ltr'><strong>subjugalium</strong></span> <span class='ocrx_word' id='word_1_207' title='bbox 1481 2879 1786 2936; x_wconf 79' lang='lat' dir='ltr'><strong>diﬁ&#39;erentia</strong></span> 
     </span>
    </p>
   </div>
   <div class='ocr_carea' id='block_1_31' title="bbox 177 2964 1785 3040">
    <p class='ocr_par' dir='ltr' id='par_1_31' title="bbox 177 2964 1785 3040">
     <span class='ocr_line' id='line_1_31' title="bbox 177 2964 1785 3040; baseline 0.007 -26"><span class='ocrx_word' id='word_1_208' title='bbox 177 2964 254 3017; x_wconf 87' lang='lat' dir='ltr'><strong>vcl</strong></span> <span class='ocrx_word' id='word_1_209' title='bbox 284 2978 458 3036; x_wconf 81' lang='lat' dir='ltr'><strong>super</strong></span> <span class='ocrx_word' id='word_1_210' title='bbox 496 2971 815 3038; x_wconf 78' lang='lat' dir='ltr'><strong>magistrum</strong></span> <span class='ocrx_word' id='word_1_211' title='bbox 855 2967 934 3023; x_wconf 89' lang='lat' dir='ltr'><strong>vel</strong></span> <span class='ocrx_word' id='word_1_212' title='bbox 975 2983 1098 3024; x_wconf 90' lang='lat' dir='ltr'><strong>cum</strong></span> <span class='ocrx_word' id='word_1_213' title='bbox 1138 2969 1276 3040; x_wconf 88' lang='lat' dir='ltr'><strong>ipso,</strong></span> <span class='ocrx_word' id='word_1_214' title='bbox 1325 2971 1418 3025; x_wconf 89' lang='lat' dir='ltr'><strong>sed</strong></span> <span class='ocrx_word' id='word_1_215' title='bbox 1465 2987 1678 3040; x_wconf 89' lang='lat' dir='ltr'><strong>semper</strong></span> <span class='ocrx_word' id='word_1_216' title='bbox 1706 2973 1785 3026; x_wconf 84' lang='lat' dir='ltr'><strong>in-</strong></span> 
     </span>
    </p>
   </div>
   <div class='ocr_carea' id='block_1_32' title="bbox 180 3053 1782 3132">
    <p class='ocr_par' dir='ltr' id='par_1_32' title="bbox 180 3053 1782 3132">
     <span class='ocr_line' id='line_1_32' title="bbox 180 3053 1782 3132; baseline 0.004 -21"><span class='ocrx_word' id='word_1_217' title='bbox 180 3053 344 3113; x_wconf 64' lang='lat' dir='ltr'><strong>l&#39;crius</strong></span> <span class='ocrx_word' id='word_1_218' title='bbox 376 3058 560 3114; x_wconf 87' lang='lat' dir='ltr'><strong>locum</strong></span> <span class='ocrx_word' id='word_1_219' title='bbox 587 3059 805 3130; x_wconf 90' lang='lat' dir='ltr'><strong>accipit.</strong></span> <span class='ocrx_word' id='word_1_220' title='bbox 838 3059 1030 3116; x_wconf 90' lang='lat' dir='ltr'><strong>Onmis</strong></span> <span class='ocrx_word' id='word_1_221' title='bbox 1062 3061 1207 3115; x_wconf 92' lang='lat' dir='ltr'><strong>enim</strong></span> <span class='ocrx_word' id='word_1_222' title='bbox 1233 3062 1542 3116; x_wconf 90' lang='lat' dir='ltr'><strong>auteuticus</strong></span> <span class='ocrx_word' id='word_1_223' title='bbox 1575 3073 1782 3132; x_wconf 87' lang='lat' dir='ltr'><strong>protus,</strong></span> 
     </span>
    </p>
   </div>
   <div class='ocr_carea' id='block_1_33' title="bbox 183 3148 1779 3223">
    <p class='ocr_par' dir='ltr' id='par_1_33' title="bbox 183 3148 1779 3223">
     <span class='ocr_line' id='line_1_33' title="bbox 183 3148 1779 3223; baseline 0.004 -23"><span class='ocrx_word' id='word_1_224' title='bbox 183 3148 467 3203; x_wconf 89' lang='lat' dir='ltr'><strong>dcutermn</strong></span> <span class='ocrx_word' id='word_1_225' title='bbox 500 3150 688 3218; x_wconf 91' lang='lat' dir='ltr'><strong>quinto</strong></span> <span class='ocrx_word' id='word_1_226' title='bbox 719 3167 747 3204; x_wconf 90' lang='lat' dir='ltr'><strong>a</strong></span> <span class='ocrx_word' id='word_1_227' title='bbox 791 3150 937 3205; x_wconf 88' lang='lat' dir='ltr'><strong>ﬁnali</strong></span> <span class='ocrx_word' id='word_1_228' title='bbox 985 3151 1125 3216; x_wconf 91' lang='lat' dir='ltr'><strong>loco,</strong></span> <span class='ocrx_word' id='word_1_229' title='bbox 1157 3152 1338 3206; x_wconf 90' lang='lat' dir='ltr'><strong>omnis</strong></span> <span class='ocrx_word' id='word_1_230' title='bbox 1372 3162 1554 3206; x_wconf 75' lang='lat' dir='ltr'><strong>autem</strong></span> <span class='ocrx_word' id='word_1_231' title='bbox 1593 3153 1779 3223; x_wconf 86' lang='lat' dir='ltr'><strong>subju-</strong></span> 
     </span>
    </p>
   </div>
   <div class='ocr_carea' id='block_1_34' title="bbox 179 3216 1849 3305">
    <p class='ocr_par' dir='ltr' id='par_1_34' title="bbox 179 3216 1849 3305">
     <span class='ocr_line' id='line_1_34' title="bbox 179 3216 1849 3305; baseline 0.006 -15"><span class='ocrx_word' id='word_1_232' title='bbox 179 3238 309 3305; x_wconf 81' lang='lat' dir='ltr'><strong>galis</strong></span> <span class='ocrx_word' id='word_1_233' title='bbox 334 3243 532 3297; x_wconf 82' lang='lat' dir='ltr'><strong>subtus</strong></span> <span class='ocrx_word' id='word_1_234' title='bbox 565 3241 616 3295; x_wconf 90' lang='lat' dir='ltr'><strong>in</strong></span> <span class='ocrx_word' id='word_1_235' title='bbox 656 3242 892 3297; x_wconf 68' lang='lat' dir='ltr'><strong>ses-unda</strong></span> <span class='ocrx_word' id='word_1_236' title='bbox 922 3243 1002 3298; x_wconf 91' lang='lat' dir='ltr'><strong>vel</strong></span> <span class='ocrx_word' id='word_1_237' title='bbox 1040 3244 1193 3298; x_wconf 85' lang='lat' dir='ltr'><strong>tertia</strong></span> <span class='ocrx_word' id='word_1_238' title='bbox 1223 3246 1387 3300; x_wconf 86' lang='lat' dir='ltr'><strong>corda</strong></span> <span class='ocrx_word' id='word_1_239' title='bbox 1417 3244 1774 3300; x_wconf 81' lang='lat' dir='ltr'><strong>diil&#39;erentiam</strong></span> <span class='ocrx_word' id='word_1_240' title='bbox 1806 3216 1849 3277; x_wconf 63' lang='grc' dir='ltr'>Ο</span> 
     </span>
    </p>
   </div>
   <div class='ocr_carea' id='block_1_35' title="bbox 183 3332 428 3390">
    <p class='ocr_par' dir='ltr' id='par_1_35' title="bbox 183 3332 428 3390">
     <span class='ocr_line' id='line_1_35' title="bbox 183 3332 428 3390; baseline 0.016 -7"><span class='ocrx_word' id='word_1_241' title='bbox 183 3332 428 3390; x_wconf 75' lang='lat' dir='ltr'><strong>cullucal.</strong></span> 
     </span>
    </p>
   </div>
   <div class='ocr_carea' id='block_1_36' title="bbox 248 3427 1778 3500">
    <p class='ocr_par' dir='ltr' id='par_1_36' title="bbox 248 3427 1778 3500">
     <span class='ocr_line' id='line_1_36' title="bbox 248 3427 1778 3500; baseline 0.001 -20"><span class='ocrx_word' id='word_1_242' title='bbox 248 3427 528 3494; x_wconf 70' lang='lat' dir='ltr'><strong>Quaeritur</strong></span> <span class='ocrx_word' id='word_1_243' title='bbox 552 3428 718 3483; x_wconf 90' lang='lat' dir='ltr'><strong>etiam</strong></span> <span class='ocrx_word' id='word_1_244' title='bbox 757 3445 945 3500; x_wconf 89' lang='lat' dir='ltr'><strong>quare,</strong></span> <span class='ocrx_word' id='word_1_245' title='bbox 996 3443 1119 3482; x_wconf 84' lang='lat' dir='ltr'><strong>cum</strong></span> <span class='ocrx_word' id='word_1_246' title='bbox 1160 3437 1394 3498; x_wconf 89' lang='lat' dir='ltr'><strong>quatuor</strong></span> <span class='ocrx_word' id='word_1_247' title='bbox 1435 3437 1642 3482; x_wconf 87' lang='lat' dir='ltr'><strong>tantmu</strong></span> <span class='ocrx_word' id='word_1_248' title='bbox 1671 3427 1778 3482; x_wconf 93' lang='lat' dir='ltr'><strong>sint</strong></span> 
     </span>
    </p>
   </div>
   <div class='ocr_carea' id='block_1_37' title="bbox 183 3519 1778 3592">
    <p class='ocr_par' dir='ltr' id='par_1_37' title="bbox 183 3519 1778 3592">
     <span class='ocr_line' id='line_1_37' title="bbox 183 3519 1778 3592; baseline 0.001 -21"><span class='ocrx_word' id='word_1_249' title='bbox 183 3521 614 3589; x_wconf 77' lang='lat' dir='ltr'><strong>qua-.lticitorda,</strong></span> <span class='ocrx_word' id='word_1_250' title='bbox 663 3533 771 3575; x_wconf 90' lang='lat' dir='ltr'><strong>tam</strong></span> <span class='ocrx_word' id='word_1_251' title='bbox 823 3519 1116 3592; x_wconf 84' lang='lat' dir='ltr'><strong>subjugalis</strong></span> <span class='ocrx_word' id='word_1_252' title='bbox 1157 3536 1320 3590; x_wconf 86' lang='lat' dir='ltr'><strong>quam</strong></span> <span class='ocrx_word' id='word_1_253' title='bbox 1367 3520 1624 3575; x_wconf 85' lang='lat' dir='ltr'><strong>autentiei</strong></span> <span class='ocrx_word' id='word_1_254' title='bbox 1676 3519 1778 3574; x_wconf 85' lang='lat' dir='ltr'><strong>tria</strong></span> 
     </span>
    </p>
   </div>
   <div class='ocr_carea' id='block_1_38' title="bbox 185 3611 1782 3684">
    <p class='ocr_par' dir='ltr' id='par_1_38' title="bbox 185 3611 1782 3684">
     <span class='ocr_line' id='line_1_38' title="bbox 185 3611 1782 3684; baseline 0.001 -19"><span class='ocrx_word' id='word_1_255' title='bbox 185 3612 516 3680; x_wconf 82' lang='lat' dir='ltr'><strong>possideant.</strong></span> <span class='ocrx_word' id='word_1_256' title='bbox 577 3611 734 3680; x_wconf 76' lang='lat' dir='ltr'><strong>Quod</strong></span> <span class='ocrx_word' id='word_1_257' title='bbox 792 3612 948 3668; x_wconf 78' lang='lat' dir='ltr'><strong>facile</strong></span> <span class='ocrx_word' id='word_1_258' title='bbox 1011 3613 1351 3668; x_wconf 86' lang='lat' dir='ltr'><strong>considerata</strong></span> <span class='ocrx_word' id='word_1_259' title='bbox 1419 3613 1782 3684; x_wconf 71' lang='lat' dir='ltr'><strong>processionis</strong></span> 
     </span>
    </p>
   </div>
   <div class='ocr_carea' id='block_1_39' title="bbox 185 3703 1780 3760">
    <p class='ocr_par' dir='ltr' id='par_1_39' title="bbox 185 3703 1780 3760">
     <span class='ocr_line' id='line_1_39' title="bbox 185 3703 1780 3760; baseline 0.002 -4"><span class='ocrx_word' id='word_1_260' title='bbox 185 3718 367 3758; x_wconf 90' lang='lat' dir='ltr'><strong>eorum</strong></span> <span class='ocrx_word' id='word_1_261' title='bbox 400 3705 617 3760; x_wconf 90' lang='lat' dir='ltr'><strong>ratione</strong></span> <span class='ocrx_word' id='word_1_262' title='bbox 647 3704 893 3759; x_wconf 87' lang='lat' dir='ltr'><strong>solvitur.</strong></span> <span class='ocrx_word' id='word_1_263' title='bbox 915 3703 1047 3758; x_wconf 69' lang='lat' dir='ltr'><strong>Nam</strong></span> <span class='ocrx_word' id='word_1_264' title='bbox 1076 3719 1198 3759; x_wconf 91' lang='lat' dir='ltr'><strong>cum</strong></span> <span class='ocrx_word' id='word_1_265' title='bbox 1230 3705 1405 3760; x_wconf 90' lang='lat' dir='ltr'><strong>omnis</strong></span> <span class='ocrx_word' id='word_1_266' title='bbox 1420 3706 1724 3760; x_wconf 84' lang='lat' dir='ltr'><strong>auteuticus</strong></span> <span class='ocrx_word' id='word_1_267' title='bbox 1751 3721 1780 3759; x_wconf 87' lang='lat' dir='ltr'><strong>a</strong></span> 
     </span>
    </p>
   </div>
   <div class='ocr_carea' id='block_1_40' title="bbox 188 3795 1782 3868">
    <p class='ocr_par' dir='ltr' id='par_1_40' title="bbox 188 3795 1782 3868">
     <span class='ocr_line' id='line_1_40' title="bbox 188 3795 1782 3868; baseline 0.001 -20"><span class='ocrx_word' id='word_1_268' title='bbox 188 3796 400 3866; x_wconf 87' lang='lat' dir='ltr'><strong>propria</strong></span> <span class='ocrx_word' id='word_1_269' title='bbox 437 3795 584 3851; x_wconf 89' lang='lat' dir='ltr'><strong>ﬁnali</strong></span> <span class='ocrx_word' id='word_1_270' title='bbox 629 3796 892 3866; x_wconf 90' lang='lat' dir='ltr'><strong>incipiens</strong></span> <span class='ocrx_word' id='word_1_271' title='bbox 929 3796 1146 3868; x_wconf 90' lang='lat' dir='ltr'><strong>propria</strong></span> <span class='ocrx_word' id='word_1_272' title='bbox 1177 3796 1435 3867; x_wconf 90' lang='lat' dir='ltr'><strong>diapason</strong></span> <span class='ocrx_word' id='word_1_273' title='bbox 1474 3799 1655 3867; x_wconf 89' lang='lat' dir='ltr'><strong>specie</strong></span> <span class='ocrx_word' id='word_1_274' title='bbox 1685 3812 1782 3866; x_wconf 90' lang='lat' dir='ltr'><strong>per</strong></span> 
     </span>
    </p>
   </div>
   <div class='ocr_carea' id='block_1_41' title="bbox 189 3889 1783 3959">
    <p class='ocr_par' dir='ltr' id='par_1_41' title="bbox 189 3889 1783 3959">
     <span class='ocr_line' id='line_1_41' title="bbox 189 3889 1783 3959; baseline 0.002 -18"><span class='ocrx_word' id='word_1_275' title='bbox 189 3891 499 3959; x_wconf 81' lang='lat' dir='ltr'><strong>superiores</strong></span> <span class='ocrx_word' id='word_1_276' title='bbox 552 3889 606 3944; x_wconf 89' lang='lat' dir='ltr'><strong>itt</strong></span> <span class='ocrx_word' id='word_1_277' title='bbox 664 3905 820 3944; x_wconf 80' lang='lat' dir='ltr'><strong>suam</strong></span> <span class='ocrx_word' id='word_1_278' title='bbox 874 3899 1112 3945; x_wconf 88' lang='lat' dir='ltr'><strong>transeat</strong></span> <span class='ocrx_word' id='word_1_279' title='bbox 1161 3890 1552 3954; x_wconf 76' lang='lat' dir='ltr'><strong>excellentem,</strong></span> <span class='ocrx_word' id='word_1_280' title='bbox 1606 3891 1783 3945; x_wconf 89' lang='lat' dir='ltr'><strong>omnis</strong></span> 
     </span>
    </p>
   </div>
   <div class='ocr_carea' id='block_1_42' title="bbox 190 3979 1784 4052">
    <p class='ocr_par' dir='ltr' id='par_1_42' title="bbox 190 3979 1784 4052">
     <span class='ocr_line' id='line_1_42' title="bbox 190 3979 1784 4052; baseline 0.003 -21"><span class='ocrx_word' id='word_1_281' title='bbox 190 3995 402 4049; x_wconf 80' lang='lat' dir='ltr'><strong>quoque</strong></span> <span class='ocrx_word' id='word_1_282' title='bbox 443 3979 746 4052; x_wconf 86' lang='lat' dir='ltr'><strong>subjugalis</strong></span> <span class='ocrx_word' id='word_1_283' title='bbox 781 3995 812 4035; x_wconf 89' lang='lat' dir='ltr'><strong>a</strong></span> <span class='ocrx_word' id='word_1_284' title='bbox 852 3996 949 4035; x_wconf 91' lang='lat' dir='ltr'><strong>sua</strong></span> <span class='ocrx_word' id='word_1_285' title='bbox 985 3981 1136 4052; x_wconf 91' lang='lat' dir='ltr'><strong>gravi</strong></span> <span class='ocrx_word' id='word_1_286' title='bbox 1183 3996 1280 4050; x_wconf 90' lang='lat' dir='ltr'><strong>per</strong></span> <span class='ocrx_word' id='word_1_287' title='bbox 1319 3980 1507 4036; x_wconf 87' lang='lat' dir='ltr'><strong>ﬁnaics</strong></span> <span class='ocrx_word' id='word_1_288' title='bbox 1557 3980 1607 4034; x_wconf 91' lang='lat' dir='ltr'><strong>in</strong></span> <span class='ocrx_word' id='word_1_289' title='bbox 1655 3997 1784 4035; x_wconf 89' lang='lat' dir='ltr'><strong>suos</strong></span> 
     </span>
    </p>
   </div>
   <div class='ocr_carea' id='block_1_43' title="bbox 192 4069 1784 4138">
    <p class='ocr_par' dir='ltr' id='par_1_43' title="bbox 192 4069 1784 4138">
     <span class='ocr_line' id='line_1_43' title="bbox 192 4069 1784 4138; baseline 0.002 -18"><span class='ocrx_word' id='word_1_290' title='bbox 192 4069 448 4123; x_wconf 89' lang='lat' dir='ltr'><strong>ascendat</strong></span> <span class='ocrx_word' id='word_1_291' title='bbox 497 4071 832 4138; x_wconf 87' lang='lat' dir='ltr'><strong>superiores,</strong></span> <span class='ocrx_word' id='word_1_292' title='bbox 893 4086 1116 4127; x_wconf 89' lang='lat' dir='ltr'><strong>necesse</strong></span> <span class='ocrx_word' id='word_1_293' title='bbox 1161 4079 1244 4124; x_wconf 85' lang='lat' dir='ltr'><strong>est</strong></span> <span class='ocrx_word' id='word_1_294' title='bbox 1293 4080 1349 4124; x_wconf 95' lang='lat' dir='ltr'><strong>nt</strong></span> <span class='ocrx_word' id='word_1_295' title='bbox 1390 4071 1498 4125; x_wconf 91' lang='lat' dir='ltr'><strong>duo</strong></span> <span class='ocrx_word' id='word_1_296' title='bbox 1541 4079 1784 4125; x_wconf 81' lang='lat' dir='ltr'><strong>extrema</strong></span> 
     </span>
    </p>
   </div>
   <div class='ocr_carea' id='block_1_44' title="bbox 193 4161 1786 4232">
    <p class='ocr_par' dir='ltr' id='par_1_44' title="bbox 193 4161 1786 4232">
     <span class='ocr_line' id='line_1_44' title="bbox 193 4161 1786 4232; baseline 0.002 -19"><span class='ocrx_word' id='word_1_297' title='bbox 193 4161 378 4227; x_wconf 82' lang='lat' dir='ltr'><strong>semel,</strong></span> <span class='ocrx_word' id='word_1_298' title='bbox 409 4162 518 4216; x_wconf 92' lang='lat' dir='ltr'><strong>duo</strong></span> <span class='ocrx_word' id='word_1_299' title='bbox 549 4175 675 4216; x_wconf 87' lang='lat' dir='ltr'><strong>vero</strong></span> <span class='ocrx_word' id='word_1_300' title='bbox 701 4163 904 4227; x_wconf 90' lang='lat' dir='ltr'><strong>media,</strong></span> <span class='ocrx_word' id='word_1_301' title='bbox 941 4163 1066 4231; x_wconf 90' lang='lat' dir='ltr'><strong>quia</strong></span> <span class='ocrx_word' id='word_1_302' title='bbox 1111 4161 1396 4232; x_wconf 84' lang='lat' dir='ltr'><strong>dupliciter</strong></span> <span class='ocrx_word' id='word_1_303' title='bbox 1423 4171 1549 4216; x_wconf 91' lang='lat' dir='ltr'><strong>sunt</strong></span> <span class='ocrx_word' id='word_1_304' title='bbox 1577 4164 1786 4232; x_wconf 89' lang='lat' dir='ltr'><strong>pervia,</strong></span> 
     </span>
    </p>
   </div>
   <div class='ocr_carea' id='block_1_45' title="bbox 193 4251 1787 4324">
    <p class='ocr_par' dir='ltr' id='par_1_45' title="bbox 193 4251 1787 4324">
     <span class='ocr_line' id='line_1_45' title="bbox 193 4251 1787 4324; baseline 0.003 -18"><span class='ocrx_word' id='word_1_305' title='bbox 193 4251 271 4306; x_wconf 84' lang='lat' dir='ltr'><strong>bis</strong></span> <span class='ocrx_word' id='word_1_306' title='bbox 299 4264 675 4309; x_wconf 89' lang='lat' dir='ltr'><strong>numerentur.</strong></span> <span class='ocrx_word' id='word_1_307' title='bbox 707 4252 821 4320; x_wconf 85' lang='lat' dir='ltr'><strong>Qua</strong></span> <span class='ocrx_word' id='word_1_308' title='bbox 857 4269 922 4308; x_wconf 83' lang='lat' dir='ltr'><strong>ex</strong></span> <span class='ocrx_word' id='word_1_309' title='bbox 969 4269 1026 4308; x_wconf 91' lang='lat' dir='ltr'><strong>re</strong></span> <span class='ocrx_word' id='word_1_310' title='bbox 1082 4269 1297 4324; x_wconf 89' lang='lat' dir='ltr'><strong>quoque</strong></span> <span class='ocrx_word' id='word_1_311' title='bbox 1345 4253 1616 4323; x_wconf 83' lang='lat' dir='ltr'><strong>colligitur</strong></span> <span class='ocrx_word' id='word_1_312' title='bbox 1645 4254 1787 4323; x_wconf 88' lang='lat' dir='ltr'><strong>quod</strong></span> 
     </span>
    </p>
   </div>
   <div class='ocr_carea' id='block_1_46' title="bbox 195 4344 1788 4416">
    <p class='ocr_par' dir='ltr' id='par_1_46' title="bbox 195 4344 1788 4416">
     <span class='ocr_line' id='line_1_46' title="bbox 195 4344 1788 4416; baseline 0.003 -21"><span class='ocrx_word' id='word_1_313' title='bbox 195 4359 384 4411; x_wconf 79' lang='lat' dir='ltr'><strong>graves</strong></span> <span class='ocrx_word' id='word_1_314' title='bbox 409 4355 465 4398; x_wconf 81' lang='lat' dir='ltr'><strong>et</strong></span> <span class='ocrx_word' id='word_1_315' title='bbox 489 4345 801 4416; x_wconf 88' lang='lat' dir='ltr'><strong>superiores</strong></span> <span class='ocrx_word' id='word_1_316' title='bbox 824 4344 1152 4416; x_wconf 84' lang='lat' dir='ltr'><strong>subjugales,</strong></span> <span class='ocrx_word' id='word_1_317' title='bbox 1170 4345 1356 4400; x_wconf 87' lang='lat' dir='ltr'><strong>ﬁnales</strong></span> <span class='ocrx_word' id='word_1_318' title='bbox 1379 4360 1507 4401; x_wconf 88' lang='lat' dir='ltr'><strong>vero</strong></span> <span class='ocrx_word' id='word_1_319' title='bbox 1528 4354 1581 4401; x_wconf 88' lang='lat' dir='ltr'><strong>et</strong></span> <span class='ocrx_word' id='word_1_320' title='bbox 1608 4345 1788 4401; x_wconf 78' lang='lat' dir='ltr'><strong>execl-</strong></span> 
     </span>
    </p>
   </div>
   <div class='ocr_carea' id='block_1_47' title="bbox 197 4435 1789 4510">
    <p class='ocr_par' dir='ltr' id='par_1_47' title="bbox 197 4435 1789 4510">
     <span class='ocr_line' id='line_1_47' title="bbox 197 4435 1789 4510; baseline 0.003 -21"><span class='ocrx_word' id='word_1_321' title='bbox 197 4435 365 4494; x_wconf 77' lang='lat' dir='ltr'><strong>lentes</strong></span> <span class='ocrx_word' id='word_1_322' title='bbox 387 4439 673 4494; x_wconf 91' lang='lat' dir='ltr'><strong>includunt</strong></span> <span class='ocrx_word' id='word_1_323' title='bbox 701 4439 1031 4502; x_wconf 84' lang='lat' dir='ltr'><strong>auteuticus,</strong></span> <span class='ocrx_word' id='word_1_324' title='bbox 1057 4449 1292 4508; x_wconf 90' lang='lat' dir='ltr'><strong>suntque</strong></span> <span class='ocrx_word' id='word_1_325' title='bbox 1310 4437 1669 4510; x_wconf 87' lang='lat' dir='ltr'><strong>subjugaliutn</strong></span> <span class='ocrx_word' id='word_1_326' title='bbox 1695 4454 1789 4494; x_wconf 82' lang='lat' dir='ltr'><strong>ex-</strong></span> 
     </span>
    </p>
   </div>
   <div class='ocr_carea' id='block_1_48' title="bbox 199 4531 1791 4603">
    <p class='ocr_par' dir='ltr' id='par_1_48' title="bbox 199 4531 1791 4603">
     <span class='ocr_line' id='line_1_48' title="bbox 199 4531 1791 4603; baseline 0.002 -21"><span class='ocrx_word' id='word_1_327' title='bbox 199 4532 494 4588; x_wconf 72' lang='lat' dir='ltr'><strong>tremitates</strong></span> <span class='ocrx_word' id='word_1_328' title='bbox 547 4547 742 4603; x_wconf 88' lang='lat' dir='ltr'><strong>graves</strong></span> <span class='ocrx_word' id='word_1_329' title='bbox 792 4540 848 4587; x_wconf 92' lang='lat' dir='ltr'><strong>et</strong></span> <span class='ocrx_word' id='word_1_330' title='bbox 888 4531 1216 4602; x_wconf 65' lang='lat' dir='ltr'><strong>superiores,</strong></span> <span class='ocrx_word' id='word_1_331' title='bbox 1246 4531 1433 4586; x_wconf 89' lang='lat' dir='ltr'><strong>iiuales</strong></span> <span class='ocrx_word' id='word_1_332' title='bbox 1457 4531 1668 4597; x_wconf 71' lang='lat' dir='ltr'><strong>medim,</strong></span> <span class='ocrx_word' id='word_1_333' title='bbox 1695 4547 1791 4586; x_wconf 89' lang='lat' dir='ltr'><strong>au-</strong></span> 
     </span>
    </p>
   </div>
   <div class='ocr_carea' id='block_1_49' title="bbox 201 4624 1790 4682">
    <p class='ocr_par' dir='ltr' id='par_1_49' title="bbox 201 4624 1790 4682">
     <span class='ocr_line' id='line_1_49' title="bbox 201 4624 1790 4682; baseline 0.004 -6"><span class='ocrx_word' id='word_1_334' title='bbox 201 4626 518 4681; x_wconf 85' lang='lat' dir='ltr'><strong>tentirotum</strong></span> <span class='ocrx_word' id='word_1_335' title='bbox 553 4642 679 4682; x_wconf 83' lang='lat' dir='ltr'><strong>vero</strong></span> <span class='ocrx_word' id='word_1_336' title='bbox 720 4625 1102 4680; x_wconf 82' lang='lat' dir='ltr'><strong>extremitates</strong></span> <span class='ocrx_word' id='word_1_337' title='bbox 1143 4625 1332 4680; x_wconf 81' lang='lat' dir='ltr'><strong>iinules</strong></span> <span class='ocrx_word' id='word_1_338' title='bbox 1369 4634 1424 4680; x_wconf 91' lang='lat' dir='ltr'><strong>et</strong></span> <span class='ocrx_word' id='word_1_339' title='bbox 1463 4624 1790 4682; x_wconf 81' lang='lat' dir='ltr'><strong>excellentes</strong></span> 
     </span>
    </p>
   </div>
   <div class='ocr_carea' id='block_1_50' title="bbox 202 4716 1786 4789">
    <p class='ocr_par' dir='ltr' id='par_1_50' title="bbox 202 4716 1786 4789">
     <span class='ocr_line' id='line_1_50' title="bbox 202 4716 1786 4789; baseline 0.002 -19"><span class='ocrx_word' id='word_1_340' title='bbox 202 4718 504 4785; x_wconf 77' lang='lat' dir='ltr'><strong>Superiores</strong></span> <span class='ocrx_word' id='word_1_341' title='bbox 550 4717 764 4773; x_wconf 78' lang='lat' dir='ltr'><strong>mediae.</strong></span> <span class='ocrx_word' id='word_1_342' title='bbox 804 4717 933 4786; x_wconf 75' lang='lat' dir='ltr'><strong>Qua:</strong></span> <span class='ocrx_word' id='word_1_343' title='bbox 984 4724 1166 4772; x_wconf 88' lang='lat' dir='ltr'><strong>autent</strong></span> <span class='ocrx_word' id='word_1_344' title='bbox 1215 4716 1612 4789; x_wconf 89' lang='lat' dir='ltr'><strong>principalium,</strong></span> <span class='ocrx_word' id='word_1_345' title='bbox 1655 4718 1786 4773; x_wconf 88' lang='lat' dir='ltr'><strong>ﬁna-</strong></span> 
     </span>
    </p>
   </div>
   <div class='ocr_carea' id='block_1_51' title="bbox 202 4809 1788 4882">
    <p class='ocr_par' dir='ltr' id='par_1_51' title="bbox 202 4809 1788 4882">
     <span class='ocr_line' id='line_1_51' title="bbox 202 4809 1788 4882; baseline 0.005 -21"><span class='ocrx_word' id='word_1_346' title='bbox 202 4809 358 4875; x_wconf 90' lang='lat' dir='ltr'><strong>linm,</strong></span> <span class='ocrx_word' id='word_1_347' title='bbox 406 4812 780 4881; x_wconf 86' lang='lat' dir='ltr'><strong>superiorum,</strong></span> <span class='ocrx_word' id='word_1_348' title='bbox 827 4811 1205 4867; x_wconf 77' lang='lat' dir='ltr'><strong>excellentium</strong></span> <span class='ocrx_word' id='word_1_349' title='bbox 1248 4822 1374 4869; x_wconf 91' lang='lat' dir='ltr'><strong>sunt</strong></span> <span class='ocrx_word' id='word_1_350' title='bbox 1421 4809 1632 4880; x_wconf 78' lang='lat' dir='ltr'><strong>ofﬁcia,</strong></span> <span class='ocrx_word' id='word_1_351' title='bbox 1676 4810 1788 4882; x_wconf 89' lang='lat' dir='ltr'><strong>jam</strong></span> 
     </span>
    </p>
   </div>
   <div class='ocr_carea' id='block_1_52' title="bbox 205 4906 1059 4973">
    <p class='ocr_par' dir='ltr' id='par_1_52' title="bbox 205 4906 1059 4973">
     <span class='ocr_line' id='line_1_52' title="bbox 205 4906 1059 4973; baseline 0.004 -12"><span class='ocrx_word' id='word_1_352' title='bbox 205 4906 454 4973; x_wconf 86' lang='lat' dir='ltr'><strong>diximus,</strong></span> <span class='ocrx_word' id='word_1_353' title='bbox 489 4916 543 4964; x_wconf 88' lang='lat' dir='ltr'><strong>ct</strong></span> <span class='ocrx_word' id='word_1_354' title='bbox 570 4909 753 4965; x_wconf 89' lang='lat' dir='ltr'><strong>adhuc</strong></span> <span class='ocrx_word' id='word_1_355' title='bbox 789 4908 1059 4964; x_wconf 86' lang='lat' dir='ltr'><strong>dicemus.</strong></span> 
     </span>
    </p>
   </div>
   <div class='ocr_carea' id='block_1_53' title="bbox 273 4998 1790 5072">
    <p class='ocr_par' dir='ltr' id='par_1_53' title="bbox 273 4998 1790 5072">
     <span class='ocr_line' id='line_1_53' title="bbox 273 4998 1790 5072; baseline 0.003 -20"><span class='ocrx_word' id='word_1_356' title='bbox 273 4998 489 5054; x_wconf 86' lang='lat' dir='ltr'><strong>Interim</strong></span> <span class='ocrx_word' id='word_1_357' title='bbox 513 5001 669 5070; x_wconf 88' lang='lat' dir='ltr'><strong>quasi</strong></span> <span class='ocrx_word' id='word_1_358' title='bbox 715 5000 970 5072; x_wconf 88' lang='lat' dir='ltr'><strong>segnibus</strong></span> <span class='ocrx_word' id='word_1_359' title='bbox 1005 5014 1109 5054; x_wconf 92' lang='lat' dir='ltr'><strong>non</strong></span> <span class='ocrx_word' id='word_1_360' title='bbox 1141 5009 1223 5056; x_wconf 86' lang='lat' dir='ltr'><strong>est</strong></span> <span class='ocrx_word' id='word_1_361' title='bbox 1249 4999 1651 5066; x_wconf 85' lang='lat' dir='ltr'><strong>del.:ssandum,</strong></span> <span class='ocrx_word' id='word_1_362' title='bbox 1696 5000 1790 5057; x_wconf 86' lang='lat' dir='ltr'><strong>sed</strong></span> 
     </span>
    </p>
   </div>
   <div class='ocr_carea' id='block_1_54' title="bbox 207 5091 1790 5163">
    <p class='ocr_par' dir='ltr' id='par_1_54' title="bbox 207 5091 1790 5163">
     <span class='ocr_line' id='line_1_54' title="bbox 207 5091 1790 5163; baseline 0.004 -20"><span class='ocrx_word' id='word_1_363' title='bbox 207 5105 321 5160; x_wconf 79' lang='lat' dir='ltr'><strong>qua:</strong></span> <span class='ocrx_word' id='word_1_364' title='bbox 351 5091 405 5147; x_wconf 93' lang='lat' dir='ltr'><strong>in</strong></span> <span class='ocrx_word' id='word_1_365' title='bbox 449 5093 820 5150; x_wconf 68' lang='lat' dir='ltr'><strong>monocltordo</strong></span> <span class='ocrx_word' id='word_1_366' title='bbox 871 5092 1268 5162; x_wconf 88' lang='lat' dir='ltr'><strong>quadricborda</strong></span> <span class='ocrx_word' id='word_1_367' title='bbox 1316 5092 1568 5149; x_wconf 78' lang='lat' dir='ltr'><strong>bifariam</strong></span> <span class='ocrx_word' id='word_1_368' title='bbox 1617 5092 1790 5163; x_wconf 93' lang='lat' dir='ltr'><strong>ﬁunt,</strong></span> 
     </span>
    </p>
   </div>
   <div class='ocr_carea' id='block_1_55' title="bbox 211 5183 1782 5254">
    <p class='ocr_par' dir='ltr' id='par_1_55' title="bbox 211 5183 1782 5254">
     <span class='ocr_line' id='line_1_55' title="bbox 211 5183 1782 5254; baseline 0.003 -16"><span class='ocrx_word' id='word_1_369' title='bbox 211 5197 325 5248; x_wconf 68' lang='lat' dir='ltr'><strong>qum</strong></span> <span class='ocrx_word' id='word_1_370' title='bbox 352 5199 540 5238; x_wconf 86' lang='lat' dir='ltr'><strong>eorum</strong></span> <span class='ocrx_word' id='word_1_371' title='bbox 584 5183 890 5240; x_wconf 80' lang='lat' dir='ltr'><strong>diﬁerentia</strong></span> <span class='ocrx_word' id='word_1_372' title='bbox 941 5183 1052 5247; x_wconf 90' lang='lat' dir='ltr'><strong>sit,</strong></span> <span class='ocrx_word' id='word_1_373' title='bbox 1103 5183 1413 5239; x_wconf 89' lang='lat' dir='ltr'><strong>videndum.</strong></span> <span class='ocrx_word' id='word_1_374' title='bbox 1452 5183 1524 5236; x_wconf 83' lang='lat' dir='ltr'><strong>Ea</strong></span> <span class='ocrx_word' id='word_1_375' title='bbox 1573 5185 1782 5254; x_wconf 68' lang='lat' dir='ltr'><strong>quidem</strong></span> 
     </span>
    </p>
   </div>
   <div class='ocr_carea' id='block_1_56' title="bbox 1888 590 3470 662">
    <p class='ocr_par' dir='ltr' id='par_1_56' title="bbox 1888 590 3470 662">
     <span class='ocr_line' id='line_1_56' title="bbox 1888 590 3470 662; baseline 0.002 -19"><span class='ocrx_word' id='word_1_376' title='bbox 1888 590 2198 657; x_wconf 88' lang='lat' dir='ltr'><strong>includunt;</strong></span> <span class='ocrx_word' id='word_1_377' title='bbox 2241 592 2342 646; x_wconf 91' lang='lat' dir='ltr'><strong>ista</strong></span> <span class='ocrx_word' id='word_1_378' title='bbox 2375 591 2516 647; x_wconf 91' lang='lat' dir='ltr'><strong>inter</strong></span> <span class='ocrx_word' id='word_1_379' title='bbox 2545 607 2574 645; x_wconf 92' lang='lat' dir='ltr'><strong>a</strong></span> <span class='ocrx_word' id='word_1_380' title='bbox 2624 600 2681 644; x_wconf 89' lang='lat' dir='ltr'><strong>et</strong></span> <span class='ocrx_word' id='word_1_381' title='bbox 2728 590 2761 644; x_wconf 92' lang='lat' dir='ltr'><strong>b</strong></span> <span class='ocrx_word' id='word_1_382' title='bbox 2803 590 3132 655; x_wconf 83' lang='lat' dir='ltr'><strong>excludunt,</strong></span> <span class='ocrx_word' id='word_1_383' title='bbox 3166 599 3470 662; x_wconf 57' lang='lat' dir='ltr'><strong>tonosqne,</strong></span> 
     </span>
    </p>
   </div>
   <div class='ocr_carea' id='block_1_57' title="bbox 1885 681 3472 753">
    <p class='ocr_par' dir='ltr' id='par_1_57' title="bbox 1885 681 3472 753">
     <span class='ocr_line' id='line_1_57' title="bbox 1885 681 3472 753; baseline 0.004 -21"><span class='ocrx_word' id='word_1_384' title='bbox 1885 697 2022 751; x_wconf 87' lang='lat' dir='ltr'><strong>quos</strong></span> <span class='ocrx_word' id='word_1_385' title='bbox 2063 683 2150 737; x_wconf 90' lang='lat' dir='ltr'><strong>illa</strong></span> <span class='ocrx_word' id='word_1_386' title='bbox 2189 683 2331 737; x_wconf 90' lang='lat' dir='ltr'><strong>inter</strong></span> <span class='ocrx_word' id='word_1_387' title='bbox 2360 699 2392 752; x_wconf 87' lang='lat' dir='ltr'><strong>g</strong></span> <span class='ocrx_word' id='word_1_388' title='bbox 2419 692 2474 737; x_wconf 92' lang='lat' dir='ltr'><strong>et</strong></span> <span class='ocrx_word' id='word_1_389' title='bbox 2513 698 2542 735; x_wconf 92' lang='lat' dir='ltr'><strong>a</strong></span> <span class='ocrx_word' id='word_1_390' title='bbox 2585 681 2918 746; x_wconf 82' lang='lat' dir='ltr'><strong>excludunt,</strong></span> <span class='ocrx_word' id='word_1_391' title='bbox 2954 681 3055 737; x_wconf 91' lang='lat' dir='ltr'><strong>ista</strong></span> <span class='ocrx_word' id='word_1_392' title='bbox 3104 682 3245 737; x_wconf 92' lang='lat' dir='ltr'><strong>inter</strong></span> <span class='ocrx_word' id='word_1_393' title='bbox 3279 700 3311 753; x_wconf 85' lang='lat' dir='ltr'><strong>g</strong></span> <span class='ocrx_word' id='word_1_394' title='bbox 3345 693 3399 738; x_wconf 91' lang='lat' dir='ltr'><strong>ct</strong></span> <span class='ocrx_word' id='word_1_395' title='bbox 3439 698 3472 739; x_wconf 90' lang='lat' dir='ltr'><strong>a</strong></span> 
     </span>
    </p>
   </div>
   <div class='ocr_carea' id='block_1_58' title="bbox 1886 775 3472 845">
    <p class='ocr_par' dir='ltr' id='par_1_58' title="bbox 1886 775 3472 845">
     <span class='ocr_line' id='line_1_58' title="bbox 1886 775 3472 845; baseline 0.002 -16"><span class='ocrx_word' id='word_1_396' title='bbox 1886 775 2188 830; x_wconf 90' lang='lat' dir='ltr'><strong>includunt.</strong></span> <span class='ocrx_word' id='word_1_397' title='bbox 2216 775 2304 830; x_wconf 92' lang='lat' dir='ltr'><strong>llla</strong></span> <span class='ocrx_word' id='word_1_398' title='bbox 2331 792 2426 845; x_wconf 82' lang='lat' dir='ltr'><strong>per</strong></span> <span class='ocrx_word' id='word_1_399' title='bbox 2449 785 2656 838; x_wconf 89' lang='lat' dir='ltr'><strong>tonum,</strong></span> <span class='ocrx_word' id='word_1_400' title='bbox 2685 775 3029 829; x_wconf 86' lang='lat' dir='ltr'><strong>scmitonium</strong></span> <span class='ocrx_word' id='word_1_401' title='bbox 3058 783 3113 830; x_wconf 91' lang='lat' dir='ltr'><strong>et</strong></span> <span class='ocrx_word' id='word_1_402' title='bbox 3133 784 3339 840; x_wconf 92' lang='lat' dir='ltr'><strong>tonum,</strong></span> <span class='ocrx_word' id='word_1_403' title='bbox 3367 776 3472 833; x_wconf 87' lang='lat' dir='ltr'><strong>ista</strong></span> 
     </span>
    </p>
   </div>
   <div class='ocr_carea' id='block_1_59' title="bbox 1886 865 3472 934">
    <p class='ocr_par' dir='ltr' id='par_1_59' title="bbox 1886 865 3472 934">
     <span class='ocr_line' id='line_1_59' title="bbox 1886 865 3472 934; baseline 0.002 -14"><span class='ocrx_word' id='word_1_404' title='bbox 1886 880 1981 934; x_wconf 86' lang='lat' dir='ltr'><strong>per</strong></span> <span class='ocrx_word' id='word_1_405' title='bbox 2006 876 2189 921; x_wconf 91' lang='lat' dir='ltr'><strong>tonum</strong></span> <span class='ocrx_word' id='word_1_406' title='bbox 2217 877 2463 931; x_wconf 67' lang='lat' dir='ltr'><strong>,&#39;tonum</strong></span> <span class='ocrx_word' id='word_1_407' title='bbox 2502 875 2554 920; x_wconf 93' lang='lat' dir='ltr'><strong>et</strong></span> <span class='ocrx_word' id='word_1_408' title='bbox 2586 865 2930 920; x_wconf 89' lang='lat' dir='ltr'><strong>semitouium</strong></span> <span class='ocrx_word' id='word_1_409' title='bbox 2971 876 3342 920; x_wconf 87' lang='lat' dir='ltr'><strong>numerantur.</strong></span> <span class='ocrx_word' id='word_1_410' title='bbox 3378 866 3472 924; x_wconf 83' lang='lat' dir='ltr'><strong>illa</strong></span> 
     </span>
    </p>
   </div>
   <div class='ocr_carea' id='block_1_60' title="bbox 1885 957 3473 1032">
    <p class='ocr_par' dir='ltr' id='par_1_60' title="bbox 1885 957 3473 1032">
     <span class='ocr_line' id='line_1_60' title="bbox 1885 957 3473 1032; baseline 0.001 -20"><span class='ocrx_word' id='word_1_411' title='bbox 1885 973 1916 1012; x_wconf 87' lang='lat' dir='ltr'><strong>a</strong></span> <span class='ocrx_word' id='word_1_412' title='bbox 1969 958 2222 1029; x_wconf 79' lang='lat' dir='ltr'><strong>gravibus</strong></span> <span class='ocrx_word' id='word_1_413' title='bbox 2279 958 2332 1013; x_wconf 92' lang='lat' dir='ltr'><strong>in</strong></span> <span class='ocrx_word' id='word_1_414' title='bbox 2364 969 2584 1024; x_wconf 90' lang='lat' dir='ltr'><strong>acutas;</strong></span> <span class='ocrx_word' id='word_1_415' title='bbox 2624 957 2727 1012; x_wconf 90' lang='lat' dir='ltr'><strong>ista</strong></span> <span class='ocrx_word' id='word_1_416' title='bbox 2777 959 2845 1012; x_wconf 90' lang='lat' dir='ltr'><strong>ab</strong></span> <span class='ocrx_word' id='word_1_417' title='bbox 2884 957 3070 1032; x_wconf 48' lang='lat' dir='ltr'><strong>acutis.</strong></span> <span class='ocrx_word' id='word_1_418' title='bbox 3104 965 3383 1012; x_wconf 76' lang='lat' dir='ltr'><strong>transeunt</strong></span> <span class='ocrx_word' id='word_1_419' title='bbox 3415 959 3473 1016; x_wconf 86' lang='lat' dir='ltr'><strong>in</strong></span> 
     </span>
    </p>
   </div>
   <div class='ocr_carea' id='block_1_61' title="bbox 1884 1047 3471 1122">
    <p class='ocr_par' dir='ltr' id='par_1_61' title="bbox 1884 1047 3471 1122">
     <span class='ocr_line' id='line_1_61' title="bbox 1884 1047 3471 1122; baseline 0.001 -19"><span class='ocrx_word' id='word_1_420' title='bbox 1884 1065 2096 1121; x_wconf 80' lang='lat' dir='ltr'><strong>graves.</strong></span> <span class='ocrx_word' id='word_1_421' title='bbox 2114 1049 2219 1105; x_wconf 80' lang='lat' dir='ltr'><strong>Illa:</strong></span> <span class='ocrx_word' id='word_1_422' title='bbox 2244 1051 2358 1106; x_wconf 85' lang='lat' dir='ltr'><strong>sive</strong></span> <span class='ocrx_word' id='word_1_423' title='bbox 2385 1066 2415 1105; x_wconf 92' lang='lat' dir='ltr'><strong>a</strong></span> <span class='ocrx_word' id='word_1_424' title='bbox 2446 1049 2597 1122; x_wconf 81' lang='lat' dir='ltr'><strong>gravi</strong></span> <span class='ocrx_word' id='word_1_425' title='bbox 2625 1049 2738 1105; x_wconf 84' lang='lat' dir='ltr'><strong>sive</strong></span> <span class='ocrx_word' id='word_1_426' title='bbox 2766 1050 2833 1105; x_wconf 92' lang='lat' dir='ltr'><strong>ab</strong></span> <span class='ocrx_word' id='word_1_427' title='bbox 2857 1058 3015 1104; x_wconf 91' lang='lat' dir='ltr'><strong>acuta</strong></span> <span class='ocrx_word' id='word_1_428' title='bbox 3033 1065 3162 1104; x_wconf 90' lang='lat' dir='ltr'><strong>voce</strong></span> <span class='ocrx_word' id='word_1_429' title='bbox 3185 1047 3471 1119; x_wconf 83' lang='lat' dir='ltr'><strong>incipiant,</strong></span> 
     </span>
    </p>
   </div>
   <div class='ocr_carea' id='block_1_62' title="bbox 1883 1141 3472 1213">
    <p class='ocr_par' dir='ltr' id='par_1_62' title="bbox 1883 1141 3472 1213">
     <span class='ocr_line' id='line_1_62' title="bbox 1883 1141 3472 1213; baseline 0.001 -17"><span class='ocrx_word' id='word_1_430' title='bbox 1883 1141 2144 1212; x_wconf 68' lang='lat' dir='ltr'><strong>aequalem</strong></span> <span class='ocrx_word' id='word_1_431' title='bbox 2160 1142 2260 1196; x_wconf 89' lang='lat' dir='ltr'><strong>sibi</strong></span> <span class='ocrx_word' id='word_1_432' title='bbox 2277 1143 2604 1213; x_wconf 83' lang='lat' dir='ltr'><strong>positionem</strong></span> <span class='ocrx_word' id='word_1_433' title='bbox 2621 1141 2934 1205; x_wconf 80' lang='lat' dir='ltr'><strong>defendunt;</strong></span> <span class='ocrx_word' id='word_1_434' title='bbox 2955 1141 3054 1195; x_wconf 90' lang='lat' dir='ltr'><strong>ista</strong></span> <span class='ocrx_word' id='word_1_435' title='bbox 3072 1156 3202 1195; x_wconf 91' lang='lat' dir='ltr'><strong>vero</strong></span> <span class='ocrx_word' id='word_1_436' title='bbox 3215 1142 3281 1196; x_wconf 91' lang='lat' dir='ltr'><strong>ab</strong></span> <span class='ocrx_word' id='word_1_437' title='bbox 3297 1142 3472 1198; x_wconf 90' lang='lat' dir='ltr'><strong>acutis</strong></span> 
     </span>
    </p>
   </div>
   <div class='ocr_carea' id='block_1_63' title="bbox 1887 1231 3471 1306">
    <p class='ocr_par' dir='ltr' id='par_1_63' title="bbox 1887 1231 3471 1306">
     <span class='ocr_line' id='line_1_63' title="bbox 1887 1231 3471 1306; baseline -0.001 -16"><span class='ocrx_word' id='word_1_438' title='bbox 1887 1243 2170 1290; x_wconf 90' lang='lat' dir='ltr'><strong>transeunt</strong></span> <span class='ocrx_word' id='word_1_439' title='bbox 2203 1235 2254 1288; x_wconf 92' lang='lat' dir='ltr'><strong>in</strong></span> <span class='ocrx_word' id='word_1_440' title='bbox 2277 1250 2491 1306; x_wconf 83' lang='lat' dir='ltr'><strong>graves.</strong></span> <span class='ocrx_word' id='word_1_441' title='bbox 2533 1232 2626 1288; x_wconf 89' lang='lat' dir='ltr'><strong>Illa</strong></span> <span class='ocrx_word' id='word_1_442' title='bbox 2678 1233 2792 1288; x_wconf 89' lang='lat' dir='ltr'><strong>sive</strong></span> <span class='ocrx_word' id='word_1_443' title='bbox 2820 1248 2848 1286; x_wconf 93' lang='lat' dir='ltr'><strong>a</strong></span> <span class='ocrx_word' id='word_1_444' title='bbox 2877 1231 3026 1303; x_wconf 87' lang='lat' dir='ltr'><strong>gravi</strong></span> <span class='ocrx_word' id='word_1_445' title='bbox 3060 1231 3176 1287; x_wconf 86' lang='lat' dir='ltr'><strong>sive</strong></span> <span class='ocrx_word' id='word_1_446' title='bbox 3203 1233 3270 1287; x_wconf 91' lang='lat' dir='ltr'><strong>ab</strong></span> <span class='ocrx_word' id='word_1_447' title='bbox 3311 1243 3471 1288; x_wconf 88' lang='lat' dir='ltr'><strong>acuta</strong></span> 
     </span>
    </p>
   </div>
   <div class='ocr_carea' id='block_1_64' title="bbox 1885 1324 3467 1398">
    <p class='ocr_par' dir='ltr' id='par_1_64' title="bbox 1885 1324 3467 1398">
     <span class='ocr_line' id='line_1_64' title="bbox 1885 1324 3467 1398; baseline -0.001 -18"><span class='ocrx_word' id='word_1_448' title='bbox 1885 1342 2016 1383; x_wconf 90' lang='lat' dir='ltr'><strong>voce</strong></span> <span class='ocrx_word' id='word_1_449' title='bbox 2045 1328 2327 1398; x_wconf 88' lang='lat' dir='ltr'><strong>incipiant,</strong></span> <span class='ocrx_word' id='word_1_450' title='bbox 2351 1326 2613 1398; x_wconf 66' lang='lat' dir='ltr'><strong>aequalem</strong></span> <span class='ocrx_word' id='word_1_451' title='bbox 2645 1325 2745 1380; x_wconf 92' lang='lat' dir='ltr'><strong>sibi</strong></span> <span class='ocrx_word' id='word_1_452' title='bbox 2792 1325 3113 1394; x_wconf 89' lang='lat' dir='ltr'><strong>positionem</strong></span> <span class='ocrx_word' id='word_1_453' title='bbox 3143 1324 3467 1388; x_wconf 79' lang='lat' dir='ltr'><strong>defendunt;</strong></span> 
     </span>
    </p>
   </div>
   <div class='ocr_carea' id='block_1_65' title="bbox 1885 1415 3474 1484">
    <p class='ocr_par' dir='ltr' id='par_1_65' title="bbox 1885 1415 3474 1484">
     <span class='ocr_line' id='line_1_65' title="bbox 1885 1415 3474 1484; baseline -0.001 -12"><span class='ocrx_word' id='word_1_454' title='bbox 1885 1419 1986 1472; x_wconf 84' lang='lat' dir='ltr'><strong>ista</strong></span> <span class='ocrx_word' id='word_1_455' title='bbox 2005 1434 2134 1472; x_wconf 89' lang='lat' dir='ltr'><strong>vero</strong></span> <span class='ocrx_word' id='word_1_456' title='bbox 2160 1420 2228 1471; x_wconf 88' lang='lat' dir='ltr'><strong>ab</strong></span> <span class='ocrx_word' id='word_1_457' title='bbox 2254 1417 2428 1471; x_wconf 80' lang='lat' dir='ltr'><strong>aeutis</strong></span> <span class='ocrx_word' id='word_1_458' title='bbox 2459 1425 2738 1479; x_wconf 88' lang='lat' dir='ltr'><strong>tono,tono</strong></span> <span class='ocrx_word' id='word_1_459' title='bbox 2759 1425 2812 1469; x_wconf 89' lang='lat' dir='ltr'><strong>et</strong></span> <span class='ocrx_word' id='word_1_460' title='bbox 2834 1415 3144 1479; x_wconf 88' lang='lat' dir='ltr'><strong>semitonio,</strong></span> <span class='ocrx_word' id='word_1_461' title='bbox 3162 1430 3192 1469; x_wconf 90' lang='lat' dir='ltr'><strong>a</strong></span> <span class='ocrx_word' id='word_1_462' title='bbox 3219 1416 3474 1484; x_wconf 75' lang='lat' dir='ltr'><strong>gravibus</strong></span> 
     </span>
    </p>
   </div>
   <div class='ocr_carea' id='block_1_66' title="bbox 1886 1506 3471 1570">
    <p class='ocr_par' dir='ltr' id='par_1_66' title="bbox 1886 1506 3471 1570">
     <span class='ocr_line' id='line_1_66' title="bbox 1886 1506 3471 1570; baseline -0.002 -8"><span class='ocrx_word' id='word_1_463' title='bbox 1886 1524 2012 1563; x_wconf 87' lang='lat' dir='ltr'><strong>vero</strong></span> <span class='ocrx_word' id='word_1_464' title='bbox 2042 1509 2348 1564; x_wconf 89' lang='lat' dir='ltr'><strong>convcrsim</strong></span> <span class='ocrx_word' id='word_1_465' title='bbox 2381 1508 2670 1562; x_wconf 84' lang='lat' dir='ltr'><strong>semitonio</strong></span> <span class='ocrx_word' id='word_1_466' title='bbox 2694 1546 2709 1570; x_wconf 95' lang='lat'><strong>,</strong></span> <span class='ocrx_word' id='word_1_467' title='bbox 2741 1514 2867 1559; x_wconf 92' lang='lat' dir='ltr'><strong>tono</strong></span> <span class='ocrx_word' id='word_1_468' title='bbox 2906 1515 2962 1559; x_wconf 89' lang='lat' dir='ltr'><strong>ct</strong></span> <span class='ocrx_word' id='word_1_469' title='bbox 2989 1515 3114 1560; x_wconf 91' lang='lat' dir='ltr'><strong>tono</strong></span> <span class='ocrx_word' id='word_1_470' title='bbox 3143 1545 3158 1570; x_wconf 92' lang='lat'><strong>,</strong></span> <span class='ocrx_word' id='word_1_471' title='bbox 3199 1506 3471 1559; x_wconf 85' lang='lat' dir='ltr'><strong>divctsam</strong></span> 
     </span>
    </p>
   </div>
   <div class='ocr_carea' id='block_1_67' title="bbox 1884 1589 3486 1670">
    <p class='ocr_par' dir='ltr' id='par_1_67' title="bbox 1884 1589 3486 1670">
     <span class='ocr_line' id='line_1_67' title="bbox 1884 1589 3486 1670; baseline -0.002 -18"><span class='ocrx_word' id='word_1_472' title='bbox 1884 1601 2140 1656; x_wconf 85' lang='lat' dir='ltr'><strong>videlicet</strong></span> <span class='ocrx_word' id='word_1_473' title='bbox 2189 1600 2516 1670; x_wconf 89' lang='lat' dir='ltr'><strong>positionem</strong></span> <span class='ocrx_word' id='word_1_474' title='bbox 2570 1597 2888 1652; x_wconf 87' lang='lat' dir='ltr'><strong>sortiuntur.</strong></span> <span class='ocrx_word' id='word_1_475' title='bbox 2949 1595 3187 1664; x_wconf 84' lang='lat' dir='ltr'><strong>Quorum</strong></span> <span class='ocrx_word' id='word_1_476' title='bbox 3244 1589 3486 1664; x_wconf 49' lang='lat' dir='ltr'><strong>quairi?</strong></span> 
     </span>
    </p>
   </div>
   <div class='ocr_carea' id='block_1_68' title="bbox 1883 1685 3470 1756">
    <p class='ocr_par' dir='ltr' id='par_1_68' title="bbox 1883 1685 3470 1756">
     <span class='ocr_line' id='line_1_68' title="bbox 1883 1685 3470 1756; baseline -0.004 -11"><span class='ocrx_word' id='word_1_477' title='bbox 1883 1693 2210 1747; x_wconf 75' lang='lat' dir='ltr'><strong>clior-dorum</strong></span> <span class='ocrx_word' id='word_1_478' title='bbox 2265 1691 2333 1744; x_wconf 92' lang='lat' dir='ltr'><strong>ad</strong></span> <span class='ocrx_word' id='word_1_479' title='bbox 2394 1703 2703 1744; x_wconf 90' lang='lat' dir='ltr'><strong>mensuram</strong></span> <span class='ocrx_word' id='word_1_480' title='bbox 2763 1685 3016 1741; x_wconf 85' lang='lat' dir='ltr'><strong>videlicet</strong></span> <span class='ocrx_word' id='word_1_481' title='bbox 3080 1685 3470 1756; x_wconf 89' lang='lat' dir='ltr'><strong>pertinentium</strong></span> 
     </span>
    </p>
   </div>
   <div class='ocr_carea' id='block_1_69' title="bbox 1887 1776 3471 1848">
    <p class='ocr_par' dir='ltr' id='par_1_69' title="bbox 1887 1776 3471 1848">
     <span class='ocr_line' id='line_1_69' title="bbox 1887 1776 3471 1848; baseline -0.004 -10"><span class='ocrx_word' id='word_1_482' title='bbox 1887 1785 2104 1839; x_wconf 87' lang='lat' dir='ltr'><strong>nomina</strong></span> <span class='ocrx_word' id='word_1_483' title='bbox 2197 1783 2322 1838; x_wconf 85' lang='lat' dir='ltr'><strong>nuia</strong></span> <span class='ocrx_word' id='word_1_484' title='bbox 2370 1796 2401 1835; x_wconf 94' lang='lat' dir='ltr'><strong>a</strong></span> <span class='ocrx_word' id='word_1_485' title='bbox 2452 1779 2638 1835; x_wconf 87' lang='lat' dir='ltr'><strong>tnultis</strong></span> <span class='ocrx_word' id='word_1_486' title='bbox 2667 1779 2808 1834; x_wconf 87' lang='lat' dir='ltr'><strong>dicta</strong></span> <span class='ocrx_word' id='word_1_487' title='bbox 2853 1787 3020 1841; x_wconf 91' lang='lat' dir='ltr'><strong>sunt,</strong></span> <span class='ocrx_word' id='word_1_488' title='bbox 3053 1776 3471 1848; x_wconf 82' lang='lat' dir='ltr'><strong>supersedemus</strong></span> 
     </span>
    </p>
   </div>
   <div class='ocr_carea' id='block_1_70' title="bbox 1815 1853 2065 1934">
    <p class='ocr_par' dir='ltr' id='par_1_70' title="bbox 1815 1853 2065 1934">
     <span class='ocr_line' id='line_1_70' title="bbox 1815 1853 2065 1934; baseline -0.008 0"><span class='ocrx_word' id='word_1_489' title='bbox 1815 1853 1853 1912; x_wconf 67' lang='grc' dir='ltr'><strong>Β</strong></span> <span class='ocrx_word' id='word_1_490' title='bbox 1885 1880 2065 1934; x_wconf 88' lang='lat' dir='ltr'><strong>dicere</strong></span> 
     </span>
    </p>
   </div>
   <div class='ocr_carea' id='block_1_71' title="bbox 1953 1980 3473 2059">
    <p class='ocr_par' dir='ltr' id='par_1_71' title="bbox 1953 1980 3473 2059">
     <span class='ocr_line' id='line_1_71' title="bbox 1953 1980 3473 2059; baseline -0.004 -16"><span class='ocrx_word' id='word_1_491' title='bbox 1953 1987 2198 2044; x_wconf 72' lang='lat' dir='ltr'><strong>Sufﬁciat</strong></span> <span class='ocrx_word' id='word_1_492' title='bbox 2227 1987 2391 2059; x_wconf 87' lang='lat' dir='ltr'><strong>igitur</strong></span> <span class='ocrx_word' id='word_1_493' title='bbox 2421 1986 2532 2041; x_wconf 75' lang='lat' dir='ltr'><strong>lucc</strong></span> <span class='ocrx_word' id='word_1_494' title='bbox 2567 1999 2666 2040; x_wconf 86' lang='lat' dir='ltr'><strong>nos</strong></span> <span class='ocrx_word' id='word_1_495' title='bbox 2695 1983 2759 2040; x_wconf 85' lang='lat' dir='ltr'><strong>de</strong></span> <span class='ocrx_word' id='word_1_496' title='bbox 2785 1982 3146 2038; x_wconf 77' lang='lat' dir='ltr'><strong>uniformibus</strong></span> <span class='ocrx_word' id='word_1_497' title='bbox 3172 1980 3259 2037; x_wconf 90' lang='lat' dir='ltr'><strong>vel</strong></span> <span class='ocrx_word' id='word_1_498' title='bbox 3303 1981 3473 2052; x_wconf 86' lang='lat' dir='ltr'><strong>tropi-</strong></span> 
     </span>
    </p>
   </div>
   <div class='ocr_carea' id='block_1_72' title="bbox 1881 2074 3470 2153">
    <p class='ocr_par' dir='ltr' id='par_1_72' title="bbox 1881 2074 3470 2153">
     <span class='ocr_line' id='line_1_72' title="bbox 1881 2074 3470 2153; baseline -0.006 -14"><span class='ocrx_word' id='word_1_499' title='bbox 1881 2082 1963 2139; x_wconf 90' lang='lat' dir='ltr'><strong>cis</strong></span> <span class='ocrx_word' id='word_1_500' title='bbox 1987 2080 2402 2153; x_wconf 83' lang='lat' dir='ltr'><strong>quadricltordis</strong></span> <span class='ocrx_word' id='word_1_501' title='bbox 2425 2078 2647 2139; x_wconf 83' lang='lat' dir='ltr'><strong>dixisse,</strong></span> <span class='ocrx_word' id='word_1_502' title='bbox 2685 2092 2806 2146; x_wconf 78' lang='lat' dir='ltr'><strong>qua:</strong></span> <span class='ocrx_word' id='word_1_503' title='bbox 2834 2075 3067 2130; x_wconf 78' lang='lat' dir='ltr'><strong>fortasse</strong></span> <span class='ocrx_word' id='word_1_504' title='bbox 3109 2074 3470 2144; x_wconf 83' lang='lat' dir='ltr'><strong>diligentiori-</strong></span> 
     </span>
    </p>
   </div>
   <div class='ocr_carea' id='block_1_73' title="bbox 1881 2165 3473 2245">
    <p class='ocr_par' dir='ltr' id='par_1_73' title="bbox 1881 2165 3473 2245">
     <span class='ocr_line' id='line_1_73' title="bbox 1881 2165 3473 2245; baseline -0.006 -15"><span class='ocrx_word' id='word_1_505' title='bbox 1881 2176 1983 2231; x_wconf 90' lang='lat' dir='ltr'><strong>bus</strong></span> <span class='ocrx_word' id='word_1_506' title='bbox 2032 2173 2100 2229; x_wconf 84' lang='lat' dir='ltr'><strong>ad</strong></span> <span class='ocrx_word' id='word_1_507' title='bbox 2148 2171 2354 2241; x_wconf 83' lang='lat' dir='ltr'><strong>majora</strong></span> <span class='ocrx_word' id='word_1_508' title='bbox 2407 2169 2782 2239; x_wconf 87' lang='lat' dir='ltr'><strong>investiganda</strong></span> <span class='ocrx_word' id='word_1_509' title='bbox 2837 2168 2978 2221; x_wconf 89' lang='lat' dir='ltr'><strong>viam</strong></span> <span class='ocrx_word' id='word_1_510' title='bbox 3025 2165 3290 2245; x_wconf 80' lang='lat' dir='ltr'><strong>fecerunt.</strong></span> <span class='ocrx_word' id='word_1_511' title='bbox 3319 2165 3473 2221; x_wconf 75' lang='lat' dir='ltr'><strong>Nunc</strong></span> 
     </span>
    </p>
   </div>
   <div class='ocr_carea' id='block_1_74' title="bbox 1883 2259 3472 2340">
    <p class='ocr_par' dir='ltr' id='par_1_74' title="bbox 1883 2259 3472 2340">
     <span class='ocr_line' id='line_1_74' title="bbox 1883 2259 3472 2340; baseline -0.007 -17"><span class='ocrx_word' id='word_1_512' title='bbox 1883 2269 2118 2340; x_wconf 86' lang='lat' dir='ltr'><strong>qualiter</strong></span> <span class='ocrx_word' id='word_1_513' title='bbox 2177 2283 2244 2322; x_wconf 84' lang='lat' dir='ltr'><strong>ex</strong></span> <span class='ocrx_word' id='word_1_514' title='bbox 2299 2281 2365 2321; x_wconf 89' lang='lat' dir='ltr'><strong>eo</strong></span> <span class='ocrx_word' id='word_1_515' title='bbox 2410 2264 2554 2336; x_wconf 89' lang='lat' dir='ltr'><strong>quod</strong></span> <span class='ocrx_word' id='word_1_516' title='bbox 2603 2262 2904 2334; x_wconf 87' lang='lat' dir='ltr'><strong>principale</strong></span> <span class='ocrx_word' id='word_1_517' title='bbox 2962 2260 3198 2315; x_wconf 82' lang='lat' dir='ltr'><strong>diximus</strong></span> <span class='ocrx_word' id='word_1_518' title='bbox 3231 2259 3472 2314; x_wconf 90' lang='lat' dir='ltr'><strong>omnium</strong></span> 
     </span>
    </p>
   </div>
   <div class='ocr_carea' id='block_1_75' title="bbox 1881 2350 3471 2432">
    <p class='ocr_par' dir='ltr' id='par_1_75' title="bbox 1881 2350 3471 2432">
     <span class='ocr_line' id='line_1_75' title="bbox 1881 2350 3471 2432; baseline -0.005 -19"><span class='ocrx_word' id='word_1_519' title='bbox 1881 2360 2405 2432; x_wconf 81' lang='lat' dir='ltr'><strong>quadricliordorum</strong></span> <span class='ocrx_word' id='word_1_520' title='bbox 2433 2396 2448 2422; x_wconf 91' lang='lat'><strong>,</strong></span> <span class='ocrx_word' id='word_1_521' title='bbox 2499 2356 2553 2411; x_wconf 92' lang='lat' dir='ltr'><strong>id</strong></span> <span class='ocrx_word' id='word_1_522' title='bbox 2600 2364 2686 2409; x_wconf 89' lang='lat' dir='ltr'><strong>est</strong></span> <span class='ocrx_word' id='word_1_523' title='bbox 2737 2355 3075 2408; x_wconf 87' lang='lat' dir='ltr'><strong>diatessaron</strong></span> <span class='ocrx_word' id='word_1_524' title='bbox 3106 2391 3120 2414; x_wconf 89' lang='lat'><strong>.</strong></span> <span class='ocrx_word' id='word_1_525' title='bbox 3167 2350 3471 2420; x_wconf 83' lang='lat' dir='ltr'><strong>specierum</strong></span> 
     </span>
    </p>
   </div>
   <div class='ocr_carea' id='block_1_76' title="bbox 1886 2442 3475 2521">
    <p class='ocr_par' dir='ltr' id='par_1_76' title="bbox 1886 2442 3475 2521">
     <span class='ocr_line' id='line_1_76' title="bbox 1886 2442 3475 2521; baseline -0.007 -14"><span class='ocrx_word' id='word_1_526' title='bbox 1886 2461 1993 2507; x_wconf 89' lang='lat' dir='ltr'><strong>tam</strong></span> <span class='ocrx_word' id='word_1_527' title='bbox 2020 2452 2156 2507; x_wconf 90' lang='lat' dir='ltr'><strong>ordo</strong></span> <span class='ocrx_word' id='word_1_528' title='bbox 2185 2466 2349 2521; x_wconf 83' lang='lat' dir='ltr'><strong>quant</strong></span> <span class='ocrx_word' id='word_1_529' title='bbox 2382 2449 2688 2519; x_wconf 88' lang='lat' dir='ltr'><strong>proprietas</strong></span> <span class='ocrx_word' id='word_1_530' title='bbox 2712 2446 2945 2509; x_wconf 89' lang='lat' dir='ltr'><strong>oriatur,</strong></span> <span class='ocrx_word' id='word_1_531' title='bbox 2971 2443 3262 2514; x_wconf 83' lang='lat' dir='ltr'><strong>diligenter</strong></span> <span class='ocrx_word' id='word_1_532' title='bbox 3292 2442 3475 2511; x_wconf 86' lang='lat' dir='ltr'><strong>inqui-</strong></span> 
     </span>
    </p>
   </div>
   <div class='ocr_carea' id='block_1_77' title="bbox 1883 2533 3472 2610">
    <p class='ocr_par' dir='ltr' id='par_1_77' title="bbox 1883 2533 3472 2610">
     <span class='ocr_line' id='line_1_77' title="bbox 1883 2533 3472 2610; baseline -0.007 -12"><span class='ocrx_word' id='word_1_533' title='bbox 1883 2557 2088 2598; x_wconf 88' lang='lat' dir='ltr'><strong>ramus.</strong></span> <span class='ocrx_word' id='word_1_534' title='bbox 2117 2541 2272 2609; x_wconf 87' lang='lat' dir='ltr'><strong>Quod</strong></span> <span class='ocrx_word' id='word_1_535' title='bbox 2319 2551 2377 2596; x_wconf 91' lang='lat' dir='ltr'><strong>ut</strong></span> <span class='ocrx_word' id='word_1_536' title='bbox 2405 2540 2645 2610; x_wconf 89' lang='lat' dir='ltr'><strong>apertius</strong></span> <span class='ocrx_word' id='word_1_537' title='bbox 2678 2537 2767 2591; x_wconf 85' lang='lat' dir='ltr'><strong>ﬁat</strong></span> <span class='ocrx_word' id='word_1_538' title='bbox 2793 2576 2808 2602; x_wconf 88' lang='lat'><strong>,</strong></span> <span class='ocrx_word' id='word_1_539' title='bbox 2839 2537 3069 2590; x_wconf 91' lang='lat' dir='ltr'><strong>duorum</strong></span> <span class='ocrx_word' id='word_1_540' title='bbox 3111 2533 3472 2604; x_wconf 83' lang='lat' dir='ltr'><strong>quadricltor-</strong></span> 
     </span>
    </p>
   </div>
   <div class='ocr_carea' id='block_1_78' title="bbox 1884 2625 3471 2702">
    <p class='ocr_par' dir='ltr' id='par_1_78' title="bbox 1884 2625 3471 2702">
     <span class='ocr_line' id='line_1_78' title="bbox 1884 2625 3471 2702; baseline -0.009 -11"><span class='ocrx_word' id='word_1_541' title='bbox 1884 2637 2073 2691; x_wconf 89' lang='lat' dir='ltr'><strong>dorum</strong></span> <span class='ocrx_word' id='word_1_542' title='bbox 2101 2675 2117 2700; x_wconf 93' lang='lat'><strong>,</strong></span> <span class='ocrx_word' id='word_1_543' title='bbox 2164 2634 2215 2688; x_wconf 92' lang='lat' dir='ltr'><strong>id</strong></span> <span class='ocrx_word' id='word_1_544' title='bbox 2259 2643 2345 2689; x_wconf 92' lang='lat' dir='ltr'><strong>est</strong></span> <span class='ocrx_word' id='word_1_545' title='bbox 2393 2640 2626 2702; x_wconf 89' lang='lat' dir='ltr'><strong>quatuor</strong></span> <span class='ocrx_word' id='word_1_546' title='bbox 2666 2639 2944 2700; x_wconf 90' lang='lat' dir='ltr'><strong>troporum</strong></span> <span class='ocrx_word' id='word_1_547' title='bbox 2997 2627 3082 2682; x_wconf 91' lang='lat' dir='ltr'><strong>bis</strong></span> <span class='ocrx_word' id='word_1_548' title='bbox 3129 2625 3426 2697; x_wconf 88' lang='lat' dir='ltr'><strong>positormu</strong></span> <span class='ocrx_word' id='word_1_549' title='bbox 3454 2663 3471 2688; x_wconf 94' lang='lat'><strong>,</strong></span> 
     </span>
    </p>
   </div>
   <div class='ocr_carea' id='block_1_79' title="bbox 1883 2716 3468 2798">
    <p class='ocr_par' dir='ltr' id='par_1_79' title="bbox 1883 2716 3468 2798">
     <span class='ocr_line' id='line_1_79' title="bbox 1883 2716 3468 2798; baseline -0.008 -13"><span class='ocrx_word' id='word_1_550' title='bbox 1883 2744 2043 2785; x_wconf 85' lang='lat' dir='ltr'><strong>voces</strong></span> <span class='ocrx_word' id='word_1_551' title='bbox 2077 2743 2177 2798; x_wconf 90' lang='lat' dir='ltr'><strong>pro</strong></span> <span class='ocrx_word' id='word_1_552' title='bbox 2203 2735 2348 2782; x_wconf 85' lang='lat' dir='ltr'><strong>sorte</strong></span> <span class='ocrx_word' id='word_1_553' title='bbox 2373 2724 2580 2779; x_wconf 90' lang='lat' dir='ltr'><strong>ordinis</strong></span> <span class='ocrx_word' id='word_1_554' title='bbox 2619 2723 2854 2794; x_wconf 87' lang='lat' dir='ltr'><strong>propriis</strong></span> <span class='ocrx_word' id='word_1_555' title='bbox 2883 2721 3202 2778; x_wconf 82' lang='lat' dir='ltr'><strong>denotemus</strong></span> <span class='ocrx_word' id='word_1_556' title='bbox 3229 2716 3426 2772; x_wconf 83' lang='lat' dir='ltr'><strong>litteris</strong></span> <span class='ocrx_word' id='word_1_557' title='bbox 3451 2755 3468 2780; x_wconf 87' lang='lat'><strong><em>.</em></strong></span> 
     </span>
    </p>
   </div>
   <div class='ocr_carea' id='block_1_80' title="bbox 1886 2807 3475 2888">
    <p class='ocr_par' dir='ltr' id='par_1_80' title="bbox 1886 2807 3475 2888">
     <span class='ocr_line' id='line_1_80' title="bbox 1886 2807 3475 2888; baseline -0.01 -12"><span class='ocrx_word' id='word_1_558' title='bbox 1886 2838 1991 2876; x_wconf 88' lang='lat' dir='ltr'><strong>ttna</strong></span> <span class='ocrx_word' id='word_1_559' title='bbox 2028 2821 2080 2875; x_wconf 95' lang='lat' dir='ltr'><strong>in</strong></span> <span class='ocrx_word' id='word_1_560' title='bbox 2113 2819 2291 2874; x_wconf 91' lang='lat' dir='ltr'><strong>medio</strong></span> <span class='ocrx_word' id='word_1_561' title='bbox 2335 2825 2554 2888; x_wconf 89' lang='lat' dir='ltr'><strong>propter</strong></span> <span class='ocrx_word' id='word_1_562' title='bbox 2599 2815 2912 2884; x_wconf 70' lang='lat' dir='ltr'><strong>prtedictam</strong></span> <span class='ocrx_word' id='word_1_563' title='bbox 2958 2807 3262 2864; x_wconf 88' lang='lat' dir='ltr'><strong>medietatis</strong></span> <span class='ocrx_word' id='word_1_564' title='bbox 3309 2809 3475 2861; x_wconf 84' lang='lat' dir='ltr'><strong>ratio-</strong></span> 
     </span>
    </p>
   </div>
   <div class='ocr_carea' id='block_1_81' title="bbox 1887 2898 3472 2969">
    <p class='ocr_par' dir='ltr' id='par_1_81' title="bbox 1887 2898 3472 2969">
     <span class='ocr_line' id='line_1_81' title="bbox 1887 2898 3472 2969; baseline -0.011 -2"><span class='ocrx_word' id='word_1_565' title='bbox 1887 2928 2010 2967; x_wconf 93' lang='lat' dir='ltr'><strong>nem</strong></span> <span class='ocrx_word' id='word_1_566' title='bbox 2058 2911 2142 2966; x_wconf 83' lang='lat' dir='ltr'><strong>bis</strong></span> <span class='ocrx_word' id='word_1_567' title='bbox 2169 2915 2448 2964; x_wconf 90' lang='lat' dir='ltr'><strong>numerata</strong></span> <span class='ocrx_word' id='word_1_568' title='bbox 2469 2946 2483 2967; x_wconf 87' lang='lat'><strong>.</strong></span> <span class='ocrx_word' id='word_1_569' title='bbox 2514 2921 2620 2959; x_wconf 95' lang='lat' dir='ltr'><strong>non</strong></span> <span class='ocrx_word' id='word_1_570' title='bbox 2653 2913 2988 2958; x_wconf 87' lang='lat' dir='ltr'><strong>mensurata.</strong></span> <span class='ocrx_word' id='word_1_571' title='bbox 3018 2899 3156 2954; x_wconf 86' lang='lat' dir='ltr'><strong>Sunt</strong></span> <span class='ocrx_word' id='word_1_572' title='bbox 3187 2899 3352 2969; x_wconf 85' lang='lat' dir='ltr'><strong>igitur</strong></span> <span class='ocrx_word' id='word_1_573' title='bbox 3390 2898 3472 2951; x_wconf 82' lang='lat' dir='ltr'><strong>lue</strong></span> 
     </span>
    </p>
   </div>
   <div class='ocr_carea' id='block_1_82' title="bbox 1887 2988 3470 3075">
    <p class='ocr_par' dir='ltr' id='par_1_82' title="bbox 1887 2988 3470 3075">
     <span class='ocr_line' id='line_1_82' title="bbox 1887 2988 3470 3075; baseline -0.01 -19"><span class='ocrx_word' id='word_1_574' title='bbox 1887 3017 2081 3075; x_wconf 86' lang='lat' dir='ltr'><strong>graves</strong></span> <span class='ocrx_word' id='word_1_575' title='bbox 2116 3000 2230 3056; x_wconf 87' lang='lat' dir='ltr'><strong>sive</strong></span> <span class='ocrx_word' id='word_1_576' title='bbox 2258 2997 2582 3070; x_wconf 82' lang='lat' dir='ltr'><strong>principales</strong></span> <span class='ocrx_word' id='word_1_577' title='bbox 2609 2995 2652 3048; x_wconf 77' lang='grc' dir='ltr'><strong>Α</strong></span> <span class='ocrx_word' id='word_1_578' title='bbox 2673 3035 2688 3061; x_wconf 88' lang='grc'>,</span> <span class='ocrx_word' id='word_1_579' title='bbox 2731 2993 2772 3047; x_wconf 82' lang='grc' dir='ltr'>Β</span> <span class='ocrx_word' id='word_1_580' title='bbox 2794 3035 2806 3057; x_wconf 89' lang='grc'><em>,</em></span> <span class='ocrx_word' id='word_1_581' title='bbox 2833 2994 2903 3055; x_wconf 71' lang='lat' dir='ltr'><strong>t3,</strong></span> <span class='ocrx_word' id='word_1_582' title='bbox 2934 2991 3007 3058; x_wconf 89' lang='lat' dir='ltr'><strong>D;</strong></span> <span class='ocrx_word' id='word_1_583' title='bbox 3055 2990 3244 3046; x_wconf 89' lang='lat' dir='ltr'><strong>ﬁnales</strong></span> <span class='ocrx_word' id='word_1_584' title='bbox 3273 2991 3356 3045; x_wconf 78' lang='lat' dir='ltr'><strong>ba:</strong></span> <span class='ocrx_word' id='word_1_585' title='bbox 3389 2988 3428 3041; x_wconf 92' lang='grc'><strong>1)</strong></span> <span class='ocrx_word' id='word_1_586' title='bbox 3453 3027 3470 3051; x_wconf 94' lang='lat'><strong>,</strong></span> 
     </span>
    </p>
   </div>
   <div class='ocr_carea' id='block_1_83' title="bbox 1890 3080 3470 3163">
    <p class='ocr_par' dir='ltr' id='par_1_83' title="bbox 1890 3080 3470 3163">
     <span class='ocr_line' id='line_1_83' title="bbox 1890 3080 3470 3163; baseline -0.011 -13"><span class='ocrx_word' id='word_1_587' title='bbox 1890 3097 1952 3162; x_wconf 78' lang='grc' dir='ltr'><strong>Β,</strong></span> <span class='ocrx_word' id='word_1_588' title='bbox 1988 3093 2048 3160; x_wconf 81' lang='lat' dir='ltr'><strong>F,</strong></span> <span class='ocrx_word' id='word_1_589' title='bbox 2081 3093 2146 3148; x_wconf 88' lang='lat' dir='ltr'><strong>G.</strong></span> <span class='ocrx_word' id='word_1_590' title='bbox 2182 3093 2276 3147; x_wconf 80' lang='lat' dir='ltr'><strong>Est</strong></span> <span class='ocrx_word' id='word_1_591' title='bbox 2300 3091 2464 3163; x_wconf 86' lang='lat' dir='ltr'><strong>igitur</strong></span> <span class='ocrx_word' id='word_1_592' title='bbox 2494 3086 2802 3144; x_wconf 86' lang='lat' dir='ltr'><strong>necessario</strong></span> <span class='ocrx_word' id='word_1_593' title='bbox 2824 3085 2996 3156; x_wconf 89' lang='lat' dir='ltr'><strong>prima</strong></span> <span class='ocrx_word' id='word_1_594' title='bbox 3027 3083 3236 3152; x_wconf 85' lang='lat' dir='ltr'><strong>species</strong></span> <span class='ocrx_word' id='word_1_595' title='bbox 3264 3080 3470 3135; x_wconf 85' lang='lat' dir='ltr'><strong>diates-</strong></span> 
     </span>
    </p>
   </div>
   <div class='ocr_carea' id='block_1_84' title="bbox 1889 3169 3474 3246">
    <p class='ocr_par' dir='ltr' id='par_1_84' title="bbox 1889 3169 3474 3246">
     <span class='ocr_line' id='line_1_84' title="bbox 1889 3169 3474 3246; baseline -0.011 -6"><span class='ocrx_word' id='word_1_596' title='bbox 1889 3200 2051 3240; x_wconf 85' lang='lat' dir='ltr'><strong>sarntt</strong></span> <span class='ocrx_word' id='word_1_597' title='bbox 2080 3184 2146 3246; x_wconf 83' lang='lat' dir='ltr'><strong>A,</strong></span> <span class='ocrx_word' id='word_1_598' title='bbox 2182 3181 2223 3235; x_wconf 85' lang='grc' dir='ltr'><strong>ι)</strong></span> <span class='ocrx_word' id='word_1_599' title='bbox 2249 3189 2506 3236; x_wconf 88' lang='lat' dir='ltr'><strong>constans</strong></span> <span class='ocrx_word' id='word_1_600' title='bbox 2541 3187 2686 3240; x_wconf 87' lang='lat' dir='ltr'><strong>tono,</strong></span> <span class='ocrx_word' id='word_1_601' title='bbox 2721 3173 3030 3238; x_wconf 84' lang='lat' dir='ltr'><strong>semitonio,</strong></span> <span class='ocrx_word' id='word_1_602' title='bbox 3065 3181 3210 3238; x_wconf 91' lang='lat' dir='ltr'><strong>tono,</strong></span> <span class='ocrx_word' id='word_1_603' title='bbox 3239 3169 3474 3241; x_wconf 80' lang='lat' dir='ltr'><strong>propriis</strong></span> 
     </span>
    </p>
   </div>
   <div class='ocr_carea' id='block_1_85' title="bbox 1882 3264 3475 3349">
    <p class='ocr_par' dir='ltr' id='par_1_85' title="bbox 1882 3264 3475 3349">
     <span class='ocr_line' id='line_1_85' title="bbox 1882 3264 3475 3349; baseline -0.012 -14"><span class='ocrx_word' id='word_1_604' title='bbox 1882 3279 2270 3349; x_wconf 84' lang='lat' dir='ltr'><strong>emnprelteusa</strong></span> <span class='ocrx_word' id='word_1_605' title='bbox 2303 3275 2520 3330; x_wconf 88' lang='lat' dir='ltr'><strong>litteris.</strong></span> <span class='ocrx_word' id='word_1_606' title='bbox 2567 3271 2810 3328; x_wconf 89' lang='lat' dir='ltr'><strong>Secunda</strong></span> <span class='ocrx_word' id='word_1_607' title='bbox 2837 3267 2914 3332; x_wconf 84' lang='lat' dir='ltr'><strong>B,</strong></span> <span class='ocrx_word' id='word_1_608' title='bbox 2947 3267 2988 3322; x_wconf 82' lang='grc' dir='ltr'>Ε</span> <span class='ocrx_word' id='word_1_609' title='bbox 3018 3275 3277 3322; x_wconf 88' lang='lat' dir='ltr'><strong>constans</strong></span> <span class='ocrx_word' id='word_1_610' title='bbox 3312 3264 3475 3318; x_wconf 87' lang='lat' dir='ltr'><strong>semi-</strong></span> 
     </span>
    </p>
   </div>
   <div class='ocr_carea' id='block_1_86' title="bbox 1886 3355 3474 3435">
    <p class='ocr_par' dir='ltr' id='par_1_86' title="bbox 1886 3355 3474 3435">
     <span class='ocr_line' id='line_1_86' title="bbox 1886 3355 3474 3435; baseline -0.01 -11"><span class='ocrx_word' id='word_1_611' title='bbox 1886 3371 2054 3433; x_wconf 88' lang='lat' dir='ltr'><strong>touio,</strong></span> <span class='ocrx_word' id='word_1_612' title='bbox 2092 3379 2236 3433; x_wconf 91' lang='lat' dir='ltr'><strong>tono,</strong></span> <span class='ocrx_word' id='word_1_613' title='bbox 2281 3378 2431 3431; x_wconf 90' lang='lat' dir='ltr'><strong>tono,</strong></span> <span class='ocrx_word' id='word_1_614' title='bbox 2471 3364 2708 3435; x_wconf 88' lang='lat' dir='ltr'><strong>propriis</strong></span> <span class='ocrx_word' id='word_1_615' title='bbox 2739 3360 2862 3416; x_wconf 89' lang='lat' dir='ltr'><strong>inde</strong></span> <span class='ocrx_word' id='word_1_616' title='bbox 2888 3361 3014 3416; x_wconf 86' lang='lat' dir='ltr'><strong>hinc</strong></span> <span class='ocrx_word' id='word_1_617' title='bbox 3042 3357 3296 3414; x_wconf 89' lang='lat' dir='ltr'><strong>conclusa</strong></span> <span class='ocrx_word' id='word_1_618' title='bbox 3325 3355 3474 3409; x_wconf 87' lang='lat' dir='ltr'><strong>litte-</strong></span> 
     </span>
    </p>
   </div>
   <div class='ocr_carea' id='block_1_87' title="bbox 1882 3446 3474 3524">
    <p class='ocr_par' dir='ltr' id='par_1_87' title="bbox 1882 3446 3474 3524">
     <span class='ocr_line' id='line_1_87' title="bbox 1882 3446 3474 3524; baseline -0.013 -7"><span class='ocrx_word' id='word_1_619' title='bbox 1882 3462 1976 3517; x_wconf 92' lang='lat' dir='ltr'><strong>ris.</strong></span> <span class='ocrx_word' id='word_1_620' title='bbox 2019 3460 2203 3516; x_wconf 78' lang='lat' dir='ltr'><strong>Tertia</strong></span> <span class='ocrx_word' id='word_1_621' title='bbox 2232 3460 2296 3524; x_wconf 73' lang='lat'><strong>(1,</strong></span> <span class='ocrx_word' id='word_1_622' title='bbox 2329 3457 2388 3522; x_wconf 72' lang='grc' dir='ltr'><strong>Ρ,</strong></span> <span class='ocrx_word' id='word_1_623' title='bbox 2421 3465 2678 3511; x_wconf 88' lang='lat' dir='ltr'><strong>constans</strong></span> <span class='ocrx_word' id='word_1_624' title='bbox 2705 3464 2833 3508; x_wconf 92' lang='lat' dir='ltr'><strong>tono</strong></span> <span class='ocrx_word' id='word_1_625' title='bbox 2858 3493 2874 3517; x_wconf 95' lang='lat'><strong>,</strong></span> <span class='ocrx_word' id='word_1_626' title='bbox 2927 3460 3085 3512; x_wconf 86' lang='lat' dir='ltr'><strong>tono,</strong></span> <span class='ocrx_word' id='word_1_627' title='bbox 3134 3446 3424 3502; x_wconf 82' lang='lat' dir='ltr'><strong>sentitonio</strong></span> <span class='ocrx_word' id='word_1_628' title='bbox 3453 3481 3474 3512; x_wconf 85' lang='lat'><strong>,</strong></span> 
     </span>
    </p>
   </div>
   <div class='ocr_carea' id='block_1_88' title="bbox 1883 3534 3480 3621">
    <p class='ocr_par' dir='ltr' id='par_1_88' title="bbox 1883 3534 3480 3621">
     <span class='ocr_line' id='line_1_88' title="bbox 1883 3534 3480 3621; baseline -0.012 -13"><span class='ocrx_word' id='word_1_629' title='bbox 1883 3554 1997 3610; x_wconf 91' lang='lat' dir='ltr'><strong>suis</strong></span> <span class='ocrx_word' id='word_1_630' title='bbox 2038 3553 2295 3621; x_wconf 89' lang='lat' dir='ltr'><strong>utrinque</strong></span> <span class='ocrx_word' id='word_1_631' title='bbox 2327 3549 2534 3604; x_wconf 88' lang='lat' dir='ltr'><strong>munita</strong></span> <span class='ocrx_word' id='word_1_632' title='bbox 2573 3546 2785 3600; x_wconf 87' lang='lat' dir='ltr'><strong>litteris.</strong></span> <span class='ocrx_word' id='word_1_633' title='bbox 2821 3543 3025 3610; x_wconf 83' lang='lat' dir='ltr'><strong>Quarta</strong></span> <span class='ocrx_word' id='word_1_634' title='bbox 3057 3539 3134 3603; x_wconf 88' lang='lat' dir='ltr'><strong>D,</strong></span> <span class='ocrx_word' id='word_1_635' title='bbox 3165 3538 3208 3594; x_wconf 88' lang='lat' dir='ltr'><strong>G</strong></span> <span class='ocrx_word' id='word_1_636' title='bbox 3253 3538 3305 3592; x_wconf 94' lang='lat' dir='ltr'><strong>in</strong></span> <span class='ocrx_word' id='word_1_637' title='bbox 3333 3534 3480 3606; x_wconf 83' lang='lat' dir='ltr'><strong>posi-</strong></span> 
     </span>
    </p>
   </div>
   <div class='ocr_carea' id='block_1_89' title="bbox 1885 3636 3474 3714">
    <p class='ocr_par' dir='ltr' id='par_1_89' title="bbox 1885 3636 3474 3714">
     <span class='ocr_line' id='line_1_89' title="bbox 1885 3636 3474 3714; baseline -0.011 -15"><span class='ocrx_word' id='word_1_638' title='bbox 1885 3647 2028 3700; x_wconf 90' lang='lat' dir='ltr'><strong>tione</strong></span> <span class='ocrx_word' id='word_1_639' title='bbox 2065 3645 2238 3714; x_wconf 81' lang='lat' dir='ltr'><strong>prima</strong></span> <span class='ocrx_word' id='word_1_640' title='bbox 2266 3682 2280 3708; x_wconf 96' lang='lat'><strong>,</strong></span> <span class='ocrx_word' id='word_1_641' title='bbox 2329 3641 2381 3696; x_wconf 91' lang='lat' dir='ltr'><strong>in</strong></span> <span class='ocrx_word' id='word_1_642' title='bbox 2433 3638 2819 3696; x_wconf 89' lang='lat' dir='ltr'><strong>constitutione</strong></span> <span class='ocrx_word' id='word_1_643' title='bbox 2848 3643 2903 3689; x_wconf 89' lang='lat' dir='ltr'><strong>et</strong></span> <span class='ocrx_word' id='word_1_644' title='bbox 2930 3639 3197 3704; x_wconf 89' lang='lat' dir='ltr'><strong>potestate</strong></span> <span class='ocrx_word' id='word_1_645' title='bbox 3239 3636 3432 3700; x_wconf 81' lang='lat' dir='ltr'><strong>quarta</strong></span> <span class='ocrx_word' id='word_1_646' title='bbox 3456 3665 3474 3692; x_wconf 91' lang='lat'><strong>,</strong></span> 
     </span>
    </p>
   </div>
   <div class='ocr_carea' id='block_1_90' title="bbox 1885 3718 3476 3810">
    <p class='ocr_par' dir='ltr' id='par_1_90' title="bbox 1885 3718 3476 3810">
     <span class='ocr_line' id='line_1_90' title="bbox 1885 3718 3476 3810; baseline -0.014 -16"><span class='ocrx_word' id='word_1_647' title='bbox 1885 3739 2214 3810; x_wconf 87' lang='lat' dir='ltr'><strong>regulariter</strong></span> <span class='ocrx_word' id='word_1_648' title='bbox 2258 3734 2493 3808; x_wconf 78' lang='lat' dir='ltr'><strong>prepriis</strong></span> <span class='ocrx_word' id='word_1_649' title='bbox 2533 3731 2729 3787; x_wconf 90' lang='lat' dir='ltr'><strong>litteris</strong></span> <span class='ocrx_word' id='word_1_650' title='bbox 2764 3738 2986 3799; x_wconf 86' lang='lat' dir='ltr'><strong>septena</strong></span> <span class='ocrx_word' id='word_1_651' title='bbox 3034 3738 3228 3779; x_wconf 85' lang='lat' dir='ltr'><strong>vocum</strong></span> <span class='ocrx_word' id='word_1_652' title='bbox 3282 3718 3476 3775; x_wconf 88' lang='lat' dir='ltr'><strong>discri-</strong></span> 
     </span>
    </p>
   </div>
   <div class='ocr_carea' id='block_1_91' title="bbox 1886 3817 3479 3888">
    <p class='ocr_par' dir='ltr' id='par_1_91' title="bbox 1886 3817 3479 3888">
     <span class='ocr_line' id='line_1_91' title="bbox 1886 3817 3479 3888; baseline -0.016 -1"><span class='ocrx_word' id='word_1_653' title='bbox 1886 3834 2031 3888; x_wconf 90' lang='lat' dir='ltr'><strong>mina</strong></span> <span class='ocrx_word' id='word_1_654' title='bbox 2065 3828 2394 3885; x_wconf 89' lang='lat' dir='ltr'><strong>determinat</strong></span> <span class='ocrx_word' id='word_1_655' title='bbox 2426 3826 2533 3880; x_wconf 88' lang='lat' dir='ltr'><strong>boc</strong></span> <span class='ocrx_word' id='word_1_656' title='bbox 2567 3824 2748 3878; x_wconf 91' lang='lat' dir='ltr'><strong>modo.</strong></span> <span class='ocrx_word' id='word_1_657' title='bbox 2781 3820 2962 3874; x_wconf 85' lang='lat' dir='ltr'><strong>Prima</strong></span> <span class='ocrx_word' id='word_1_658' title='bbox 2989 3817 3327 3871; x_wconf 87' lang='lat' dir='ltr'><strong>diatessaron</strong></span> <span class='ocrx_word' id='word_1_659' title='bbox 3358 3825 3479 3880; x_wconf 81' lang='lat' dir='ltr'><strong>spc-</strong></span> 
     </span>
    </p>
   </div>
   <div class='ocr_carea' id='block_1_92' title="bbox 1885 3900 3475 3987">
    <p class='ocr_par' dir='ltr' id='par_1_92' title="bbox 1885 3900 3475 3987">
     <span class='ocr_line' id='line_1_92' title="bbox 1885 3900 3475 3987; baseline -0.016 -8"><span class='ocrx_word' id='word_1_660' title='bbox 1885 3926 1996 3979; x_wconf 86' lang='lat' dir='ltr'><strong>cies</strong></span> <span class='ocrx_word' id='word_1_661' title='bbox 2016 3930 2229 3977; x_wconf 90' lang='lat' dir='ltr'><strong>constat</strong></span> <span class='ocrx_word' id='word_1_662' title='bbox 2257 3934 2321 3974; x_wconf 78' lang='lat' dir='ltr'><strong>ex</strong></span> <span class='ocrx_word' id='word_1_663' title='bbox 2345 3918 2517 3987; x_wconf 91' lang='lat' dir='ltr'><strong>prima</strong></span> <span class='ocrx_word' id='word_1_664' title='bbox 2543 3915 2694 3987; x_wconf 85' lang='lat' dir='ltr'><strong>gravi</strong></span> <span class='ocrx_word' id='word_1_665' title='bbox 2735 3921 2789 3967; x_wconf 90' lang='lat' dir='ltr'><strong>et</strong></span> <span class='ocrx_word' id='word_1_666' title='bbox 2814 3927 2879 3967; x_wconf 79' lang='lat' dir='ltr'><strong>ex</strong></span> <span class='ocrx_word' id='word_1_667' title='bbox 2905 3910 3075 3980; x_wconf 90' lang='lat' dir='ltr'><strong>prima</strong></span> <span class='ocrx_word' id='word_1_668' title='bbox 3116 3903 3264 3960; x_wconf 89' lang='lat' dir='ltr'><strong>ﬁnali</strong></span> <span class='ocrx_word' id='word_1_669' title='bbox 3293 3902 3334 3954; x_wconf 74' lang='grc' dir='ltr'>Α</span> <span class='ocrx_word' id='word_1_670' title='bbox 3361 3940 3378 3966; x_wconf 83' lang='grc'><em>,</em></span> <span class='ocrx_word' id='word_1_671' title='bbox 3409 3900 3475 3954; x_wconf 83' lang='grc' dir='ltr'><strong>υ.</strong></span> 
     </span>
    </p>
   </div>
   <div class='ocr_carea' id='block_1_93' title="bbox 1889 3992 3476 4079">
    <p class='ocr_par' dir='ltr' id='par_1_93' title="bbox 1889 3992 3476 4079">
     <span class='ocr_line' id='line_1_93' title="bbox 1889 3992 3476 4079; baseline -0.015 -8"><span class='ocrx_word' id='word_1_672' title='bbox 1889 4015 2135 4071; x_wconf 87' lang='lat' dir='ltr'><strong>Secunda</strong></span> <span class='ocrx_word' id='word_1_673' title='bbox 2153 4028 2216 4066; x_wconf 82' lang='lat' dir='ltr'><strong>ex</strong></span> <span class='ocrx_word' id='word_1_674' title='bbox 2233 4007 2466 4065; x_wconf 66' lang='lat' dir='ltr'><strong>secunda</strong></span> <span class='ocrx_word' id='word_1_675' title='bbox 2483 4007 2629 4079; x_wconf 88' lang='lat' dir='ltr'><strong>gravi</strong></span> <span class='ocrx_word' id='word_1_676' title='bbox 2643 4014 2696 4061; x_wconf 87' lang='lat' dir='ltr'><strong>et</strong></span> <span class='ocrx_word' id='word_1_677' title='bbox 2721 4002 2956 4059; x_wconf 89' lang='lat' dir='ltr'><strong>sccumla</strong></span> <span class='ocrx_word' id='word_1_678' title='bbox 2973 3997 3120 4052; x_wconf 85' lang='lat' dir='ltr'><strong>ﬁnali</strong></span> <span class='ocrx_word' id='word_1_679' title='bbox 3145 3995 3209 4061; x_wconf 84' lang='grc' dir='ltr'><strong>Β,</strong></span> <span class='ocrx_word' id='word_1_680' title='bbox 3223 3992 3476 4049; x_wconf 86' lang='lat' dir='ltr'><strong>E.Tertia</strong></span> 
     </span>
    </p>
   </div>
   <div class='ocr_carea' id='block_1_94' title="bbox 1889 4089 3478 4172">
    <p class='ocr_par' dir='ltr' id='par_1_94' title="bbox 1889 4089 3478 4172">
     <span class='ocr_line' id='line_1_94' title="bbox 1889 4089 3478 4172; baseline -0.014 -12"><span class='ocrx_word' id='word_1_681' title='bbox 1889 4121 1955 4160; x_wconf 77' lang='lat' dir='ltr'><strong>ex</strong></span> <span class='ocrx_word' id='word_1_682' title='bbox 1987 4103 2140 4158; x_wconf 87' lang='lat' dir='ltr'><strong>tertia</strong></span> <span class='ocrx_word' id='word_1_683' title='bbox 2164 4101 2406 4172; x_wconf 85' lang='lat' dir='ltr'><strong>gravi,et</strong></span> <span class='ocrx_word' id='word_1_684' title='bbox 2422 4097 2578 4152; x_wconf 85' lang='lat' dir='ltr'><strong>tertia</strong></span> <span class='ocrx_word' id='word_1_685' title='bbox 2611 4093 2757 4150; x_wconf 88' lang='lat' dir='ltr'><strong>ﬁnali</strong></span> <span class='ocrx_word' id='word_1_686' title='bbox 2786 4093 2856 4157; x_wconf 81' lang='lat' dir='ltr'><strong>C,</strong></span> <span class='ocrx_word' id='word_1_687' title='bbox 2878 4089 2936 4146; x_wconf 66' lang='grc' dir='ltr'><strong>Ρ.</strong></span> <span class='ocrx_word' id='word_1_688' title='bbox 2955 4090 3156 4157; x_wconf 82' lang='lat' dir='ltr'><strong>Quarta</strong></span> <span class='ocrx_word' id='word_1_689' title='bbox 3186 4101 3252 4141; x_wconf 75' lang='lat' dir='ltr'><strong>ex</strong></span> <span class='ocrx_word' id='word_1_690' title='bbox 3281 4094 3478 4156; x_wconf 84' lang='lat' dir='ltr'><strong>quarta</strong></span> 
     </span>
    </p>
   </div>
   <div class='ocr_carea' id='block_1_95' title="bbox 1889 4185 2724 4264">
    <p class='ocr_par' dir='ltr' id='par_1_95' title="bbox 1889 4185 2724 4264">
     <span class='ocr_line' id='line_1_95' title="bbox 1889 4185 2724 4264; baseline -0.011 -15"><span class='ocrx_word' id='word_1_691' title='bbox 1889 4194 2040 4264; x_wconf 83' lang='lat' dir='ltr'><strong>gravi</strong></span> <span class='ocrx_word' id='word_1_692' title='bbox 2071 4203 2125 4248; x_wconf 91' lang='lat' dir='ltr'><strong>et</strong></span> <span class='ocrx_word' id='word_1_693' title='bbox 2152 4203 2343 4261; x_wconf 86' lang='lat' dir='ltr'><strong>quarta</strong></span> <span class='ocrx_word' id='word_1_694' title='bbox 2373 4189 2517 4244; x_wconf 84' lang='lat' dir='ltr'><strong>ﬁnali</strong></span> <span class='ocrx_word' id='word_1_695' title='bbox 2550 4190 2589 4242; x_wconf 91' lang='lat' dir='ltr'>D</span> <span class='ocrx_word' id='word_1_696' title='bbox 2613 4227 2628 4252; x_wconf 92' lang='lat'><strong>,</strong></span> <span class='ocrx_word' id='word_1_697' title='bbox 2658 4185 2724 4242; x_wconf 89' lang='lat' dir='ltr'><strong>G.</strong></span> 
     </span>
    </p>
   </div>
   <div class='ocr_carea' id='block_1_96' title="bbox 1960 4291 3483 4376">
    <p class='ocr_par' dir='ltr' id='par_1_96' title="bbox 1960 4291 3483 4376">
     <span class='ocr_line' id='line_1_96' title="bbox 1960 4291 3483 4376; baseline -0.013 -12"><span class='ocrx_word' id='word_1_698' title='bbox 1960 4307 2227 4372; x_wconf 74' lang='lat' dir='ltr'><strong>Videsne,</strong></span> <span class='ocrx_word' id='word_1_699' title='bbox 2259 4319 2443 4376; x_wconf 84' lang='lat' dir='ltr'><strong>quaeso</strong></span> <span class='ocrx_word' id='word_1_700' title='bbox 2469 4344 2484 4368; x_wconf 92' lang='lat'><strong>,</strong></span> <span class='ocrx_word' id='word_1_701' title='bbox 2517 4311 2574 4356; x_wconf 93' lang='lat' dir='ltr'><strong>ut</strong></span> <span class='ocrx_word' id='word_1_702' title='bbox 2617 4299 2930 4372; x_wconf 86' lang='lat' dir='ltr'><strong>principalis</strong></span> <span class='ocrx_word' id='word_1_703' title='bbox 2978 4291 3359 4368; x_wconf 84' lang='lat' dir='ltr'><strong>quadricltordi</strong></span> <span class='ocrx_word' id='word_1_704' title='bbox 3389 4305 3483 4364; x_wconf 58' lang='lat' dir='ltr'><strong>ge.</strong></span> 
     </span>
    </p>
   </div>
   <div class='ocr_carea' id='block_1_97' title="bbox 1891 4388 3484 4462">
    <p class='ocr_par' dir='ltr' id='par_1_97' title="bbox 1891 4388 3484 4462">
     <span class='ocr_line' id='line_1_97' title="bbox 1891 4388 3484 4462; baseline -0.011 -4"><span class='ocrx_word' id='word_1_705' title='bbox 1891 4401 2073 4458; x_wconf 80' lang='lat' dir='ltr'><strong>nitura</strong></span> <span class='ocrx_word' id='word_1_706' title='bbox 2121 4414 2310 4455; x_wconf 89' lang='lat' dir='ltr'><strong>omnes</strong></span> <span class='ocrx_word' id='word_1_707' title='bbox 2336 4399 2670 4452; x_wconf 86' lang='lat' dir='ltr'><strong>diatessaron</strong></span> <span class='ocrx_word' id='word_1_708' title='bbox 2719 4394 2926 4462; x_wconf 86' lang='lat' dir='ltr'><strong>species</strong></span> <span class='ocrx_word' id='word_1_709' title='bbox 2953 4388 3186 4460; x_wconf 88' lang='lat' dir='ltr'><strong>propriis</strong></span> <span class='ocrx_word' id='word_1_710' title='bbox 3235 4398 3484 4455; x_wconf 83' lang='lat' dir='ltr'><strong>compre-</strong></span> 
     </span>
    </p>
   </div>
   <div class='ocr_carea' id='block_1_98' title="bbox 1892 4473 3477 4558">
    <p class='ocr_par' dir='ltr' id='par_1_98' title="bbox 1892 4473 3477 4558">
     <span class='ocr_line' id='line_1_98' title="bbox 1892 4473 3477 4558; baseline -0.015 -8"><span class='ocrx_word' id='word_1_711' title='bbox 1892 4495 2091 4550; x_wconf 83' lang='lat' dir='ltr'><strong>ltcnsas</strong></span> <span class='ocrx_word' id='word_1_712' title='bbox 2122 4489 2316 4545; x_wconf 91' lang='lat' dir='ltr'><strong>litteris</strong></span> <span class='ocrx_word' id='word_1_713' title='bbox 2350 4497 2626 4558; x_wconf 87' lang='lat' dir='ltr'><strong>procreet;</strong></span> <span class='ocrx_word' id='word_1_714' title='bbox 2660 4485 2902 4554; x_wconf 82' lang='lat' dir='ltr'><strong>nihilque</strong></span> <span class='ocrx_word' id='word_1_715' title='bbox 2930 4481 3089 4543; x_wconf 86' lang='lat' dir='ltr'><strong>desit,</strong></span> <span class='ocrx_word' id='word_1_716' title='bbox 3120 4476 3250 4532; x_wconf 82' lang='lat' dir='ltr'><strong>nihil</strong></span> <span class='ocrx_word' id='word_1_717' title='bbox 3273 4473 3477 4530; x_wconf 74' lang='lat' dir='ltr'><strong>exube-</strong></span> 
     </span>
    </p>
   </div>
   <div class='ocr_carea' id='block_1_99' title="bbox 1821 4563 3483 4652">
    <p class='ocr_par' dir='ltr' id='par_1_99' title="bbox 1821 4563 3483 4652">
     <span class='ocr_line' id='line_1_99' title="bbox 1821 4563 3483 4652; baseline -0.014 -10"><span class='ocrx_word' id='word_1_718' title='bbox 1821 4583 1866 4642; x_wconf 86' lang='lat' dir='ltr'><strong>D</strong></span> <span class='ocrx_word' id='word_1_719' title='bbox 1896 4586 2015 4642; x_wconf 89' lang='lat' dir='ltr'><strong>ret?</strong></span> <span class='ocrx_word' id='word_1_720' title='bbox 2045 4583 2101 4638; x_wconf 86' lang='lat' dir='ltr'><strong>In</strong></span> <span class='ocrx_word' id='word_1_721' title='bbox 2135 4599 2238 4652; x_wconf 90' lang='lat' dir='ltr'><strong>qua</strong></span> <span class='ocrx_word' id='word_1_722' title='bbox 2268 4581 2630 4650; x_wconf 80' lang='lat' dir='ltr'><strong>descriptione</strong></span> <span class='ocrx_word' id='word_1_723' title='bbox 2677 4577 2802 4631; x_wconf 91' lang='lat' dir='ltr'><strong>illud</strong></span> <span class='ocrx_word' id='word_1_724' title='bbox 2845 4582 2925 4630; x_wconf 85' lang='lat' dir='ltr'><strong>est</strong></span> <span class='ocrx_word' id='word_1_725' title='bbox 2968 4571 3261 4627; x_wconf 86' lang='lat' dir='ltr'><strong>notandum</strong></span> <span class='ocrx_word' id='word_1_726' title='bbox 3290 4607 3305 4632; x_wconf 94' lang='lat'><strong>,</strong></span> <span class='ocrx_word' id='word_1_727' title='bbox 3337 4563 3483 4635; x_wconf 84' lang='lat' dir='ltr'><strong>quod</strong></span> 
     </span>
    </p>
   </div>
   <div class='ocr_carea' id='block_1_100' title="bbox 1895 4655 3485 4750">
    <p class='ocr_par' dir='ltr' id='par_1_100' title="bbox 1895 4655 3485 4750">
     <span class='ocr_line' id='line_1_100' title="bbox 1895 4655 3485 4750; baseline -0.016 -17"><span class='ocrx_word' id='word_1_728' title='bbox 1895 4675 2162 4750; x_wconf 74' lang='lat' dir='ltr'><strong>princpio</strong></span> <span class='ocrx_word' id='word_1_729' title='bbox 2203 4687 2257 4729; x_wconf 89' lang='lat' dir='ltr'><strong>et</strong></span> <span class='ocrx_word' id='word_1_730' title='bbox 2300 4674 2406 4729; x_wconf 64' lang='lat' dir='ltr'><strong>ﬁne</strong></span> <span class='ocrx_word' id='word_1_731' title='bbox 2433 4670 2802 4744; x_wconf 71' lang='lat' dir='ltr'><strong>principalitas</strong></span> <span class='ocrx_word' id='word_1_732' title='bbox 2833 4667 2914 4722; x_wconf 85' lang='lat' dir='ltr'><strong>vel</strong></span> <span class='ocrx_word' id='word_1_733' title='bbox 2947 4663 3249 4735; x_wconf 73' lang='lat' dir='ltr'><strong>proprieias</strong></span> <span class='ocrx_word' id='word_1_734' title='bbox 3276 4655 3485 4750; x_wconf 83' lang='lat' dir='ltr'><strong>specie-</strong></span> 
     </span>
    </p>
   </div>
   <div class='ocr_carea' id='block_1_101' title="bbox 1902 4748 3484 4831">
    <p class='ocr_par' dir='ltr' id='par_1_101' title="bbox 1902 4748 3484 4831">
     <span class='ocr_line' id='line_1_101' title="bbox 1902 4748 3484 4831; baseline -0.018 -5"><span class='ocrx_word' id='word_1_735' title='bbox 1902 4748 2016 4828; x_wconf 81' lang='lat' dir='ltr'><strong>rum</strong></span> <span class='ocrx_word' id='word_1_736' title='bbox 2050 4770 2362 4826; x_wconf 89' lang='lat' dir='ltr'><strong>continetur</strong></span> <span class='ocrx_word' id='word_1_737' title='bbox 2391 4781 2405 4819; x_wconf 88' lang='lat'><strong>:</strong></span> <span class='ocrx_word' id='word_1_738' title='bbox 2436 4779 2560 4818; x_wconf 92' lang='lat' dir='ltr'><strong>nam</strong></span> <span class='ocrx_word' id='word_1_739' title='bbox 2591 4760 2918 4831; x_wconf 81' lang='lat' dir='ltr'><strong>interpositae</strong></span> <span class='ocrx_word' id='word_1_740' title='bbox 2942 4771 3102 4810; x_wconf 86' lang='lat' dir='ltr'><strong>voces</strong></span> <span class='ocrx_word' id='word_1_741' title='bbox 3126 4769 3191 4809; x_wconf 88' lang='lat' dir='ltr'><strong>ex</strong></span> <span class='ocrx_word' id='word_1_742' title='bbox 3220 4748 3484 4806; x_wconf 83' lang='lat' dir='ltr'><strong>citaritate</strong></span> 
     </span>
    </p>
   </div>
   <div class='ocr_carea' id='block_1_102' title="bbox 1897 4845 3488 4925">
    <p class='ocr_par' dir='ltr' id='par_1_102' title="bbox 1897 4845 3488 4925">
     <span class='ocr_line' id='line_1_102' title="bbox 1897 4845 3488 4925; baseline -0.018 -5"><span class='ocrx_word' id='word_1_743' title='bbox 1897 4861 2262 4920; x_wconf 84' lang='lat' dir='ltr'><strong>subserviuut.</strong></span> <span class='ocrx_word' id='word_1_744' title='bbox 2318 4860 2497 4925; x_wconf 86' lang='lat' dir='ltr'><strong>Quare</strong></span> <span class='ocrx_word' id='word_1_745' title='bbox 2541 4865 2723 4910; x_wconf 90' lang='lat' dir='ltr'><strong>autem</strong></span> <span class='ocrx_word' id='word_1_746' title='bbox 2774 4853 2827 4906; x_wconf 94' lang='lat' dir='ltr'><strong>in</strong></span> <span class='ocrx_word' id='word_1_747' title='bbox 2883 4845 3318 4903; x_wconf 80' lang='lat' dir='ltr'><strong>extremitatibus</strong></span> <span class='ocrx_word' id='word_1_748' title='bbox 3365 4851 3488 4907; x_wconf 87' lang='lat' dir='ltr'><strong>spc-</strong></span> 
     </span>
    </p>
   </div>
   <div class='ocr_carea' id='block_1_103' title="bbox 1895 4927 3487 5012">
    <p class='ocr_par' dir='ltr' id='par_1_103' title="bbox 1895 4927 3487 5012">
     <span class='ocr_line' id='line_1_103' title="bbox 1895 4927 3487 5012; baseline -0.021 0"><span class='ocrx_word' id='word_1_749' title='bbox 1895 4957 2103 5012; x_wconf 87' lang='lat' dir='ltr'><strong>eierum</strong></span> <span class='ocrx_word' id='word_1_750' title='bbox 2157 4953 2276 5007; x_wconf 78' lang='lat' dir='ltr'><strong>dit-.c</strong></span> <span class='ocrx_word' id='word_1_751' title='bbox 2317 4951 2541 5005; x_wconf 79' lang='lat' dir='ltr'><strong>diversa:</strong></span> <span class='ocrx_word' id='word_1_752' title='bbox 2575 4955 2702 5002; x_wconf 89' lang='lat' dir='ltr'><strong>sunt</strong></span> <span class='ocrx_word' id='word_1_753' title='bbox 2755 4943 2948 4997; x_wconf 77' lang='lat' dir='ltr'><strong>littene</strong></span> <span class='ocrx_word' id='word_1_754' title='bbox 2975 4979 2990 5003; x_wconf 97' lang='lat'><strong>,</strong></span> <span class='ocrx_word' id='word_1_755' title='bbox 3029 4951 3136 4992; x_wconf 87' lang='lat' dir='ltr'><strong>non</strong></span> <span class='ocrx_word' id='word_1_756' title='bbox 3175 4934 3370 4990; x_wconf 88' lang='lat' dir='ltr'><strong>mirum</strong></span> <span class='ocrx_word' id='word_1_757' title='bbox 3401 4927 3487 4981; x_wconf 83' lang='lat' dir='ltr'><strong>vi-</strong></span> 
     </span>
    </p>
   </div>
   <div class='ocr_carea' id='block_1_104' title="bbox 1899 5031 3490 5107">
    <p class='ocr_par' dir='ltr' id='par_1_104' title="bbox 1899 5031 3490 5107">
     <span class='ocr_line' id='line_1_104' title="bbox 1899 5031 3490 5107; baseline -0.02 -4"><span class='ocrx_word' id='word_1_758' title='bbox 1899 5050 2110 5104; x_wconf 85' lang='lat' dir='ltr'><strong>deatur.</strong></span> <span class='ocrx_word' id='word_1_759' title='bbox 2163 5043 2296 5098; x_wconf 81' lang='lat' dir='ltr'><strong>Nam</strong></span> <span class='ocrx_word' id='word_1_760' title='bbox 2343 5054 2468 5097; x_wconf 91' lang='lat' dir='ltr'><strong>cum</strong></span> <span class='ocrx_word' id='word_1_761' title='bbox 2510 5037 2653 5093; x_wconf 91' lang='lat' dir='ltr'><strong>nulla</strong></span> <span class='ocrx_word' id='word_1_762' title='bbox 2702 5031 3081 5107; x_wconf 76' lang='lat' dir='ltr'><strong>pnedictarnm</strong></span> <span class='ocrx_word' id='word_1_763' title='bbox 3130 5038 3326 5084; x_wconf 89' lang='lat' dir='ltr'><strong>vocum</strong></span> <span class='ocrx_word' id='word_1_764' title='bbox 3366 5035 3490 5075; x_wconf 89' lang='lat' dir='ltr'><strong>cum</strong></span> 
     </span>
    </p>
   </div>
   <div class='ocr_carea' id='block_1_105' title="bbox 1901 5113 3494 5200">
    <p class='ocr_par' dir='ltr' id='par_1_105' title="bbox 1901 5113 3494 5200">
     <span class='ocr_line' id='line_1_105' title="bbox 1901 5113 3494 5200; baseline -0.019 -5"><span class='ocrx_word' id='word_1_765' title='bbox 1901 5141 2006 5195; x_wconf 92' lang='lat' dir='ltr'><strong>alia</strong></span> <span class='ocrx_word' id='word_1_766' title='bbox 2040 5136 2368 5197; x_wconf 85' lang='lat' dir='ltr'><strong>concordet,</strong></span> <span class='ocrx_word' id='word_1_767' title='bbox 2398 5131 2648 5200; x_wconf 87' lang='lat' dir='ltr'><strong>quamvis</strong></span> <span class='ocrx_word' id='word_1_768' title='bbox 2687 5134 2882 5200; x_wconf 87' lang='lat' dir='ltr'><strong>quarto</strong></span> <span class='ocrx_word' id='word_1_769' title='bbox 2914 5121 3030 5176; x_wconf 90' lang='lat' dir='ltr'><strong>loco</strong></span> <span class='ocrx_word' id='word_1_770' title='bbox 3060 5124 3251 5176; x_wconf 88' lang='lat' dir='ltr'><strong>eadem</strong></span> <span class='ocrx_word' id='word_1_771' title='bbox 3297 5113 3494 5183; x_wconf 81' lang='lat' dir='ltr'><strong>positio</strong></span> 
     </span>
    </p>
   </div>
   <div class='ocr_carea' id='block_1_106' title="bbox 3021 5216 3498 5260">
    <p class='ocr_par' dir='ltr' id='par_1_106' title="bbox 3021 5216 3498 5260">
     <span class='ocr_line' id='line_1_106' title="bbox 3021 5216 3498 5260; baseline 0.01 -3"><span class='ocrx_word' id='word_1_772' title='bbox 3021 5216 3150 5254; x_wconf 72' lang='grc' dir='ltr'><strong>ιιιιῖσι</strong></span> <span class='ocrx_word' id='word_1_773' title='bbox 3180 5229 3285 5260; x_wconf 82' lang='lat' dir='ltr'><strong>nnn</strong></span> <span class='ocrx_word' id='word_1_774' title='bbox 3316 5221 3498 5260; x_wconf 70' lang='lat' dir='ltr'><strong>mqua-</strong></span> 
     </span>
    </p>
   </div>
   <div class='ocr_carea' id='block_1_107' title="bbox 2465 5226 2990 5260">
    <p class='ocr_par' dir='ltr' id='par_1_107' title="bbox 2465 5226 2990 5260">
     <span class='ocr_line' id='line_1_107' title="bbox 2465 5226 2990 5260; baseline 0 0"><span class='ocrx_word' id='word_1_775' title='bbox 2465 5241 2506 5260; x_wconf 77' lang='lat' dir='ltr'><strong>Ic</strong></span> <span class='ocrx_word' id='word_1_776' title='bbox 2545 5226 2720 5260; x_wconf 67' lang='grc' dir='ltr'>νιιιὶιιιιι</span> <span class='ocrx_word' id='word_1_777' title='bbox 2811 5231 2990 5260; x_wconf 63' lang='lat' dir='ltr'><strong>tamen:</strong></span> 
     </span>
    </p>
   </div>
   <div class='ocr_carea' id='block_1_108' title="bbox 1907 5231 2458 5260">
    <p class='ocr_par' dir='ltr' id='par_1_108' title="bbox 1907 5231 2458 5260">
     <span class='ocr_line' id='line_1_108' title="bbox 1907 5231 2458 5260; baseline 0.004 -2"><span class='ocrx_word' id='word_1_778' title='bbox 1907 5244 1952 5258; x_wconf 70' lang='grc' dir='ltr'><strong>..ι</strong></span> <span class='ocrx_word' id='word_1_779' title='bbox 1986 5232 2104 5260; x_wconf 69' lang='grc' dir='ltr'><strong>ξ..ΑΛ</strong></span> <span class='ocrx_word' id='word_1_780' title='bbox 2147 5231 2283 5260; x_wconf 58' lang='lat' dir='ltr'><strong>:Jnn‘</strong></span> <span class='ocrx_word' id='word_1_781' title='bbox 2323 5238 2458 5260; x_wconf 65' lang='grc' dir='ltr'><strong>ουηηι</strong></span> 
     </span>
    </p>
   </div>
  </div>
