4010 5328
510 198 627 268 413⁷

1316 207 1673 263 ιιεηωλδι
1715 180 2104 266 cemitur:
2132 163 2513 268 ‘austsxsrs
2565 211 2873 272 nossent

3675 224 3795 279 ‘2'!

512 308 795 394 troporum
819 319 872 374 in
903 330 1098 390 quarto
1136 336 1216 376 γυι
1248 321 1436 392 quinto
1466 321 1584 374 loco
1617 322 1846 375 reditum
1874 337 2102 377 coneor-
2128 336 2173 390 Α
2207 324 2378 392 prima
2418 321 2561 376 ﬁnali
2611 331 2666 376 et
2714 338 2777 377 ex
2816 322 2990 392 prima
3041 325 3326 396 superiori.
3369 327 3615 385 Secunda
3652 333 3712 398 Ε,
3750 333 3795 408 η

510 416 601 471 dat
626 413 799 485 prima
829 427 948 466 cum
983 413 1175 483 prima,
1207 414 1441 467 secunda
1487 429 1607 466 cum
1656 414 1912 477 secunda,
1942 414 2097 468 tertia

507 523 629 561 eum
674 505 857 569 tertia,
886 516 1079 574 quarta
1113 520 1234 559 cum
1265 514 1457 575 quarta
1490 523 1502 559 ε
1533 506 1828 559 setnndnm
1876 506 2098 575 positio~

510 609 631 650 nem
660 595 805 657 dico,
837 611 941 649 non
967 594 1263 649 secundum
1297 611 1504 650 vocent.

579 685 875 741 Sciendum
922 702 1135 755 quoque
1175 697 1259 739 est
1317 687 1459 755 quod
1505 686 1659 756 quasi
1700 687 1944 757 qumdam
1983 686 2097 740 dia—

506 789 753 833 tessaron
799 778 1008 847 species
1036 777 1074 831 F
1102 818 1116 843 ,
1149 786 1204 832 et
1239 778 1275 852 η
1326 779 1617 842 invenitur,
1651 781 1745 834 sed
1784 780 1911 848 quia
1955 779 2098 833 inter

416 884 419 887 '
502 873 705 944 legales
727 871 1146 927 constitutiones
1177 872 1354 927 locmn
1389 888 1494 927 non
1529 872 1712 936 babet,
1745 872 2092 942 repudiatur,

503 965 740 1035 ipsaeque
777 965 918 1018 inter
946 978 1005 1019 se
1036 979 1133 1019 nec
1160 973 1450 1026 acuuntur,
1478 978 1578 1018 nec
1609 972 1925 1033 gravantur,
1947 964 2093 1017 unde

502 1058 666 1112 etiam
714 1056 995 1126 cujusdam
1053 1055 1396 1111 intervallum
1447 1071 1513 1109 ex
1561 1056 1763 1111 eisdem
1806 1056 2095 1112 statuentis

500 1163 658 1204 error
713 1148 1079 1204 convincitur.
1148 1146 1442 1203 Possumus
1505 1161 1720 1218 quoque
1781 1149 1836 1203 in
1899 1147 2091 1202 barum

500 1241 896 1298 constitutione
944 1241 1247 1311 specierum
1294 1249 1504 1295 natura:
1549 1241 1800 1295 virtutem
1853 1248 2093 1309 potesta-

501 1346 717 1407 temque
745 1335 953 1390 mirari.
988 1333 1122 1388 Nam
1154 1334 1200 1389 si
1234 1349 1329 1389 eas
1356 1333 1409 1387 in
1458 1348 1692 1404 sequens
1736 1332 2092 1402 quadricbor-

497 1418 623 1481 dum
656 1466 671 1492 ,
719 1424 861 1496 quod
920 1425 1113 1479 tertius
1157 1431 1213 1478 et
1255 1423 1376 1477 ideo
1433 1423 1771 1493 diapenticus
1803 1419 2089 1492 quadrupli

496 1500 688 1588 passus
746 1515 992 1579 invenit,
1046 1522 1467 1583 transponamus
1498 1552 1512 1576 ,
1561 1512 1666 1565 erit
1721 1511 1895 1581 prima
1927 1511 2003 1578 D,
2042 1511 2090 1567 G

497 1602 706 1663 ratione
737 1621 1013 1678 perversa.
1049 1604 1185 1660 Nam
1230 1604 1480 1674 quamvis
1510 1602 1554 1657 D
1581 1612 1800 1673 propter
1840 1616 2085 1658 commu-

2199 425 2263 464 ex
2287 412 2520 465 secunda
2554 410 2724 473 ﬁnali,
2753 420 2807 465 et
2828 427 2895 466 ex
2926 414 3165 468 secunda
3185 417 3475 484 superiori.
3503 418 3687 474 Tertia
3721 422 3745 473 ι
3772 461 3791 484 ,

2197 516 2227 555 c
2254 515 2318 556 ex
2352 502 2508 555 tertia
2550 502 2693 556 ﬁnali
2726 511 2782 557 et
2808 518 2872 557 ex
2905 504 3064 558 tertia
3118 508 3405 575 superiori.
3457 510 3662 576 Qun-ta
3712 514 3787 571 (ἱ.

2196 592 2229 646 d
2269 608 2333 645 ex
2372 603 2564 661 quarta
2617 593 2785 658 ﬁnali,
2836 602 2891 648 et
2929 609 2996 648 ex
3023 604 3217 665 quarta
3248 600 3541 668 superiori.
3575 601 3707 670 Quae
3738 606 3793 659 si

2195 682 2434 743 vicissim
2460 684 2526 735 ad
2556 700 2749 751 graves
2780 694 3224 755 transportantur,
3246 692 3485 745 occurrit
3508 695 3684 761 prima
3704 696 3751 751 Λ
3770 737 3785 758 ,

2196 774 2238 829 Ε
2268 776 2498 829 naturali
2552 777 2768 845 quidem
2791 779 3061 847 positione
3087 791 3339 836 tonorum
3367 783 3490 837 dico
3527 794 3585 839 et
3610 788 3788 841 semi-

2198 867 2485 931 toniorum,
2517 868 2609 922 sed
2650 883 2756 922 non
2788 885 2855 924 ex
2885 870 3096 925 duabus
3129 872 3320 941 primis
3374 874 3609 930 duorum
3638 892 3788 947 qua-

2193 955 2605 1012 dricbordorum
2633 969 2889 1013 constans
2911 962 3350 1032 vocibus,neque
3384 964 3485 1019 eaad
3522 981 3577 1020 tn
3602 976 3787 1040 tropo,

2193 1062 2299 1117 quo
2348 1048 2623 1117 incipitur,
2680 1050 2896 1116 ﬁnitur;
2945 1052 3039 1105 sed
3098 1052 3222 1107 ltiuc
3279 1054 3451 1124 prima
3508 1058 3785 1127 gravium,

2194 1138 2315 1192 inde
2380 1139 2619 1193 secumla
2673 1139 2935 1205 ﬁnalium,
3003 1149 3167 1210 atque
3213 1142 3333 1197 ideo
3387 1144 3517 1198 hinc
3559 1146 3787 1215 proprio

2195 1238 2347 1297 tropo
2379 1230 2503 1284 inde
2526 1229 2727 1296 alieno,
2758 1232 2859 1287 boc
2882 1242 2966 1288 est
2996 1233 3247 1299 dentero,
3281 1235 3485 1290 linitur.
3523 1235 3785 1292 Secunda

2193 1318 2251 1382 Β,
2292 1318 2354 1384 F,
2379 1334 2502 1389 quae
2554 1319 2813 1391 deinceps
2841 1339 2948 1376 non
3004 1339 3124 1381 esse
3148 1326 3399 1397 diapente
3441 1329 3652 1399 species
3682 1330 3785 1385 dc-

2192 1410 2609 1466 ntonstrabitur.
2648 1409 2838 1467 Tertia
2863 1411 2926 1479 C,
2958 1412 3024 1479 (ἓ,
3052 1416 3097 1470 si
3123 1419 3282 1472 tertia
3308 1420 3412 1473 dici
3456 1427 3657 1489 potest,
3686 1422 3782 1476 u‘.i

2190 1498 2363 1567 prima
2392 1499 2591 1566 deviat,
2616 1503 2851 1557 secunda
2905 1506 3127 1561 omnino
3159 1524 3265 1563 non
3290 1520 3401 1576 est;
3459 1525 3567 1568 non
3597 1523 3781 1569 tamen

2191 1589 2305 1659 ipsa
2355 1606 2424 1646 ex
2468 1593 2678 1648 duabtts
2726 1596 2901 1652 tertiis
2950 1599 3180 1654 duorum
3246 1600 3781 1671 quadriel.ordorom

496 1699 715 1754 nionem
747 1699 919 1769 possit
948 1712 1067 1753 esse
1091 1697 1290 1767 prima,
1326 1704 1503 1750 tamen
1531 1696 1574 1750 G
1603 1710 1829 1751 numero
1859 1696 2086 1766 septima
2118 1685 2161 1744 Β
2191 1687 2435 1753 vocibus,
2463 1691 2554 1743 sed
2579 1691 2708 1746 hinc
2741 1692 2898 1747 tertia
2932 1696 3199 1764 gravium,
3250 1697 3377 1753 inde
3399 1707 3596 1768 quarta
3632 1698 3781 1753 ﬁna-

495 1790 700 1859 trnpice
730 1799 945 1859 quarta,
972 1803 1245 1858 nunquam
1271 1795 1451 1857 potest
1472 1802 1592 1842 esse
1613 1787 1810 1857 prima.
1835 1786 2085 1843 Secunda

496 1881 563 1934 ab
597 1881 639 1935 E
667 1895 788 1951 qum
813 1888 897 1934 est
924 1887 1009 1933 est
1038 1879 1248 1933 deuteri
1303 1878 1600 1947 incipiens,
1654 1878 1706 1932 in
1736 1893 1765 1931 a
1792 1918 1807 1943 ,
1843 1892 1964 1947 qtne
2003 1885 2085 1933 est

495 1972 659 2042 proli,
694 1971 911 2025 desiuit.
941 1969 1123 2025 Tertia
1153 1969 1244 2033 ibi,
1269 1969 1314 2024 si
1346 1980 1537 2022 natura
1569 1968 1903 2037 inspieiatur,
1938 1968 2083 2023 nulla

491 2071 594 2117 est.
626 2061 829 2128 Quarta
860 2076 890 2115 a
931 2060 997 2128 G,
1030 2077 1151 2131 quae
1177 2070 1258 2115 est
1311 2059 1532 2113 tetrardi
1577 2058 1838 2113 incltoans
1864 2096 1881 2124 ,
1910 2059 1963 2123 in
2005 2075 2036 2113 e
2065 2099 2081 2123 ,

494 2166 614 2221 quia:
642 2162 728 2207 est
768 2152 899 2217 triti,
933 2151 1273 2206 terminatur.
1299 2149 1403 2204 Sed
1434 2167 1555 2205 eum
1583 2150 1697 2205 inec
1722 2148 1968 2205 confusio
1994 2191 2007 2213 ,
2035 2150 2080 2204 si

493 2257 589 2314 per
608 2242 854 2298 ordinem
899 2249 1274 2307 numerentur,
1301 2241 1511 2296 oriatur
1533 2280 1548 2305 ,
1584 2248 1842 2310 quantum
1877 2238 1966 2294 ille
1992 2241 2083 2294 de—

495 2336 669 2406 liquit,
703 2335 793 2406 qui
825 2334 968 2391 solas
998 2334 1201 2389 formas
1228 2348 1334 2387 non
1366 2333 1539 2389 solum
1594 2331 1920 2387 naturalium
1948 2347 2081 2385 cen-

494 2428 836 2482 stitotionum
891 2426 1108 2479 intuens
1165 2440 1360 2481 causas
1386 2465 1401 2490 ,
1445 2426 1487 2479 Ι)
1514 2466 1529 2491 ,
1567 2424 1610 2481 G
1644 2426 1903 2495 primam,
1947 2423 2020 2489 E,
2049 2440 2079 2478 a

492 2522 785 2575 secundum
817 2560 834 2588 ,
883 2529 1099 2575 tertiam
1127 2519 1171 2574 (ἱ
1198 2558 1214 2584 ,
1244 2533 1275 2573 c
1304 2520 1464 2575 nimis
1509 2528 1724 2574 incaute
1770 2518 2032 2573 deﬁniunt
2062 2557 2079 2581 ,

493 2614 663 2668 Solam
694 2622 950 2668 cmterum
984 2611 1239 2683 primam,
1277 2611 1328 2665 id
1369 2621 1451 2667 est
1479 2628 1508 2665 a
1533 2654 1547 2673 .
1575 2612 1606 2666 d
1649 2619 1793 2668 recte
1827 2626 2033 2683 ponens
2061 2650 2077 2676 ,

488 2706 584 2761 sed
619 2707 718 2762 sibi
750 2706 851 2778 ipsi
876 2704 1187 2761 contrarius
1207 2746 1222 2770 ,
1260 2704 1353 2773 qui
1387 2705 1535 2774 prius
1564 2705 1620 2765 D,
1654 2704 1697 2759 (ἱ
1728 2704 1956 2775 primam
1984 2717 2080 2774 po-

490 2800 617 2854 suit.
668 2800 820 2867 Quod
868 2799 990 2855 ideo
1040 2806 1149 2851 tant
1196 2798 1281 2851 isti
1339 2814 1502 2866 quam
1543 2798 1797 2851 nantibus
1829 2796 2079 2866 .musicis

495 2890 709 2955 evenit,
738 2889 862 2959 quia
895 2889 947 2943 in
996 2887 1263 2959 positione
1293 2888 1480 2957 prima:
1511 2886 1651 2940 nulla
1688 2896 1894 2957 quarta:
1942 2904 2076 2941 con-

491 2981 750 3035 sideratio
776 2988 880 3034 cst.

2189 1779 2318 1834 lium
2371 1790 2536 1850 atque
2578 1783 2698 1837 ideo
2751 1784 3106 1841 dissimilibus
3156 1788 3344 1858 trepis,
3406 1790 3536 1844 trito
3565 1789 3782 1845 scilicet

2187 1881 2446 1926 constans
2493 1880 2549 1926 et
2592 1875 2849 1929 tetrardo.
2891 1874 3090 1941 Quarta
3116 1877 3225 1947 jam
3257 1879 3368 1933 sola
3400 1879 3644 1950 perfecta
3679 1897 3778 1936 oc-

2186 1964 2378 2029 currit,
2414 1963 2467 2017 id
2509 1973 2594 2019 est
2624 1966 2686 2030 Ι),
2731 1966 2778 2020 Α
2807 1977 3036 2039 excepto
3084 1971 3227 2039 quod
3257 1972 3372 2027 luec
3413 1988 3519 2030 non
3548 1985 3775 2043 quarto,

2186 2056 2278 2111 sed
2333 2058 2508 2127 primo
2533 2057 2722 2127 :ordini
2757 2060 3066 2132 deputatur.
3105 2062 3296 2120 Nonne
3352 2080 3483 2134 ergo
3536 2068 3779 2122 auenzlis

2185 2148 2329 2217 quod
2382 2148 2625 2204 vicissim
2676 2158 2733 2204 et
2784 2151 3122 2208 diatessaron
3156 2154 3208 2209 in
3251 2154 3523 2221 ﬁnalibus,
3552 2166 3612 2212 et
3648 2158 3775 2211 dia.

2182 2246 2345 2305 pente
2366 2239 2575 2307 species
2598 2239 2861 2297 violenter
2875 2242 3224 2312 requirantur
3238 2245 3293 2299 in
3316 2246 3610 2314 gravibus?
3630 2246 3776 2317 Ergo

2182 2329 2324 2397 quod
2337 2329 2653 2384 constitutio
2676 2331 2938 2400 repudiat,
2964 2332 3135 2388 farira
3152 2342 3381 2401 tantum,
3397 2336 3441 2391 si
3458 2347 3495 2392 Γ
3515 2335 3771 2393 Gnecum

2184 2431 2505 2487 apponatur,
2536 2435 2924 2491 syneznmenou
2956 2438 3170 2493 quoque
3216 2425 3329 2480 ﬁeri
3381 2434 3581 2496 pote:t,
3606 2437 3664 2481 ut
3699 2428 3777 2482 sit

2181 2513 2336 2580 quasi
2368 2517 2487 2581 prin
2509 2530 2541 2568 a
2590 2524 2646 2581 Γ.
2668 2516 2739 2583 Α,
2768 2516 2831 2581 Β,
2855 2517 2919 2582 C,
2950 2516 3016 2584 li;
3045 2518 3281 2573 secunda
3313 2520 3378 2579 Δ.
3421 2520 3484 2588 Β,
3511 2520 3578 2587 C,
3605 2521 3674 2589 Ι),
3703 2520 3769 2590 F;

2184 2606 2340 2660 tat-tia
2368 2602 2429 2668 Β,
2453 2604 2515 2671 C,
2551 2608 2615 2672 Ι),
2643 2607 2705 2674 Ε,
2736 2607 2800 2675 F;
2830 2618 3022 2679 quarta
3053 2611 3115 2671 C.
3145 2609 3211 2676 D,
3238 2610 3300 2676 E,
3328 2610 3391 2678 F,
3417 2611 3481 2667 G.

2254 2697 2409 2754 Nunc
2462 2700 2628 2754 etiam
2686 2702 2753 2756 de
2809 2702 3070 2773 diapason
3132 2705 3418 2772 speciebus
3461 2704 3768 2760 videamus.

2183 2788 2445 2860 Superius
2485 2792 2689 2846 dictum
2720 2802 2803 2848 est
2845 2795 2989 2863 quod
3033 2794 3141 2850 duo
3171 2804 3389 2865 septena
3431 2810 3627 2852 vocum
3654 2797 3771 2852 dis-

2180 2882 2411 2937 crimina
2444 2891 2680 2953 qualuor
2730 2886 2962 2940 reddunt
3005 2887 3429 2954 quadricborda,
3470 2904 3595 2957 quae
3643 2904 3771 2944 om—

2183 2974 2273 3028 nia
2312 2977 2608 3031 secundum
2656 2974 2981 3031 unilormem
3034 2989 3312 3047 troporum
3363 2979 3768 3035 successionem

564 3071 659 3127 llis
696 3074 767 3126 ita
809 3088 867 3125 se
895 3070 1240 3135 habentibus,
1284 3071 1565 3125 sciendum
1598 3079 1681 3126 est
1709 3071 1851 3140 quod
1882 3069 1926 3125 si
1958 3069 2082 3141 quis
2108 3072 2152 3134 ς
2184 3076 2311 3121 sunt
2334 3067 2585 3137 mqualia,
2613 3068 2909 3123 secundum
2942 3068 3334 3125 institutionem
3382 3082 3511 3126 vero
3557 3071 3769 3141 specie—

492 3177 555 3216 ea
584 3178 703 3231 quae
733 3163 872 3216 dicta
904 3163 1102 3217 suntin
1133 3162 1372 3217 secundo
1404 3161 1665 3230 diapason
1696 3161 1877 3218 facere
1904 3171 2079 3219 tenta-

492 3253 655 3319 verit,
682 3267 787 3307 non
817 3252 978 3306 aliam
1026 3253 1330 3323 genituram
1377 3253 1715 3309 diatessaron
1764 3255 1952 3320 nasci,
1982 3256 2078 3309 sed

488 3353 608 3399 eam
640 3360 760 3415 qtae
794 3344 908 3412 jam
957 3344 1101 3399 dicta
1148 3354 1232 3399 est
1279 3346 1447 3415 repeti
1477 3346 1698 3413 videbit,
1735 3358 1791 3402 et
1830 3348 1974 3416 quod
2022 3348 2076 3401 in

491 3439 748 3509 gravibus
779 3437 859 3492 vel
888 3436 1275 3508 principalibus
1305 3437 1504 3493 factum
1531 3448 1615 3493 est
1640 3479 1653 3503 ,
1683 3440 1736 3495 in
1782 3439 2077 3508 superiori-

489 3530 609 3595 bus,
636 3531 725 3601 qui
754 3531 995 3600 ejusdem
1040 3539 1247 3584 natura:
1288 3539 1415 3585 sunt
1436 3571 1452 3598 ,
1475 3531 1688 3586 eilicere
1710 3532 1927 3587 valebit.
1954 3531 2075 3588 Sic-

488 3639 595 3694 que
620 3624 894 3696 colligitur
929 3634 1162 3694 qnatnor
1191 3638 1312 3679 esse
1342 3626 1545 3694 primas
1570 3627 1635 3689 Δ,
1670 3625 1740 3690 D,
1773 3642 1827 3692 a,
1860 3628 1912 3694 d;
1942 3643 2075 3698 qua-

489 3724 611 3769 tuor
632 3715 899 3770 secundas
925 3715 985 3779 Β,
1014 3715 1078 3778 Ε,
1104 3706 1164 3792 ἡ,
1196 3730 1261 3780 c;
1287 3724 1520 3786 quatuor
1544 3716 1729 3771 tertias
1748 3718 1811 3783 υ,
1836 3715 1898 3783 F,
1928 3736 1959 3773 e
1978 3759 1992 3783 ,
2023 3716 2072 3784 [ς

486 3817 720 3877 quatuor
748 3815 969 3878 quartas
998 3808 1060 3871 υ,
1085 3809 1153 3872 G,
1185 3809 1239 3875 «Ι,
1275 3823 1329 3879 g.
1944 3862 1951 3865 _

562 3898 696 3954 Cum
733 3899 919 3968 igitur,
948 3900 1090 3954 sicut
1112 3897 1224 3967 jam
1259 3915 1403 3968 stupe
1444 3900 1647 3955 dictum
1683 3910 1805 3963 est,
1849 3912 2074 3972 quartus

489 3990 773 4061 quadrupli
804 4007 995 4062 passus
1035 4002 1267 4061 quatuor
1303 4006 1492 4045 vocum
1520 4007 1690 4063 capax
1711 4034 1726 4057 ,
1757 4003 1808 4048 et
1840 4003 2075 4063 quatuor

488 4091 767 4153 tmporum
815 4083 1084 4142 ordinent.
1144 4092 1377 4152 quatuor
1437 4100 1655 4153 quoque
1721 4086 2071 4139 diatessaron

483 4175 698 4244 species
749 4185 1093 4247 progeneret,
1143 4176 1422 4231 videamus
1465 4192 1682 4247 quoque
1715 4179 1779 4231 de
1819 4178 2072 4247 diapente

490 4267 795 4336 speciebus,
825 4281 893 4319 an
918 4276 972 4319 et
1003 4265 1131 4334 ipse
1162 4267 1225 4321 de
1247 4281 1369 4331 suo,
1398 4268 1504 4322 hoc
1530 4277 1612 4321 est
1639 4269 1798 4322 tertio
1826 4270 2069 4337 quadru-

482 4359 564 4431 pli
590 4373 775 4429 passu,
815 4358 1140 4412 naturaliter
1180 4360 1419 4413 orientes
1447 4368 1501 4414 et
1527 4360 1909 4415 Ot'dinnitiliter
1936 4378 2073 4433 pra:-

2183 3173 2302 3212 rum
2332 3160 2590 3230 diapente
2624 3168 2681 3215 et
2703 3161 3040 3216 diatessaron
3087 3162 3321 3232 primum
3357 3163 3537 3228 tertio,
3566 3179 3767 3220 secun-

2180 3248 2306 3302 dutn
2344 3249 2552 3320 aequale
2577 3260 2663 3305 est
2684 3259 2902 3321 quarto.
2962 3251 3113 3307 L'nde
3158 3266 3381 3308 necesse
3405 3262 3491 3309 est
3528 3263 3611 3321 ut,
3635 3268 3761 3309 eum

2180 3340 2492 3410 superiores
2540 3342 2807 3413 gravium,
2863 3343 3192 3399 excellentes
3236 3356 3442 3399 octava
3495 3347 3607 3401 sint
3630 3345 3770 3401 lina-

2179 3434 2335 3499 lium,
2371 3444 2607 3504 quatuor
2646 3436 2906 3505 diapason
2956 3438 3171 3507 species
3218 3430 3491 3509 inemptr,
3521 3454 3555 3493 a
3583 3440 3766 3512 gravi-

2179 3527 2279 3583 bus
2314 3527 2574 3581 liniantur
2598 3526 2649 3581 in
2674 3528 3066 3597 superioribus,
3099 3530 3410 3600 eaedemque
3458 3530 3702 3600 repetita:
3730 3547 3762 3586 a

2179 3618 2430 3674 ﬁnalibus
2479 3618 2842 3675 terminentur
2886 3621 2939 3675 in
2979 3620 3389 3677 excellentibus.
3435 3621 3553 3677 Erit
3599 3601 3764 3694 igiiur

2176 3714 2348 3782 printa
2380 3716 2448 3780 A,
2484 3730 2513 3768 a
2552 3729 2619 3769 ex
2650 3714 2822 3786 prima
2850 3716 3003 3786 gravi
3035 3724 3089 3770 et
3137 3732 3203 3771 ex
3246 3718 3420 3786 prima
3467 3717 3760 3788 superiori.

2178 3804 2426 3859 Secunda
2451 3804 2514 3868 Β,
2543 3796 2584 3871 h
2614 3819 2679 3859 ex
2711 3808 2949 3861 secunda
2972 3808 3119 3879 gravi
3147 3815 3201 3860 et
3222 3822 3287 3861 ex
3322 3807 3562 3862 secunda
3596 3822 3763 3877 snpe-

2177 3896 2335 3962 riori;
2381 3898 2539 3952 lenia
2560 3898 2624 3964 C,
2654 3913 2684 3953 c
2714 3914 2779 3953 ex
2824 3899 2981 3953 tertia
3012 3899 3163 3969 gravi
3192 3908 3249 3952 et
3292 3913 3357 3953 ex
3395 3898 3556 3953 tertia
3596 3914 3761 3969 supe-

2175 3988 2326 4043 riori.
2357 3986 2559 4055 Quarta
2592 3990 2657 4053 ι),
2687 3987 2719 4041 d
2773 4004 2839 4045 ex
2878 3999 3074 4058 quarta
3125 3990 3276 4057 gravi
3333 4000 3390 4045 et
3444 4003 3513 4045 ex
3563 4001 3761 4060 quarta

2173 4080 2463 4150 superiori.
2491 4080 2622 4134 lteut
2655 4081 2827 4150 prima
2865 4092 3089 4150 pr0pter
3140 4084 3456 4151 prtedictam
3509 4098 3759 4139 commu-

2173 4174 2353 4229 nionis
2377 4187 2599 4228 causam
2636 4175 2696 4239 Ι),
2724 4173 2756 4227 d
2780 4190 2845 4229 ex
2870 4176 3042 4245 prima
3089 4175 3236 4231 ﬁnali
3273 4185 3329 4231 et
3355 4178 3529 4247 prima
3580 4179 3762 4232 excel-

2171 4264 2322 4319 lenti.
2364 4264 2610 4320 Secunda
2649 4264 2713 4333 E,
2739 4280 2770 4321 e
2801 4281 2867 4321 ex
2906 4268 3143 4323 secunda
3172 4267 3322 4323 ﬁnali
3351 4279 3406 4324 et
3424 4284 3492 4323 ex
3517 4273 3759 4325 secunda

2171 4354 2478 4409 excellenti.
2527 4353 2711 4410 Tertia
2763 4356 2826 4422 Ρ,
2855 4357 2878 4410 f
2902 4373 2968 4413 ex
3002 4360 3159 4412 tertia
3210 4357 3354 4413 ﬁnali
3398 4369 3455 4414 et
3498 4376 3565 4414 ex
3599 4361 3758 4414 tertia

491 4451 768 4515 cedentes,
806 4449 948 4505 sicut
984 4449 1321 4506 diatessaron
1369 4452 1577 4520 species
1611 4454 1662 4505 in
1694 4452 1966 4520 ﬁnalibus,
1992 4455 2067 4509 ita
2097 4459 2145 4517 ι)
2173 4448 2479 4503 excellenti.
2508 4446 2711 4514 Quarta
2742 4448 2808 4513 G,
2839 4466 2872 4521 ε
2900 4466 2964 4504 ex
2988 4460 3182 4521 quarta
3208 4451 3355 4505 linali
3387 4463 3444 4507 et
3465 4466 3533 4506 ex
3557 4462 3755 4521 quarta

489 4542 621 4612 ipsa:
642 4542 854 4612 disponi
870 4540 1172 4597 detrectent
1199 4542 1251 4597 in
1273 4544 1552 4613 gravibus.
1572 4542 1671 4598 Ubi
1690 4545 1869 4613 primo
1890 4547 2068 4602 scien-

485 4639 613 4691 dum
637 4635 907 4707 estquod,
957 4635 1103 4691 sicut
1129 4635 1465 4690 diatessaron
1511 4637 1721 4707 species
1752 4653 1849 4707 per
1878 4654 2068 4709 graves

487 4739 542 4784 et
565 4728 775 4796 ﬁnales,
808 4730 881 4784 ita
909 4729 1162 4799 diapente
1196 4728 1407 4798 species
1428 4745 1525 4798 per
1558 4728 2067 4786 ﬁnateseouliciun-

491 4831 578 4874 tur
620 4832 674 4876 et
715 4821 1042 4891 superiores.
1086 4822 1179 4876 Est
1216 4822 1380 4892 igitur
1423 4820 1595 4890 prima
1640 4822 1700 4887 ι),
1748 4840 1776 4876 a
1805 4832 2066 4878 constans

472 4921 637 4977 'tono,
670 4915 978 4977 semitonio,
1007 4924 1158 4977 tono,
1192 4922 1320 4967 tono
1361 4922 1415 4965 et
1443 4915 1680 4983 propriis
1721 4928 1783 4968 ex
1811 4914 2068 4982 utrinque

486 5000 669 5060 clausa
707 5005 921 5060 litteris.
966 5007 1211 5061 Secunda
1262 5005 1325 5069 Ε,
1366 4998 1407 5080 ἡ
1453 5015 1709 5060 constans
1762 5005 2069 5070 semitonio,

469 5106 642 5159 ~tono,
685 5105 831 5160 teno,
872 5106 998 5151 tono
1049 5106 1104 5150 et
1150 5097 1264 5151 suis
1302 5113 1365 5151 ex
1419 5106 1650 5167 utraque
1687 5107 1839 5166 parte
1889 5097 2071 5151 nitens

485 5188 701 5243 litteris.
731 5189 910 5244 Tertia
937 5189 1000 5255 F,
1021 5205 1051 5244 c
1081 5199 1334 5245 constans
1367 5204 1514 5257 tono,
1555 5201 1701 5256 tono,
1735 5202 1877 5255 tono,
1910 5191 2074 5247 semi-

482 5280 632 5328 tmtin
663 5287 717 5328 et
740 5279 976 5328 nronriis
1004 5280 1132 5328 hinc
1176 5281 1299 5328 inde
1349 5284 1554 5328 muniln
1602 5282 1817 5328 Ιὶιιρνίς.
1861 5285 2063 5328 num-tn

2174 4541 2479 4597 excellenti.
2513 4541 2671 4609 Quid,
2703 4558 2906 4613 qumso,
2924 4540 3235 4610 jucundius,
3263 4543 3392 4613 quid
3413 4543 3619 4599 certius
3633 4545 3755 4607 erit,

2174 4652 2338 4707 quam
2367 4651 2560 4691 omnes
2590 4638 2877 4707 praedictas
2906 4637 3116 4707 species
3152 4638 3441 4708 diapason,
3480 4638 3756 4709 diapente,

2174 4730 2511 4783 diatessaron
2539 4744 2692 4786 asuo
2731 4729 2922 4783 ordine
2973 4745 3078 4783 non
3127 4732 3374 4796 deviare;
3418 4730 3518 4787 sed
3565 4745 3756 4784 omnes

2172 4822 2375 4889 primas
2404 4819 2695 4888 inprimis,
2749 4818 2942 4873 litteris
2996 4819 3540 4888 quadriebordorum,
3579 4820 3634 4875 in
3674 4836 3754 4874 se-

2173 4915 2365 4968 cttndis
2391 4914 2677 4979 secundas,
2704 4915 2756 4968 in
2790 4915 2966 4969 tertiis
2982 4916 3194 4979 tertias,
3220 4915 3273 4968 in
3299 4917 3512 4984 quartis
3528 4925 3752 4987 quartas

2170 5008 2480 5062 contineri?

2241 5100 2428 5155 Restat
2458 5100 2636 5154 adhuc
2666 5114 2771 5153 una
2819 5114 2942 5164 vox,
2986 5100 3079 5155 sed
3124 5116 3249 5167 cur,
3276 5109 3463 5171 postea
3512 5101 3747 5173 patebit;

2172 5208 2316 5247 nunc
2343 5192 2564 5246 interim
2603 5191 2670 5245 de
2698 5192 2869 5261 tropis
2888 5191 3189 5247 videamus.
3218 5192 3430 5263 Tropus
3475 5204 3563 5249 est
3613 5195 3752 5249 inter

2158 5285 2598 5328 .nnnmmtmlmm
2649 5282 2905 5328 dinnnsmt
2950 5283 3242 5328 multarum
3289 5301 3481 5328 vnmnn
3516 5286 3649 5328 ralis
3668 5283 3749 5328 pf.
