4010 5328
142 165 242 224 dit

1442 149 1800 208 OPUSCULA
1848 150 1892 205 Μ
1904 148 1943 205 13
1955 147 2094 206 SICA
2109 187 2123 204 .

3345 145 3454 202 ειὶέ

142 286 299 336 octo,
322 283 581 342 quorum
611 273 843 337 quatuor
879 263 1164 329 autentici,
1194 261 1246 317 id
1287 269 1370 316 est
1404 262 1746 325 auetoralcs,
1782 266 1823 324 Λ
1851 269 1917 338 q.
1955 263 2005 312 nl
2044 268 2127 313 est
2162 256 2279 326 ejus
2320 256 2691 312 acut's~imum
2718 253 3198 327 etgravissitmtm,
3257 254 3300 311 Ε
3331 271 3457 314 vero

145 370 380 433 quatuor
414 358 623 428 plagae,
667 355 718 409 id
747 365 832 410 cst
869 352 1123 408 laterales
1151 350 1235 405 vel
1264 348 1577 420 subjugales
1608 357 1754 403 sum.

147 438 427 504 1liceantur
465 446 553 499 ita
584 444 880 499 secundum
930 451 1143 496 veteres
1174 457 1187 493 :
1228 438 1445 500 Dorias.
1471 439 1756 509 Phrygius,

148 539 356 599 Liditls,
384 533 745 599 Mixolidius;
770 530 1080 602 subiugales
1114 545 1241 583 vero
1265 530 1339 583 ita
1363 544 1378 582 :
1404 528 1756 598 bypodorius,

151 626 601 701 bypopbrygius.
648 622 976 695 hypolidius,
1028 619 1506 692 ltypomisolidius.
1558 619 1760 673 Anten-

150 722 263 785 tici,
297 718 431 788 quia
498 715 758 770 ﬁnalibus
799 712 1198 768 concluduntur
1225 717 1281 765 et
1343 709 1754 776 excellentibus,

151 814 374 883 bispm
446 807 772 863 litterarum
829 805 1103 877 positione
1153 811 1420 857 vocantur
1453 801 1761 857 nominibus

154 906 215 968 Ι),
246 903 307 967 Ε,
341 900 406 966 F,
434 899 506 964 C,
549 899 610 965 (1,
644 913 698 964 ε,
728 896 769 962 f,
792 912 822 966 ε
849 913 863 961 ;
891 894 1204 965 sulijugales
1237 905 1384 955 vero,
1416 891 1540 961 quia
1576 892 1756 962 gravi-

155 998 251 1047 bus
276 988 697 1047 connectuntur
719 999 773 1043 et
804 987 1194 1059 superiori..us,
1221 994 1274 1039 et
1303 984 1404 1054 ipsi
1433 985 1535 1038 ista
1563 1002 1591 1036 a
1617 984 1763 1037 litte-

156 1085 228 1139 ris
250 1083 484 1137 trahunt
517 1080 786 1137 vocabula
815 1080 882 1143 Α,
905 1078 967 1144 Β,
988 1078 1051 1142 C,
1085 1078 1145 1142 ι),
1180 1092 1234 1141 a,
1261 1068 1331 1153 ὴ,
1355 1090 1407 1141 ε,
1432 1075 1483 1130 d.
1545 1074 1758 1128 Vocan-

160 1186 244 1229 tur
269 1174 442 1230 ctiam
473 1171 747 1226 autentici
775 1178 830 1224 ct
857 1168 925 1223 ab
974 1168 1167 1223 ordine
1214 1179 1423 1237 protus,
1479 1164 1758 1229 deuterus,

160 1269 334 1330 tritus,
383 1264 695 1319 tctrardos.
746 1261 854 1317 Sed
895 1261 1000 1315 boc
1050 1260 1348 1315 secundum
1400 1255 1757 1312 tnonocliordi

162 1358 486 1429 positionem
560 1355 651 1418 ﬁt,
712 1368 817 1407 non
869 1351 1167 1407 secundum
1229 1348 1571 1417 dignitatem.
1624 1344 1758 1399 Nam

164 1452 539 1518 unusquisque
580 1460 767 1500 eorum
811 1442 1123 1498 autenticus
1173 1448 1273 1502 est,
1312 1440 1415 1493 hoc
1456 1446 1538 1491 est
1569 1445 1760 1491 auctor

166 1539 272 1594 sive
316 1538 611 1609 magister.
646 1536 842 1591 Protus
877 1543 1003 1588 tono
1037 1547 1067 1585 a
1106 1533 1350 1593 dentem,
1403 1529 1497 1583 sed
1530 1528 1645 1598 ipse
1676 1543 1762 1584 se-

167 1628 383 1685 tititonio
410 1646 441 1683 a
479 1629 640 1692 trito,
671 1627 760 1697 qui
805 1626 933 1680 item
967 1632 1095 1678 tono
1127 1622 1294 1677 distat
1331 1636 1361 1675 a
1387 1620 1649 1675 tetrardo.

232 1721 382 1780 Nunc
411 1721 569 1793 quod
595 1722 876 1789 hucusque
927 1718 1081 1789 longo
1111 1725 1340 1771 tractum
1367 1724 1451 1770 cst
1478 1729 1752 1778 sermone,

173 1814 266 1869 hoc
292 1813 629 1884 compendio
650 1810 1008 1867 terminemus
1033 1825 1047 1875 ;
1076 1816 1135 1862 ut
1160 1820 1605 1877 unumquemque
1648 1813 1757 1859 tr.:-

171 1918 286 1973 pum
311 1903 427 1957 suis
465 1901 870 1972 principalibus
921 1899 1146 1961 litteris,
1178 1897 1414 1967 propriis
1442 1896 1608 1950 etiam
1637 1910 1760 1949 om-

173 1996 310 2047 nium
351 1992 845 2048 musenantiarmn
877 1989 1161 2061 speciebus
1212 1988 1595 2043 inl‘ormemus:
1624 2003 1760 2058 qna-

174 2092 318 2141 tenus
338 2094 497 2156 proto
530 2098 695 2140 omne
716 2083 970 2152 primmn,
1003 2083 1229 2137 dcutcro
1254 2098 1416 2136 omne
1434 2082 1754 2145 secundum,

177 2177 293 2230 trito
316 2192 479 2231 omne
504 2177 755 2237 tertium,
781 2174 1026 2229 tetrardo
1047 2188 1210 2229 omne
1232 2172 1569 2243 suscipiente
1594 2186 1757 2241 quar-

180 2274 303 2333 tum,
332 2264 411 2321 nil
428 2266 699 2330 otiosum,
730 2264 804 2321 nil
835 2262 1163 2335 superﬂuum
1220 2263 1577 2332 relinquatur.
1626 2259 1759 2314 Pro-

180 2365 258 2411 tus
285 2373 404 2412 cum
442 2373 550 2413 suo
581 2354 873 2427 subjugali,
907 2356 1033 2426 quia
1066 2353 1229 2425 primi
1257 2364 1405 2422 sunt,
1452 2356 1762 2409 necesero

180 2446 355 2501 omnia
382 2463 507 2518 quae
534 2447 715 2519 prima
761 2455 889 2501 sunt
936 2447 1250 2516 requirunt;
1278 2446 1485 2515 primas
1512 2445 1765 2499 videlicet

185 2537 233 2593 in
268 2539 520 2596 omnibus
567 2539 986 2610 quadricbordis
1034 2539 1272 2602 litteras,
1310 2553 1430 2607 qua:
1457 2537 1668 2600 suutA,
1698 2537 1758 2601 υ,

185 2644 234 2693 a,
263 2631 315 2696 (ις
348 2633 565 2702 primas
594 2633 805 2702 species
822 2632 1102 2702 diapason,
1131 2646 1251 2699 quae
1279 2640 1402 2683 sunt
1438 2632 1503 2694 A,
1529 2646 1583 2692 a,
1615 2630 1674 2691 ι),
1706 2631 1760 2695 (ἐς

187 2721 401 2789 primam
450 2724 697 2793 speciem
744 2724 1017 2789 diapente,
1047 2740 1166 2792 qua:
1208 2732 1292 2777 est
1347 2724 1403 2785 D,
1442 2739 1502 2787 a;
1531 2723 1763 2791 primam

189 2814 409 2882 speciem
439 2816 785 2872 diatessaron
827 2830 950 2886 qua:
998 2824 1082 2869 est
1109 2815 1175 2879 Α,
1210 2813 1270 2867 ι).
1313 2813 1443 2880 Quae
1493 2813 1766 2884 generalis

191 2902 443 2962 institutio
471 2908 695 2977 utrique
748 2923 890 2961 nunc
921 2907 1219 2960 secundum
1254 2922 1406 2960 suam
1461 2908 1765 2975 proprieta-
1795 2943 1836 3003 ε

196 3004 289 3050 teat
317 3000 626 3068 specialiter
672 2998 1073 3054 subdividator.
1118 2998 1194 3051 Ex
1223 3006 1458 3067 quatuor
1488 2998 1764 3067 pnedictis

192 3083 371 3142 literis
388 3088 704 3144 auteuticus
753 3099 862 3142 tres
901 3087 1003 3142 sibi
1058 3086 1321 3153 vindieat,
1355 3086 1410 3141 iJ
1440 3097 1525 3141 est
1557 3087 1617 3151 Ι),
1647 3102 1701 3152 a,
1731 3087 1766 3143 d

191 3186 243 3231 et
284 3188 363 3234 est
399 3181 665 3252 diapason
708 3179 774 3247 D,
821 3180 875 3245 d,
918 3179 973 3233 in
1037 3194 1269 3250 quarum
1327 3195 1431 3234 una
1479 3179 1764 3247 altissime,

197 3281 440 3338 quantum
489 3273 562 3328 ad
611 3272 808 3343 legem,
854 3272 1124 3334 ascendit,
1156 3270 1209 3325 in
1256 3271 1424 3326 altera
1458 3270 1605 3338 linit;
1646 3271 1699 3326 iu
1734 3287 1767 3327 a

197 3365 353 3420 media
380 3367 722 3423 swculorum.
747 3368 909 3422 Amen
938 3367 1107 3422 canit.
1146 3365 1316 3421 liabet
1339 3366 1594 3436 diapente
1620 3366 1683 3431 D,
1710 3382 1764 3433 a,

200 3453 518 3515 diatessaron
539 3475 597 3526 τι,
631 3459 665 3515 d
712 3459 765 3513 in
792 3458 1190 3529 superioribus.
1217 3457 1499 3524 Quomodo
1524 3459 1603 3512 lue
1630 3474 1765 3513 con-

201 3534 329 3603 stent
372 3553 605 3620 species,
659 3536 909 3620 superius
962 3549 1252 3621 petendum
1304 3557 1406 3604 est.
1458 3548 1769 3619 Subjugatis

203 3649 319 3693 vero
360 3642 619 3707 similiter
661 3642 836 3696 tribus
871 3640 1141 3697 formatur
1181 3640 1380 3695 litteris
1430 3640 1496 3705 A,
1546 3641 1604 3704 υ,
1636 3656 1688 3705 a,
1711 3648 1768 3695 et

201 3737 277 3783 cst
297 3731 545 3803 diapason
580 3734 650 3801 Α,
706 3748 759 3800 tl,
807 3732 861 3789 id
889 3745 975 3790 est
1019 3733 1396 3790 acutissimum
1455 3743 1510 3788 et
1558 3734 1769 3805 gravis-

206 3818 401 3879 simum.
451 3827 489 3880 ι)
518 3841 650 3882 vero
700 3826 877 3880 media
937 3823 1058 3879 [iuit
1108 3839 1233 3879 eum
1292 3839 1414 3878 cum
1472 3825 1765 3895 magistro:

207 3924 314 3966 cum
341 3931 442 3985 quo
470 3917 639 3973 etiam
683 3915 936 3985 diapente
983 3914 1378 3977 communiter;
1407 3915 1767 3980 diatessaron,

209 4002 256 4057 id
284 4006 606 4082 ipsumquod
633 4012 895 4081 magister
918 4009 1117 4079 accipit
1144 4009 1196 4062 in
1224 4009 1506 4079 gravibus.
1530 4008 1575 4075 Q
1599 4024 1771 4063 iOIl|0°

211 4094 271 4150 du
300 4114 418 4172 ergo
447 4114 638 4173 protus
666 4117 791 4158 cum
817 4102 931 4157 suis
980 4101 1355 4156 tantummodo
1380 4102 1770 4171 principalibus

213 4188 507 4254 informatus
531 4205 617 4255 est
650 4196 869 4264 litteris,
912 4196 993 4253 sic
1017 4207 1076 4253 ct
1120 4196 1305 4254 caeteri
1341 4211 1533 4253 omnes
1575 4212 1768 4254 secun-

216 4281 326 4338 dum
350 4291 619 4345 ordinem.

279 4373 525 4437 Dcutcrus
552 4396 677 4437 eum
701 4395 799 4436 suo
838 4380 1126 4453 subjugali,
1183 4381 1311 4452 quia
1343 4380 1567 4437 secundi
1618 4392 1767 4445 sunt.

220 4474 496 4530 necessario
566 4473 754 4530 omnia
818 4489 940 4545 qute
999 4475 1243 4529 secundo.
1299 4482 1427 4528 sunt
1495 4473 1767 4545 exigunt:

221 4564 456 4621 secundas
480 4565 733 4620 videlicet
758 4566 808 4619 in
852 4566 1105 4620 omnibus
1164 4565 1582 4636 qundricltordis
1629 4566 1774 4620 |i.te-

223 4664 298 4708 ras
323 4671 429 4726 qum
455 4671 581 4715 sunt
634 4660 694 4728 Β,
728 4661 784 4723 Ε,
819 4656 883 4735 h,
913 4675 962 4724 e,
1014 4660 1284 4715 secundas
1338 4659 1549 4729 species
1590 4661 1774 4729 diapa-

226 4758 306 4799 son
334 4746 387 4814 li,
415 4746 477 4830 ὴ,
511 4754 572 4821 Ε,
603 4770 655 4817 c,
702 4755 996 4810 secundam
1039 4753 1273 4823 speciem
1321 4753 1575 4822 diapente
1610 4753 1667 4813 Ε,
1692 4757 1732 4830 q
1758 4792 1773 4817 ,

227 4844 485 4901 secundum
529 4848 763 4918 speciem
817 4846 1156 4902 diatessaron
1188 4861 1307 4916 qua:
1346 4854 1430 4900 est
1464 4843 1526 4913 Β,
1554 4846 1618 4901 Ε.
1650 4845 1778 4902 lla:c

220 4938 461 4997 Ἐθηεηιίε
487 4941 755 4997 institutio
800 4941 874 4995 ita
922 4939 1138 5011 utrique
1181 4938 1489 5010 specialiter
1539 4939 1780 4997 subdivi-

222 5022 367 5082 ‘ditur.
395 5030 466 5087 Ex
502 5041 734 5103 quatuor
764 5030 1041 5102 przedietis
1081 5031 1278 5088 litteris
1316 5043 1426 5086 tres
1454 5031 1557 5087 sibi
1587 5041 1779 5087 auten-

223 5114 349 5173 licus
376 5122 623 5188 Vindicat,
658 5124 709 5178 id
759 5134 847 5178 est
872 5122 928 5176 Ε
962 5117 1035 5200 ἥ,
1071 5133 1125 5180 ει
1150 5134 1232 5180 εει
1254 5125 1314 5190 Ε,
1347 5137 1378 5177 e
1412 5122 1695 5194 diapason,
1726 5124 1779 5180 id

226 5216 303 5257 est
325 5207 426 5277 eius
449 5215 815 5269 acutissimum
841 5224 895 5269 ct
940 5217 1341 5287 gravissimum,
1373 5208 1408 5293 1η
1437 5230 1568 5272 vero
1598 5219 1775 5273 media

239 5303 451 5328 Insanl‘.a__
476 5326 483 5328 _
494 5326 501 5328 _

1865 354 2037 409 media
2064 351 2179 408 linit
2214 364 2337 406 eum
2376 365 2498 405 cum
2528 350 2805 419 magistro,
2838 364 2958 402 cum
2990 362 3097 417 quo
3139 348 3304 402 e1iatu
3343 349 3461 403 dia-

1862 455 2020 517 pente
2036 443 2427 507 communitur,
2459 442 2796 497 diatessaron
2831 455 2965 496 vero
2992 440 3227 511 possitch
3260 440 3311 495 in
3336 456 3462 512 grav

1861 538 2035 593 vibus.

1933 626 2120 683 Tritus
2148 641 2269 699 cum
2302 640 2401 679 suo
2432 623 2713 695 subjugali.
2742 624 2867 694 quia
2902 624 3043 679 tertii
3075 636 3221 692 sunt,
3265 645 3456 686 ncces-

1862 718 2008 774 sario
2033 717 2216 773 omnia
2245 733 2367 787 quae
2401 715 2554 770 tertia
2580 723 2708 770 sunt
2759 724 3094 783 exposcunt:
3134 719 3319 774 tertias
3366 719 3451 775 vi-

1864 811 2062 866 delicet
2088 809 2142 864 in
2166 808 2420 863 omnibus
2450 805 2866 877 quadricltordis
2899 806 3131 872 litteras,
3171 825 3290 878 ane
3330 818 3459 868 sunt

1861 902 1923 962 (Σ.
1958 900 2017 965 F,
2049 918 2100 966 c,
2132 900 2178 964 [ς
2206 900 2396 955 tertias
2428 900 2686 968 diapason
2719 898 2956 967 species,
2987 888 3125 968 qua!
3148 912 3277 953 sunt
3303 900 3366 964 C,
3403 916 3457 967 c,

1862 992 1924 1057 E,
1949 990 1995 1055 Γ,
2033 989 2509 1060 tertiamspeeicm
2546 988 2816 1059 diapente,
2865 1003 2986 1058 quae
3030 1000 3109 1043 est
3149 988 3210 1053 l“,
3235 1006 3294 1053 c;
3351 1000 3458 1044 ter-

1865 1084 1992 1143 tiam
2019 1080 2255 1152 speciem
2307 1079 2675 1144 diatessaron,
2701 1094 2823 1148 qua:
2849 1087 2931 1133 est
2957 1078 3021 1141 (Ζ,
3051 1078 3108 1132 F.
3146 1078 3269 1133 lla'c
3298 1094 3463 1148 gener

1864 1175 1995 1229 ralis
2024 1172 2293 1227 institutio
2330 1171 2401 1223 ita
2442 1170 2659 1239 utrique
2687 1169 3070 1225 subdividitur.
3119 1171 3197 1226 Ex
3222 1183 3462 1243 quatuor

1864 1263 2139 1333 przedictis
2171 1260 2368 1316 litteris
2398 1261 2570 1314 tribus
2599 1262 2909 1316 autentieus
2934 1262 3268 1330 dominatur,
3292 1261 3346 1318 id
3364 1275 3460 1319 est

1862 1353 1928 1418 F,
1970 1369 2021 1419 c,
2074 1352 2112 1419 l',
2165 1362 2219 1407 et
2270 1360 2353 1406 est
2399 1350 2458 1415 F,
2514 1349 2858 1421 l‘diapasou,
2906 1352 2957 1406 id
3009 1363 3094 1408 est
3163 1350 3281 1422 ejus
3327 1369 3461 1409 acu-

1865 1445 2133 1499 tissimum
2190 1452 2245 1498 et
2290 1441 2703 1513 gravissimum;
2744 1457 2796 1507 ε,
2831 1458 2961 1497 vero
3010 1443 3182 1498 inedia
3229 1459 3325 1515 per
3358 1462 3464 1500 str-

1866 1532 2126 1588 culorum.
2156 1533 2319 1587 Amen
2387 1542 2474 1586 est
2518 1530 2997 1612 oliiciosanllaiet
3032 1535 3281 1603 diapente
3308 1534 3368 1598 F,
3393 1549 3457 1601 c;

1789 1624 2198 1685 Bdiatcssaron
2250 1639 2301 1687 ε,
2347 1621 2372 1676 l'
2420 1622 2471 1677 in
2525 1622 2920 1692 superioribus.
2982 1623 3291 1697 Subjugalis
3327 1640 3457 1680 vero

1860 1714 2110 1770 similiter
2143 1714 2316 1769 tribus
2355 1714 2705 1768 constituitur
2733 1714 2950 1779 litteris,
2989 1732 3110 1786 qua:
3136 1727 3263 1781 sunt
3284 1716 3346 1781 C,
3389 1716 3454 1783 Γ,

1859 1823 1909 1872 ε,
1938 1815 1993 1861 et
2018 1817 2099 1861 est
2136 1806 2200 1869 C,
2228 1823 2258 1861 ε
2287 1806 2576 1876 diapason,
2608 1806 2657 1860 id
2699 1817 2782 1862 est
2822 1809 2938 1878 ejus
2974 1810 3348 1865 acutissimum
3400 1819 3460 1865 et

1859 1899 2274 1968 gravissimum;
2306 1898 2347 1953 F
2409 1915 2536 1953 vero
2571 1900 2745 1954 tueiia
2783 1900 2900 1955 (iuit
2939 1917 3061 1957 eum
3119 1920 3243 1959 cum
3289 1904 3463 1977 integi-

1861 2001 1997 2053 stro,
2022 2003 2144 2042 cum
2174 2004 2281 2058 quo
2310 1988 2472 2043 etiam
2502 1988 2753 2057 diapente
2788 1991 3173 2048 conuuunitur.
3199 1993 3465 2049 diatessa-

1862 2095 1960 2137 τοι
1988 2096 2114 2135 vero
2143 2080 2370 2149 sum-ipit
2394 2079 2447 2134 in
2481 2081 2757 2151 gravibus.
3470 2068 3480 2075 ’

1936 2170 2233 2224 Tetrardus
2281 2186 2405 2225 cum
2462 2185 2560 2225 suo
2596 2170 2883 2242 subjugali,
2919 2188 3044 2242 quia
3084 2174 3262 2244 quarti
3311 2184 3462 2243 sunt,

1863 2262 2168 2317 necessario
2235 2262 2419 2315 omnia
2496 2277 2616 2332 quae
2684 2273 2894 2332 quarta.
2960 2274 3088 2318 sunt
3165 2266 3459 2336 requirit:

1864 2364 2088 2424 quartas
2152 2353 2401 2408 videlicet
2462 2352 2515 2407 in
2567 2353 2821 2408 omnibus
2885 2357 3305 2425 quadricbortlis
3379 2356 3465 2413 lit-

1866 2455 2042 2509 teras,
2087 2460 2208 2514 qua:
2270 2455 2396 2500 sunt
2449 2446 2524 2510 Ι),
2571 2444 2645 2510 G,
2695 2445 2759 2509 d,
2793 2462 2854 2517 εις
2910 2458 3132 2517 quartas
3192 2450 3460 2520 diapason

1866 2537 2094 2608 Species,
2135 2552 2255 2605 qua:
2306 2546 2432 2591 sunt
2474 2536 2537 2600 D,
2569 2547 2624 2591 et
2676 2537 2742 2603 G,
2772 2553 2841 2608 ες
2901 2550 3151 2609 quartam
3207 2542 3462 2613 diapente

1867 2629 2128 2699 speciem,
2155 2644 2274 2698 qum
2299 2638 2383 2682 est
2407 2628 2474 2691 (Ξ,
2501 2630 2531 2682 d
2553 2645 2567 2693 ;
2590 2639 2840 2698 quartam
2865 2647 3078 2700 quoque
3108 2630 3456 2690 diatessaron

1868 2723 2127 2791 speciem,
2156 2737 2276 2791 qua:
2313 2732 2397 2776 est
2431 2722 2493 2785 D,
2521 2720 2587 2775 ϐ.
2617 2721 2739 2777 Ιῖωε
2770 2723 3040 2792 generalis
3070 2725 3338 2780 institutio
3385 2727 3461 2783 ita

1872 2815 1979 2869 illis
2020 2812 2403 2867 subdividitur.
2437 2813 2515 2867 Ex
2538 2806 2779 2884 quatuor
2827 2816 3100 2885 praedictis
3127 2815 3327 2873 litteris
3352 2826 3463 2873 tres

1870 2905 1970 2960 sibi
2016 2905 2180 2960 smnit
2230 2906 2559 2969 auteoticus,
2621 2906 2671 2959 id
2706 2916 2789 2961 est
2834 2905 2901 2971 G,
2937 2908 2991 2969 d,
3024 2924 3075 2978 ις,
3112 2916 3166 2962 ει
3208 2917 3291 2964 εει
3334 2909 3401 2972 (ἱ.
3428 2926 3464 2982 g

1871 2994 2149 3062 diapason,
2194 2995 2246 3048 id
2285 3005 2387 3060 cst,
2417 2994 2534 3063 ejus
2564 2996 2935 3051 acutissimum
2966 3007 3019 3050 et
3040 2996 3456 3067 gravissimum;

1873 3087 1915 3142 D
1964 3104 2093 3144 vero
2141 3088 2316 3143 media
2378 3087 2712 3143 strculorum.
2761 3089 2924 3143 Amen
2973 3090 3235 3146 continet.
3290 3090 3465 3147 liabet

1871 3180 2125 3251 diapente
2171 3180 2238 3245 (ἓ,
2290 3181 2355 3248 d;
2390 3182 2727 3237 diatessaron
2775 3183 2830 3247 d,
2890 3200 2922 3253 ε
2972 3183 3022 3237 in
3072 3184 3464 3255 superioribus.

1873 3274 2180 3344 Subjugalis
2209 3272 2325 3343 ejus
2376 3276 2627 3331 similiter
2661 3276 2833 3331 tribus
2887 3278 3192 3348 disponitur
3243 3278 3464 3344 litteris,

1871 3360 1993 3435 qtue
2016 3376 2140 3420 sunt
2172 3366 2235 3432 D,
2264 3366 2334 3433 ϐ,
2358 3367 2410 3429 d,
2440 3376 2491 3422 ct
2537 3379 2621 3423 est
2650 3369 2709 3433 ι),
2745 3370 2777 3423 d
2805 3369 3088 3441 diapason,
3115 3370 3166 3425 id
3196 3381 3297 3436 est,
3349 3371 3469 3439 ejus

1872 3458 2247 3512 acutissimum
2287 3466 2341 3511 et
2400 3458 2798 3529 gravissimum.
2858 3459 2901 3514 G
2947 3476 3074 3516 vero
3121 3461 3298 3515 media
3346 3460 3467 3514 ﬁnit

1872 3564 1996 3603 eum
2025 3564 2146 3603 cum
2192 3549 2490 3621 magistro:
2523 3567 2645 3605 cum
2690 3566 2797 3621 qtto
2820 3551 2985 3606 etiam
3030 3551 3281 3622 diapente
3319 3566 3467 3605 com-

1873 3641 2149 3706 munitur,
2195 3641 2533 3697 diatessaron
2592 3658 2720 3699 vero
2767 3644 2998 3699 collocat
3069 3645 3121 3698 in
3185 3644 3462 3715 gravibus.

1874 3732 2015 3787 Ecce
2050 3747 2239 3788 omnes
2262 3734 2555 3788 ordinatim
2606 3750 2855 3805 expensa:
2903 3752 3024 3791 cum
3077 3737 3246 3807 tropis
3296 3736 3464 3792 etiam

1874 3823 2067 3879 littera:
2104 3825 2268 3878 ﬁnita:
2295 3834 2444 3878 sunt.

1946 3941 2158 4005 Resxat,
2192 3950 2250 3995 ut
2300 3940 2668 4011 supradictum
2711 3950 2818 4009 cst,
2866 3957 2970 3996 vox
3018 3957 3147 4008 una,
3179 3942 3232 3997 id
3275 3949 3384 4009 est,
3432 3958 3467 3998 a

1875 4042 2219 4102 super-acuta,
2250 4029 2401 4099 cujus
2428 4031 2544 4087 haec
2569 4033 2867 4088 secundum
2914 4046 3226 4088 mensuram
3266 4042 3350 4087 est
3378 4048 3468 4087 ra-

1878 4124 1971 4189 tio,
2004 4124 2148 4195 quod.
2204 4124 2256 4179 in
2288 4139 2350 4179 ea
2391 4125 2600 4195 primus
2640 4125 2926 4197 quadrupli
2971 4140 3165 4197 passus
3217 4128 3358 4181 sicut
3410 4126 3464 4180 in

1876 4216 2053 4271 media
2082 4232 2111 4271 a
2137 4214 2407 4270 secundus
2429 4214 2633 4271 ﬁnitur.
2677 4215 2987 4272 Secundum
3024 4215 3466 4271 distributionem

1801 4306 1846 4366 Ι)
1874 4323 2006 4363 vero
2046 4308 2374 4375 litterarum,
2412 4322 2534 4362 cum
2561 4308 2739 4363 omnis
2770 4317 2956 4378 tropus
2999 4322 3162 4378 supra
3201 4307 3464 4377 diapason

1878 4397 2112 4469 aliquam
2143 4412 2327 4453 vocem
2357 4397 2575 4454 licentia
2608 4399 2859 4468 accipiat,
2893 4399 3056 4453 etiam
3096 4406 3152 4452 et
3195 4397 3390 4468 ipsam,
3416 4398 3470 4453 id

1878 4499 1961 4545 cst
1990 4505 2020 4543 a
2062 4490 2356 4556 tetrardus,
2390 4490 2480 4561 qui
2510 4490 2559 4544 ei
2606 4491 2888 4561 proximus
2938 4500 3044 4557 est,
3079 4490 3203 4563 jure
3235 4490 3472 4546 licentia:

1878 4584 2367 4653 obtinebit.‘Qua:n
2405 4584 2674 4642 rationem
2724 4585 3048 4640 l’tolooueus
3078 4599 3184 4640 non
3230 4583 3469 4645 intuens,

1880 4690 1984 4732 nec
2004 4676 2316 4745 praxiictam
2366 4677 2410 4731 D
2450 4676 2824 4745 dttplicitatem
2857 4676 3212 4746 perSpiciens.
3246 4673 3387 4744 quod
3417 4676 3472 4730 in

1880 4769 2189 4824 medietatis
2217 4770 2335 4824 loco
2369 4779 2424 4825 et
2469 4769 2915 4838 coniunctionem
2955 4767 3475 4839 quadricbordorum

1882 4861 2054 4933 posita
2082 4870 2190 4916 tam
2227 4860 2563 4933 subjugalem
2601 4859 2862 4926 tetrardi.
2889 4876 3049 4930 quam
3071 4863 3232 4917 etiam
3262 4871 3479 4931 protuzn

1882 4952 2179 5010 informare
2224 4953 2418 5009 debeat
2470 4961 2742 5025 expensis
2807 4960 3039 5021 quatuor
3085 4954 3374 5010 auteuticis
3433 4963 3489 5009 et

1884 5045 2057 5100 tribus
2106 5047 2504 5117 subjugalibus,
2542 5064 2691 5116 cum
2736 5046 3033 5105 secundum
3083 5062 3203 5105 eum
3255 5049 3494 5103 tetrante

1876 5130 2182 5205 subjugalis
2227 5134 2465 5197 deesset;
2497 5146 2555 5192 et
2617 5139 2882 5210 munibus
2912 5139 2981 5193 ad
3028 5140 3252 5197 invicem
3283 5153 3501 5208 compa—

1885 5225 2017 5279 ratis
2036 5226 2208 5294 ipsum
2236 5240 2267 5281 a
2290 5239 2624 5297 superesset
2644 5287 2657 5312 ,
2681 5241 2935 5294 octavum
2959 5240 3138 5288 tonum
3162 5245 3257 5303 per
3284 5246 3336 5295 a,
3360 5227 3503 5301 quod
