4010 5328
454 336 562 392 425

1255 335 1614 396 llERMANNl
1649 337 2043 398 CONTBACTI
2081 334 2446 400 AUGIENSlS
2486 336 2783 398 MONACILI

3637 335 3747 391 ιέι

454 452 638 524 pulum
667 450 925 523 magistro
949 451 1384 524 snperposuit,et
1404 453 1524 511 ideo
1552 456 2044 530 bypomixolydiuut
2076 466 2125 523 Α
2152 461 2367 531 propria
2394 459 2729 514 diatessaron
2758 456 2937 528 specie
2960 454 3027 511 ad
3062 453 3274 509 liualem
3307 466 3491 516 suum,
3534 467 3563 506 a
3594 453 3753 508 liuali

455 541 672 597 vocavit
709 557 830 595 cum
878 541 1068 610 reliqui
1121 554 1268 598 recte
1323 561 1350 598 a
1407 545 1744 615 subig'ctioue
1786 547 2045 601 vocabula

461 641 725 686 tenerent.
761 629 1040 685 Postremo
1094 632 1238 702 quod
1291 641 1374 688 est
1405 634 1881 702 absurdissimum,
1923 651 2048 690 cum

461 722 582 794 ejus
615 722 898 792 dispositio
929 722 996 778 ab
1023 739 1051 776 a
1078 723 1130 778 in
1171 738 1200 777 a
1232 724 1518 789 consistat,
1550 740 1656 778 non
1693 735 1855 779 altam
1885 740 2050 796 quam

459 814 847 887 hypodoricam
888 814 1230 884 positionem,
1278 815 1343 869 de
1374 829 1478 883 qua
1521 818 1688 869 etiam
1735 815 2051 884 praedictum

458 919 563 976 est,
600 910 852 964 incurrit.
887 909 1042 963 Nulla
1083 908 1227 963 enim
1253 908 1357 963 alia
1398 909 1596 979 positio
1633 917 1716 962 est
1739 923 1770 961 a
1800 921 1946 962 mese
1984 906 2055 962 ad

463 1000 979 1073 netehyperboleon,
1022 1014 1183 1069 quam
1215 1014 1336 1070 qua:
1381 1007 1462 1053 est
1498 1015 1528 1054 a
1558 999 2057 1069 proslambanome—

462 1106 570 1145 non
598 1090 665 1144 ad
694 1105 860 1154 mese,
885 1100 939 1144 et
974 1091 1093 1145 ideo
1126 1091 1241 1161 ipsa
1275 1090 1389 1160 lege
1420 1100 1626 1144 natura:
1667 1090 1922 1160 utrinque
1963 1089 2060 1159 by-

465 1180 721 1251 podorica
764 1188 867 1235 est.
919 1181 1016 1235 Est
1043 1182 1186 1236 enim
1231 1197 1262 1234 a
1293 1181 1580 1251 diapason,
1613 1180 1663 1235 id
1694 1189 1775 1235 est
1811 1180 2064 1236 acutissi-

468 1289 615 1328 mum
639 1281 695 1327 et
717 1273 1134 1344 gravissimum;
1167 1273 1342 1328 media
1375 1289 1504 1328 vero
1537 1273 1598 1338 D,
1633 1288 1755 1343 qua:
1790 1273 1918 1328 item
1953 1288 2060 1327 non

468 1366 608 1421 alius
639 1366 776 1436 tropi
809 1365 1005 1432 liualis,
1029 1381 1190 1435 quam
1217 1367 1356 1437 proti
1389 1367 1582 1438 suique
1621 1365 1918 1438 subiugalis
1941 1380 2063 1421 esse

470 1455 691 1524 poterit.
740 1454 870 1510 ltem
915 1456 978 1520 E,
1020 1454 1086 1522 F,
1113 1468 1235 1526 qua:
1267 1456 1476 1511 deuteri
1524 1468 1651 1512 sunt
1687 1466 1742 1511 et
1769 1456 1904 1522 triti,
1956 1470 2063 1510 non

471 1554 635 1599 erunt
680 1545 872 1599 mediae
924 1545 1064 1600 inter
1103 1546 1306 1611 Acta;
1363 1547 1483 1601 ideo
1527 1561 1625 1600 nec
1677 1545 1885 1602 ﬁitales.
1925 1544 2066 1612 Quid

472 1633 640 1704 ergo?
671 1632 807 1700 Quia
834 1634 1132 1704 discipulus
1158 1645 1240 1690 est
1275 1635 1522 1699 tctrardi,
1556 1633 1787 1690 fortasse
1811 1634 1930 1688 linit
1952 1649 2067 1688 tua-

472 1722 627 1792 gistri
666 1724 920 1791 litteram,
973 1726 1025 1780 id
1063 1735 1149 1781 est
1173 1725 1238 1792 G,
1287 1727 1518 1781 sortitur
1550 1726 1806 1792 mediam,
1839 1737 1893 1782 et
1943 1726 2065 1781 ideo

475 1813 714 1878 finalem,
746 1816 842 1871 sed
878 1814 922 1872 G
973 1832 1083 1871 non
1112 1826 1196 1872 est
1243 1818 1419 1872 media
1460 1817 1603 1871 inter
1647 1818 1689 1871 A
1745 1827 1886 1883 eta;
1933 1832 2063 1887 ergo

475 1919 577 1961 nec
607 1906 799 1964 dualis.
839 1909 1104 1980 Amplius.
1139 1908 1328 1967 Omnis
1375 1910 1671 1982 subiugalis
1702 1926 1731 1965 a
1777 1925 1875 1966 sua
1916 1909 2068 1980 gravi
2102 1905 2146 1964 Β

1218 2045 1558 2118 llypodorius
1586 2043 1892 2116 disponitur
1929 2041 1998 2097 ab
2027 2042 2074 2096 A
2105 2042 2158 2097 in
2191 2057 2247 2105 a,
2275 2038 2546 2095 mediatur
2574 2046 2630 2094 et
2660 2037 2845 2092 [initur
2867 2037 2928 2092 D.
3450 2095 3469 2112 Γ

1217 2135 1630 2208 llypophrygius
1668 2133 2020 2190 constituitur
2042 2147 2072 2187 a
2101 2133 2142 2187 Β
2176 2131 2229 2186 in
2261 2136 2301 2196 Η
2322 2171 2336 2196 ,
2386 2129 2658 2185 mediatur
2689 2135 2744 2183 et
2776 2126 2961 2181 linitur
2986 2125 3050 2181 E.
3405 2120 3455 2175 ’⁷³

2152 568 2282 607 vero
2304 553 2491 605 eadem
2534 551 2786 618 diapente
2814 547 2993 618 specie
3031 561 3136 616 qua
3162 556 3216 600 et
3257 546 3517 614 magister
3557 559 3760 598 ascen-

2153 641 2252 695 dit.
2289 641 2427 710 Ergo
2452 641 2494 694 si
2528 639 2571 694 G
2610 639 2752 692 inter
2791 637 2833 690 Α
2886 645 2940 690 et
2976 651 3007 688 a
3061 633 3236 688 media
3263 635 3346 688 vel
3395 633 3573 686 liualis
3619 635 3758 698 erit,

2153 741 2370 801 oportet
2418 740 2476 785 ut
2529 730 2667 784 infra
2717 744 2775 782 se
2823 727 3163 782 diatessaron
3195 733 3250 778 et
3295 739 3458 793 supra
3499 724 3762 792 diapente

2161 825 2376 880 habeat.
2429 823 2536 878 Sed
2567 821 2611 876 G
2653 819 2790 875 infra
2830 819 2915 873 bis
2949 818 3307 880 diatessaron,
3354 829 3517 885 supra
3565 824 3762 868 tonum

2158 917 2340 980 habet,
2373 931 2478 970 non
2503 923 2587 969 est
2618 929 2747 984 ergo
2779 905 3093 982 subiugalis.
3127 909 3241 978 Age
3275 921 3427 974 ergo,
3460 904 3535 959 sit
3565 915 3767 959 auten-

2161 1010 2298 1065 ticus
2331 1008 2550 1078 quintus
2575 1007 2642 1060 ab
2668 1004 2712 1058 A
2747 1004 2797 1058 in
2828 1019 2857 1057 a
2884 1019 2899 1068 ;
2933 1001 3025 1057 sed
3052 999 3229 1054 omnis
3255 994 3566 1052 autenticus
3596 995 3767 1050 habet

2162 1101 2398 1170 aliquam
2434 1098 2664 1152 mediam
2698 1111 2761 1149 ex
2799 1093 2882 1149 bis
2929 1089 3126 1146 litteris
3148 1105 3203 1156 ο,
3294 1127 3310 1153 ,
3342 1102 3393 1152 c,
3426 1087 3482 1150 (1,
3511 1093 3568 1139 et
3620 1084 3770 1139 inter

2161 1193 2204 1248 A
2233 1201 2288 1246 et
2319 1207 2369 1257 a,
2397 1189 2572 1244 media
2599 1197 2679 1243 est
2711 1187 2780 1251 D;
2815 1185 2909 1240 sed
2939 1183 3054 1240 haec
3092 1190 3308 1237 ostensa
3355 1187 3440 1234 est
3467 1191 3590 1232 esse
3617 1175 3768 1246 proti

2166 1283 2393 1353 eiusque
2421 1277 2735 1350 subjugalis.
2764 1276 2879 1330 Non
2917 1283 3001 1330 est
3046 1273 3209 1342 igitur
3232 1269 3321 1325 hic
3359 1267 3559 1339 aliquis
3588 1282 3766 1321 novus

2167 1385 2378 1444 tmpus,
2421 1372 2512 1428 sed
2544 1368 2874 1441 hypodorius
2902 1365 3184 1436 repetitur.
3223 1361 3446 1416 Dicatur
3483 1374 3615 1429 ergo
3639 1357 3773 1412 huic

2167 1465 2498 1522 Ptolomaieo
2549 1474 2732 1533 tropo;
2783 1456 2912 1532 quia
2956 1472 3120 1526 super
3157 1454 3474 1526 magistrum
3508 1465 3632 1506 esse
3663 1465 3770 1504 vo-

2171 1559 2341 1624 luisti,
2371 1569 2480 1613 tam
2519 1565 2668 1611 tuum
2695 1569 2855 1625 quam
2889 1549 3133 1620 magistri
3183 1546 3272 1618 ius
3320 1542 3629 1616 perdidisti.
3674 1538 3770 1595 Sil.

2167 1667 2298 1722 ergo
2330 1665 2428 1720 pro
2486 1658 2538 1704 te
2567 1655 2794 1702 octavus
2827 1653 2989 1699 tonus
3038 1655 3070 1695 a
3112 1639 3154 1694 D
3193 1639 3246 1694 in
3289 1637 3342 1701 d,
3385 1634 3660 1689 mediante
3695 1628 3770 1685 G.

2168 1741 2355 1798 Placet
2386 1739 2548 1812 igitur
2577 1752 2769 1794 omnes
2801 1734 3038 1807 tropicas
3086 1738 3332 1802 repetere
3375 1723 3773 1786 institutiones,

2172 1847 2228 1892 et
2256 1835 2571 1892 brevissima
2601 1831 2868 1888 sententia
2899 1829 3080 1886 facere
3101 1823 3520 1881 manilestiores.

1226 2224 1542 2296 llypolidius
1565 2223 1901 2278 construitur
1928 2237 1958 2275 a
1982 2239 2012 2276 c
2043 2221 2097 2276 in
2123 2237 2174 2284 c,
2204 2220 2474 2274 mediatur
2495 2226 2552 2272 et
2589 2216 2774 2272 linitur
2795 2216 2858 2270 ν.

1231 2315 1702 2387 llypomixolidius
1729 2313 2016 2368 ordinatur
2051 2327 2082 2366 a
2110 2311 2152 2364 D
2184 2311 2237 2366 in
2267 2310 2322 2375 d,
2355 2309 2628 2365 mediatur
2657 2317 2715 2364 et
2754 2308 2942 2362 linitur
2965 2305 3029 2362 ϐ.

1159 2839 1492 2911 gravissi-

1209 2921 1250 2990 ῇ
1263 2950 1436 2989 raves.

847 2435 1074 2524 _____A_,
1212 2433 1282 2494 Β,
1431 2432 1505 2494 (ι,
1654 2429 1731 2494 o,
1880 2429 1951 2492 ιε,
2097 2427 2172 2491 F,
2319 2426 2396 2488 ρ,
2546 2441 2608 2485 ει,
2759 2421 2826 2498 ιη.
2973 2437 3029 2482 c,
3179 2396 3233 2472 ιι.

1003 2669 1082 2694 ’τι
1725 2660 1766 2688 ς,

1006 2829 1047 2889 3
1159 2839 1492 2911 gravissi-
1585 2815 1662 2923 ’ζ
1850 2847 1993 2902 quae
2049 2841 2112 2886 et
2168 2831 2230 2883 11-
2314 2811 2350 2826 ”
2468 2793 2478 2819 .
2548 2832 2752 2883 unitas
2845 2827 3173 2881 acutissi-
3225 2805 3262 2821 ’-

1209 2935 1436 2990 Graves.
1674 2933 1684 2998 l
1930 2926 2164 2981 Fiuales.
2405 2927 2414 2994 |
2703 2923 3042 2989 Superiores.

571 3050 672 3114 llic
718 3055 1012 3111 notandum
1054 3053 1195 3121 quod
1228 3052 1405 3105 omnis
1443 3047 1735 3119 subjugalis
1771 3046 1824 3099 in
1866 3055 2080 3114 quarto,
2113 3048 2158 3110 C
2192 3044 2341 3100 ribus
2375 3044 2670 3112 acceperit,
2702 3051 2850 3096 recte
2885 3048 3114 3110 quatuor
3138 3034 3446 3108 subiugales
3471 3047 3570 3102 per
3593 3045 3788 3105 graves

499 3149 680 3206 (tumis
711 3156 890 3202 autem
925 3143 1234 3199 autenticus
1256 3181 1272 3207 ,
1305 3149 1362 3194 ut
1396 3147 1517 3210 p0st
1547 3137 1782 3210 patebit,
1817 3135 1870 3190 in
1902 3135 2092 3205 quinto

503 3241 623 3296 loco
659 3239 893 3294 mediam
941 3234 1190 3298 sortitur,
1236 3231 1510 3303 quodnon
1557 3239 1637 3284 est
1689 3227 1907 3281 mirum.
1957 3224 2092 3278 Nam

503 3313 1042 3401 quartus'quadrupli
1081 3339 1310 3395 passus,
1359 3337 1388 3376 a
1429 3335 1535 3390 quo
1575 3317 1882 3389 subiugales
1910 3316 2098 3371 oriun-

507 3431 619 3488 tur,
647 3429 910 3492 quatuor;
952 3417 1146 3474 tcrtius
1176 3423 1382 3477 autem,
1413 3429 1441 3467 a
1469 3427 1577 3482 quo
1610 3407 1870 3464 autentici
1902 3421 2097 3478 proce-

446 3554 450 3557 -
507 3512 666 3578 dant,
687 3511 925 3582 quinque
954 3523 1115 3563 voces
1143 3505 1384 3561 includit.
1425 3501 1577 3560 Unde
1601 3516 1722 3555 cum
1761 3509 2100 3566 unaquazque

509 3616 574 3657 ev
623 3609 856 3671 quatuor
890 3598 1146 3670 gravibus
1197 3611 1291 3650 sua
1344 3595 1397 3649 in
1435 3601 1672 3664 quatuor
1712 3587 1964 3644 liualibus
2001 3601 2100 3657 pro

514 3693 694 3750 media
731 3692 814 3750 vel
855 3691 1000 3746 ﬁnali
1029 3705 1182 3745 suam
1214 3696 1461 3743 octavam
1494 3685 1547 3739 in
1586 3691 1819 3754 quatuor
1857 3677 2098 3750 superio-

2202 3135 2395 3191 liuales
2417 3134 2722 3205 superiores
2749 3131 2982 3203 gravati,
3013 3129 3258 3194 mediati,
3279 3126 3524 3191 exaltati,
3553 3123 3784 3194 disposi-

2205 3228 2408 3300 tionem
2465 3239 2620 3281 suam
2671 3223 3120 3278 terminaverunt.
3189 3219 3287 3275 Ubi
3341 3218 3443 3273 hoc
3501 3214 3793 3286 vigilanter

2209 3317 2531 3374 intuendum
2578 3313 2851 3386 estquod,
2899 3313 2942 3368 si
2997 3310 3292 3382 subiugalis
3337 3319 3565 3380 quartus
3611 3307 3794 3361 socios

2207 3425 2335 3465 suos
2365 3417 2562 3478 quarto
2597 3408 2716 3462 loco
2742 3420 2846 3461 non
2875 3413 3215 3475 sequeretur,
3263 3400 3306 3458 G
3339 3413 3555 3470 quoque
3579 3396 3692 3452 sola
3726 3410 3797 3454 ex

2208 3501 2404 3557 mediis
2435 3500 2731 3555 medietate
2759 3497 3084 3568 privaretur.
3109 3493 3261 3564 Nunc
3286 3492 3372 3548 his
3398 3506 3506 3546 non
3533 3487 3799 3545 inutiliter

2209 3592 2494 3663 inspectis,
2521 3591 2588 3646 de
2613 3589 2905 3646 autenticis
2925 3587 3122 3644 similia
3150 3585 3434 3642 faciamus.

1289 3804 1480 3860 Dorias
1509 3800 1816 3872 disponitur
1844 3814 1873 3853 a
1901 3799 1942 3853 D
1978 3795 2034 3850 in
2075 3793 2129 3859 d,
2169 3788 2441 3846 mediatur
2467 3792 2523 3840 et
2547 3783 2794 3838 initiatur
2815 3781 2867 3835 iu
2891 3796 2942 3835 a.

1274 3896 1544 3969 Phrygius
1583 3871 1924 3949 construitur
1949 3890 2017 3943 ab
2055 3887 2096 3942 E
2130 3886 2182 3940 in
2207 3899 2259 3947 e,
2287 3879 2575 3942 mediatur,
2604 3876 2700 3930 sed
2741 3890 2846 3928 non
2872 3873 3118 3928 initiatur
3146 3871 3197 3926 iu
3221 3874 3274 3935 ἢ.

1273 3966 1457 4045 Lidius
1483 3987 1767 4041 ordinatur
1793 3983 1860 4036 ab
1886 3980 1926 4035 F
1954 3981 2005 4034 in
2039 3979 2080 4042 l',
2111 3974 2382 4031 mediatur
2419 3978 2473 4024 et
2502 3968 2749 4024 initiatur
2778 3966 2830 4020 in
2862 3980 2912 4018 c.

1268 4079 1576 4136 Mixolidius
1605 4075 1912 4131 modulatur
1947 4087 1974 4124 a
2006 4069 2049 4126 G
2083 4071 2135 4123 in
2168 4083 2221 4138 g.
2250 4063 2521 4119 mediatur
2547 4069 2602 4116 et
2625 4057 2871 4114 initiatur
2893 4056 2948 4110 in
2970 4056 3034 4110 D.

643 4235 705 4289 D.
921 4229 984 4282 Ε.
1200 4224 1262 4278 F.
1497 4220 1564 4275 G.
1749 4233 1800 4272 a.
2033 4215 2091 4276 Η.

1821 4388 1875 4437 ,Ξ

626 4442 732 4524 μαι
1565 4442 1876 4524 ll‘é.

628 4523 736 4644 Ξτὶ
1178 4585 1184 4588 ·
1566 4523 1862 4644 ll?

630 4630 738 4743 ξι
1569 4630 1577 4635 '
1659 4663 1674 4679 ο
1805 4630 1880 4682 ίΞ.

631 4706 686 4743 τι·
1568 4630 1864 4743 ἱὲἓὶέτ.

561 4727 741 4840 ξει
1573 4727 1885 4840 ἱξεῖὶέ

563 4829 1872 4954 ὶι--έ--ιέὶξ

797 4954 1154 5029 gravissima,
1218 4949 1273 5004 in
1339 4960 1442 5016 qua
1504 4949 1559 4998 et

1975 4942 2030 4988 et
2086 4929 2239 4986 initia
2296 4925 2453 4982 dill'e-

2337 4222 2389 4260 c.
2634 4201 2686 4256 tl.
2953 4210 3004 4248 e.
3307 4189 3350 4268 pf.
3432 4200 3684 4268 id

2675 4373 2728 4414 ιιι-ι

2677 4419 2712 4446 κ

2675 4457 2720 4478 ο..

2504 4480 2716 4579 ἐιὲ

2507 4597 2732 4622 ς-ι-ο

2829 4936 2960 4984 ma,
3023 4919 3074 4972 in
3138 4930 3245 4986 qua
3310 4905 3648 4968 altissima!

616 5128 773 5190 Sicut
813 5125 1116 5198 subiugales
1157 5118 1404 5192 superius
1446 5111 1735 5186 principio,
1789 5107 1990 5198 medio,
2020 5103 2124 5198 llne
2150 5071 2507 5198 Dmitatemi,
2531 5097 2642 5152 duo
2673 5105 2878 5198 tantum
2899 5088 3294 5198 qtt-at‘l‘rie‘lror-da
3315 5053 3580 5198 obtineant

551 5221 787 5248 -..Α-...ειη
820 5231 866 5248 Α·
893 5195 1280 5248 ,ξυιληζηηιῖιιιιο
1305 5208 1523 5248 ριιηιιδίς
1545 5246 1552 5247 ,
1583 5204 1817 5248 itit-nilne
1842 5207 1897 5248 et.
1933 5195 2129 5248 litteris

2236 5199 2440 5248 tatem.
2489 5187 2607 5242 haec
2649 5196 2830 5240 autem
2861 5191 2984 5238 sunt
3016 5178 3172 5235 ﬁnale
3215 5185 3271 5232 et
3314 5173 3587 5245 superius.
3629 5167 3811 5224 Scien-
