4010 5328
158 175 260 230 £83

1432 163 1796 226 OPUSCULA
1844 150 2111 222 Μυειωζ

3321 164 3432 233 426

157 285 361 340 litatem
387 280 656 347 obtineat,
675 242 837 351 primi
852 276 1260 351 primordialem
1289 284 1567 347 n'oporum
1591 273 1739 348 posi-
1764 280 1816 340 Α
1841 269 1977 327 Nam
2020 287 2142 328 cum
2188 272 2294 327 duo
2333 281 2557 342 septena
2586 287 2779 330 vocum
2815 273 3132 331 discrimina
3172 282 3432 348 quatuor,

156 377 356 431 tionem
386 389 520 429 cum
552 371 682 443 ipsis
721 369 913 441 primis
951 368 1181 434 litteris,
1220 367 1276 424 in
1306 367 1742 424 extremitatibus

159 484 284 523 vero
306 466 610 523 secundam
659 475 933 533 troporum
976 462 1296 532 positionem
1326 461 1441 517 sive
1466 460 1746 532 repetitio-

156 571 274 613 nem
303 570 433 610 curn
470 554 603 625 ipsis
635 552 833 609 litteris
856 550 1110 605 secundis
1141 550 1358 605 habent.
1384 549 1576 605 Prima:
1595 548 1742 604 enim

157 651 347 717 litterae
386 656 524 702 sunt
562 645 626 709 Δ,
671 644 734 707 Β,
773 642 838 709 C,
879 643 941 709 D,
986 644 1236 699 secundae
1268 657 1401 698 vero
1446 642 1501 706 d,
1531 656 1582 706 e,
1618 640 1656 705 l',
1687 656 1742 711 ε.

156 739 479 811 Subjugales
508 752 642 792 vero
687 737 811 791 inde
856 736 1136 799 dicuntur,
1173 733 1314 804 quod
1347 734 1400 788 in
1436 732 1741 788 medietatis

153 848 260 888 sua:
274 830 680 901 principalitate
700 827 964 883 secundas
981 825 1211 892 litteras,
1235 825 1287 879 id
1312 834 1398 880 cst
1415 824 1477 889 Ι),
1502 825 1563 891 Ε,
1589 822 1650 889 F,
1672 822 1739 888 ϐ,

154 924 207 979 in
228 920 672 977 extremitatibus
691 918 891 989 primas
912 917 1236 981 sortiuntur,
1253 916 1293 969 it
1314 926 1396 970 est
1418 914 1484 980 Α,
1509 915 1570 980 Β,
1587 914 1649 979 C,
1680 913 1740 967 Ι).

218 1011 372 1079 Quod
416 1011 467 1064 si
513 1009 710 1078 aliquis
752 1007 998 1078 argutius
1054 1020 1350 1061 occurrens
1390 1006 1565 1067 dicat,
1618 1020 1743 1060 curn

155 1103 340 1159 similis
390 1102 467 1157 sit
513 1100 1036 1170 quadrichordorum
1078 1099 1162 1153 vel
1197 1090 1476 1169 imperum
1524 1098 1741 1167 positio,

151 1210 257 1251 non
280 1194 521 1250 multum
569 1192 864 1248 curandum
892 1207 1028 1261 quas
1055 1191 1265 1246 litteras
1290 1189 1569 1261 quodlibet
1595 1191 1741 1245 acci-

152 1286 262 1358 piat
282 1285 784 1358 quadrichordum,
821 1293 877 1338 et
900 1298 1001 1337 nos
1036 1282 1268 1352 idipsnm
1295 1280 1550 1345 fatemur,
1582 1282 1742 1336 dunt-

1842 373 1907 420 ut
1929 365 2134 421 dictum
2158 372 2277 431 est,
2323 365 2554 420 reddant
2576 366 3009 435 quadrichorda,
3035 366 3289 437 qumlibet
3326 382 3434 429 vox

1845 457 1903 513 in
1925 457 2134 513 duabus
2158 456 2427 526 prioribus
2454 472 2612 514 suum
2639 458 2896 528 diapason
2916 503 2928 520 .
2956 461 3098 529 quod
3120 469 3205 517 est
3239 469 3433 517 octava

1845 548 1929 604 vel
1967 549 2359 618 :rquisonantia
2380 589 2395 614 ,
2423 549 2476 604 in
2509 550 2718 605 duabus
2748 553 3096 622 sequentibus
3135 553 3301 609 simili
3346 569 3432 611 re-

1844 637 2015 709 quirit
2047 638 2286 695 licentia.
2314 638 2672 710 Quapropter,
2696 640 2811 695 sive
2837 642 3109 711 praedictis
3128 684 3143 707 ,
3172 643 3288 698 sive
3314 644 3436 700 aliis

1845 726 1956 783 duo
1985 728 2248 798 diapason
2276 739 2539 784 notentur
2569 730 2781 790 litteris.
2814 731 2948 785 nihil
2973 732 3211 802 prtcl'ata:
3235 736 3436 803 poterit

1844 818 2040 874 obesse
2080 821 2311 887 rationi,
2341 822 2436 876 sed
2476 837 2812 893 quaecunque
2834 822 3022 894 prinue
3040 836 3433 894 proponentur.

1847 910 2138 967 autenticis
2164 912 2233 966 ad
2263 913 2617 980 medietates,
2652 911 3023 983 subjugalibus
3057 917 3342 973 devenient
3366 918 3435 972 ad

1845 1005 2257 1071 extremitates;
2288 1013 2345 1061 et
2372 1021 2494 1078 qua:
2517 1007 2768 1062 secundae
2786 1047 2801 1071 ,
2829 1008 3197 1079 subjugalibus
3230 1010 3297 1065 ad
3330 1026 3437 1067 rue-

1847 1100 2110 1162 dietates,
2143 1099 2437 1154 autenticis
2460 1100 2781 1168 provenient
2810 1101 2878 1155 ad
2908 1102 3307 1157 extremitates.
3356 1104 3437 1158 Sit.

1845 1207 1978 1264 ergo
2002 1192 2340 1264 propositum
2365 1194 2571 1262 primas
2608 1192 2818 1249 litteras
2846 1193 2891 1249 ll
2917 1234 2931 1259 ,
2964 1195 3002 1261 l,
3032 1193 3099 1261 Κ,
3124 1194 3169 1250 L
3195 1236 3209 1260 ,
3242 1211 3441 1252 secuno

1843 1287 1945 1341 das
1974 1286 2041 1351 L,
2069 1286 2142 1352 M,
2164 1285 2231 1351 Ν,
2267 1285 2333 1353 0,
2364 1287 2576 1354 haberi,
2607 1287 2707 1343 has
2734 1302 2868 1361 ergo
2900 1288 2957 1344 in
2991 1299 3227 1360 quatuor
3251 1290 3438 1362 dispo-

155 1379 309 1434 tnodo
338 1386 642 1448 utrumque
676 1376 935 1445 diapason
965 1375 1234 1430 similibus
1273 1383 1495 1429 notetur
1523 1373 1737 1429 litteris.
1838 1393 2038 1433 namus
2058 1377 2498 1447 quadrichordis.

518 1549 751 1606 Graves.
987 1511 1000 1645 Ι
1210 1547 1451 1603 Finales.
1685 1511 1698 1645 Ι

1867 1545 2212 1617 Superiores.

2558 1548 2915 1606 Exceil:-ntcs.
3074 1510 3093 1655 l

364 1716 439 1773 ιι.
579 1716 623 1771 Ι.
758 1717 825 1772 Κ.
956 1716 1021 1772 L.
1158 1715 1229 1770 Μ.
1358 1714 1420 1769 Ν.
1533 1712 1598 1769 Ο.

365 1823 435 1879 Δ.
562 1823 623 1879 Β.
760 1822 822 1877 C.
956 1822 1021 1878 Ι).
1165 1822 1227 1877 Ε.
1362 1820 1425 1875 F.
1530 1820 1576 1875 G

1679 1696 1694 1928 J

222 1995 491 2060 Videsne,
536 2009 744 2065 quaeso,
796 2009 941 2064 quoa
984 1993 1292 2048 litterarum
1334 2001 1566 2048 mutatio
1610 1990 1744 2045 nihil
1779 1974 1949 2061 chr
1979 2000 2079 2046 tria
2109 1992 2469 2048 ascendentes
2496 2008 2601 2047 non
2631 2009 2728 2064 per
2754 1993 2855 2047 tria
2880 1994 3249 2069 descendant;
3263 2001 3357 2054 sed
3382 2002 3437 2056 in

158 2089 470 2160 pradictam
513 2087 921 2145 auteuticorum
963 2094 1022 2142 et
1071 2083 1433 2155 subjugalium
1474 2084 1744 2137 rationem

158 2188 350 2243 mutet;
385 2181 508 2248 sed,
545 2195 670 2252 quae
692 2193 790 2250 pro
814 2178 1007 2249 primis
1039 2176 1241 2232 habitae
1269 2183 1416 2240 sunt,
1447 2173 1748 2229 antentico-

165 2289 304 2341 rum,
337 2289 465 2343 quae
491 2287 596 2343 pro
615 2272 872 2328 secundis
896 2267 1258 2339 subjugalium
1289 2276 1513 2321 teneant
1542 2265 1747 2320 medie-

168 2364 355 2419 tatem?
398 2362 483 2418 Ex
534 2362 623 2418 his
669 2360 922 2416 omnibus
966 2359 1137 2414 etiam
1171 2371 1389 2412 errasse
1435 2354 1556 2410 illos
1596 2353 1747 2410 colli-

159 2456 298 2527 gitur
345 2456 484 2526 qui,
550 2453 787 2508 nullam'
826 2466 1021 2506 vocum
1076 2448 1161 2505 vel
1220 2447 1746 2519 quadricbordorum

161 2544 516 2602 dill‘erentiam
548 2543 835 2607 facientes,
865 2541 1055 2598 eadem
1092 2539 1204 2595 lere
1232 2539 1431 2608 ubique
1467 2537 1519 2592 in
1541 2535 1749 2605 quintis

169 2639 291 2696 locis
337 2641 500 2712 signa
543 2646 793 2710 ponunt,
845 2652 969 2693 cum
1028 2634 1398 2691 indubitanter
1444 2647 1632 2689 verum
1679 2632 1752 2687 sit

164 2734 297 2802 quod
338 2732 523 2789 nullus
566 2746 737 2788 sonus
775 2745 902 2787 cum
950 2744 1050 2785 suo
1097 2729 1291 2800 quinto
1331 2725 1574 2800 perfecte
1619 2740 1749 2781 con-

164 2824 365 2879 cordat.

234 2916 343 2972 Non
368 2918 467 2973 abs
502 2930 569 2971 re
594 2924 678 2972 est
700 2916 867 2972 etiam
892 2914 1024 2969 illud
1056 2912 1434 2975 considerare,
1460 2926 1584 2966 cum
1615 2924 1751 2979 qua-

170 3016 284 3062 tuor
310 3010 516 3079 tr0pica
557 3007 670 3061 sint
701 3005 1101 3076 quadrichorda
1137 3010 1190 3057 ct
1223 3012 1347 3073 post
1373 3016 1567 3073 graves
1601 2997 1749 3054 aliud

164 3096 320 3153 altius
362 3097 652 3164 ascendit,
688 3109 860 3166 quare
904 3094 1077 3150 solum
1120 3094 1339 3148 tertium
1386 3091 1635 3162 superius
1658 3105 1750 3145 vo.

167 3199 334 3257 celer,
358 3204 488 3246 cum
507 3190 562 3245 ei
592 3189 774 3244 adhuc
800 3188 980 3251 aliud,
1010 3187 1061 3241 id
1087 3195 1171 3242 est
1196 3185 1469 3240 excellens
1501 3183 1750 3254 superius

168 3281 255 3337 sit.
292 3282 591 3338 Sciendum
644 3291 735 3337 est
770 3296 903 3351 ergo
937 3278 1074 3344 hoc,
1113 3294 1233 3333 cum
1265 3277 1565 3333 secundum
1607 3275 1750 3346 posi-

1851 2080 2029 2137 media
2064 2080 2172 2146 via,
2213 2082 2266 2139 id
2308 2092 2394 2138 est
2433 2084 2487 2138 in
2532 2084 2789 2141 ﬁnalibus
2822 2087 3139 2142 subsistant.
3183 2088 3335 2155 Quod
3368 2093 3440 2147 ita

1850 2172 2098 2228 solvitur.
2137 2172 2448 2244 Congruum
2491 2184 2574 2230 est
2621 2186 2681 2231 ut
2724 2175 2832 2232 dno
2874 2177 3192 2249 principalia
3240 2180 3441 2249 ollicia,

1850 2262 1907 2318 id
1937 2274 2053 2331 est,
2093 2265 2408 2320 circulorum
2446 2266 2644 2335 Amen,
2688 2277 2742 2323 et
2785 2270 2921 2324 lines
2950 2270 3003 2324 in
3042 2271 3441 2343 principalitate

1851 2354 2079 2410 duarum
2120 2357 2475 2413 medietatum
2522 2366 2845 2425 teneantur;
2895 2370 2954 2415 ut
3000 2362 3137 2417 sicut
3183 2365 3349 2420 semel
3385 2366 3439 2420 in

1851 2446 2113 2517 primaria
2143 2448 2437 2505 medietate
2464 2449 2778 2505 seculorum
2811 2452 2997 2518 Amen,
3041 2453 3117 2507 ita
3150 2455 3207 2509 in
3245 2471 3443 2511 secun-

1850 2540 2000 2595 daria
2029 2539 2188 2595 simul
2218 2556 2409 2598 omnes
2435 2542 2571 2600 ﬁnes
2599 2559 2727 2600 suos
2759 2547 3095 2616 possideant.
3135 2545 3272 2614 Quia
3310 2564 3443 2620 ergo

1851 2633 2011 2689 nobis
2056 2636 2393 2705 propositum
2439 2645 2557 2702 est,
2597 2652 2934 2708 qua’cnnqne
2979 2640 3167 2696 idonea
3202 2644 3443 2712 suggerit

1850 2725 2171 2795 Speculatio,
2203 2729 2272 2782 ad
2312 2726 2689 2783 dilucidandas
2722 2730 3051 2801 multiplices
3087 2734 3439 2789 monochordi

1849 2817 2217 2872 obscuritates
2247 2817 2301 2872 in
2337 2819 2439 2874 hoc
2469 2818 2787 2889 opusculum
2814 2822 2972 2890 quasi
3004 2824 3058 2880 in
3084 2839 3247 2879 unum
3279 2824 3441 2880 fasci-

1849 2906 2033 2963 culum
2078 2907 2362 2975 conl'erre,
2407 2909 2658 2965 nolumus
2701 2920 2756 2967 et
2803 2911 2932 2967 illud
2980 2928 3101 2970 esse
3146 2916 3439 2981 occultum,

1852 2998 2024 3070 quare
2058 3008 2167 3054 tam
2201 3000 2678 3072 hypomixolidius,
2717 3020 2879 3074 quam
2916 3003 3112 3061 Dorius
3143 3006 3285 3062 inter
3314 3007 3357 3062 Ι)
3385 3019 3444 3063 et

1850 3091 1886 3146 tl
1914 3093 2323 3163 dispositionem
2350 3094 2602 3165 accipiat.
2634 3095 2815 3152 Potest
2840 3097 2989 3153 enim
3019 3099 3213 3154 mirum
3245 3100 3440 3166 videri,

1852 3186 2128 3255 quomodo
2166 3186 2220 3240 in
2254 3201 2359 3240 una
2389 3188 2688 3259 eademque
2716 3189 2936 3260 regione
2962 3191 3070 3247 duo
3096 3192 3294 3249 diversi
3330 3191 3444 3249 elli-

1854 3276 2069 3331 ciaotur
2099 3276 2266 3332 modi.
2298 3277 2455 3344 Quod
2500 3281 2603 3335 hac
2630 3279 2859 3336 solvitur
2886 3283 3116 3338 ratione.
3150 3286 3283 3339 Cum
3311 3301 3444 3356 qua-

175 3374 361 3430 tionem
382 3416 397 3439 ,
425 3385 542 3428 tum
570 3373 732 3428 etiam
768 3348 1062 3427 secundum
1092 3371 1405 3443 dignitatem
1438 3369 1576 3433 ﬁeri,
1606 3368 1750 3440 quod
1776 3348 1823 3411 ο
1852 3369 2158 3424 tuordecim
2180 3385 2419 3426 vocesex
2444 3382 2675 3441 quatuor
2690 3374 2986 3430 reddantur
3005 3375 3441 3446 quadrichordis,
3488 3440 3491 3447 ,

173 3468 325 3522 etiam
354 3466 788 3539 comparativum
822 3479 1018 3519 nomen
1045 3463 1300 3519 ostendit.
1335 3460 1467 3516 Nam
1494 3476 1617 3516 cum
1645 3461 1752 3515 duo

175 3560 276 3614 sint
305 3560 525 3625 media,
574 3556 740 3614 ﬁnale
759 3565 817 3612 et
845 3557 1125 3627 superius,
1172 3554 1320 3611 ﬁnali
1368 3552 1617 3624 superius
1645 3562 1751 3606 tam

174 3648 424 3723 dignitate
464 3664 634 3722 quam
673 3647 942 3719 positione
974 3646 1146 3701 altius
1185 3645 1451 3701 ascendit.
1486 3644 1564 3699 De
1610 3642 1755 3713 posi-

178 3744 311 3799 tione
355 3744 496 3799 mhil
545 3742 746 3798 attinet
786 3740 1002 3806 dicere;
1049 3741 1116 3795 de
1159 3737 1462 3810 dignitate,
1511 3735 1654 3791 unde
1700 3743 1756 3790 et

178 3832 398 3891 maxime
418 3846 621 3889 nomen
657 3830 889 3901 accepit,
911 3829 1048 3885 illud
1079 3828 1365 3884 dicendum
1385 3834 1496 3891 est,
1527 3824 1671 3895 quod
1702 3823 1753 3879 ei

177 3923 268 3979 soli
306 3940 372 3980 ex
425 3925 628 3980 mediis
662 3920 1036 3994 primordialis
1077 3931 1355 3991 troporum
1395 3918 1591 3988 positio
1631 3932 1755 3973 cum

178 4012 300 4081 ipsis
317 4014 508 4085 primis
524 4013 729 4069 litteris
750 4021 900 4068 sorte
918 4011 1134 4067 occidit.
1156 4008 1317 4065 Unde
1333 4019 1391 4065 et
1412 4024 1478 4065 ex
1498 4024 1584 4072 eo,
1616 4008 1757 4063 sicut

175 4114 332 4174 supra
356 4105 564 4161 dictum
588 4111 701 4169 est,
731 4102 991 4158 autentici
1016 4099 1479 4173 principalitatem
1501 4140 1514 4164 ,
1538 4100 1680 4153 sicut
1700 4106 1759 4153 et

182 4195 414 4263 sequenti
457 4194 660 4259 medio,
690 4192 779 4248 cui
813 4192 1050 4248 secunda
1092 4200 1371 4262 troporum
1408 4189 1604 4260 positio
1629 4205 1756 4245 cum

183 4286 422 4342 secundis
458 4286 658 4343 litteris
679 4284 943 4355 contigit,
980 4299 1133 4339 suam
1159 4283 1470 4356 snbjngales
1491 4282 1761 4354 accipiant

186 4374 505 4445 dignitatem.
546 4374 837 4432 Excellens
870 4390 978 4430 non
1024 4374 1090 4430 de
1116 4372 1312 4443 majori
1332 4373 1628 4446 dignitate,
1664 4373 1757 4428 sed

186 4462 249 4519 de
283 4469 591 4524 acutissima
627 4467 782 4523 vocis
805 4466 1067 4538 qualitate
1103 4482 1298 4521 nomen
1335 4465 1577 4537 accepit,
1617 4465 1761 4535 quod

185 4556 337 4614 etiam
359 4561 646 4631 posivitum
674 4575 871 4616 nomen
898 4559 1155 4615 ostendit.
1179 4558 1278 4613 Cui
1302 4573 1427 4614 cum
1465 4556 1626 4612 ﬁnale
1650 4568 1758 4612 tam

188 4651 439 4718 positione
482 4669 649 4725 quam
709 4653 906 4708 litteris
959 4653 1033 4708 sit
1074 4650 1317 4721 aequale,
1362 4650 1530 4721 quzcri
1580 4658 1766 4720 potest

190 4753 345 4808 quare
368 4741 440 4798 illi
484 4742 668 4815 potius
689 4757 850 4814 quam
880 4743 971 4798 ἱειὶ
1000 4740 1136 4796 ﬁnes
1169 4742 1485 4797 cantionum
1514 4739 1755 4810 deputati

191 4829 307 4892 sint.
354 4834 432 4888 Ad
480 4834 628 4906 quod
669 4822 981 4893 dicendum.
1029 4833 1155 4905 quia
1188 4832 1343 4904 prior
1388 4839 1474 4887 est
1521 4829 1755 4886 intensio

191 4934 340 4990 Quam
360 4925 633 4991 remissio,
661 4932 719 4980 et
743 4925 1028 4997 cujuslibet
1060 4926 1242 4996 operis
1267 4936 1555 4995 processus
1579 4923 1756 4980 inten.

197 5015 420 5088 sionem,
468 5020 595 5077 ﬁnis
637 5035 765 5077 vero
803 5021 1001 5094 quaerit
1040 5021 1444 5077 remissionem.
1500 5016 1656 5075 Unde
1700 5024 1757 5073 et

197 5114 461 5172 cantilenae
494 5126 627 5188 post
654 5117 1028 5175 excellentium
1056 5116 1414 5173 intensionem
1446 5111 1502 5168 in
1532 5110 1756 5168 interio-

202 5204 334 5261 ribus
358 5208 515 5265 tinem
555 5209 840 5278 requirunt
872 5209 959 5265 vel
990 5209 1396 5277 remissionem,
1438 5205 1670 5275 ideoque
1701 5211 1758 5260 et

400 5301 654 5328 ..ξ-...ειηκ

1856 3477 2083 3518 necesse
2108 3474 2193 3519 est
2231 3478 2351 3531 cas,
2398 3466 2693 3520 secundum
2742 3468 2887 3537 paris
2911 3469 3120 3524 numeri
3166 3479 3444 3535 naturam,

1857 3553 1994 3609 duas
2041 3554 2389 3620 medietates,
2433 3571 2555 3627 qtuc
2592 3566 2649 3612 et
2686 3559 2999 3627 praedictam
3037 3561 3321 3616 diezeuxin
3366 3561 3450 3617 fa-

1856 3642 2028 3707 ciunt,
2061 3642 2285 3699 habere.
2318 3643 2412 3698 Ηςιι
2449 3655 2576 3700 sunt
2621 3655 2801 3700 aut-em
2832 3647 2877 3702 G
2906 3657 2958 3703 et
2986 3648 3052 3713 A,
3081 3665 3311 3719 quarum
3340 3665 3446 3706 una

1856 3733 2221 3806 subjugalium
2262 3727 2584 3791 medietates
2627 3736 2709 3791 vel
2755 3738 2892 3793 lines
2936 3741 3225 3806 terminat,
3276 3738 3449 3797 altera

1857 3827 2255 3883 autenticorum
2318 3828 2640 3884 medietates
2703 3828 2947 3885 inchoat.
3010 3829 3161 3887 Unde
3211 3846 3437 3889 necesse

1848 3925 1943 3972 est
1992 3925 2051 3971 ut
2092 3933 2183 3983 ea,
2230 3932 2354 3989 qua:
2397 3925 2593 3987 quarto
2635 3916 2756 3973 loco
2805 3919 3114 3990 subjugalcs
3147 3922 3445 3978 secundum

1859 4008 2180 4064 medietates
2223 4008 2507 4073 terminat,
2562 4010 2822 4076 tetrartli,
2871 4010 3094 4082 ejusque
3128 4013 3444 4089 sultjugalis,

1856 4100 1951 4170 qui
1981 4099 2159 4170 quarti
2188 4108 2337 4165 sunt,
2362 4101 2580 4171 propria
2606 4101 2738 4169 sint,
2764 4101 2814 4157 id
2839 4113 2925 4159 est
2950 4102 3023 4169 G;
3057 4103 3143 4159 illa
3176 4119 3302 4160 vero
3329 4122 3449 4177 qum

1857 4190 2161 4246 autenticos
2218 4191 2516 4246 secundum
2572 4192 2896 4250 medietates
2966 4196 3223 4263 inchoat,
3276 4194 3488 4274 solius

1859 4283 2002 4353 proti
2031 4281 2247 4353 propria
2278 4282 2406 4348 sint,
2445 4283 2498 4339 id
2535 4293 2621 4339 est
2642 4282 2724 4339 VA.
2769 4284 2862 4342 llre
2906 4284 3070 4359 igitur
3099 4290 3219 4344 dum
3245 4290 3451 4346 medii.b

1860 4383 2003 4432 tates
2033 4376 2174 4431 inter
2198 4390 2366 4430 urnam
2399 4375 2658 4446 diapason
2691 4376 2828 4434 duos
2853 4378 3121 4449 diversos,
3154 4384 3220 4438 de
3252 4385 3451 4454 quibus

1854 4466 2061 4537 agitur,
2092 4466 2282 4521 modos
2308 4466 2410 4523 hac
2441 4470 2652 4524 ratione
2677 4472 2994 4527 conlicinnt.
3027 4472 3245 4541 Protus,
3270 4477 3450 4549 dispo-

1862 4559 2002 4615 situs
2030 4574 2061 4613 a
2093 4557 2136 4612 D
2165 4558 2223 4612 in
2251 4560 2303 4622 d,
2335 4560 2568 4614 mediam
2605 4561 2772 4617 habet
2811 4563 2878 4630 A,
2928 4563 3142 4620 ﬁnalem
3198 4564 3261 4620 D.
3307 4565 3452 4639 Ergo

1862 4666 1965 4722 per
1992 4651 2132 4715 cola,
2161 4660 2219 4706 ct
2260 4661 2533 4709 commata
2578 4652 2856 4725 ﬁnemque
2891 4656 2991 4711 has
3036 4673 3164 4714 suas
3204 4660 3452 4730 praprias

1862 4743 2059 4813 saepius
2096 4740 2448 4813 frequentans
2490 4743 2726 4810 litteras,
2779 4748 3027 4818 proprias
3072 4764 3289 4822 quoque
3330 4751 3449 4806 dia-

1860 4841 2109 4890 tessaron
2139 4846 2196 4891 et
2216 4837 2471 4909 diapente
2496 4838 2732 4910 species,
2774 4854 2896 4905 qum
2924 4850 3052 4896 sunt
3078 4842 3122 4897 Α
3152 4843 3210 4905 D,
3241 4850 3301 4899 et
3325 4844 3369 4900 D
3395 4860 3457 4915 ει,

1864 4927 1922 4981 in
1979 4930 2254 4983 cantando
2310 4943 2705 5000 recognoscens
2760 4930 3186 5003 hypomixolidio
3235 4937 3458 4994 omnino

1864 5017 2144 5074 dissimilis
2189 5020 2317 5075 crit.
2360 5020 2490 5075 ltem
2524 5031 2750 5090 propter
2775 5036 2919 5093 smpe
2956 5023 3158 5084 dictam
3205 5034 3457 5097 septena-

1862 5122 1986 5167 rum‘
2006 5125 2197 5168 vocum
2223 5113 2594 5176 medietatem,
2615 5128 2739 5183 quo:
2761 5114 2905 5172 sicut
2924 5114 3034 5173 duo
3055 5119 3456 5191 quadrichorda

1859 5204 2160 5270 connectit,
2187 5207 2261 5260 ita
2285 5206 2450 5261 etiam
2479 5204 2709 5262 duorum
2730 5208 3144 5280 dispositionem
3175 5224 3457 5282 troporum

2127 5296 2579 5328 ιιινηιι-Λῖ-Αίῖιιῖηο
2610 5312 2829 5328 ΙΙΙιΠιΑ---Α
2858 5318 2884 5328 ιι
2921 5302 2963 5328 n
3000 5303 3048 5328 3-.
3117 5317 3129 5328 ι
3182 5306 3365 5328 l!--.--2

1862 5298 2060 5328 ληηῖηὲο
2127 5298 2579 5328 ιιινηιι-Λῖ-Αιῖιιῖηο
2610 5312 2829 5328 ΙΙΙιΠιΑ---Α
2858 5318 2884 5328 ιι
2921 5302 2963 5328 n
3000 5303 3048 5328 3-.
3117 5317 3129 5328 ι
3182 5306 3457 5328 ΙΕ--.--2.---
