4010 5328
180 311 290 366 ὄὶτ

1466 322 1835 384 OPUSCL'LA
1873 318 2153 387 Μυειειιζ

3341 346 3452 402 ιεο

183 428 527 524 diatessaron
564 429 847 500 speciebus
888 430 1174 499 distincta,
1219 435 1363 506 quod
1414 445 1472 495 et
1517 440 1767 509 superius
1794 448 1842 504 Α
1870 441 1996 496 deus
2017 442 2247 499 dicatur.
2290 442 2475 500 Fletus
2504 460 2634 501 vero
2662 447 2795 506 duas
2847 450 3008 507 habet
3052 461 3252 524 partes,
3291 455 3453 514 idest

181 514 393 588 plenius
420 515 626 572 dictum
648 528 753 585 est,
780 522 922 591 quod
947 522 988 576 Ι)
1014 524 1128 577 sola
1161 524 1302 579 inter
1324 540 1517 585 omnes
1535 528 1767 585 chordas

181 602 429 659 biformis
456 607 549 671 sit;
578 603 679 664 hoc
698 618 805 673 est,
829 611 955 680 quia
983 622 1178 682 quarta
1204 615 1451 685 gravium
1491 627 1548 673 et
1592 619 1767 688 prima

180 702 262 773 est
308 694 579 762 ﬁnalium,
619 709 677 754 et
718 700 865 770 quia,
920 704 1218 758 secundum
1275 705 1329 759 id
1375 709 1519 777 quod
1574 719 1767 778 quarta

179 792 431 854 quartam
473 787 816 845 diatessaron
870 792 1108 862 speciem
1156 794 1210 849 in
1256 797 1524 866 positione
1580 800 1768 869 prima!

178 886 565 944 repraesentet,
590 877 845 935 similiter
873 891 1091 937 acutum
1120 884 1152 939 d
1177 894 1370 953 quarta
1411 896 1495 940 cst
1516 889 1763 958 superio-

177 982 293 1023 rum
315 969 579 1038 etprima
602 972 1017 1042 excellentium;
1037 977 1333 1032 secundum
1353 977 1404 1032 id
1427 980 1570 1049 quod
1591 980 1763 1049 prima

172 1059 377 1131 primas
402 1062 610 1117 iterum
631 1064 967 1122 diatessaron
996 1076 1052 1122 et
1079 1070 1333 1139 diapente
1355 1072 1567 1141 species
1599 1088 1761 1127 unam

173 1149 391 1218 claudit,
422 1150 656 1207 alteram
687 1155 941 1221 inchoat;
973 1159 1273 1214 secundum
1307 1161 1359 1214 id
1392 1162 1535 1231 quod
1568 1175 1761 1232 quarta

176 1240 369 1297 iterum
394 1253 655 1313 quartam
704 1246 1039 1303 diatessaron
1073 1251 1308 1320 speciem
1360 1263 1711 1322 reprasentat
1743 1270 1758 1319 ;

156 1333 468 1409 secundum
496 1333 552 1388 id
582 1335 726 1405 quod
746 1337 918 1406 prima
951 1348 1165 1407 protum
1196 1349 1459 1410 quantmu
1488 1343 1553 1396 ad
1587 1343 1758 1412 legam

170 1421 436 1478 altissimo
461 1439 728 1490 ascensu;
758 1430 1051 1483 secundum
1095 1431 1147 1485 id
1171 1433 1315 1500 quod
1358 1443 1551 1502 quarta
1590 1449 1757 1504 quar-

172 1523 280 1567 tum
310 1515 484 1570 etiam
515 1516 854 1588 subjugalem
902 1536 1024 1575 cum
1072 1533 1252 1593 proto,
1297 1527 1597 1581 telrardum
1630 1542 1758 1583 vero

172 1615 419 1676 quartum
454 1612 795 1667 autenticum
832 1628 930 1683 per
977 1615 1290 1669 strcrtlorum
1340 1617 1501 1672 Amen
1548 1619 1757 1689 incipit.

174 1695 236 1752 Et
285 1707 346 1753 ut
394 1702 745 1758 manifestius
792 1705 1057 1771 dicamus,
1107 1707 1159 1760 in
1207 1709 1425 1763 nomine
1474 1711 1661 1779 priture
1705 1719 1761 1766 et

1870 538 2019 593 arsin
2041 548 2098 592 et
2123 537 2324 602 thesin,
2357 538 2459 593 hoc
2482 548 2565 593 est
2591 537 2929 595 elevationem
2960 549 3015 596 et
3049 543 3447 613 depositionem.

1869 630 1975 686 Sed
2021 645 2052 684 a
2097 630 2329 697 meliori,
2356 630 2406 685 id
2453 639 2537 685 est
2562 629 2883 697 elevatione,
2914 649 3106 688 neunta
3138 635 3356 705 dicitttr,
3391 650 3453 695 ttt

1868 736 2186 778 maneamus
2214 722 2266 777 in
2299 722 2585 777 cantilena:
2614 721 2918 787 dulcedine,
2945 725 3070 793 quia
3100 725 3226 782 tlatu
3258 729 3327 784 ab
3362 731 3450 786 in-

1866 810 2161 869 feriorilnts
2190 813 2255 867 ad
2296 814 2575 883 superiora
2609 828 2801 868 sonum
2830 815 3136 885 impellente
3162 822 3452 881 coniicitur

1867 915 1927 960 ut
1963 921 2060 962 cor
2083 907 2149 963 de
2185 908 2418 963 terrenis
2441 909 2510 963 ad
2544 908 2785 964 emlestia
2828 908 3089 966 levemus.
3115 913 3365 985 Alioquin
3392 918 3451 977 in

1870 1012 2071 1051 vanum
2104 1008 2309 1063 cantat,
2337 998 2491 1069 cujus
2524 1015 2677 1054 mens
2705 1001 2822 1054 voci
2851 1016 2957 1055 non
2997 1007 3310 1062 concordat.
3341 1009 3454 1066 Aut

1865 1102 1996 1160 ergo
2043 1089 2128 1143 isti
2175 1097 2385 1152 errant,
2432 1098 2572 1143 aut:
2610 1090 2790 1144 divina
2828 1092 3115 1161 sapientia,
3161 1111 3281 1165 qua:
3322 1097 3451 1169 quia

1863 1181 2006 1250 apud
2037 1196 2097 1234 se
2128 1190 2255 1235 sunt
2282 1195 2474 1235 omnes
2522 1181 2760 1236 thesauri
2808 1184 3087 1253 sapientia)
3129 1196 3183 1240 et
3209 1188 3451 1244 scicntia:

1867 1269 2195 1336 ahsconditi,
2234 1290 2252 1322 ι
2289 1271 2453 1326 etiam
2487 1272 2647 1339 hujus
2674 1273 2807 1327 artis
2834 1275 3092 1343 inspirata
3137 1277 3327 1332 notitia
3357 1294 3447 1333 sa-

1864 1362 2078 1432 pienter
2105 1363 2207 1418 sibi
2247 1363 2416 1418 voluit
2458 1364 2687 1418 cantari.
2723 1364 2829 1419 Sed
2858 1368 3130 1435 quomodo
3177 1368 3454 1440 sapienter

1864 1461 2110 1517 cantant,
2160 1452 2252 1521 qui
2301 1452 2439 1507 nihil
2474 1453 2540 1507 de
2569 1454 2840 1523 prmdictis
2864 1456 3064 1521 sciunt,
3109 1458 3200 1528 qtti
3234 1470 3448 1529 tropum

1865 1549 2020 1611 tropo
2046 1552 2416 1611 perntntantcs
2439 1544 2796 1609 confundunt,
2827 1547 2916 1616 qui
2946 1547 3116 1601 solum
3145 1548 3448 1607 altiSOnan-

1865 1630 1991 1683 tiam
2018 1630 2279 1685 laudant?
2309 1631 2362 1685 ln
2402 1633 2501 1687 hoc
2528 1644 2705 1690 tamen
2736 1635 2885 1711 justo
2920 1636 3126 1711 judicio
3160 1641 3316 1697 asino
3363 1643 3451 1697 in-

1863 1720 2093 1778 feriores
2122 1733 2179 1777 et
2220 1724 2600 1795 imperitiores,
2630 1728 2720 1796 qui
2769 1737 2822 1783 et
2873 1729 3042 1785 multo
3087 1730 3249 1786 altius
3300 1747 3451 1790 reso-

171 1801 370 1891 qnarta:
395 1793 638 1863 primum
663 1798 993 1853 anteoticum
1022 1808 1080 1854 et
1105 1811 1356 1869 quartum
1392 1803 1752 1875 subjugalinm
1786 1809 1832 1870 Β
1863 1820 1976 1876 nat,
2027 1822 2081 1866 et
2104 1793 2379 1883 nunquam
2414 1793 2660 1869 rudituni
2681 1820 2910 1886 mugitu,
2938 1820 3021 1874 vel
3070 1821 3172 1875 alia
3206 1822 3450 1891 qualibet

174 1880 293 1937 hinc
338 1898 440 1954 per
466 1887 857 1957 gravissimum
908 1891 1162 1960 deprimit
1210 1893 1555 1961 descensum,
1599 1909 1757 1966 proto

173 1971 337 2027 adhuc
359 1976 678 2043 specialiter
701 1977 753 2031 iu
781 1994 843 2034 ea
890 1978 1049 2034 tinent
1099 1981 1356 2047 habente,
1387 1984 1510 2038 inde
1539 1987 1756 2043 eosdent

174 2076 265 2141 per
301 2064 636 2121 altissimum
662 2068 837 2124 elevat
881 2086 1190 2132 ascensum.
1224 2077 1466 2131 tetrardo
1495 2077 1672 2134 adhuc
1703 2080 1754 2134 in

174 2169 233 2208 ea
280 2158 606 2214 :a'cnlorum
673 2162 834 2216 Amen
883 2165 1201 2233 specialiter
1249 2168 1579 2225 modulante.
1633 2171 1758 2227 Hmc

178 2248 291 2306 ideo
314 2250 560 2308 breviter
588 2264 716 2309 sunt
754 2257 1136 2327 recapitulata,
1171 2268 1230 2314 ιιι
1286 2277 1392 2315 uno
1446 2262 1642 2318 intuitu
1681 2265 1759 2319 le-

171 2342 334 2398 ctoris
377 2344 559 2400 oculis
608 2344 836 2417 ingesta,
888 2350 1209 2421 promptiori
1264 2362 1320 2406 ct
1379 2354 1639 2409 teuaciori
1668 2370 1758 2411 ca-

172 2432 378 2503 piantur
400 2437 693 2492 memoria.
1450 2448 1463 2459 '

239 2524 461 2598 Oportet
484 2540 669 2585 autem
698 2546 799 2586 nos
827 2532 971 2589 scire
992 2574 1008 2600 ,
1039 2534 1183 2604 quod
1208 2536 1386 2591 omnis
1417 2538 1637 2594 tnusicze
1667 2554 1756 2595 ra-

174 2618 329 2676 tionis
372 2621 441 2675 ad
490 2620 598 2676 hoc
649 2631 860 2692 spectat
892 2624 1122 2681 intentio
1152 2636 1214 2682 ut
1261 2629 1547 2685 cantilena:
1594 2632 1758 2688 ratio-

179 2708 422 2766 nabiliter
471 2715 886 2782 componendae,
943 2716 1619 2788 regulariterjudicandm,
1665 2725 1758 2779 de-

174 2812 354 2858 center
394 2805 748 2861 modulanda:
803 2806 1031 2863 scicntia
1087 2821 1434 2881 comparetur
1478 2829 1754 2883 :qnorum

178 2897 329 2950 trium
358 2896 443 2953 cui
474 2897 711 2954 facultas
740 2898 978 2964 atl‘uerit,
1005 2901 1056 2955 is
1084 2902 1304 2958 demum
1342 2906 1582 2961 musicus
1609 2916 1755 2963 recte

177 2985 430 3042 dicendus
451 2988 581 3042 erit.
611 2987 881 3043 Caeterum
905 3006 1015 3045 non
1045 2993 1198 3061 parvi
1224 2994 1505 3066 habendus
1533 2997 1752 3066 estqui,

174 3085 410 3142 nesciens
450 3100 817 3155 componere,
869 3097 1245 3156 competenter
1289 3092 1438 3145 novit
1480 3092 1750 3163 judicare.

176 3177 334 3232 Porro
358 3178 547 3243 tertio,
571 3179 676 3234 hoc
699 3188 803 3243 est,
829 3180 1141 3235 modulandi
1167 3181 1276 3236 imo
1299 3182 1539 3239 ululandi
1567 3184 1750 3239 studio

180 3280 372 3322 uncum
401 3276 696 3324 cantorum
740 3268 936 3339 vulgus
978 3280 1302 3340 occupatur,
1329 3273 1528 3328 nullius
1556 3273 1751 3329 rationi

179 3356 379 3423 cedens,
432 3359 639 3414 nullius
688 3359 974 3415 sententia:
1001 3362 1399 3430 acquiesccns;
1434 3362 1559 3418 illud
1585 3363 1748 3419 etiam

179 3464 273 3503 non
296 3451 446 3519 quasi
483 3451 857 3520 proverbium,
886 3452 980 3507 sed
1034 3453 1188 3523 quasi
1246 3452 1453 3525 legibus
1484 3455 1746 3511 indictutn

176 3540 536 3613 frequentans,
552 3543 777 3599 verbum
809 3559 1003 3599 ueuma
1028 3547 1180 3616 quasi
1212 3561 1389 3608 nemo,
1410 3562 1532 3602 cum
1553 3547 1747 3605 Graeco

178 3632 371 3704 eloquio
388 3650 599 3691 neutna
628 3635 783 3706 quasi
810 3650 1137 3703 noeumane,
1173 3636 1224 3691 id
1264 3644 1348 3693 est
1384 3638 1541 3693 flatus
1563 3656 1748 3696 ascen-

457 3830 630 3886 Proti.

1257 3803 1498 3890 Denteri.

1052 3943 1181 3952 ἡ
1214 3944 1361 3951 ..υ-,ο

1366 3965 1408 4019 Ε

1089 4036 1131 4094 3

1084 4102 1129 4188 ἓ.

1074 4196 1129 4252 ,Ξ

253 3963 861 4351 ε2101⁵τὶ

187 3940 658 4349 Ιεξοιε

238 4174 844 4249 5813's

424 4245 845 4299 ΑΑεδ

1278 4105 1321 4159 D

1274 4175 1316 4230 C

1277 4246 1320 4301 B

1257 3803 1498 3890 Denteri.

1089 3960 1208 4351 3|
1366 3965 1408 4019 Ε
1576 3977 1703 4343 Γ
1917 3968 2037 4354 3'

1278 4030 1504 4348 οιο

1074 4196 1129 4252 .5.
1274 4175 1316 4230 ϐ
1462 4176 1504 4231 C
1647 4198 1687 4250 ε
1900 4201 1956 4258 ....=
2099 4180 2135 4234 υ

1277 4246 1320 4301 Β
1462 4245 1503 4300 Β
1647 4254 1688 4306 εδ
2101 4251 2135 4306 C

1860 1918 1993 1958 voce
2028 1903 2276 1958 tnutahit.
2301 1904 2344 1961 Ο
2370 1906 2613 1960 insanam
2634 1909 2912 1964 hominum
2940 1910 3213 1967 miseriam
3238 1914 3250 1967 !
3278 1913 3448 1983 Nemo

1858 1992 2059 2063 quippe
2104 1992 2155 2047 in
2203 1996 2584 2064 grammatica,
2632 2014 2751 2066 qua:
2801 1999 2865 2053 ad
2898 1999 3155 2069 placitum
3208 2013 3441 2068 constat.

1859 2082 2049 2136 vitium
2100 2084 2303 2154 patitur
2351 2102 2365 2150 ;
2411 2085 2463 2139 in
2507 2088 2709 2142 musica
2757 2105 2903 2155 vero,
2940 2107 3059 2160 qua:
3094 2102 3179 2148 est
3222 2096 3446 2150 omnino

1860 2174 2145 2240 naturalis,
2183 2190 2372 2230 omnes
2422 2176 2536 2231 fere
2568 2193 2672 2232 non
2726 2178 2900 2235 solum
2949 2182 3078 2237 vitia
3131 2198 3238 2239 non
3268 2185 3443 2242 corri-

1857 2276 2010 2337 gunt,
2037 2267 2129 2320 sed
2160 2267 2322 2323 etiam
2351 2267 2664 2325 defendunt.

1933 2356 2207 2413 llactcnus
2230 2359 2316 2414 his
2338 2359 2456 2429 plus
2480 2360 2630 2431 justo
2653 2361 2934 2418 verbosius
2957 2363 3278 2422 immoratus
3298 2382 3444 2435 sum,

1859 2449 1985 2504 dum
2020 2466 2107 2505 me
2137 2452 2331 2507 horum
2359 2454 2506 2524 piget
2532 2454 2828 2525 pudetque.
2877 2454 3030 2512 Nunc
3078 2467 3130 2513 te
3155 2458 3445 2527 convenio,

1856 2544 2075 2614 quihoc
2095 2543 2383 2601 delectaris
2433 2546 2634 2611 studio,
2675 2557 2726 2602 te
2770 2547 2978 2615 hortor,
3012 2550 3105 2606 tibi
3139 2552 3342 2608 suadeo
3388 2560 3447 2607 ut

1850 2635 1962 2705 jam
1999 2637 2140 2693 dicta
2193 2645 2247 2692 et
2296 2638 2551 2708 deinceps
2595 2638 2820 2695 dicenda
2867 2650 2975 2695 tam
3028 2658 3223 2699 manus
3279 2658 3444 2714 quam

1855 2727 2006 2783 vocis
2030 2727 2459 2798 comprehendas
2506 2730 2789 2801 exprcitio.
2834 2728 3066 2786 Maxime
3100 2739 3277 2787 tamen
3326 2742 3442 2787 tro-

1853 2834 2048 2889 porum
2083 2818 2175 2873 tibi
2204 2833 2349 2873 curae
2369 2820 2439 2874 sit
2469 2820 2692 2889 agnitio,
2719 2831 2941 2891 prepler
2964 2837 3103 2891 quos
3126 2820 3240 2877 fere
3266 2822 3445 2877 omnis

1855 2911 2077 2966 musica:
2104 2910 2316 2966 laborat
2339 2911 2587 2965 intentio.
2613 2912 2692 2965 Ad
2720 2927 2881 2981 quam
2914 2927 3028 2967 rem
3056 2915 3282 2969 multum
3312 2929 3443 2983 pro-

1857 3003 2021 3068 derit,
2047 3003 2091 3057 si
2115 3003 2240 3073 quis
2275 3003 2525 3074 preprias
2574 3000 2832 3072 cujusque
2873 3003 3127 3072 diapente
3163 3011 3217 3058 et
3243 3003 3445 3058 diates-

1855 3110 2017 3151 saron
2050 3095 2263 3164 species
2292 3103 2397 3148 tam
2426 3094 2777 3148 monochordi
2801 3108 2962 3163 quam
2990 3095 3121 3148 viva:
3161 3093 3311 3149 vocis
3342 3110 3442 3150 usu

1780 3168 1825 3232 C
1859 3184 2134 3240 memoria:
2160 3183 2532 3239 inculcaverit.
2574 3182 2688 3237 Non
2719 3184 2863 3238 enim
2914 3184 3160 3253 quemvis
3208 3184 3439 3239 audiens

1860 3284 2096 3344 tropum,
2132 3275 2256 3344 quis
2294 3274 2384 3338 sit,
2416 3273 2789 3329 indubitanter
2831 3274 3186 3343 pronuntiare
3217 3275 3439 3344 poterit,

1858 3369 1959 3422 nisi
1986 3384 2098 3437 jam
2140 3367 2301 3422 dictis
2327 3376 2381 3421 et
2411 3366 2666 3436 deinceps
2712 3365 2958 3422 dicendis
2983 3366 3072 3420 ditt
3104 3366 3443 3436 multumque

1854 3459 2186 3515 exercitatus
2216 3457 2399 3513 fuerit.
2434 3457 2526 3513 Sic
2554 3472 2683 3529 ergo
2727 3473 2913 3514 susum
2935 3468 2990 3515 et
3013 3457 3196 3529 jusum
3238 3460 3441 3517 diates-

1854 3566 2015 3605 saron
2041 3550 2251 3620 species
2273 3548 2553 3605 ntodulare
2582 3566 2596 3604 :

2918 3835 3183 3892 Tetrardi.

3030 3967 3075 4022 G

2135 3839 2295 3895 Triti.

1900 4201 1956 4258 Ξ
2099 4180 2142 4234 Ι)
2287 4181 2330 4235 Ι)
2472 4200 2512 4253 3

2101 4251 2143 4306 C
2287 4250 2329 4306 (Ξ
2473 4257 2513 4309 ςθ

2135 3839 2295 3895 Triti.

2194 3970 2236 4025 F

2752 4035 2792 4112 ἓ

2746 4117 2791 4186 Ξ

1917 4042 1957 4072 ω

1917 4075 1957 4139 ἒ

1910 4143 1957 4193 Ξ

1920 4201 1956 4232 τ’.

1900 4237 1956 4258 ι-ι

3312 4089 3350 4118 re

3315 4122 3349 4136 α

3312 4140 3367 4190 =I

3313 4197 3351 4222 ω

3313 4227 3351 4253 tn

3312 4256 3351 4304 ς»

2937 4177 2980 4232 Ε

2936 4249 2979 4303 Ι)

3125 4106 3166 4162 F

3123 4177 3166 4231 E

3129 4248 3170 4303 D

2104 4111 2334 4165 EIE

2099 4180 2330 4235 DID

2101 4250 2329 4306 CIC

2918 3835 3183 3892 Tetrardi.

2941 4106 2982 4162 ιε’
3051 4034 3061 4353 Ι
3125 4106 3166 4162 ε

2734 4196 2789 4253 ,Ξ
2937 4177 2980 4232 Ε
3123 4177 3166 4231 Ε
3313 4197 3351 4253 s

2925 4249 2979 4303 υ
3129 4248 3170 4303 D
3312 4256 3351 4304 ς»

238 4434 481 4502 Videsne,
511 4447 568 4492 ut
614 4451 807 4492 omnes
846 4435 1082 4508 regulari
1127 4445 1183 4492 ct
1221 4436 1509 4494 inconfuso
1548 4439 1738 4495 ordine
1768 4445 1817 4506 D
1912 4441 2183 4501 Utautem
2213 4443 2369 4516 longe
2393 4443 2642 4515 superius
2662 4445 2866 4500 dictum
2887 4454 2990 4509 est,
3009 4445 3164 4516 quasi
3188 4444 3433 4517 qutudum

182 4542 208 4581 a
232 4531 450 4601 propriis
478 4531 736 4601 gravibus
769 4529 852 4585 vel
879 4530 1270 4600 principalibus
1299 4531 1639 4595 inchoentur,
1683 4533 1739 4588 in

164 4622 390 4690 propriis
414 4622 666 4676 ﬁnalibus
712 4620 1014 4685 elcventur,
1067 4621 1197 4676 item
1237 4620 1327 4676 ubi
1374 4621 1738 4692 incoeperunt,

183 4710 513 4782 deponantur.
546 4713 693 4770 later
722 4728 859 4783 quas
906 4714 1154 4784 quaedam
1206 4714 1513 4771 biformitas
1560 4724 1738 4787 potest

185 4807 356 4869 notari,
381 4808 507 4878 quia
554 4817 609 4863 et
652 4806 917 4863 altissima
954 4816 1041 4863 est
1078 4808 1267 4877 primae
1316 4817 1373 4865 et
1416 4809 1739 4880 gravissima

186 4906 386 4966 quartae.
418 4899 597 4955 Prima
637 4915 851 4972 quoque
895 4910 952 4956 et
977 4911 1173 4971 quarta
1215 4902 1269 4957 in
1307 4903 1596 4974 positione,
1629 4920 1736 4960 non

188 4987 233 5042 in
251 4999 500 5061 potestate
544 4993 773 5059 similes,
821 4995 874 5050 in
922 4995 1029 5050 hoc
1068 4993 1325 5050 differunt
1371 4995 1514 5066 quod
1560 4997 1736 5066 prima

185 5077 316 5146 prius
361 5083 688 5147 intenditur,
725 5096 909 5154 postea
967 5086 1303 5154 remittitur;
1352 5088 1737 5159 quarta'prius

190 5172 455 5208 κωῖιιῖιιιιι
544 5183 727 5208 nnclnn
779 5177 1082 5208 ἔηιιιιηιιῖιιιη
1156 5176 1519 5208 Πηρ⁵οιιιηηῖηο
1578 5177 1735 5208 (“ante

1845 4536 2180 4594 diatessaron
2219 4538 2429 4610 species
2457 4538 2519 4606 F,
2551 4531 2593 4615 ἡ
2620 4539 2851 4605 videtur,
2879 4539 2977 4596 sed
3005 4555 3175 4611 quare
3202 4557 3311 4597 non
3340 4539 3431 4605 sit,

1844 4629 1972 4701 quia
2016 4630 2087 4685 ibi
2132 4646 2237 4685 non
2281 4632 2508 4698 dictum,
2561 4632 2651 4687 hic
2698 4630 2988 4687 dicendum
3040 4632 3274 4688 videtur.
3304 4631 3432 4697 ,Ubi

1843 4721 2079 4790 primum
2141 4721 2372 4777 dicimus
2419 4722 2757 4793 simpliciter,
2821 4723 2966 4793 quod
3018 4738 3141 4779 cum
3202 4722 3432 4779 diversa)

1844 4812 2181 4869 diatessaron
2206 4814 2414 4883 species
2433 4830 2529 4885 per
2549 4831 2742 4887 graves
2761 4816 3120 4885 disponantur
3141 4825 3189 4867 et
3218 4814 3425 4880 ﬁnales,

1814 4904 1988 4971 ,nulla
2018 4905 2211 4959 barum
2236 4904 2420 4958 tritoni
2452 4905 2804 4974 dispositione
2832 4905 3099 4960 consistit.
3126 4906 3279 4969 Item,
3300 4905 3429 4976 quia

1814 4999 2017 5068 ,omuis
2068 4998 2405 5053 diatessaron
2448 4998 2656 5067 species
2682 4998 2893 5054 duobus
2940 4997 3338 5073 tonisconstat
3374 5006 3431 5056 et

1840 5089 2128 5146 semitouio
2151 5088 2211 5152 F,
2240 5087 2296 5165 la,
2333 5088 2458 5158 quia
2485 5098 2706 5145 econtra
2737 5090 2941 5145 tritouo
2971 5088 3231 5148 continuo
3251 5091 3432 5148 couti-

1838 5190 2001 5208 mal...-
2030 5181 2363 5208 ᾸῖσιΙΑηηη-ιηιι
2398 5194 2501 5208 “An
2545 5191 2832 5208 κΑιιι....ι..-ι
2901 5179 3030 5208 ΙΙΑινι
3086 5198 3269 5208 4s”..--
3319 5186 3396 5208 εΙξ-.
