4010 5328
604 202 702 260 ιδι

1486 204 1839 263 IIERMANNI
1878 183 2264 265 CONTRACTI
2305 208 2663 267 AUGIENSIS
2700 210 2999 268 MONACHI

3730 196 3835 277 tsi

601 332 666 371 ex
721 323 910 387 quarta
962 313 1134 389 gravi,
1185 325 1240 373 et
1290 325 1479 388 quarta
1527 318 1692 375 tlnali.
1750 320 1807 376 Si
1835 320 2021 377 dixero
2047 337 2165 379 eam
2196 327 2246 388 Α
2338 323 2436 380 Est
2461 324 2634 381 adhuc
2671 325 2918 381 subtilior
2947 300 3085 381 ratio
3112 338 3279 395 quare
3307 321 3368 390 F,
3400 313 3461 400 ὴ.
3497 321 3841 379 diatessaron“

599 405 825 477 primam
870 405 1045 462 forma
1089 420 1176 462 me
1218 423 1323 464 non
1356 408 1694 465 institutione
1721 410 1940 479 dixisse,
1983 411 2172 468 tlrmis-

598 496 735 551 sime
763 494 959 551 recole.
1009 495 1067 551 Si
1099 496 1161 563 E,
1213 512 1244 551 a
1291 499 1583 554 secundam
1615 500 1865 556 deﬁniam
1913 504 2168 572 speciem,

598 602 741 643 erro.
774 587 1032 656 Quamvis
1058 588 1202 644 enim
1239 603 1305 644 ex
1349 590 1557 647 duobus
1600 591 1694 648 flat
1734 595 2169 664 quadricltordis,

599 688 777 735 tamen
807 690 1012 737 rectum
1038 696 1142 737 non
1167 681 1411 752 sequitur
1430 683 1696 750 ordinem,
1723 701 1842 740 natn
1865 685 1909 741 E
1939 687 2169 743 secunda

596 768 861 839 ﬁnalium,
889 787 919 825 a
966 786 1094 826 vero
1141 772 1312 842 prima
1364 780 1447 829 est
1480 777 1837 845 superiorum,
1890 779 2171 851 primaque

593 875 720 918 cum
747 863 978 919 secunda
1007 878 1104 919 nec
1126 866 1313 921 eadem
1344 866 1632 936 positione,
1674 884 1772 925 nec
1798 871 1984 926 eodem
2013 879 2170 943 trotto

595 953 860 1025 congruit.
886 953 1075 1010 Restat
1122 971 1253 1026 ergo
1302 966 1358 1012 ut
1406 958 1478 1014 sit
1528 962 1763 1016 secunda
1792 963 1999 1031 species
2044 963 2108 1029 E,
2136 980 2168 1020 a

594 1045 910 1102 formaliter.
962 1046 1222 1105 Similiter
1247 1051 1292 1105 si
1324 1050 1383 1115 F,
1423 1043 1465 1130 ὴ
1492 1067 1597 1122 quo
1619 1052 1686 1108 de
1715 1054 1914 1125 agitur,
1950 1056 2167 1112 tertiam

594 1136 826 1208 speciem
866 1138 1075 1207 dixero,
1108 1141 1493 1211 reprelientlor,
1524 1144 1673 1214 quia,
1717 1144 1842 1201 licet
1868 1161 1933 1202 ex
1962 1145 2169 1203 duobus

595 1228 690 1284 ﬁat
716 1229 1147 1299 quadricltordis,
1188 1240 1363 1288 tamen
1404 1236 1445 1290 F
1498 1235 1655 1292 tertia
1687 1236 1925 1292 ﬁnalium
1975 1252 2095 1293 cum
2128 1231 2170 1315 ἡ

591 1322 825 1376 secunda
879 1316 1157 1394 troporum
1201 1340 1301 1381 nec
1330 1327 1613 1397 positionis
1656 1341 1757 1385 nec
1787 1329 1924 1399 tropi
1974 1339 2165 1387 natura

589 1411 860 1483 congruit,
911 1421 1127 1470 etcum
1178 1415 1399 1482 tritono,
1450 1433 1559 1488 quo
1608 1418 1751 1474 nulla
1803 1419 1906 1474 alia
1959 1422 2170 1492 species

588 1503 949 1569 contineatur,
1001 1519 1102 1560 nec
1148 1506 1521 1575 constitutiva,
1550 1523 1651 1563 nec
1692 1508 1932 1566 formalis
1960 1512 2169 1581 species

586 1596 831 1654 habenda
875 1607 978 1655 est.
1034 1599 1223 1658 Restat
1266 1603 1428 1674 igitur
1480 1613 1537 1660 ut
1586 1606 1689 1662 hoc
1735 1605 1788 1661 in
1841 1606 1959 1662 loco
2008 1606 2167 1662 tertia

2273 431 2379 471 non
2418 416 2697 470 habeatur.
2738 414 2861 471 llaec
2891 417 2963 470 ita
2989 416 3385 471 consideratur.
3415 416 3639 470 intendo
3670 414 3730 477 ι),
3767 411 3835 475 G,

2270 501 2632 572 diatessaron;
2665 514 2719 561 et
2747 520 2962 574 possum
3000 508 3276 562 remittere
3317 507 3564 577 diapente
3590 506 3634 562 G
3659 520 3693 563 ι
3717 506 3837 573 quia

2270 591 2606 648 diatessaron
2637 605 2692 649 et
2718 596 2968 665 diapente
2998 605 3126 650 tono
3157 593 3433 651 ditl'erunt.
3462 594 3591 648 ltem
3622 592 3839 649 intendo

2270 680 2332 747 E,
2383 697 2436 747 a,
2474 683 2848 752 diatessaron;
2903 693 2958 739 ct
3003 700 3221 755 possum
3268 685 3546 739 remittere
3592 682 3840 749 diapente

2270 786 2322 837 a,
2381 772 2452 838 D,
2513 773 2637 843 quia
2694 772 2992 829 din‘erentia
3030 773 3364 845 sesquialteri
3414 781 3469 827 et
3511 770 3837 840 sesqnitcrtii

2267 865 2534 935 congruit.
2584 864 2736 932 item,
2782 866 3000 922 intendo
3046 867 3109 932 E,
3151 866 3210 941 ἡ.
3258 866 3541 936 diapente;
3586 867 3689 920 sed
3733 872 3841 918 non

2266 967 2484 1023 possum
2533 956 2812 1013 remittere
2869 957 3203 1013 diatessaron
3254 956 3314 1030 ἡ,
3371 956 3448 1021 F,
3499 955 3629 1026 quia
3681 951 3843 1009 smni-

2269 1046 2472 1100 tonium
2530 1062 2801 1117 nunquam
2858 1050 2965 1105 erit
3017 1050 3355 1120 sesquialtert
3402 1064 3467 1103 ac
3509 1044 3840 1118 s'esquitertii

2266 1134 2585 1192 din‘erentia.

2336 1238 2462 1295 Haec
2520 1240 2880 1312 pulcherrima
2933 1244 3131 1300 solutio
3181 1244 3450 1300 dictorum
3507 1240 3844 1298 solummodo

2265 1331 2546 1403 privilegio
2581 1344 2955 1405 scqnestratur
2994 1347 3155 1407 atque
3184 1336 3454 1391 immerito
3487 1349 3653 1389 aurea
3678 1345 3843 1389 voca-

2266 1433 2375 1480 tur.
2425 1425 2712 1482 Sciendum
2740 1444 2953 1498 quoque
2995 1436 3079 1484 est
3121 1428 3389 1492 Boetium,
3436 1423 3845 1494 antiquissimos

2265 1525 2506 1570 secutum
2553 1518 2807 1581 musicos,
2841 1526 2954 1572 tres
2987 1518 3202 1588 quidem
3238 1518 3481 1573 diversas
3506 1516 3844 1570 diatessaron

2266 1602 2476 1673 species
2498 1604 2750 1670 dillinire,
2775 1622 2909 1678 quas
2942 1615 3119 1660 tamen
3151 1606 3372 1661 minime
3395 1602 3624 1660 naturali
3657 1602 3847 1657 ordine

542 1704 545 1705 '
586 1689 795 1759 species
840 1689 1141 1748 formaliter
1191 1708 1289 1763 per
1336 1694 1378 1749 F
1432 1704 1488 1751 et
1532 1711 1630 1766 per
1670 1695 1706 1750 b
1756 1712 2163 1768 synetnmenon,
2199 1707 2239 1766 ῃ
2268 1692 2519 1761 disponit,
2545 1694 2670 1763 quia
2692 1709 2785 1750 eas
2825 1710 2856 1749 a
2898 1695 3114 1765 proprio
3147 1695 3293 1751 fonte
3320 1710 3425 1749 non
3454 1692 3672 1757 θάσσεις
3705 1692 3847 1762 ειυοά

540 1776 546 1783 ’
584 1781 837 1849 quamvis
860 1785 1291 1842 extraordinaria
1323 1788 1553 1854 ratione,
1576 1789 1688 1844 liat.
1721 1788 1918 1843 Eodem
1936 1789 2093 1844 modo
2121 1789 2166 1846 G

583 1879 779 1941 quarta
825 1872 1066 1930 ﬁnalium
1113 1891 1236 1931 eum
1283 1892 1314 1932 c
1365 1878 1522 1934 tertia
1552 1879 1912 1949 superiorum,
1964 1890 2023 1935 ut
2072 1881 2169 1937 ﬁat

583 1970 780 2033 quarta
809 1963 1148 2022 diatessaron
1188 1968 1417 2039 species,
1450 1986 1555 2025 non
1591 1970 1909 2027 fmderatur.
1959 1971 2091 2027 Nam
2120 1973 2166 2028 si
2207 2044 2210 2047 η

582 2049 847 2122 regularis
889 2051 1006 2122 ejus
1047 2055 1243 2125 positio
1273 2055 1611 2125 inspiciatur,
1658 2059 1710 2113 id
1739 2070 1821 2114 est
1850 2068 1977 2115 tono
2005 2059 2169 2115 semi-

583 2142 754 2209 tonio,
780 2144 884 2199 erit
909 2145 1087 2214 potius
1115 2148 1272 2204 tertia
1311 2150 1645 2206 diatessaron
1674 2152 1902 2221 species.
1926 2151 2095 2222 Igitur
2113 2160 2169 2206 et

540 2248 546 2256 ο
582 2230 637 2285 in
662 2230 763 2287 hoc
784 2232 902 2288 loco
929 2232 1231 2292 formaliter
1255 2246 1443 2308 quarta
1485 2241 1693 2310 species
1724 2257 1818 2311 per
1846 2241 1891 2297 G
1915 2257 1965 2306 c,
1999 2243 2167 2297 inter-

580 2320 722 2392 iecto
755 2324 1066 2393 semitonio,
1108 2343 1492 2399 syuemmenon
1534 2330 1782 2389 habetur.
1827 2332 2168 2389 Manifestum

579 2422 666 2471 est
707 2429 836 2487 ergo
875 2417 1002 2487 quia
1035 2418 1334 2478 institutive
1370 2424 1701 2480 diatessaron
1733 2426 1942 2497 species
1970 2441 2000 2480 a
2033 2424 2168 2482 tina-

579 2501 722 2564 libus
752 2516 897 2565 recte
927 2519 1274 2567 removentur
1300 2523 1355 2569 et
1385 2515 1770 2585 superioribus,
1819 2516 1944 2586 quia
1995 2516 2039 2572 si
2092 2518 2165 2572 ibi

577 2596 905 2655 naturaliter
931 2610 1136 2669 essent,
1189 2604 1332 2660 nulla
1373 2606 1560 2677 Illique
1606 2611 1816 2678 species
1845 2609 2073 2664 deesset.
2107 2608 2166 2666 Si

578 2686 725 2744 enim
766 2704 1175 2763 synemmenon,
1206 2697 1347 2765 quod
1386 2714 1491 2753 non
1522 2708 1606 2754 est
1646 2700 1913 2771 regulare,
1959 2701 2165 2769 aufero,

577 2777 736 2834 simul
762 2779 832 2835 ibi
866 2783 1079 2839 tertiam
1108 2786 1341 2854 speciem
1368 2803 1488 2843 cum
1513 2800 1704 2859 quarta
1733 2801 1840 2846 tam
1867 2793 2166 2848 naturalem

577 2881 736 2937 quam
770 2866 1048 2928 formalem
1077 2878 1422 2945 perconcino.
1458 2878 1564 2935 Sed
1592 2882 1715 2945 hoc,
1748 2892 1807 2938 ut
1831 2882 1987 2954 longe
2009 2898 2166 2954 snpe-

577 2957 693 3015 rius
730 2960 930 3017 dictutn
958 2972 1062 3029 est,
1096 2981 1202 3021 non
1224 2976 1307 3023 est
1340 2971 1564 3038 mirum;
1608 2990 1732 3028 nam
1767 2976 1954 3031 tertius
1977 2977 2164 3046 prima:

2267 1781 2443 1852 quivis
2471 1780 2697 1852 diligens
2724 1784 2933 1838 collatis
2955 1785 3155 1839 nostris
3183 1793 3236 1837 et
3267 1784 3438 1854 ipsius
3464 1782 3647 1837 verbis
3673 1780 3849 1851 pervi-

2268 1873 2392 1926 dere
2422 1874 2634 1942 poterit.
2677 1872 2791 1941 Qua
2834 1876 2899 1930 de
2923 1890 2979 1930 re
3000 1890 3126 1929 vero
3158 1875 3210 1928 in
3236 1875 3410 1929 forma
3439 1874 3629 1945 prima:
3656 1886 3849 1928 secun-

2267 1960 2390 2017 dum
2433 1960 2578 2016 illum
2626 1962 2769 2016 nulla
2812 1963 3027 2032 quidem
3080 1964 3283 2018 mentio
3327 1973 3430 2017 est.
3478 1961 3632 2018 Unde
3678 1961 3846 2018 etiam

2266 2047 2465 2104 factum
2521 2060 2602 2105 est
2656 2060 2715 2105 ut
2761 2051 3003 2121 ignorata
3060 2050 3218 2118 lmjns
3269 2052 3465 2123 speciei
3514 2051 3847 2121 proprietate

2269 2148 2453 2211 tmpus
2477 2157 2691 2212 quoque
2720 2143 3193 2212 Itypomixoliditts,
3244 2142 3401 2212 cujus
3448 2143 3562 2212 ipsa
3607 2147 3845 2213 eStspc-

2266 2230 2398 2294 cies,
2444 2229 2737 2300 incongrue
2784 2230 2934 2284 ﬂeret
2979 2231 3365 2301 dispositione;
3411 2232 3554 2300 quod
3602 2230 3733 2301 quia
3792 2229 3847 2284 il

2267 2304 2636 2388 superioribus
2668 2319 2897 2389 plenitcr
2918 2319 3268 2385 absolvimus,
3322 2320 3412 2375 hic
3454 2320 3568 2388 jam
3621 2319 3847 2376 minimo

2268 2409 2578 2478 repetimus.
2631 2410 2708 2463 Tu
2755 2425 2907 2480 ergo,
2935 2422 3213 2480 quousque
3241 2424 3300 2465 es
3326 2425 3476 2465 meus
3499 2409 3739 2478 auditor,
3788 2417 3848 2463 nt

2264 2498 2512 2568 superius
2542 2498 2634 2553 tibi
2655 2498 2787 2566 dixi,
2812 2514 2974 2554 causa
3006 2499 3298 2569 agnitionis
3327 2508 3604 2569 troporum
3635 2499 3846 2568 species

2258 2587 2369 2657 jam
2422 2589 2596 2645 dictas
2646 2599 2756 2644 tam
2807 2592 3024 2646 chordae
3070 2599 3267 2657 tractu,
3317 2607 3478 2662 quam
3535 2591 3658 2647 viva
3712 2605 3847 2646 voce

2264 2679 2471 2735 inculea
2509 2682 2799 2746 memorite,
2830 2691 2884 2736 et
2917 2682 3310 2747 lassitudinem,
3357 2680 3443 2736 vel
3495 2695 3708 2742 manus,
3758 2676 3847 2735 vel

2266 2772 2412 2825 voe's
2447 2771 2736 2838 propositis
2783 2771 2835 2824 in
2880 2771 3178 2839 quaestione
3224 2768 3492 2839 pre-dictis
3543 2767 3845 2823 rationibus

2265 2860 2547 2927 relevabis,
2581 2862 2766 2930 sicque
2799 2860 2996 2930 duplici
3021 2861 3358 2929 jocunditate
3409 2858 3700 2921 laetaberis,
3740 2858 3847 2914 hoc

2264 2960 2367 3017 est,
2383 2960 2439 3006 et
2459 2952 2741 3007 dulcedine
2763 2951 3141 3008 modulationis
3157 2960 3211 3008 et
3231 2951 3564 3008 alternorutn
3576 2950 3846 3006 varietate

576 3053 995 3110 mensurationis
1023 3071 1236 3125 passus,
1269 3061 1393 3130 quia
1427 3063 1663 3134 quinque
1704 3080 1864 3121 voces
1907 3066 2152 3132 includit,
2182 3058 2226 3119 C
2258 3057 2584 3099 δθνηιθηιιητ·

569 3140 754 3211 pOtius
800 3144 854 3198 in
905 3144 990 3202 his
1038 3146 1169 3204 locis
1220 3152 1590 3219 pentachorda
1618 3171 1779 3225 quam
1814 3157 2156 3212 tetrachorda

572 3241 851 3302 operatur.

1668 3478 1907 3534 Deuteri.

875 3449 1045 3527 Proti.
1668 3478 1907 3534 Denteri.
2541 3479 2700 3535 Triti.
2834 3544 2839 3549 ἱ
3318 3473 3586 3531 Tetrardi.

952 3620 982 3656 “
1217 3676 1272 3721 π
1466 3586 2131 3725 ῙΜἿμ-’ζ
2325 3682 2364 3712 ο
2603 3624 2635 3673 °
2880 3680 2934 3727 ευ
3154 3674 3195 3733 g
3433 3607 3469 3660 "
3719 3677 3775 3725 τε

634 3854 695 3917 ε
839 3850 881 3904 Ε
1026 3850 1068 3906 Ε
1214 3836 1254 3923 ξ
1483 3838 1538 3894 ..Ξ
1683 3849 1725 3906 1r
1868 3851 1909 3905 μ’
2055 3837 2094 3924 ξ
2306 3840 2360 3895 Ξ
2505 3854 2548 3907 G
2694 3854 2739 3909 α
2880 3836 2920 3924 ξ
3139 3834 3194 3891 Ξ
3340 3869 3368 3903 a
3528 3870 3559 3903 a
3717 3835 3760 3923 ξ

843 3919 884 3972 Ι)
1031 3923 1071 3975 [)
1213 3926 1229 3940 ⁸
1684 3922 1726 3976 Ε
1867 3921 1908 3975 Ε
2056 3929 2071 3944 ⁶
2508 3922 2550 3976 F
2697 3923 2736 3978 Ρ
2882 3930 2896 3945 ⁹
3338 3918 3385 3974 G
3529 3920 3577 3974 G
3719 3930 3733 3941 '

637 4122 826 4179 Nonne
852 4123 1163 4180 consideras
1187 4124 1414 4196 diligens
1440 4124 1606 4191 dicta,
1630 4133 1690 4180 ut
1714 4124 1877 4180 etiam
1899 4124 2149 4195 diapente

564 4215 778 4286 species
826 4230 855 4269 a
909 4216 1141 4286 propriis
1188 4215 1440 4271 ﬁnalibus
1490 4216 1722 4271 naturali
1770 4216 1960 4272 ordine
2009 4216 2146 4271 inci-

2329 3153 2604 3224 Perceptis
2645 3163 2825 3209 autem
2857 3154 3097 3222 perfecte
3118 3153 3450 3209 diatessaron
3479 3149 3733 3223 vocibus,
3763 3149 3845 3206 sic

2258 3260 2441 3301 susum
2472 3252 2526 3299 et
2546 3244 2725 3314 jusum
2750 3245 3002 3317 diapente
3024 3245 3233 3315 species
3253 3242 3517 3299 cantabis.

3318 3473 3586 3531 Tetrardi.

3433 3607 3469 3660 d

3535 3725 3568 3765 c

3523 3758 3572 3903 Ξ

3529 3920 3577 3974 G

2603 3624 2635 3673 ο

2325 3682 2364 3712 υ

2324 3715 2362 3778 ἒ

2316 3782 2362 3832 Ξ

2508 3710 2556 3781 la

2505 3803 2548 3907 ἑὲ

2508 3922 2550 3976 F

2697 3690 2745 3840 Ξ

2694 3854 2739 3978 li

3719 3677 3775 3774 ξ

3719 3779 3775 3831 Ξ.

3717 3835 3760 3923 ἕ

2258 4124 2344 4180 nis
2369 4124 2700 4194 totidemque
2725 4122 3026 4179 semitoniis
3045 4123 3369 4195 completur.
3389 4122 3519 4190 Quae
3543 4123 3654 4179 duo
3674 4125 3833 4179 semi-

2257 4213 2401 4268 tonia
2422 4212 2611 4282 juncta
2638 4230 2743 4269 tton
2769 4212 2970 4270 faciunt
2993 4216 3257 4286 integrum
3298 4226 3507 4278 tonum,
3533 4214 3723 4286 sicque
3762 4215 3829 4270 ad

564 4307 807 4379 piantur,
855 4306 908 4362 in
939 4308 1174 4379 propriis
1221 4308 1588 4379 superioribus
1629 4307 1953 4376 e‘xaltentur,
2011 4307 2148 4364 inof-
2177 4295 2225 4355 υ
2251 4306 2662 4376 completionem
2710 4304 2963 4376 diapente
3004 4320 3215 4362 comma
3258 4321 3380 4360 cum
3423 4305 3713 4363 semitonio
3737 4307 3828 4362 de-

561 4401 721 4462 fenso
748 4404 918 4475 gradu
956 4405 1022 4460 ad
1056 4403 1335 4461 exordium
1380 4420 1540 4460 suum
1583 4404 1969 4460 revertantur?
2002 4403 2151 4470 Quas

563 4491 715 4558 item,
741 4493 881 4548 sicut
903 4494 1148 4565 superius
1172 4494 1305 4560 dixi,
1353 4494 1398 4551 si
1447 4494 1720 4551 consuetis
1747 4493 2064 4550 differentiis
2093 4502 2150 4550 et

563 4580 977 4641 diﬁinitio'nib‘os
1004 4583 1330 4650 cantaveris,
1353 4598 1547 4640 suaves
1572 4584 1663 4639 tibi
1690 4593 1964 4654 treporutn
1996 4584 2153 4655 agni-

566 4675 742 4731 tiones
768 4674 1138 4746 comparabis.
1177 4673 1248 4730 Ut
1278 4685 1478 4737 autem,
1525 4675 1667 4730 sicut
1697 4674 2008 4745 przedictum
2037 4684 2141 4741 est,

559 4765 622 4826 in
640 4767 892 4837 diapente
908 4766 1276 4837 dispositionis
1302 4764 1427 4834 jure
1448 4767 1565 4823 dua:
1593 4781 1751 4823 voces
1775 4767 2141 4834 inveniuntur,

554 4854 619 4917 id
663 4868 749 4915 est
791 4858 856 4927 F,
902 4850 965 4935 ἡ,
1016 4875 1156 4929 ηοω,
1188 4859 1316 4916 licet
1336 4869 1567 4930 quatuor
1596 4875 1756 4916 Voces
1796 4861 2140 4930 concludant,

556 4955 740 5005 tamen
793 4964 824 5003 a
878 4950 1221 5006 diatessaron
1272 4951 1556 5020 speciebus
1607 4950 2003 5017 exeluduntur;
2067 4955 2140 5009 ita

552 5037 724 5094 etiam
761 5037 814 5091 in
841 5037 975 5094 locis
1022 5039 1358 5097 diatessaron
1389 5041 1604 5110 proprie
1649 5041 1930 5110 subjectis,
1963 5043 2013 5098 id
2056 5055 2139 5100 est

554 5127 815 5197 gravibus
842 5136 897 5183 et
924 5129 1194 5195 finalibus,
1241 5131 1609 5200 superiorilms
1654 5142 1708 5188 et
1746 5134 2138 5191 excellentilats

556 5215 678 5271 dua:
698 5228 879 5279 voces,
905 5218 956 5272 id
980 5227 1061 5273 est
1082 5218 1138 5280 Β.
1166 5217 1206 5272 F
1234 5220 1613 5288 reperiuntur;
1638 5237 1756 5289 qua:
1774 5224 1875 5279 etsi
1898 5223 2138 5295 quinque

555 5319 717 5328 -ΑΑΑΑ
761 5304 1036 5328 2.--.--.Ι--..ι
1118 5308 1174 5328 ,1.

2251 4397 2372 4453 erit.
2400 4397 2562 4469 Ergo,
2585 4397 2714 4467 quia
2739 4397 2831 4452 tali
2860 4397 3269 4468 imperfectione
3292 4407 3522 4461 tenetur,
3548 4397 3696 4454 inter
3711 4397 3824 4454 dia-

2249 4500 2411 4560 pente
2433 4491 2645 4562 species
2683 4490 2898 4545 censeri
2927 4504 3029 4544 non
3066 4500 3325 4544 tueretur.
3354 4487 3602 4559 Amplius
3633 4502 3652 4543 :
3677 4486 3823 4546 Inter

2246 4591 2482 4654 quatuor
2509 4584 2751 4638 diversas
2786 4581 3038 4651 diapente
3080 4581 3309 4651 species,
3336 4596 3457 4652 qua:
3502 4580 3820 4637 naturaliter

2248 4674 2486 4732 ﬁnalium
2511 4684 2566 4732 et
2593 4674 2934 4746 superiorum
2970 4673 3258 4730 collatione
3293 4674 3646 4738 construitur,
3677 4673 3815 4729 nulla

2224 4775 2351 4832 est,
2379 4782 2497 4837 qua:
2522 4767 2731 4823 duobus
2775 4766 2915 4821 tonis
2957 4765 3286 4836 to:idetnque
3326 4765 3633 4821 semitoniis
3672 4767 3814 4820 inve—

2243 4857 2423 4918 nitur;
2454 4865 2506 4911 et
2535 4856 2675 4921 ideo,
2703 4855 2845 4924 quod
2874 4855 2928 4908 in
2962 4854 3108 4908 fonte
3134 4868 3239 4910 non
3266 4853 3427 4908 fuerit
3457 4863 3616 4908 extra
3645 4855 3697 4907 in
3720 4853 3811 4923 by-

2241 4948 2439 5018 pocrisi
2474 4960 2743 5018 repertum
2780 4945 3055 5015 judicatur
3103 4954 3159 5000 et
3202 4947 3546 5016 reprobatur.
3588 4946 3810 5002 Poterat

2240 5038 2405 5094 etiam
2431 5039 2555 5093 hinc
2582 5039 2830 5093 subtilior
2852 5037 3036 5092 haberi
3069 5038 3228 5099 ratio,
3259 5054 3380 5109 quae
3418 5039 3491 5094 ita
3533 5039 3806 5109 procedet.

2218 5130 2467 5186 'Possum
2522 5131 2802 5187 intendere
2831 5133 3080 5201 diapente
3108 5133 3177 5197 A,‘
3204 5133 3265 5196 E,
3299 5141 3355 5187 et
3393 5133 3671 5190 remittere
3695 5134 3807 5187 diae

2222 5235 2482 5282 ’tessaron
2518 5227 2589 5291 E,
2613 5226 2671 5290 Β,
2696 5227 2820 5296 quia
2871 5226 3172 5283 dill‘erentia
3220 5229 3485 5298 congruit.
3527 5228 3658 5283 Item
3687 5243 3805 5297 pos-
