4010 5328
176 306 274 361 853

1432 301 1795 360 OPL'SCULA
1836 301 2109 359 MUSICA.

3321 309 3428 368 454

169 421 280 476 dem
329 432 582 473 causam.
633 415 897 472 Similiter
941 421 1010 474 de
1056 416 1098 473 F
1147 416 1453 473 dicendum.
1517 416 1741 472 Possum
1771 419 1817 477 Α
1847 417 1947 474 bus
1977 433 2081 472 non
2111 418 2366 488 reputari.
2392 418 2582 475 Postea
2606 433 2736 476 vero
2765 418 2918 492 quasi
2943 397 3027 479 sui
3058 419 3277 487 oblitus,
3293 420 3426 481 dum

167 513 302 568 enim
327 511 616 566 intendere
643 509 892 580 diapente
919 509 982 574 Ρ,
1013 526 1065 574 e,
1088 519 1138 564 et
1172 510 1450 565 remittere
1480 510 1744 564 diatessa-

166 615 256 656 ron
279 615 327 664 c,
353 597 419 656 ϐ.
457 599 592 653 Item
642 615 861 662 possum
900 599 1175 654 intendere
1216 600 1465 667 diapente
1489 600 1550 664 Ρ,
1579 617 1629 664 c,
1653 601 1747 656 sed

166 705 266 745 non
287 704 513 757 possum
545 688 825 744 intendere
848 689 1185 743 diatessaron
1220 689 1278 751 F,
1378 690 1502 759 quia
1519 689 1743 744 semite-

165 783 305 840 nium
347 796 449 851 pro
481 781 787 837 differentia
837 798 942 837 non
990 782 1113 837 erit.
1142 782 1296 848 Item,
1327 799 1542 854 possum
1574 783 1746 837 inten-

166 873 287 928 dere
313 868 378 932 Ρ.
406 871 466 934 b.
498 871 596 926 sed
618 887 724 927 non
747 886 969 943 possum
1007 871 1283 927 remittere
1313 872 1564 942 diapente
1592 873 1649 938 b,
1679 873 1744 936 E.

167 962 284 1034 quia
311 959 620 1016 diﬂ'erentia
644 978 741 1032 per
764 962 1109 1017 semitoninm
1139 979 1244 1018 non
1283 963 1406 1018 erit.
1442 962 1596 1026 Item,
1623 977 1750 1035 pos-

166 1067 280 1108 sum
309 1052 599 1108 remittere
642 1052 895 1124 diapente
929 1060 967 1130 η
989 1093 1003 1116 ,
1046 1054 1110 1118 Ε,
1138 1053 1230 1109 sed
1278 1070 1384 1108 non
1416 1069 1630 1124 possum
1665 1069 1747 1108 re-

168 1144 375 1199 mittere
415 1144 758 1200 diatessaron
784 1146 837 1210 b,
861 1146 924 1211 F,
952 1147 1075 1216 quia
1107 1147 1449 1201 semitonium
1495 1145 1746 1200 diﬂ‘eren-

167 1235 287 1287 tiam
314 1234 664 1303 sesquialteri
691 1252 754 1290 ac
774 1237 1104 1306 sesquitertii
1131 1253 1234 1291 non
1266 1237 1413 1291 facit.
1444 1236 1626 1291 Dill‘ert
1650 1253 1746 1290 au-

170 1335 271 1380 tem
293 1325 333 1380 F
361 1343 389 1378 a
414 1326 479 1392 B,
501 1327 630 1396 quia
653 1327 692 1382 [ι’
714 1343 742 1380 a
775 1343 833 1382 se
862 1329 1038 1383 media
1065 1339 1118 1384 et
1149 1328 1203 1382 in
1232 1339 1449 1383 acutum
1473 1329 1742 1397 diapente,

167 1417 290 1472 etin
318 1431 487 1482 grave
517 1417 772 1472 deorsum
799 1418 1134 1474 diatessaron
1175 1427 1350 1488 potest
1376 1417 1648 1471 remittere
1669 1415 1743 1486 [ἲς

170 1507 269 1560 sola
302 1510 443 1560 inter
474 1523 669 1562 omnes
697 1524 856 1564 voces
887 1525 915 1562 a
951 1525 1009 1563 se
1047 1510 1159 1578 ipsa
1201 1507 1376 1563 media
1406 1522 1500 1562 nec
1527 1522 1742 1561 sursum

171 1595 409 1664 diapente
443 1598 699 1664 intendit,
731 1614 829 1653 nec
856 1601 1107 1655 deorsum
1136 1601 1470 1654 diatessaron
1499 1599 1737 1653 remittit.

174 1685 316 1743 Unde
361 1704 391 1742 a
441 1691 771 1759 quibusdam
809 1693 1056 1761 ignobilis
1089 1702 1329 1756 vocatur,
1360 1706 1459 1761 nec
1486 1691 1647 1745 etiam
1689 1690 1740 1744 in

173 1779 347 1833 Ordine
371 1796 472 1835 suo
499 1783 711 1836 deutet'i
738 1783 1048 1837 sa’culorum
1075 1784 1236 1837 Amen
1269 1783 1479 1850 recipit.

1849 524 1970 579 quae
2018 509 2226 579 species
2274 509 2326 564 in
2376 510 2743 568 immbbtlibus
2771 513 2992 570 vocibus
3037 515 3427 573 contineantur

1848 598 2028 670 (-1002)
2076 599 2404 672 loqueretur,
2454 601 2599 656 illam
2653 604 2956 657 anomalam
3007 604 3067 667 Ρ,
3134 604 3211 671 B,
3261 619 3424 675 quam

1846 692 1996 762 prius
2023 691 2264 746 ultimam
2295 692 2491 762 posuit,
2539 693 2800 759 reticens,
2828 705 3058 763 quatuor
3077 696 3293 750 demum
3319 710 3420 751 na-

1849 781 2048 836 turales
2078 781 2328 852 diapente
2359 783 2567 853 species
2597 783 2666 838 ab
2688 783 2754 849 E,
2784 784 2838 838 in
2869 800 2920 844 e.
2951 785 3235 840 intendens
3255 785 3424 841 deno-

1848 875 2016 939 tavit;
2045 889 2153 929 non
2184 883 2362 929 tamen
2386 889 2506 946 quae
2526 875 2753 946 species,
2776 876 2861 932 cui
2895 886 3070 945 tropo,
3098 876 3184 930 vel
3202 892 3310 947 quo
3336 894 3425 934 or-

1847 965 1970 1020 dine
1998 963 2083 1020 vel
2123 963 2242 1018 loco
2270 966 2498 1034 aptanda
2521 965 2615 1028 sit,
2649 965 3060 1020 demonstravit.
3087 965 3196 1020 lloc
3218 974 3422 1030 autem,

1847 1055 1974 1123 quia
2005 1068 2036 1108 a
2066 1054 2221 1108 nobis
2241 1069 2382 1124 saepe
2406 1055 2456 1109 in
2490 1054 2858 1124 superioribus
2881 1054 3082 1108 dictum
3112 1054 3224 1123 jam
3256 1055 3428 1112 notis-

1848 1143 2043 1198 simum
2088 1154 2193 1209 est,
2233 1160 2340 1199 non
2391 1152 2474 1200 est
2521 1145 2755 1214 amplius
2807 1144 3238 1200 memorandum.
3275 1143 3425 1213 Qua-

1850 1247 2070 1310 pr0pter
2107 1237 2334 1294 ulterius
2356 1238 2466 1309 jam
2500 1249 2854 1303 transeamus,
2878 1246 2932 1293 et
2963 1253 3080 1308 qua:
3107 1238 3174 1292 ad
3197 1237 3426 1310 agnitio-

1849 1344 1947 1384 nes
1977 1338 2252 1398 troporum
2280 1328 2430 1384 utilia
2462 1337 2589 1383 sunt
2619 1329 2796 1384 adhuc
2816 1328 3094 1384 videamus

1917 1419 2100 1488 Itaque
2127 1419 2335 1488 species
2363 1419 2615 1489 diapente
2643 1427 2697 1474 et
2725 1419 3060 1474 diatessaron
3087 1417 3422 1489 singillatim,

1847 1519 1907 1564 ut
1935 1525 2094 1578 supra
2117 1508 2320 1562 dictum
2344 1519 2449 1573 est,
2483 1518 2589 1564 tam
2615 1524 2746 1564 voce
2776 1525 2936 1579 quam
2960 1510 3160 1564 chorda
3189 1511 3242 1564 in
3269 1525 3422 1564 usum

1849 1601 2038 1663 versis,
2071 1601 2278 1655 accedit
2319 1601 2492 1655 adhuc
2523 1599 2698 1670 major
2745 1611 3018 1670 troporum
3051 1599 3273 1670 agnitio,
3300 1616 3422 1671 qua:

1851 1692 1970 1744 talis
1996 1703 2077 1744 est
2124 1690 2409 1760 ntjunctis
2459 1690 2601 1745 binis
2647 1699 2700 1744 et
2731 1690 2871 1744 binis
2913 1687 3213 1759 speciebus.
3249 1689 3298 1742 id
3340 1699 3425 1744 est

1769 1774 1814 1835 Β
1840 1782 2010 1850 prima
2034 1797 2156 1837 eum
2185 1781 2376 1852 prima,
2408 1780 2641 1836 secunda
2673 1796 2793 1835 cum
2821 1780 3072 1842 secunda,
3111 1780 3268 1834 tertia
3297 1796 3421 1836 cum

238 1869 457 1928 Videtur
481 1886 666 1931 autem
701 1876 918 1930 Boetius
947 1877 1174 1944 quadam
1201 1875 1254 1928 in
1279 1874 1597 1928 deﬁniendis
1627 1874 1741 1926 dia-
1840 1871 2019 1937 tertia,
2044 1881 2233 1939 quarta
2265 1886 2387 1926 cum
2417 1879 2630 1940 quarta,
2662 1870 2712 1923 in
2745 1869 3032 1924 autenticis
3059 1870 3274 1940 quidem
3310 1870 3425 1924 dia-

1841 1973 2000 2032 pente
2037 1963 2392 2026 diatessaron,
2425 1962 2478 2016 in
2520 1961 2888 2033 subjugalibus
2917 1977 3045 2016 vero
3089 1962 3420 2018 diatessaron

1841 2053 2127 2122 pra'posilo
2153 2053 2402 2120 diapente
2433 2051 2696 2121 integrum
2726 2050 2986 2122 cujusque
3011 2051 3148 2123 tropi
3176 2051 3422 2108 ordinem

1841 2145 2338 2218 proprietatemque
2363 2159 2548 2199 susum
2579 2155 2631 2198 et
2651 2143 2831 2215 jusutn
2861 2144 3094 2207 recitare
3117 2143 3294 2201 discas
3318 2141 3424 2202 hoc

1846 2237 2005 2290 modo
2036 2254 2048 2288 :

172 1970 316 2032 pente
353 1965 646 2035 speciebus
683 1966 785 2022 labi
820 1967 1201 2021 inconstantia.
1234 1964 1363 2018 Nam
1391 1975 1622 2034 quatuor
1658 1980 1741 2017 ea-

173 2066 280 2106 rum
311 2057 608 2112 varietates
636 2072 756 2111 esse
786 2057 995 2117 dicens.
1025 2057 1239 2110 easdem
1282 2070 1308 2107 a
1336 2047 1645 2129 H'ptadrata
1671 2053 1738 2106 ad

174 2138 433 2212 Bgravcm
472 2147 706 2200 remittit
739 2165 750 2200 :
781 2148 833 2201 in
864 2148 1060 2216 quibus
1088 2146 1220 2200 locis
1245 2161 1435 2200 omnes
1471 2142 1740 2199 naturales

175 2247 269 2288 non
307 2236 592 2293 inveniens
617 2238 681 2304 F,
711 2239 768 2302 Β,
798 2239 1040 2293 ultimam
1074 2239 1242 2308 ponit,
1268 2253 1386 2308 qua:
1409 2237 1629 2307 probata
1657 2243 1738 2288 est

206 2337 380 2397 ropter
397 2345 512 2384 sua:
536 2330 856 2386 dilTereutize
879 2329 1145 2386 defectum
1171 2331 1222 2384 in
1253 2331 1504 2400 diapente
1527 2328 1733 2398 specie-

658 2517 955 2592 liyll'upltl‘y-

711 2593 866 2647 'gltts.

783 2685 828 2744 η.

1441 2513 1740 2582 Hypnnm-

1464 2581 1711 2636 χίυΙίιΙίιιες.

1574 2673 1614 2726 tl

1441 2513 1740 2582 Hypnnm-

1464 2581 1711 2636 Xtilitlins.

1574 2673 1614 2726 tl

1491 2759 1521 2794 «τ
1659 2757 1687 2795 c

1491 2819 1531 2879 Η
1657 2817 1696 2877 Η

1493 2903 1519 2938 :t
1663 2902 1690 2936 a

1489 2955 1530 3008 G
1653 2953 1696 3007 Ο

1487 3025 1524 3078 F
1661 3023 1698 3076 [ε’

1490 3096 1530 3149 Ε
1655 3095 1695 3148 Ε

1493 3167 1533 3220 [δ
1657 3167 1695 3217 υ

704 2764 732 2800 ει

697 2820 740 2873 G

707 2889 744 2942 ι,

704 2959 747 3013 Ε

706 3028 744 3080 ι)

702 3102 742 3152 (Σ

701 3170 738 3223 Β

289 2512 530 2581 Hypndo-
658 2517 955 2583 liypnpltt‘y-
1097 2513 1310 2582 llypult-

339 2584 468 2634 rin~.
711 2584 866 2647 'gius.
1135 2583 1273 2632 ilius.

392 2693 421 2728 a
783 2685 828 2744 ἣ,
1185 2692 1214 2727 c

297 2744 337 2798 G
463 2746 512 2800 G
704 2764 732 2800 a
869 2764 897 2800 a
1095 2752 1142 2812 Η
1257 2749 1300 2808 h

301 2815 338 2870 ιη’
465 2817 506 2870 F
697 2820 740 2873 ϐ
867 2817 907 2870 G
1100 2835 1128 2870 a
1267 2833 1295 2870 a

305 2887 343 2940 Ε
473 2887 518 2939 Ε
707 2889 744 2942 Ρ
870 2887 908 2940 1⁸⁸
1095 2888 1136 2940 (ἱ
1261 2887 1303 2937 (ἶ

305 2957 341 3010 Ι)
467 2956 512 3007 Ι)
704 2959 747 3013 Ε
871 2957 910 3010 Ε
1102 2957 1138 3010 F
1260 2957 1297 3010 [θ

308 3027 345 3081 C
456 3025 502 3080 C
706 3028 744 3080 ι)
865 3029 905 3081 D
1098 3029 1137 3082 Ε
1262 3028 1300 3081 Ε

302 3097 338 3150 Β
471 3095 516 3150 Β
702 3102 742 3152 (Σ
872 3099 913 3152 (3
1098 3100 1138 3152 Il
1261 3099 1299 3151 ἰ)

300 3171 339 3222 Δ
467 3168 512 3219 Α
701 3170 738 3223 Β
870 3170 908 3221 Β
1094 3167 1134 3222 C
1259 3168 1297 3221 (Σ

234 3391 406 3448 Nonne
448 3393 808 3465 perspicuum
837 3401 918 3445 est
965 3390 1250 3461 praedictas
1301 3389 1646 3444 diatessaron
1677 3394 1733 3441 et

177 3481 398 3552 diapente
446 3485 680 3556 species,
711 3484 774 3537 de
803 3483 1090 3552 purissimo
1125 3480 1271 3535 fonte
1313 3481 1556 3543 eductas,
1581 3487 1732 3532 recto

179 3574 343 3632 ordine
367 3593 488 3632 esse
527 3573 854 3646 dispositas?
885 3589 1006 3629 cum
1040 3569 1402 3642 ipsznjnnctm,
1436 3578 1493 3624 ut
1535 3583 1731 3639 pneceo

181 3663 291 3721 dens
330 3677 590 3722 monstrat
643 3666 832 3737 ﬁgura,
858 3666 1038 3720 omnia
1070 3662 1426 3725 octochorda,
1474 3662 1578 3716 hoc
1617 3671 1724 3725 est,

181 3753 410 3827 cujusque
440 3758 580 3826 tropi
607 3757 865 3825 diaptson
899 3770 927 3808 a
957 3754 1190 3824 propriis
1220 3753 1416 3807 litteris
1445 3752 1732 3806 inchoave-

181 3847 292 3914 rint,
314 3852 686 3915 mediaverint,
715 3850 1094 3914 exultaverim,
1123 3847 1377 3901 ﬁnierint.
1410 3845 1560 3901 Sicut
1583 3846 1728 3900 enim

1882 2543 2092 2598 Dorius.
2251 2541 2534 2614 Phrygius.
2675 2551 2875 2608 “dius.
3070 2513 3279 2639 Ἢῶίὲίε

1969 2674 2002 2726 ιι
2257 2653 2521 2726 *Γ
2631 2670 2923 2730 -τ-
3019 2660 3328 2752 ‘7—

1885 2758 1915 2796 C
2055 2756 2085 2796 C
2283 2741 2315 2794 ἀ
2449 2743 2481 2796 (1
2677 2763 2706 2802 e
2845 2761 2876 2801 ε
3076 2749 3104 2804 f
3243 2749 3272 2807 1⁵

1883 2813 1919 2889 ἥ
2047 2807 2084 2888 ἣ
2286 2825 2314 2863 ε
2447 2828 2476 2866 c
2678 2818 2709 2871 d
2847 2819 2880 2872 d
3071 2835 3102 2874 ο
3243 2837 3274 2875 ο

1889 2901 1918 2937 ³
2055 2903 2084 2937 ει
2277 2884 2316 2946 Η
2443 2887 2481 2946 Η
2681 2903 2709 2937 c
2843 2903 2871 2940 c
3073 2889 3103 2943 d
3242 2891 3272 2944 ά

1883 2954 1924 3008 G
2048 2953 2090 3007 δ
2285 2970 2312 3006 ³
2451 2971 2479 3006 ³
2675 2964 2710 3022 Η
2843 2961 2881 3022 Η
3072 2973 3102 3012 c
3239 2975 3270 3013 c

1877 3024 1917 3078 Ρ
2047 3023 2087 3078 F
2278 3022 2320 3076 (ἶ
2439 3023 2482 3077 (ἶ
2677 3045 2705 3079 :I
2843 3044 2870 3080 τι
3068 3033 3108 3094 κ
3231 3033 3272 3094 κ

1879 3095 1918 3149 Ε
2049 3094 2088 3147 lt}
2280 3092 2318 3146 F
2442 3094 2480 3148 F
2667 3097 2710 3153 ο
2837 3096 2882 3153 G
3070 3116 3100 3153 θ
3238 3119 3266 3155 ³

1884 3164 1923 3217 D
2052 3164 2093 3216 D
2283 3163 2320 3216 Ε
2449 3165 2488 3218 [ί
2541 3179 2551 3252 l
2673 3169 2711 3222 ιδ’
2843 3169 2879 3222 [4‘
3061 3170 3104 3224 ρ
3232 3173 3274 3227 G

1836 3401 2023 3441 corum
2077 3399 2428 3451 consensum,
2479 3384 2589 3441 imo
2615 3395 2803 3441 contra
2830 3385 3000 3457 ipsius
3033 3384 3155 3457 jura
3183 3397 3412 3458 naturae,

1835 3476 2022 3530 eadem
2047 3474 2198 3545 signa
2227 3475 2280 3530 in
2308 3491 2446 3530 nona
2479 3475 2657 3544 potius
2685 3491 2843 3544 quam
2870 3485 3062 3532 octava
3085 3479 3304 3550 regione
3319 3496 3413 3537 ve.

1833 3568 2016 3631 niant;
2042 3567 2251 3636 sicque,
2281 3567 2424 3636 quod
2441 3568 2601 3622 nimis
2627 3568 2918 3623 absurdum
2945 3571 3411 3636 est,characteres

1836 3665 2046 3711 tantum
2087 3673 2194 3711 non
2225 3673 2388 3712 voces
2433 3657 2791 3727 mqualitatem
2833 3659 3088 3716 habeant.
3139 3662 3445 3731 Quocirca.

1833 3748 1955 3802 talis
1990 3748 2358 3817 dispositionis
2389 3749 2568 3804 studio
2604 3749 3016 3808 immorantibus
3065 3755 3410 3811 consideran-

1834 3841 1956 3895 dum
1985 3851 2070 3896 est
2093 3842 2258 3910 quod,
2283 3842 2372 3896 ubi
2394 3841 2651 3912 dissipata
2680 3843 3054 3914 principalium
3076 3847 3404 3902 chordarum

181 3935 282 3994 dua:
323 3943 555 3997 minores
605 3940 962 4012 symphonim,
1006 3940 1148 4008 quod
1179 3952 1333 3990 suum
1366 3945 1473 4001 est,
1521 3935 1729 3989 duabus
1828 3931 2161 3998 operatione,
2194 3933 2504 4002 perturbata
2529 3935 3265 4006 specierum,constitutione,
3295 3937 3408 3994 dis-

180 4028 524 4104 lurequalibus,
559 4039 650 4091 sed
686 4045 864 4088 tamen
892 4033 1129 4104 propriis
1158 4029 1353 4084 litteris
1383 4029 1725 4091 clauduntur,

182 4121 248 4178 sic
271 4137 478 4182 econtra
505 4126 766 4188 maxima.
792 4124 842 4178 id
865 4135 947 4178 est
971 4124 1252 4192 diapason,
1276 4120 1419 4190 quod
1443 4133 1598 4174 suum
1621 4125 1726 4182 est,

183 4211 360 4272 duabus
408 4218 708 4288 mqualibus
751 4226 970 4285 propter
1019 4212 1426 4283 aequisonantiat
1481 4219 1727 4263 naturam

180 4305 401 4376 utrinque
427 4308 800 4372 concluditur;
834 4305 1104 4359 mediator
1132 4311 1310 4356 autem
1333 4299 1417 4355 vel
1446 4298 1726 4366 distingui.

182 4397 375 4452 tur-uua
403 4399 675 4462 dissimili,
707 4397 800 4452 sed
847 4404 1026 4449 tamen
1077 4407 1232 4464 aeque
1282 4390 1519 4462 propria.
1551 4389 1724 4456 Quod,

185 4483 299 4540 sicut
348 4490 496 4562 longe
546 4501 674 4545 ante
719 4489 922 4542 dictum
953 4495 1063 4548 est,
1098 4501 1202 4538 nun
1237 4484 1433 4537 mirum
1463 4481 1620 4536 debet
1650 4483 1727 4534 vi-

188 4576 283 4634 deri
307 4597 459 4650 quare
487 4598 606 4636 cum
662 4579 897 4651 propriis
928 4578 1122 4632 litteris
1164 4572 1583 4643 unumquodque
1613 4573 1728 4627 dia-

185 4672 395 4728 tessaron
423 4675 632 4744 sibique
656 4672 988 4728 conveniens
1017 4669 1266 4739 diapente
1297 4667 1492 4722 debeat
1521 4667 1571 4720 in
1608 4681 1723 4720 me-
1751 4697 1802 4757 Β
1901 4676 1963 4738 Α,
2000 4683 2180 4729 tonus,

190 4758 262 4813 dio
300 4766 557 4836 copulari;
593 4777 792 4827 tamen,
824 4776 949 4819 eum
1001 4759 1236 4813 nondum
1267 4755 1337 4811 ibi
1370 4756 1442 4810 sit
1489 4754 1722 4823 aequiso-

187 4856 338 4910 nantia
379 4861 442 4913 ab
491 4861 578 4915 his
627 4873 747 4928 qua:
799 4858 1060 4926 diapason
1108 4851 1383 4916 claudunt,
1418 4847 1724 4904 necessario

189 4953 320 4997 erunt
339 4946 576 5003 diversze.
607 4946 762 5002 Unde
792 4946 951 5015 longe
983 4958 1012 4995 a
1044 4941 1270 4996 veritate
1290 4938 1603 4996 discordant
1630 4939 1723 5007 qtti

188 5025 280 5085 fere
300 5036 479 5107 ubique
512 5039 563 5093 in
585 5038 795 5108 quintis
835 5037 968 5092 locis
1011 5032 1200 5089 tandem
1243 5033 1413 5100 signa.
1449 5031 1601 5101 quasi
1651 5029 1723 5106 ibi

189 5123 386 5189 perlecta
417 5129 702 5185 concordia
751 5128 839 5189 sit,
894 5134 1125 5196 ponunt.
1175 5122 1380 5192 Quibus
1417 5122 1582 5177 etiam
1627 5121 1731 5178 hoc

191 5210 298 5271 Vitio
320 5223 570 5293 contingit
596 5231 680 5288 ut,
710 5229 902 5276 contra
939 5231 1283 5273 communem
1312 5229 1527 5271 omnem
1564 5218 1727 5274 musio

1823 4023 1971 4093 jecto
2000 4033 2275 4096 troporum
2301 4027 2523 4092 ordine,
2561 4026 2634 4082 nil
2679 4026 2791 4083 fere
2835 4029 3096 4094 veritatis,
3143 4029 3220 4087 nil
3266 4047 3406 4104 pene

1831 4119 2170 4174 certitudinis
2208 4128 2442 4184 constat,
2488 4120 2623 4174 nihil
2662 4135 2721 4175 se
2768 4135 2980 4186 verum,
3020 4121 3153 4176 nihil
3199 4132 3410 4180 eertum
3471 4123 3480 4129 ’

1829 4219 2047 4265 acturos
2074 4211 2263 4265 sciant.
2281 4210 2433 4277 Quod
2457 4220 2514 4264 ut
2541 4210 2878 4267 manifestius
2901 4213 3012 4276 ﬁat,
3037 4214 3286 4272 eamdem
3306 4216 3409 4272 sub

1828 4300 2000 4356 oculis
2027 4300 2434 4371 dispositionem
2465 4316 2748 4370 ponamus.

1912 4387 1956 4461 ,ε
2290 4389 2329 4460 ὖ
2768 4374 2804 4451 5
2837 4428 2844 4432 -
3110 4385 3154 4462 Ε

1900 4489 1966 4552 Α,
2003 4497 2175 4543 tonus.
2288 4487 2347 4549 Β.
2390 4488 2639 4542 semiton.
2751 4487 2823 4551 0,.
2866 4497 2980 4543 ton.
3120 4488 3194 4553 Ι),
3225 4495 3337 4544 ton.

1905 4581 1952 4655 ἆ
2292 4579 2349 4652 ,Ι
2760 4582 2798 4652 /
3104 4578 3168 4654 J

2287 4673 2345 4732 Β,
2384 4673 2642 4728 semiton.
2753 4671 2818 4735 C,
2852 4679 2966 4728 ton.
3103 4670 3182 4736 D,
3214 4678 3328 4728 ton.

1922 4767 1965 4841 Ρ
2289 4763 2342 4836 Γ
2767 4750 2798 4823 ⁸)
3105 4763 3164 4835 Γ

1903 4857 1968 4919 Α,
2007 4867 2168 4911 tonus
2301 4854 2364 4921 Β,
2395 4853 2631 4912 semitm:
2765 4851 2831 4915 C,
2874 4860 2966 4905 ton
3117 4852 3183 4917 ι),
3230 4857 3345 4906 ton.

1914 4947 1955 5019 ἵ
2274 4945 2317 5017 ‘2
2750 4939 2800 4997 Χ
3116 4939 3159 5014 Ἰ

1903 5039 1970 5101 Α,
2001 5048 2178 5094 tonus.
2279 5035 2344 5102 Β,
2386 5035 2644 5093 semiton.
2756 5031 2822 5094 Ο,
2847 5037 2975 5094 ,ιοηο
3123 5031 3202 5094 ον
3229 5034 3352 5087 ωηο

1902 5144 1977 5191 ’τυ
2253 5132 2330 5194 ’κδ

1903 5223 1972 5288 Δ.
2004 5231 2184 5279 tonus.
2271 5217 2334 5285 Β,
2379 5215 2634 5276 semiton.
2674 5211 2890 5293 (1003).
