4010 5328
496 381 603 439 455

1393 382 1751 442 nmmum
1784 384 2172 443 CONTRACTI
2205 382 2572 444 AUGIENSIS
2607 365 2919 443 nomen!”

3671 381 3784 436 £53

573 496 631 552 Si
689 493 813 564 quis
839 492 1008 566 igitur
1049 493 1127 551 ita
1163 492 1438 552 studiosus
1478 497 1665 564 fuerit,
1698 507 1757 552 ut
1793 499 1976 554 omnia
2017 499 2085 553 ab
2190 498 2441 562 extremi,
2487 497 2540 552 id
2579 506 2680 562 cst,
2729 506 2921 567 protus
2956 502 3012 550 et
3053 488 3322 549 tetrarchis
3366 508 3460 566 per
3489 501 3677 551 tonum
3728 505 3789 551 et

498 588 658 648 lnitio
698 587 856 658 hujus
878 588 1124 659 opusculi
1155 589 1299 644 dicta
1335 590 1419 645 vel
1449 582 1705 661 deinceps
1735 592 1957 647 dicenda
1990 607 2086 662 per
2134 600 2135 603 ‘

498 678 644 738 hanc
668 678 1074 749 dispositionem
1101 679 1506 751 exemplilicare
1532 682 1848 747 certaverit,
1880 691 2086 750 quanto

498 774 581 831 se’
603 771 777 827 errori
822 770 1064 840 ejusdem
1114 771 1497 841 descriptionis
1545 773 1856 838 involverit,
1900 773 2088 844 procul

499 864 669 923 dubio
707 866 963 920 inveniet.
996 866 1161 937 Cujus
1193 868 1268 921 rei
1301 867 1610 922 facultatem
1642 867 1822 925 facere
1862 868 2090 923 volenti-

501 960 605 1016 bus
628 960 1017 1030 relinquentes,
1043 975 1164 1026 nos,
1185 968 1246 1015 ut
1271 958 1545 1015 fastidium
1572 961 1864 1029 legentium
1892 971 1945 1016 et
1963 977 2090 1031 ope-

502 1053 581 1109 ris
610 1052 999 1124 longitudinem
1025 1060 1409 1123 temperemus,
1441 1053 1492 1108 id
1514 1054 1837 1109 omittimus.
1865 1054 1934 1110 Ut
1962 1069 2091 1119 vero

501 1134 795 1215 cemimus,
817 1143 996 1199 adhuc
1022 1159 1184 1199 unam
1215 1143 1283 1200 de
1310 1144 1585 1217 agnitione
1622 1152 1900 1215 troporum
1929 1158 2089 1213 regu-

503 1227 616 1297 lam
660 1255 691 1295 a
735 1239 1030 1310 majoribus
1067 1239 1284 1310 quidem
1332 1250 1391 1294 ut
1434 1237 1622 1296 rudem
1668 1252 1904 1294 massam
1936 1238 2093 1293 ell’os-

506 1320 644 1398 sam,
673 1331 768 1387 sed
795 1330 1025 1402 pleniter
1049 1347 1154 1386 non
1187 1347 1216 1386 a
1243 1330 1493 1401 rubigine
1515 1337 1760 1385 ecoctam
1790 1328 2091 1393 videamus,

502 1437 760 1496 eamque,
790 1432 852 1478 ut
877 1423 1226 1495 diligentibus
1253 1431 1507 1478 constare
1528 1420 1750 1491 poterit,
1782 1419 2015 1474 lucidam
2041 1425 2096 1473 et

502 1526 702 1586 puram
740 1513 1051 1568 reddamus.
1101 1511 1233 1579 Qua:
1271 1512 1521 1566 videlicet
1558 1510 1763 1582 agnitio
1802 1510 1928 1577 licet
1962 1524 2095 1565 con-

505 1610 685 1661 tracta
714 1605 787 1663 sit
816 1603 1108 1671 brevitate,
1141 1612 1319 1658 tamen
1352 1603 1459 1660 lata
1490 1612 1546 1657 et
1575 1602 1805 1659 celebris
1832 1610 1916 1657 est
1944 1600 2099 1656 nobi-

506 1696 690 1763 litate;
733 1697 861 1769 quia
912 1696 1055 1766 quod
1102 1694 1255 1753 valde
1305 1694 1591 1768 pulchrum
1644 1694 1698 1749 in
1750 1710 1814 1755 ea
1858 1702 2095 1759 notatur,

508 1788 654 1844 inter
684 1787 934 1869 proprias
959 1796 1015 1844 et
1040 1787 1308 1861 legitimas
1335 1797 1615 1859 troporum
1648 1786 1805 1842 sedes
1827 1785 2102 1842 construi-

2190 590 2444 662 prOprias
2471 590 2685 660 species
2714 591 2991 660 diapente,
3014 588 3177 643 medii
3202 602 3351 652 vero,
3381 588 3432 642 id
3455 595 3557 654 est,
3588 590 3789 643 deute-

2191 700 2284 740 rus
2313 694 2368 740 et
2406 685 2565 739 tritus
2585 700 2682 756 per
2710 684 2955 739 ditonum
2986 692 3039 738 et
3064 681 3314 753 proprias
3341 681 3549 750 species
3579 683 3790 736 diates-

2191 789 2352 830 saron
2387 774 2690 829 variantur.

2261 864 2405 936 Ergo
2449 881 2557 921 uno
2587 866 2812 921 vulnere
2846 865 2899 920 in
2935 866 3039 922 hac
3073 865 3370 921 oll'ensione
3399 872 3618 929 sanato,
3646 863 3792 919 alte-

2193 972 2311 1013 ram
2347 958 2519 1014 tribus
2559 974 2759 1030 :egram
2792 958 3106 1014 vulneribus
3141 960 3486 1031 requiramus
3516 967 3571 1013 et
3600 957 3797 1012 humi-

2194 1056 2320 1112 liter
2346 1056 2570 1112 sanitati
2601 1056 2976 1110 restituatnus.
3014 1054 3077 1109 lli
3110 1065 3260 1121 ergo,
3294 1050 3361 1105 de
3384 1049 3587 1120 quibus
3610 1048 3798 1118 loqui-

2194 1163 2337 1212 mur,
2369 1146 2681 1219 ignorantes
2710 1161 2772 1201 ea
2822 1160 2943 1216 quae
2985 1145 3130 1200 dicta
3173 1151 3299 1198 sunt
3334 1140 3388 1196 in
3434 1156 3531 1195 sex
3559 1138 3796 1194 vocibus

2194 1239 2589 1310 perfectissime
2637 1250 2913 1303 constare,
2968 1237 3096 1293 dum
3150 1233 3414 1291 extractis
3461 1232 3799 1304 regulariter

2199 1331 2368 1388 tribus
2422 1332 2591 1402 tropis
2633 1347 2731 1402 per
2766 1330 2833 1395 A,
2872 1329 2935 1395 Β,
2977 1329 3039 1395 C,
3072 1337 3297 1398 quartus
3344 1327 3646 1382 secundum
3698 1339 3797 1380 eos

2198 1419 2481 1501 defuisset,
2512 1428 2925 1492 assumpserunt
2949 1419 3126 1475 adlmc
3156 1428 3361 1488 septem
3394 1431 3578 1481 voces,
3607 1423 3665 1468 et
3695 1430 3799 1468 an-

2200 1512 2525 1569 tedictorum
2561 1522 2840 1585 troporum
2877 1511 3124 1568 ordinem
3152 1508 3346 1580 tequali
3381 1508 3564 1580 regula
3595 1523 3697 1579 per
3728 1505 3798 1573 D,

2200 1607 2263 1673 E,
2289 1606 2329 1661 F
2355 1616 2680 1678 repetentes,
2708 1615 2964 1678 quartum
2997 1605 3212 1660 demum
3247 1612 3459 1672 tropum
3484 1617 3581 1672 per
3614 1599 3799 1655 solum

2199 1702 2245 1758 G
2273 1711 2402 1759 tono
2432 1703 2740 1769 remissum,
2775 1701 2985 1757 duobus
3023 1700 3164 1755 tonis
3195 1695 3592 1764 semitonioque
3613 1692 3803 1748 inten-

2203 1794 2423 1860 debant,
2447 1795 2519 1849 ita
2539 1803 2600 1849 ut
2620 1795 2824 1851 dictum
2846 1802 2931 1850 est
2951 1791 3346 1871 delinquentes,
3370 1785 3514 1858 quod
3537 1782 3799 1839 eumdem

510 1888 621 1959 tur.
652 1879 746 1934 Est
770 1887 949 1935 autem
972 1877 1088 1951 ejus
1111 1878 1230 1933 talis
1257 1879 1415 1933 ratio.
1440 1878 1639 1946 Accipe
1668 1876 2094 1941 tetrachordum,
2132 1888 2176 1948 Β
2205 1892 2419 1954 tropum
2446 1892 2634 1942 contra
2665 1884 2971 1955 oppositum
3003 1896 3184 1944 suum,
3223 1879 3277 1934 id
3318 1887 3403 1934 est
3439 1884 3689 1948 protum,
3733 1886 3801 1926 eo

508 1971 873 2044 quodcunque
903 1970 1163 2037 volueris,
1200 1971 1352 2025 verbi
1399 1970 1576 2041 gratia
1617 1968 1886 2041 gravium,
1914 1968 2100 2029 addito

506 2061 767 2131 utrinque
809 2071 965 2127 tono,
990 2061 1161 2116 habes
1202 2061 1458 2116 terminos
1497 2060 1808 2124 modorum,
1840 2059 1931 2129 qui
1970 2060 2102 2114 fiant

511 2153 672 2210 sedes
704 2160 1005 2222 troporum.
1035 2151 1174 2207 Sunt
1206 2159 1387 2207 autem
1421 2161 1658 2221 quatuor
1702 2150 1858 2221 tropi,
1892 2158 1946 2205 et
1980 2149 2104 2204 toti-

513 2244 638 2301 dem
667 2259 860 2299 vocum
884 2244 1049 2298 modi.
1082 2243 1294 2299 Primus
1318 2258 1508 2298 vocum
1541 2242 1731 2298 modus
1756 2250 1837 2297 est
1857 2241 1948 2311 qui
1975 2248 2103 2295 tono

514 2334 823 2405 deponitur,
854 2344 908 2390 et
943 2334 1117 2404 prima
1161 2335 1342 2404 specie
1369 2333 1621 2405 diapente
1653 2332 1970 2388 intenditur.
2004 2330 2105 2385 llic

514 2427 680 2484 habet
727 2428 1057 2498 agnitionem
1106 2426 1159 2482 in
1196 2427 1295 2483 hac
1345 2428 1690 2498 antiphoua:
1740 2425 1920 2496 (lOOi)
1976 2424 2107 2480 Pro-

514 2522 686 2592 pheta:
718 2520 1164 2591 prmdicaoerunt;
1195 2529 1250 2576 et
1291 2537 1304 2573 :
1348 2520 1416 2575 In
1446 2529 1536 2575 tuo
1565 2520 1810 2584 adventu,
1858 2527 1911 2574 et
1955 2517 2107 2573 sitni-

515 2611 681 2678 libns,
713 2626 834 2686 quae
860 2626 957 2666 sex
984 2611 1219 2666 chordas
1251 2627 1355 2665 non
1385 2611 1678 2666 excedunt.
1705 2608 1803 2665 llic
1837 2609 2028 2664 modus
2051 2608 2104 2662 in

514 2702 907 2775 principalibus
936 2703 1074 2772 proti
1103 2703 1321 2757 chordis
1363 2702 1426 2767 A,
1477 2702 1539 2767 D,
1572 2718 1624 2768 a,
1667 2701 1719 2766 d,
1767 2701 2104 2772 agnoscitur.

517 2791 829 2851 Secundum
877 2793 1096 2853 modum
1156 2793 1343 2851 ditono
1393 2795 1700 2857 remissum,
1750 2803 1807 2849 et
1866 2792 2106 2848 secunda

515 2886 701 2956 specie
724 2886 1063 2941 diatessaron
1090 2886 1359 2941 intonsum
1391 2886 1444 2941 in
1475 2886 1866 2957 principalibus
1886 2886 2107 2942 chordis

522 2978 739 3049 deuteri
766 2977 828 3045 Β,
847 2977 904 3042 Ε,
926 2971 985 3050 ἣ,
1005 2995 1058 3043 c,
1076 2979 1399 3041 existentem
1417 2980 1606 3050 pandit
1632 2981 1747 3035 haec
1770 2980 2063 3049 antiphona
2091 2998 2105 3034 :

521 3066 705 3130 Gloria
730 3072 842 3125 lucc
868 3082 967 3137 est,
997 3080 1050 3127 et
1080 3071 1285 3127 similes
1317 3086 1412 3126 seu
1448 3072 1756 3133 autenticm,
1791 3087 1885 3127 seu
1919 3072 2103 3145 subju-

522 3163 692 3233 gales,
717 3180 838 3235 quae
866 3181 959 3221 sex
984 3167 1217 3221 chordas
1241 3181 1345 3220 non
1369 3166 1657 3221 excedunt.
1684 3166 1898 3222 Tertius
1921 3169 2110 3224 modus

2203 1992 2314 2047 quo
2335 1975 2537 2033 dictum
2563 1984 2647 2032 est
2670 1975 2832 2032 modo
2855 1990 2958 2032 non
2986 1978 3393 2036 converterunt;
3428 1966 3623 2023 deinde
3653 1962 3803 2034 quod

2203 2080 2327 2135 eum
2362 2081 2523 2139 supra
2560 2065 2777 2123 modum
2819 2064 3185 2127 intendentes,
3225 2059 3522 2131 legitimam
3562 2069 3663 2110 sex
3707 2066 3803 2106 vo-

2206 2177 2330 2218 cum
2371 2170 2571 2216 metam
2612 2167 2987 2224 excesserunt,
3035 2170 3156 2227 quae
3200 2169 3229 2209 a
3275 2151 3319 2209 (ἒ
3361 2149 3626 2231 incipiens
3670 2147 3728 2201 in
3770 2159 3805 2207 a

2205 2252 2527 2325 porrigitur;
2591 2260 2866 2322 postremo
2920 2246 3168 2303 eamdem
3224 2242 3589 2306 intensionem
3646 2236 3797 2295 nulla

2207 2342 2427 2414 propria
2456 2341 2638 2413 specie
2666 2339 3041 2396 confecerunt.

2279 2433 2423 2504 Ergo
2468 2432 2610 2487 hanc
2645 2429 2973 2503 agnitionem
3022 2438 3299 2498 troporum
3341 2425 3395 2480 in
3436 2423 3681 2496 quolibet
3722 2430 3805 2477 ter-

2211 2525 2522 2591 traehordu,
2559 2522 2770 2594 adjecto
2798 2524 3051 2593 utrinque
3082 2532 3229 2586 tono,
3258 2518 3498 2591 perfecte
3527 2518 3644 2573 fieri
3678 2534 3803 2573 ma-

2208 2620 2465 2674 nifestum
2507 2625 2611 2693 est.
2663 2615 2720 2671 Si
2757 2613 3220 2687 quadrichordum
3253 2610 3798 2693 gravittnrelegeris.

2209 2711 2315 2768 erit
2342 2710 2438 2766 tibi
2473 2716 2722 2781 quartus,
2753 2708 2820 2763 de
2855 2721 2962 2777 quo
3000 2706 3203 2777 agitur,
3238 2714 3425 2774 tmpus
3464 2703 3517 2757 in
3567 2702 3633 2767 D,
3670 2703 3800 2771 quia

2211 2803 2517 2860 communis
2546 2811 2631 2859 est
2664 2802 2807 2857 inter
2849 2808 3064 2872 protunt
3092 2807 3148 2854 et
3179 2798 3503 2854 tetrardum.
3548 2796 3606 2850 Si
3640 2794 3804 2849 finale

2202 2895 2533 2969 sumpseris,
2568 2894 2671 2949 erit
2710 2892 2805 2949 tibi
2851 2898 3073 2946 econtra
3102 2898 3294 2961 protus
3329 2887 3382 2942 in
3424 2886 3489 2952 ι),
3526 2885 3804 2942 tctrardus

2212 2989 2266 3053 in
2316 2987 2382 3050 (ἱ,
2423 3001 2692 3058 nusquam
2726 2984 2983 3056 prccdicta
3018 2982 3306 3038 vacillante
3343 2980 3549 3052 regula.
3593 2979 3802 3034 Eadem

2213 3079 2267 3134 in
2295 3077 2666 3149 superioribus
2695 3086 2751 3132 et
2780 3074 3174 3133 excellentibus
3206 3071 3474 3144 speculari
3509 3071 3658 3127 licet.
3689 3070 3806 3124 ala-

2212 3170 2467 3226 nifestnm
2495 3179 2578 3224 est
2606 3182 2736 3241 ergo
2764 3168 2816 3223 in
2847 3167 2949 3223 hac
2979 3165 3165 3236 regula
3194 3164 3404 3235 priores
3432 3162 3672 3218 musicos
3692 3176 3802 3216 non

522 3256 689 3313 tertia
724 3256 904 3326 specie
929 3257 1267 3311 diatessaron
1301 3257 1622 3322 remittitur,
1649 3268 1704 3311 et
1726 3259 1912 3313 ditono
1938 3258 2111 3313 inten—
2137 3280 2182 3340 ρ
2214 3260 2475 3331 agnitioni
2512 3269 2789 3330 troporum
2828 3258 3160 3324 intendisse,
3208 3256 3302 3311 sed
3349 3254 3678 3325 simpliciter
3703 3268 3803 3323 per

525 3345 693 3408 ditur,
726 3346 868 3401 sicut
901 3347 1011 3400 triti
1051 3346 1382 3415 principales
1414 3348 1631 3403 chorda:
1661 3348 1723 3413 C,
1771 3348 1834 3411 F,
1864 3364 1915 3413 c,
1952 3348 1988 3414 f,
2019 3351 2112 3404 dc-

525 3437 759 3499 elarant.
801 3438 971 3511 lhtjus
995 3440 1256 3494 indicium
1282 3449 1368 3494 est
1408 3440 1458 3493 in
1496 3440 1596 3494 hac
1624 3442 1917 3511 antipbona
1952 3459 1966 3496 :
1996 3441 2113 3496 Mo-

524 3529 705 3585 dicum
741 3541 789 3584 et
829 3548 939 3586 noui
969 3530 1102 3595 rid.,
1146 3540 1203 3585 et
1248 3531 1535 3585 similibus.
1585 3532 1849 3597 Quartum
1894 3533 2111 3587 modum

523 3635 727 3680 vocum
778 3632 906 3678 tono
952 3622 1242 3687 intensum,
1302 3632 1357 3677 et
1402 3634 1598 3693 quarta
1633 3625 1814 3693 specie
1860 3626 2115 3695 diapente

527 3716 825 3773 remissum
852 3715 1091 3771 tetrardo
1125 3715 1550 3784 aptamus,,quia
1595 3716 1763 3785 ipsius
1792 3716 2116 3786 principales

526 3807 749 3865 chorda:
774 3807 833 3871 Ι),
872 3805 942 3869 G,
968 3807 1020 3871 tl,
1049 3822 1082 3876 ες
1120 3805 1269 3861 illum
1297 3806 1614 3869 coniiciunt,
1641 3808 1783 3876 quod
1817 3807 1869 3861 in
1906 3808 1989 3862 his
2018 3824 2119 3861 ana

528 3898 771 3971 tipbonis
800 3916 822 3953 ε.
850 3897 912 3953 Si
934 3915 1049 3953 vere
1072 3899 1263 3968 fratres
1291 3908 1345 3954 et
1372 3917 1385 3954 :
1417 3899 1574 3954 Multi
1595 3900 1812 3961 venient,
1841 3909 1896 3954 ct
1924 3900 2116 3955 simili-

528 3992 634 4049 bus
663 3999 843 4063 potest
870 3991 1129 4063 dignosci.
1163 3992 1294 4059 Qua:
1324 4007 1457 4063 ergo
1483 3993 1628 4047 dicta
1656 4000 1782 4047 sunt
1814 3992 1865 4045 in
1893 4007 1986 4046 sex
2018 4006 2114 4045 vo-i

528 4083 687 4139 cibus
713 4092 1027 4139 constructa
1056 4092 1163 4138 tam
1188 4085 1389 4140 senarii
1431 4084 1662 4148 numeri,
1693 4099 1855 4153 quam
1894 4082 2116 4137 maximi

529 4175 824 4240 intervalli,
860 4177 1003 4245 quod
1054 4185 1133 4232 tot
1172 4178 1393 4233 vocibus
1440 4185 1673 4244 constat,
1724 4175 2119 4247 perfectionem

528 4264 929 4322 demonstrant.

602 4358 670 4413 Et
716 4359 829 4414 hcce
878 4361 1176 4415 sccundmu
1218 4370 1459 4416 nostram
1497 4361 1921 4431 speculationem
1970 4362 2117 4417 dicta

529 4458 691 4516 sunt;
724 4458 981 4505 caeterum
1016 4451 1248 4521 majores
1286 4452 1338 4507 in
1376 4453 1460 4507 his
1491 4449 1808 4508 ell‘udiendis
1844 4452 2029 4523 agiles,
2061 4453 2114 4507 in

529 4543 897 4613 expurgandis
922 4558 1133 4613 segnes,
1167 4545 1294 4598 dum
1330 4544 1472 4614 saepe
1510 4544 1707 4599 dictam
1744 4544 1784 4597 Ι)
1813 4544 2116 4600 biforinita-

2214 3362 2420 3422 septem
2469 3367 2662 3407 vocum
2710 3350 3029 3406 discrimina
3085 3357 3293 3419 septem
3339 3362 3559 3418 quoque
3615 3356 3802 3416 tropos

2217 3446 2609 3499 dinmnerasse.
2643 3443 2797 3499 Unde
2831 3443 3052 3512 quidam
3095 3442 3341 3513 ignorata
3382 3439 3723 3496 biformitate
3764 3437 3803 3492 D

2216 3544 2464 3591 octavum
2520 3546 2732 3605 tropum
2774 3534 2997 3589 omnino
3048 3541 3362 3598 tacuerunt;
3402 3530 3623 3601 quidam
3674 3542 3802 3584 eum

2217 3642 2380 3697 super
2403 3628 2748 3697 magistrum;
2771 3626 2991 3695 quidam
3015 3641 3138 3680 cum
3164 3625 3283 3694 ipso
3302 3632 3616 3678 statuerunt
3639 3637 3656 3677 :
3680 3639 3803 3694 quae

2215 3719 2398 3773 omnia
2425 3717 2703 3787 a-qualiter
2730 3715 2963 3771 absurda
2990 3731 3110 3771 esse
3148 3730 3307 3771 nemo
3335 3724 3421 3769 est
3452 3714 3543 3783 qui
3572 3715 3800 3770 nesciat.

2218 3808 2275 3865 Si
2314 3809 2457 3863 enim
2489 3818 2717 3879 quartus
2752 3808 3058 3863 autenticus
3092 3805 3428 3877 subjugalent
3467 3822 3575 3861 non
3615 3807 3801 3872 habet,

2218 3901 2359 3954 unde
2393 3910 2502 3955 tres
2541 3898 2909 3969 prmccdentes
2944 3899 3181 3954 habent?
3219 3898 3277 3953 Si
3312 3897 3496 3958 habet.
3528 3898 3626 3953 sed
3663 3896 3802 3967 inju-

2217 3989 2361 4044 riose
2404 4005 2503 4044 suo
2541 3990 2926 4061 superponitur
2955 3990 3142 4060 capiti,
3177 3990 3247 4045 ibi
3287 4005 3411 4044 eum
3465 3989 3645 4045 locum
3698 4006 3801 4045 non

2218 4082 2420 4139 habere
2474 4093 2582 4140 tam
2641 4084 2993 4152 subjectionis
3038 4084 3162 4155 jure
3209 4097 3375 4153 quam
3431 4082 3803 4152 dispositionis

2216 4180 2430 4235 ratione
2459 4179 2785 4235 snliieienter
2815 4180 2866 4233 in
2894 4178 3272 4248 superioribus
3298 4186 3664 4232 monstratum
3695 4186 3799 4231 est.

2138 4304 2143 4311 ·
2220 4270 2276 4328 Si
2300 4272 2594 4328 secundum
2625 4271 2887 4343 quosdam
2927 4272 3095 4341 ipsius
3130 4269 3376 4341 magistri
3406 4268 3511 4324 sibi
3550 4268 3799 4323 semitam

2218 4365 2518 4433 usurpabit,
2555 4364 2840 4419 ridiculum
2886 4364 3019 4424 erit,
3072 4362 3200 4432 quia
3249 4361 3391 4416 inter
3432 4360 3478 4416 G
3523 4369 3580 4414 et
3625 4375 3659 4429 g
3700 4373 3803 4413 una

2218 4454 2416 4518 media,
2441 4454 2492 4508 id
2518 4462 2601 4509 est
2626 4455 2656 4508 (Ι
2684 4454 2973 4517 existente,
3000 4451 3337 4521 simplicibus
3359 4466 3576 4521 quoque
3605 4449 3805 4503 diates-

2219 4561 2382 4600 saron
2411 4555 2467 4600 ot
2494 4546 2744 4616 diapente
2773 4545 3056 4615 speciebus
3100 4543 3202 4598 sibi
3246 4541 3672 4598 succedentibus
3714 4539 3804 4594 illo

531 4641 641 4689 teut
691 4651 796 4689 non
843 4636 1216 4699 attendcbant,
1264 4636 1317 4689 in
1364 4646 1562 4705 quarto
1594 4635 1712 4691 loco
1754 4637 1933 4706 quarti
1976 4635 2113 4705 tropi
2146 4635 2193 4695 D
2222 4638 2383 4693 modo
2413 4636 2714 4691 bifnrutitas
2743 4637 2813 4691 ihi
2847 4651 2950 4691 non
2982 4636 3111 4699 erit,
3136 4650 3246 4705 quo
3275 4635 3417 4689 inter
3446 4633 3489 4687 D
3521 4641 3580 4686 et
3609 4631 3642 4685 tl
3668 4629 3803 4684 dua-

527 4727 869 4798 agnitioncm
907 4728 1293 4782 subtrahentes
1323 4726 1685 4790 oll‘en'debaut,
1732 4743 1839 4782 non
1869 4728 2119 4783 conside-

529 4827 741 4884 rantes,
779 4828 959 4889 tropos
983 4818 1212 4874 invicem
1243 4818 1482 4872 converti
1513 4836 1527 4872 :
1562 4828 1620 4871 ut
1651 4827 1838 4888 protus
1870 4828 1996 4872 tono
2026 4819 2119 4873 de-

528 4910 741 4982 positus
770 4911 942 4981 prima
974 4910 1157 4982 specie
1180 4909 1433 4979 diapente
1462 4909 1805 4972 intendatur;
1843 4910 2116 4965 tetrardus

529 5015 664 5058 vero
682 5012 903 5058 econtra
926 5013 1121 5073 quarto
1146 5004 1193 5058 ei
1218 5002 1336 5058 loco
1362 5003 1667 5072 oppositus,
1695 5011 1820 5058 tono
1848 5003 2113 5069 intensus,

524 5102 725 5167 quarta
754 5096 935 5166 specie
964 5096 1218 5164 diapente
1251 5094 1586 5160 remittatur;
1625 5095 1883 5150 deuterus
1926 5094 2114 5151 ditono

527 5185 795 5230 malisque
826 5186 1059 5230 conttmln
1099 5186 1279 5230 snenin
1321 5184 1575 5230 alinnmtln
1612 5187 1945 5230 remittatur-
1984 5183 2117 5230 Tur.

2220 4733 2320 4787 bus
2349 4729 2541 4784 mediis
2566 4729 2607 4786 (ἱ
2639 4738 2693 4783 et
2729 4744 2777 4788 a,
2823 4727 3106 4798 speciebus
3133 4739 3350 4796 quoque
3379 4723 3723 4777 diatessaron
3750 4725 3804 4774 et

2222 4819 2476 4893 diapente
2503 4837 2608 4875 non
2649 4818 2970 4888 simpliciter
2991 4816 3354 4873 existentibus
3374 4813 3655 4883 aptissima
3680 4811 3805 4864 duo-

2218 4916 2321 4972 bus
2361 4913 2532 4984 tropis
2555 4912 2732 4967 sinum
2763 4910 3069 4966 biformitas
3100 4906 3294 4979 aperit.
3337 4904 3447 4966 Sed
3474 4904 3543 4959 de
3577 4903 3666 4958 his
3692 4900 3803 4969 jam

2220 5006 2553 5065 sufficienter
2579 5003 2783 5058 dictqu
2813 5010 2918 5058 est.

2290 5098 2548 5156 Nonnihil
2573 5111 2788 5169 quoque
2814 5095 2881 5151 ad
2894 5094 3222 5166 agnitionem
3238 5088 3485 5162 proderit
3506 5095 3801 5154 troporum,

2222 5194 2266 5230 ci
2297 5193 2419 5230 mnia
2449 5188 2608 5230 cimnl
2632 5188 2872 5230 ninnium
2892 5198 3166 5230 tmnnrnm
3190 5180 3542 5230 diversitates
3557 5179 3800 5230 dinume-
