4010 5328
664 1709 709 1778 εξ

670 1785 707 1834 .=

659 1832 722 1938 ἒ

652 1945 705 1989 ει

666 2029 704 2107 ἓ

667 2113 703 2175 ἓ

651 2177 716 2252 ἓ

1470 194 1834 259 GFUSCULA
1876 201 2155 261 MUSICA.

1581 426 1666 482 ιιι.
1736 434 1745 489 Ι
1811 432 1897 493 ιν,
2049 434 2112 494 ν.
2234 426 2379 500 WVT,

1044 523 1452 671 mi
1495 527 1849 671 θ’
1889 523 2188 669 s.
2228 526 2340 669 Ισυ
2384 523 2847 671 ἴπ.ὶαι,ἲν,1ἷ

1582 677 1689 745 π
1726 677 2629 760 ⁷Πῖ-ΫἾῗ-Ἦξ

1045 772 2729 927 Βιδ.ίονῖ,ἷ⁰’.ἵ.ἶενδ.1⁹’νΗθιίίθιῖῖῖ
2795 828 2849 889 η·

1044 1041 2728 1189 inmetata.alma.metu
2794 1097 2846 1138 ο.

909 1219 964 1260 ω
1112 1202 1152 1265 ι,
1334 1204 1397 1268 ιι.
1576 1210 1663 1264 ιιι.
1732 1210 1743 1281 ι
1809 1213 1902 1277 tv,
2051 1198 2899 1275 v."'_W.—Tt't._—

1043 1307 2853 1451 “iiiE'siF’ilG'ii-b“bsic,”d'

831 1436 875 1519 ζει
1082 1468 1146 1529 ιι.
1326 1471 1409 1535 ιιι,
1551 1474 1643 1529 tv.
1734 1475 1876 1543 ιν,
2051 1479 2175 1537 νιν
2286 1478 2391 1532 vu.

788 1564 2471 1714 D’HE'si’VHG’ila’iimsihil
2539 1609 2591 1664 ά·
2684 1659 2773 1697 ω

785 1828 2468 1981 ενειιτ.θεονιιειυιιιτιειειιιαοιι
2537 1890 2586 1931 e-
2680 1822 2777 1988 Ξ

850 1992 894 2055 ι,
994 1979 1404 2061 ιἰ,““’“”ιιι,
1468 1986 1488 1995 “

783 2093 2573 2243 Ὲνῖ.Ι⁶νῖ.ἶ³νῖ.ἷηνε.ἷονἵ.ἷί¹νῗτ.ἷθνδ.¹ίο

741 2240 1133 2325 -.-ι,-“ιι,
1314 2262 1399 2324 ιιι.
1548 2264 1738 2357 ιν...]
1807 2265 1871 2329 v,
2044 2268 2131 2330 Vl,
2230 2268 2388 2323 .vu.
2679 2269 2716 2323 εδ

777 2362 2588 2508 ’ἶιΗθοἷ.ἷηο.ς.ἷονῖ.1ί¹»ἷ.ξθνε.ίΕΗΒ·

3337 200 3446 262 538

2938 649 2993 690 cn

2925 694 2976 727 τε

2938 729 2979 791 2

2939 818 2978 878 (ὦ

2939 946 2993 1007 Ξ

2924 1012 2977 1080 ἕ

2940 1082 2978 1150 ἓ

2939 1159 2983 1232 ξε

2667 1659 2737 1735 ξ

2682 1737 2735 1817 ἓ.

2681 1946 2735 2007 Ξ

2681 2015 2725 2103 ξ

2680 2106 2718 2161 e

2682 2168 2717 2195 τὲ

2679 2204 2717 2301 Ξ

235 2835 296 2894 Si
320 2837 449 2910 quis
479 2837 557 2893 ita
586 2834 799 2893 hebetis
829 2826 1027 2908 ingenii
1054 2833 1218 2892 fuerit
1242 2844 1304 2891 ut
1331 2834 1750 2908 prmcetlentium
1779 2837 1831 2899 Α
1856 2844 1917 2891 ut
1968 2835 2022 2891 in
2063 2835 2247 2892 habitu
2274 2834 2509 2892 hominis
2530 2834 2659 2894 licet
2688 2835 2871 2893 dicere
2922 2838 3067 2898 bune
3116 2838 3258 2905 alba,
3289 2841 3440 2899 illum

163 2928 402 2986 lectione
424 2930 612 2985 minus
644 2928 904 3001 proficere
937 2931 1128 3000 possit,
1160 2930 1215 2984 iu
1259 2938 1582 3000 praesentem
1620 2928 1761 3000 figu-

163 3038 289 3080 I'am
315 3022 510 3079 oculos
546 3022 756 3094 infigat,
787 3022 1013 3094 digitum
1043 3022 1305 3094 impingat
1348 3032 1404 3078 et
1446 3024 1651 3093 absque
1685 3021 1763 3078 la-

160 3114 304 3174 bore
330 3115 483 3171 omni
532 3115 904 3169 diversitatem
955 3123 1010 3170 et
1049 3115 1400 3170 concordiam
1451 3124 1759 3186 troporum,

160 3206 540 3278 proprietates
585 3204 945 3274 ordinemque
978 3204 1219 3259 omnium
1252 3205 1556 3275 specierum
1596 3205 1764 3261 deno-

172 3305 273 3363 tet,
299 3304 358 3351 et
389 3311 490 3366 pro
511 3296 731 3352 modulo
756 3311 855 3351 suo
878 3295 1207 3351 sufﬁcienter
1236 3297 1290 3351 iu
1314 3297 1417 3353 hac
1443 3290 1561 3352 arte
1586 3298 1765 3353 scien-

173 3387 307 3443 tiam
364 3388 632 3457 acquirct.
693 3386 917 3441 Multum
966 3402 1185 3457 quoque
1213 3387 1280 3442 ad
1326 3389 1759 3458 cognoscendam

174 3489 455 3552 Impurum
479 3479 799 3547 qualitatem
830 3477 1006 3548 juvat,
1046 3479 1095 3533 si
1151 3487 1443 3535 consuetas
1489 3477 1763 3535 difiiuitio-

173 3583 293 3635 nes,
322 3568 814 3640 diibuitionumque
839 3569 1141 3625 versiculos
1161 3570 1470 3640 multosque
1501 3568 1761 3640 cujusque

172 3661 314 3732 tropi
340 3669 400 3718 et
425 3660 662 3716 maxime
691 3660 933 3731 prolixos
958 3668 1152 3716 cantus
1193 3660 1411 3715 assidue
1450 3661 1761 3717 ruminave.

170 3755 270 3822 ris,
298 3755 488 3826 quales
507 3764 633 3810 sunt
664 3754 718 3809 in
744 3754 1046 3825 hypodorio
1071 3768 1095 3808 τη
1114 3752 1443 3823 Callegerunt
1460 3752 1761 3822 pontiﬁces;

171 3844 305 3901 Cum
329 3845 638 3916 fabricator.
682 3843 739 3900 lu
772 3843 1171 3917 Itypopltrygio,
1196 3850 1310 3897 aut.
1338 3841 1380 3896 Τ
1383 3853 1469 3897 ota
1503 3843 1761 3913 pulchra;

173 3934 415 3993 Ostendit
441 3949 655 3992 satietas
688 3935 922 4002 (Iamne,
972 3946 1030 3991 et
1072 3935 1300 3990 similes.
1355 3933 1414 3989 lu
1467 3933 1756 4005 ltypolitlio,

173 4036 288 4083 aut.
345 4027 760 4092 Adarnathal.;
804 4026 1139 4096 Con/itemini
1185 4025 1446 4091 Domino;
1488 4025 1542 4093 ἡ.
1590 4023 1761 4079 Hodie

172 4119 346 4180 nobis,
375 4130 430 4174 et
454 4118 683 4173 similes.
725 4116 782 4173 in
833 4115 1282 4188 bypomisolidio,
1330 4124 1443 4171 ant.
1500 4115 1634 4170 Ante
1669 4130 1762 4169 sea:

1861 2944 1989 2985 vero
2020 2929 2168 3001 nigra
2194 2929 2442 2984 indutum
2464 2944 2584 2985 esse
2618 2929 2819 2997 tunica;
2850 2931 2989 2988 sicut
3014 2933 3066 2988 in
3096 2930 3325 2989 facticiis
3347 2934 3443 2990 bo—

1860 3018 1960 3084 vis,
1994 3020 2139 3090 equi,
2167 3019 2296 3090 lupi,
2330 3020 2505 3086 canis,
2537 3020 2698 3087 asini,
2731 3020 2873 3086 ovis,
2923 3006 3073 3078 corvi
3101 3036 3317 3094 quoque
3345 3037 3441 3079 vo-

1862 3126 1979 3167 cem
2011 3112 2293 3181 mugitum,
2317 3111 2610 3180 hinnitum,
2642 3112 2906 3168 ululatum
2928 3152 2946 3181 ,
2970 3112 3254 3181 latratum,
3286 3115 3439 3170 rudi-

1862 3208 1995 3266 tum,
2025 3200 2287 3267 balatum,
2327 3203 2647 3258 crocitatum
2687 3205 2923 3260 solemus
2945 3204 3162 3275 proprie
3191 3204 3440 3262 nomina-

1861 3306 1953 3359 re;
1988 3294 2129 3348 sicut
2163 3292 2327 3347 etiam
2374 3293 2506 3349 solis
2534 3294 2779 3350 habitum
2829 3309 2996 3351 verno
3041 3305 3283 3367 tempore
3328 3295 3445 3354 cla-

1864 3399 2002 3448 rum,
2030 3383 2220 3439 mstivo
2266 3384 2481 3451 anhelo,
2528 3385 2825 3441 autumnali
2868 3386 3175 3452 subalbitlo,
3219 3385 3442 3443 hiemali

1861 3475 2061 3545 pallido
2089 3476 2455 3532 discernimus
2514 3476 2688 3530 radio.
2746 3474 2804 3532 Si
2860 3476 3438 3546 protum,.deuterum,

1863 3566 2069 3629 tritum,
2105 3566 2399 3621 tetrardmn
2423 3566 2634 3633 dixero,
2659 3566 2878 3635 ordines
2903 3580 3114 3631 eorum,
3143 3568 3440 3622 secundum

1861 3656 2210 3712 monoebordi
2249 3657 2594 3727 positionem,
2623 3673 2729 3713 non
2759 3656 2974 3714 habitus
3011 3672 3223 3723 eorum,
3249 3673 3439 3713 secun-

1861 3745 2258 3803 dummelodia:
2284 3748 2622 3818 qualitatem,
2669 3761 2863 3803 nomen
2910 3747 3132 3819 protuli.
3180 3748 3444 3808 Similiter

1863 3839 1908 3895 si
1942 3839 2182 3905 Dorium,
2211 3840 2529 3911 Phrygium,
2560 3839 2809 3911 Lydium,
2837 3838 3187 3910 mixolydium
3213 3854 3444 3895 vocave«

1863 3948 1948 3999 ro,
1971 3933 2267 3989 secundum
2292 3932 2436 4004 quod
2468 3933 2591 4003 quis
2620 3931 2689 3987 ab
2717 3931 2804 3986 illa
2837 3931 2920 3986 vel
2956 3931 3043 3986 illa
3072 3939 3235 4002 gente
3270 3932 3443 4003 magis

1863 4032 2076 4078 amatus
2100 4022 2185 4078 vel
2214 4022 2587 4094 frequentatus
2608 4031 2714 4085 cst,
2732 4039 2836 4078 non
2864 4023 3157 4078 secundum
3182 4024 3443 4079 melodia-

1863 4113 1968 4170 lem
2008 4114 2252 4169 habitum
2281 4113 2539 4170 vocabula
2567 4113 2823 4185 applicui.
2860 4113 3062 4170 Eodem
3094 4113 3257 4170 modo
3278 4115 3323 4170 si
3348 4129 3443 4185 ge-

169 4207 316 4275 dies;
340 4206 472 4263 Cum
503 4225 594 4263 rea:
617 4208 803 4279 gloria:
827 4224 845 4272 ;
870 4205 1096 4269 Christe,
1123 4206 1214 4276 qui
1259 4220 1495 4275 regnum,
1520 4213 1575 4260 et
1603 4203 1754 4258 simi—
1781 4213 1827 4273 Β
1855 4205 2114 4261 neraliter
2142 4220 2238 4276 pro
2260 4205 2492 4260 naturali
2525 4206 2735 4261 ratione
2776 4205 3131 4279 hypodorium
3182 4221 3403 4261 suavem
3423 4246 3439 4272 ,

170 4296 269 4356 les.
309 4299 366 4354 In
394 4300 573 4363 Dorio,
613 4300 709 4369 qui
760 4308 844 4354 est
879 4299 1090 4370 primus
1142 4307 1415 4359 autentus,
1458 4305 1571 4352 ant.
1626 4296 1751 4364 Are,

171 4386 347 4463 gratia
385 4390 577 4461 plena;
630 4389 804 4445 Hodie
825 4391 1070 4461 completi
1112 4398 1272 4455 sunt;
1315 4387 1581 4444 Natioitas
1627 4399 1754 4453 tua;

174 4479 347 4536 Homo
406 4483 660 4553 quidam,
700 4481 814 4535 Duo
839 4482 1092 4546 homines,
1136 4492 1192 4536 et
1230 4480 1452 4536 similes.
1495 4479 1552 4535 lu
1583 4479 1758 4551 Phry-

171 4572 300 4643 gio,
353 4570 449 4627 Gr.
515 4571 731 4627 Iuravit
793 4572 1091 4638 Dominus;
1161 4572 1417 4628 lixaltabo
1476 4581 1564 4640 te;
1623 4572 1753 4630 Ant.

172 4659 381 4732 Respice
432 4663 487 4717 in
534 4680 639 4729 me,
696 4671 751 4719 et
792 4663 1018 4719 similes.
1050 4663 1106 4718 lu
1143 4663 1332 4735 Lytlio,
1364 4662 1541 4719 offert.
1611 4654 1773 4719 San-V

172 4755 372 4810 dicavit
419 4771 540 4811 eum
595 4756 842 4812 versibus
895 4756 1032 4821 suis,
1079 4764 1135 4811 et
1182 4758 1364 4825 plures
1422 4754 1648 4811 similes.
1694 4755 1753 4811 in

172 4843 485 4918 mlxolydio,
512 4855 625 4902 aut.
654 4847 785 4902 Cum
810 4848 1043 4902 audisset
1064 4849 1316 4918 populus;
1340 4847 1486 4906 Sedit
1515 4850 1753 4921 angelus,

174 4943 233 4994 et
260 4937 483 4995 similes.
518 4938 644 4995 llaec
673 4940 797 4996 ideo
836 4941 975 5005 dixi,
1023 4942 1169 5011 quia,
1227 4958 1348 4998 cum
1395 4957 1499 4998 vox
1541 4944 1754 5013 prolixo

175 5032 352 5089 contui
384 5033 589 5089 diutius
613 5034 957 5097 immoratur,
983 5036 1220 5104 cognitio
1267 5036 1488 5107 tropica:
1514 5036 1752 5106 qualitas

177 5120 247 5179 tis
276 5124 504 5195 amplius
527 5126 580 5180 in
606 5138 786 5183 mente
825 5125 1109 5182 formatur.
1756 5115 1760 5118 ⁴

246 5214 532 5273 Sciendum
574 5235 788 5291 quoque
830 5227 918 5273 est
948 5220 1088 5289 quod
1135 5223 1219 5279 his
1269 5232 1323 5280 et
1369 5221 1643 5295 praedictis
1698 5235 1754 5281 et

1858 4300 2289 4373 hypopltrygium
2321 4300 2621 4357 modestum
2653 4300 2730 4355 vel
2758 4316 3056 4367 morosum,
3088 4299 3442 4372 bypolydium

1858 4391 2285 4457 lamentabilem,
2318 4390 2814 4464 ltypomixolydium
2835 4391 3130 4462 jucundum
3155 4389 3237 4446 vel
3262 4390 3445 4446 exsul-

1861 4491 2083 4549 tantem,
2113 4482 2335 4538 Dorium
2371 4498 2588 4554 gravem
2617 4482 2704 4536 vel
2743 4482 2999 4546 nobilem,
3028 4479 3321 4555 Phrygium
3362 4483 3444 4535 in—

1856 4576 2084 4632 citatum
2122 4575 2207 4630 vel
2233 4574 2542 4638 saltantem,
2581 4574 2808 4646 Lydium
2840 4574 3238 4645 voluptuosum,
3272 4573 3443 4629 mixe-

1856 4669 2058 4742 lydium
2104 4669 2379 4738 garrulum
2424 4668 2802 4735 nominavero,
2851 4668 3053 4739 aliquid
3100 4667 3219 4738 plus
3260 4665 3315 4719 in
3358 4664 3442 4719 bis

1857 4777 2023 4832 quam
2054 4761 2177 4815 aliis
2204 4760 2484 4816 vocabulis
2514 4759 2827 4829 designavi;
2852 4757 3089 4812 nondum
3122 4765 3300 4811 tamen
3320 4769 3444 4823 spe-

1855 4853 2033 4917 cialia,
2072 4868 2192 4923 quae
2225 4852 2384 4921 Iulius
2411 4850 2716 4915 suavitatis,
2765 4848 3064 4913 modestus,
3106 4844 3444 4903 lamentatio-

1857 4942 1961 5006 nis,
1985 4940 2359 5012 jocunditatis,
2390 4949 2712 4995 caeterorum
2732 4936 3058 4995 naturalium
3084 4935 3443 4996 accidentium

1857 5034 1964 5089 vim
1996 5033 2326 5103 exprimant,
2354 5032 2571 5087 nomina
2602 5033 2806 5102 reperi.
2839 5026 2884 5084 Ο
2910 5028 3107 5086 miram
3141 5030 3195 5088 in
3244 5028 3346 5083 bac
3388 5042 3448 5084 re

1857 5123 2076 5181 musicae
2126 5121 2574 5193 profunditatem,
2619 5137 2746 5192 qua:
2771 5119 3121 5188 aliquatenus
3149 5128 3339 5195 patens
3368 5117 3449 5172 iro-

1859 5216 2074 5272 tellectu
2107 5216 2322 5271 nonnisi
2381 5213 2711 5285 quibusdam
2767 5211 3207 5284 supcrfieialibus
3250 5211 3450 5283 pulerit

1857 5306 2126 5328 _--....‘.--|!-
2172 5305 2522 5328 .ΙΑ------ι..-..ξ
2896 5314 2897 5317 ‘
