4010 5328
191 405 288 465 με

1123 414 1411 476 (ΞΔΒΜΕΝ
1450 415 1541 473 DE
1578 413 1969 473 CONFLICTU
2009 413 2166 473 OVIS
2198 414 2291 471 ET
2328 414 2487 470 [ΔΜ.

3324 407 3433 464 448

193 540 3419 581 mm“

691 694 1711 809 HERMANNI
1789 692 2853 812 CONTRACTI

1555 925 2035 1018 CARMEN

604 1144 802 1270 DE
896 1142 1796 1274 CONFLICTU
1885 1147 2259 1279 OVIS
2348 1150 2551 1276 ET
2613 1152 2989 1279 LINI.

689 1357 1033 1431 (Edélestand
1066 1360 1142 1416 Du
1179 1358 1352 1427 Merit,
1387 1357 1597 1414 P.ésiea
1621 1359 1810 1414 latine:
1836 1361 2160 1432 papulaires,
2194 1364 2373 1434 Paris,
2402 1365 2568 1434 1850,
2600 1383 2723 1441 pag.
2753 1368 2889 1442 379)

184 1562 427 1634 tempore
451 1565 565 1631 Quo
594 1559 772 1631 campi
800 1557 971 1614 linum
1012 1558 1150 1616 solet
1187 1558 1356 1615 herba
1386 1560 1608 1627 vocari,

177 1664 194 1683 '
233 1652 362 1715 Cum
401 1652 508 1710 sibi
530 1652 649 1723 jam
678 1652 812 1708 telas
835 1653 1065 1723 spondet
1094 1667 1231 1707 auus
1260 1652 1474 1720 dubias,

177 1748 323 1806 Stans
337 1748 491 1819 juxta
516 1747 697 1818 posito
722 1745 892 1801 linum
925 1745 1165 1800 mirabar
1192 1746 1246 1801 in
1283 1762 1446 1812 arvo;

237 1840 363 1897 Dum
402 1838 613 1894 nodosa
655 1851 811 1908 seges
851 1852 948 1893 cor
975 1837 1273 1908 oculosque
1304 1846 1474 1904 tenet,

177 1929 375 1986 Talibus
417 1930 719 1985 limrentem
758 1929 938 1999 rapuit
966 1929 1069 1983 sibi
1111 1928 1177 1983 Iis
1221 1944 1360 1983 nova
1393 1936 1664 1995 mentem.

235 2019 419 2087 Quam,
448 2019 578 2091 quia
617 2019 781 2091 digna
812 2017 954 2089 stylo
986 2034 1102 2073 Visa
1151 2016 1275 2084 fuit,
1317 2017 1541 2089 replico.

176 2113 242 2169 De
265 2127 420 2184 grege
450 2113 609 2185 (grex
649 2112 862 2183 aderat)
894 2110 1112 2182 paulum
1142 2113 1393 2166 submota
1440 2110 1712 2166 subintrat

235 2203 571 2276 Calcatisque
598 2204 735 2260 satis
770 2204 886 2260 bam
913 2204 1050 2274 pede
1087 2204 1285 2259 sternit
1311 2204 1448 2259 ovis.

173 2295 274 2353 laru
301 2297 431 2353 satis
462 2296 675 2352 attritis
704 2306 827 2368 post
864 2311 1059 2352 cursus
1084 2296 1306 2352 incubat
1336 2296 1552 2363 herbis;

235 2387 458 2444 llerbida
493 2388 593 2445 dat
621 2397 835 2459 gratum
879 2396 1022 2443 terra
1060 2386 1440 2459 refrigerium;

175 2480 350 2552 Sicque
370 2482 571 2552 jaccns
612 2491 861 2553 sumptas
890 2496 1156 2538 revocans
1179 2490 1237 2536 ut
1268 2482 1504 2537 rmninet
1533 2496 1688 2537 escas

232 2571 387 2631 Mittit
410 2572 477 2628 ad
510 2588 576 2628 os
599 2572 705 2629 alia
732 2573 879 2643 quod
916 2572 1056 2627 redit
1087 2572 1211 2628 inde
1240 2572 1348 2627 via.

175 2659 329 2718 Uerba
357 2665 504 2734 (quis
550 2665 656 2720 hoc
699 2662 922 2720 credat?
977 2664 1072 2719 sed
1113 2665 1281 2720 mntis
1311 2679 1447 2734 pene
1477 2660 1751 2719 ministrat

236 2754 400 2813 Verba
430 2756 591 2813 dolor
618 2757 866 2827 magnus)
885 2774 990 2813 non
1014 2755 1139 2813 silet
1172 2756 1423 2812 ulterius.

862 2854 1048 2904 Lixus.

178 2940 245 2998 De
266 2949 338 2997 tot
359 2959 498 3015 quas
527 2944 725 3009 cernis,
757 2944 963 3015 inquit,
994 2944 1375 3000 communibus
1402 2942 1613 3008 herbis.

232 3033 295 3090 Ut
318 3036 442 3105 quid
470 3036 546 3091 ad
584 3037 684 3093 bos
720 3051 851 3091 usus
892 3036 1194 3106 complacui
1229 3036 1431 3107 potius,

173 3123 224 3180 lu
248 3142 347 3197 quo
374 3144 712 3199 congerercs
742 3128 929 3184 fetenti
960 3128 1155 3183 vellere
1183 3129 1395 3191 sordes,

235 3216 394 3285 Quam
427 3219 573 3291 pede
599 3228 937 3283 contereres,
968 3233 1175 3290 oreque
1212 3217 1519 3289 pollueresi

892 3325 1031 3367 ογιε.

172 3398 390 3467 Ast,ait,
420 3402 474 3457 in
513 3402 741 3473 reliquis
767 3417 869 3457 cur
907 3403 1057 3471 parci
1096 3402 1292 3458 debeat
1324 3402 1428 3457 illis

232 3492 414 3560 Clusa,
445 3495 595 3567 quod
628 3504 725 3550 aut
747 3495 953 3550 homini
982 3503 1112 3549 sunt
1144 3494 1301 3550 cibus
1333 3505 1427 3549 aut
1457 3494 1677 3566 pecori?

176 3580 208 3638 S
237 3583 267 3639 d
292 3593 359 3649 te,
389 3601 519 3641 cum
550 3586 758 3641 nullum
790 3585 949 3641 tellus
977 3587 1245 3657 producat
1273 3588 1339 3640 ad
1377 3602 1555 3649 nsum,

236 3677 281 3733 Si
306 3680 511 3751 sapias,
554 3680 760 3751 gaudes
790 3677 850 3752 [ι.
883 3676 1080 3751 gaude]
1104 3679 1246 3750 quod
1278 3679 1358 3736 vel
1389 3681 1456 3736 ad
1496 3681 1595 3736 ista
1628 3681 1746 3753 pla-

1529 3768 1593 3843 [c
1614 3786 1672 3827 -s.

842 3876 1031 3918 ιικωι.

181 3947 247 4005 Te
281 3953 493 4023 pecoris
524 3953 665 4008 bruti
694 3959 910 4027 partem
940 3952 1075 4007 satis
1101 3967 1224 4008 esse
1262 3952 1531 4023 probasti;

235 4039 339 4098 [ioc
364 4053 546 4100 tamen
582 4044 794 4100 interea
820 4044 1023 4099 vellere
1049 4060 1133 4098 me
1165 4043 1342 4098 releva
1363 4085 1379 4107 ,

178 4128 280 4200 Quo
315 4136 594 4206 Spolianda
626 4136 765 4190 velis
803 4135 942 4191 nolis
978 4145 1099 4206 post
1131 4151 1301 4205 pauca
1323 4134 1536 4202 jacebis

237 4224 500 4298 Turpiter,
528 4238 657 4282 ante
685 4239 792 4282 tua:
813 4228 992 4283 vincta
1014 4228 1178 4297 pedes
1207 4228 1457 4283 dominae.

176 4314 358 4374 Interea
387 4330 529 4378 totas
560 4336 893 4393 percurrens
928 4319 1133 4391 forcipe
1172 4318 1325 4375 lanas

238 4409 333 4469 Nec
358 4414 545 4469 cauda:
566 4414 740 4468 vellus
761 4413 904 4468 [teda
937 4412 1205 4483 relinquet
1233 4429 1401 4478 auus;

178 4499 307 4559 'fune
330 4508 431 4562 erit
453 4508 507 4562 in
541 4507 728 4578 patulo
761 4507 975 4562 scabies
1001 4516 1117 4570 tua,
1138 4520 1368 4577 corpore
1396 4506 1570 4572 nudo;

236 4593 462 4654 Ulterius
492 4600 602 4653 nuli
653 4597 1021 4670 multiplicare
1052 4597 1219 4667 loqui.

178 4726 403 4806 Dominus
414 4734 467 4789 in
480 4734 659 4806 gladio
671 4750 767 4788 suo
788 4734 920 4788 duro
934 4744 980 4789 et
1002 4734 1190 4806 grandi
1200 4744 1247 4788 et
1259 4733 1385 4803 forti
1395 4751 1550 4804 super
1560 4732 1716 4788 Leria
1728 4764 1745 4777 ο

179 4801 286 4856 tliart
301 4819 394 4871 rex]
410 4801 575 4859 enirn:
590 4817 782 4859 vectem
803 4815 848 4858 et
870 4801 1026 4873 super
1038 4801 1321 4875 Leriqtltirit
1340 4801 1624 4875 serpentem
1646 4816 1748 4859 tor-

179 4877 358 4944 tuosum
368 4886 412 4927 el
422 4878 529 4937 socci
534 4877 609 4931 dit
624 4888 793 4934 cetum
806 4877 959 4941 quiin
974 4892 1058 4927 mu
1066 4876 1110 4931 ri
1124 4886 1195 4931 est
1236 4874 1288 4929 Μ
1296 4894 1325 4928 ιι
1332 4877 1377 4929 ri
1382 4895 1410 4927 η
1422 4891 1539 4944 qua:
1550 4878 1747 4944 peperit

180 4935 542 5012 Redemptorem
573 4935 859 5013 eodemque
889 4945 1079 5002 collisit
1110 4946 1395 5000 diabolum.
1433 4935 1569 4999 lline
1593 4935 1749 5002 llnxit

180 5016 481 5099 gitisuetttdo
504 5032 568 5072 ex
599 5033 705 5099 qua
749 5017 801 5070 in
835 5016 1020 5099 figuris
1046 5016 1483 5099 velitnaginib‘ns
1521 5032 1746 5099 serpens

180 5083 423 5157 victns‘ac
453 5083 724 5157 contritus
757 5103 784 5139 τι
827 5083 1055 5157 ιιιῖιιιιιιιε
1086 5083 1325 5157 Virginis
1364 5083 1746 5155 triumphandi)

182 5153 647 5228 columnatum—8.
664 5156 736 5212 Μ.
753 5153 974 5228 10.7mm:
984 5173 1055 5210 es.
1071 5157 1172 5211 Ad.
1185 5153 1470 5228 quosmodo
1482 5153 1554 5228 es.
1573 5157 1643 5213 Μ.
1657 5158 1743 5213 H.

179 5215 265 5304 ﬁll.
288 5220 783 5304 Torr._fevocamtu.
816 5215 1062 5282 Graium
1092 5215 1321 5304 reliquae
1345 5227 1738 5304 Sebzlirandt:

1778 1569 1827 1629 Α

2582 1584 2721 1625 ονιε.

1848 1654 1906 1710 Si
1939 1664 2084 1710 recte
2112 1670 2354 1726 saperes,
2386 1660 2632 1714 consumi
2665 1671 2861 1731 sponte
2891 1674 3155 1732 rogares,

1917 1743 2015 1800 Vel
2041 1746 2198 1816 pede,
2226 1759 2310 1803 vet
2341 1748 2520 1818 potius
2552 1750 2775 1805 subruta
2799 1752 3169 1822 stercoribus;

1856 1836 1999 1893 Viris
2020 1846 2079 1891 ut
2108 1838 2346 1894 intereas
2373 1848 2425 1894 et
2457 1856 2524 1896 ne
2551 1841 2628 1896 sis
2655 1855 2777 1896 esse
2818 1840 3062 1909 laboras;

1919 1929 2153 1984 Tantum
2180 1930 2445 2002 supplicio
2478 1932 2722 1987 nasceris
2751 1940 2914 2002 atque
2954 1931 3127 1989 malo!

1849 2022 1983 2090 Quis
2010 2031 2172 2092 queat
2202 2023 2256 2078 in
2289 2032 2522 2096 quantas
2561 2025 2792 2095 rapieris
2820 2025 3002 2080 direre
3037 2038 3227 2096 punias

1923 2113 2215 2171 meineis
2243 2115 2494 2171 manibus
2517 2115 2670 2171 vulsa
2697 2115 2812 2171 solo
2840 2116 3095 2187 penitus?

1848 2202 2080 2260 Prorsus
2107 2212 2165 2259 ut
2195 2205 2457 2271 intereas,
2502 2206 2770 2277 undisque
2791 2206 2964 2260 soluta
2997 2214 3251 2276 putresca

1921 2294 2116 2367 Nigros
2145 2304 2333 2351 trunca
2374 2297 2525 2367 prius
2554 2297 2860 2368 perpetiere
2892 2296 3079 2364 lacus;

1848 2387 1977 2443 Post
2009 2387 2225 2456 longum
2253 2397 2461 2458 tempus
2488 2390 2555 2443 ab
2577 2405 2716 2460 aqua
2746 2390 3001 2444 transibis
3026 2389 3094 2445 ad
3112 2396 3303 2457 aestus,

1920 2477 1990 2533 Ut
2019 2478 2195 2548 possis
2239 2468 2409 2534 minui
2449 2480 2595 2535 sicca
2627 2480 2812 2536 labore
2842 2479 2968 2536 levi.

1850 2566 2137 2625 Ruricolas
2169 2570 2371 2635 varios,
2399 2568 2569 2627 fortes
2590 2580 2816 2627 contusa
2850 2572 3087 2628 lacertos

1922 2662 2152 2718 Prorsus
2179 2661 2406 2719 lassabis
2445 2663 2680 2734 tritaque
2718 2664 3007 2719 malleolis.

1850 2753 1984 2809 Cum
2003 2753 2114 2823 jam
2155 2756 2459 2825 perdideris
2496 2757 2640 2825 quod
2674 2757 2918 2813 habebas
2947 2767 3074 2812 aute
3106 2755 3336 2830 vigoris,

1925 2845 2030 2900 lbis
2060 2845 2316 2902 fwiuineo
2341 2847 2521 2901 dedita
2554 2846 2825 2915 ludibrio;
3174 2864 3180 2871 '

1784 2952 1831 3013 Β
1858 2935 1913 2990 ln
1963 2936 2106 3006 ligno
2137 2948 2369 3002 tensum,
2400 2939 2545 3009 quod
2572 2939 2733 2994 talem
2759 2940 2931 2997 servit
2960 2941 3016 2995 in
3045 2954 3226 3005 usum,

1927 3026 2002 3081 De
2040 3028 2184 3099 ligno
2213 3028 2373 3083 factis
2398 3037 2449 3083 te
2478 3028 2676 3085 ferient
2711 3028 2927 3101 gladiis.

1852 3116 1925 3174 0!
1963 3121 2175 3188 quoties
2199 3129 2460 3175 structam
2485 3119 2683 3190 jaculis
2716 3136 2784 3177 ex
2820 3121 2965 3177 mille
2998 3137 3259 3179 coronam

1924 3214 2236 3270 Transibis!
2281 3215 2493 3285 quoties
2523 3218 2897 3287 prmtercundo
2917 3218 3129 3289 gemes!
3206 3203 3211 3207 ’

1853 3305 1956 3364 Per
1988 3320 2099 3362 tam
2126 3308 2398 3364 terribiles
2425 3310 2644 3379 rapiens
2674 3318 2765 3363 tua
2798 3310 3005 3363 viscera
3029 3308 3280 3368 deutes;~

1923 3400 1998 3457 Te
2029 3401 2261 3456 violenta
2294 3417 2486 3457 manus
2512 3402 2658 3458 mille
2690 3402 2866 3457 trahet
2904 3402 3136 3456 vicibus.

1849 3493 1983 3552 Cum
2016 3494 2090 3550 nil
2121 3496 2350 3550 restabit
2375 3495 2428 3551 in
2458 3507 2509 3550 te
2537 3495 2680 3567 quini
2712 3496 2977 3566 prendere
3003 3494 3194 3565 possit,
3238 3562 3243 3569 ι

1915 3587 2060 3643 lstu.l
2085 3588 2408 3658 supplicium
2442 3598 2571 3645 tunc
2601 3588 2809 3658 patiere
2835 3603 3056 3642 novum.

1847 3679 2127 3749 Astringet
2150 3679 2353 3734 solidas
2375 3694 2554 3748 panno
2583 3678 2672 3749 pix
2703 3677 2838 3734 illita
2864 3686 3006 3732 setas
3025 3716 3042 3743 ,

1916 3770 2259 3841 Compositas
2287 3754 2460 3842 aequis
2483 3774 2725 3827 exterius
2755 3771 3011 3826 stimulis.

1852 3863 1978 3920 llaec
1999 3865 2292 3921 scrutando
2325 3875 2448 3920 tuas
2470 3867 2684 3937 penitus
2717 3867 3043 3938 penitusque
3071 3860 3337 3918 medullas

1920 3955 2260 4012 Consumeut
2284 3964 2458 4011 totum
2490 3956 2535 4011 si
2573 3956 2702 4025 quid
2728 3956 2835 4010 erit
2861 3955 3153 4025 reliquum.
3205 3994 3211 4025 ε

1851 4045 2029 4100 Herba
2058 4046 2220 4101 modo
2242 4046 2429 4101 viridis
2458 4044 2662 4100 frustra
2690 4045 2983 4099 tumefacta
3011 4042 3300 4113 superbis;

1921 4138 2073 4194 Tunc
2100 4147 2177 4193 tot
2215 4139 2340 4194 trita
2371 4138 2563 4198 modis.
2593 4137 2667 4191 nil
2703 4137 2805 4193 nisi
2837 4136 3040 4194 nocens
3077 4135 3210 4192 eris.

1852 4227 2044 4283 Ventis
2065 4227 2379 4293 ludibrium,
2415 4228 2531 4283 leve
2554 4228 2767 4298 pondus
2796 4227 2849 4283 iu
2880 4243 3008 4284 aera
3047 4235 3302 4300 raptum,

1774 4328 1821 4390 ρ
1927 4319 2167 4376 Ulterius
2198 4319 2307 4376 nuli
2359 4318 2723 4391 multiplicare
2753 4318 2920 4391 loqui.

2550 4431 2740 4472 LINUM.
2806 4460 2809 4465 .

1850 4506 2076 4563 Parcius
2107 4509 2222 4579 ipsa
2255 4519 2436 4564 tamen
2466 4518 2715 4565 nostrum
2743 4507 3023 4579 profiteris
3049 4508 3337 4576 honorem,

1922 4597 1978 4654 Si
2008 4600 2144 4655 bene
2171 4600 2437 4656 discernis
2475 4601 2659 4656 omnia
2705 4616 2828 4671 qua:
2862 4588 3134 4671 loqueris.

1851 4752 1973 4807 imm
2009 4752 2022 4786 :
2057 4751 2163 4790 was
2209 4737 2307 4793 das
2354 4736 2539 4807 bedent
2585 4734 2773 4807 Hagen
2827 4735 2947 4788 [ient
2982 4732 3085 4807 Διινὶῃ
3121 4747 3302 4807 arinen
3336 4730 3444 4807 (erit

1852 4806 2289 4882 S_clmwen__sclwn
2315 4808 2369 4882 at
2387 4806 2622 4877 dcc/iung
2648 4803 2748 4882 ait.
2771 4807 2865 4861 Est
2887 4804 3172 4860 catholica:
3199 4803 3443 4882 devotio-

1851 4879 1937 4948 nis
1975 4887 2032 4933 ut
2073 4878 2368 4934 Christiani
2397 4889 2525 4934 ante
2550 4878 2914 4948 suinptioncm
2946 4878 3276 4929 sacramenti
3310 4888 3439 4943 pre-

1848 4947 2005 5004 cibus
2033 4950 2234 5004 adeant
2266 4967 2390 5005 cum
2430 4947 2686 5019 angelos;
2707 4957 2994 5019 martyres.
3039 4955 3286 5019 sanctos.
3313 4958 3445 4997 Sun-

1850 5029 2098 5089 ctasquc,
2133 5028 2401 5092 quotquot
2420 5013 2709 5092 sunthtutn
2740 5013 3106 5092 beatissimam
3142 5013 3442 5092 Virginem,

1847 5086 2067 5145 orantes
2096 5086 2166 5144 ut'
2191 5086 2439 5146 divin-um
2483 5087 2905 5155 suifragantibus
2936 5086 3193 5156 precibus
3225 5086 3446 5154 muniti,

1849 5161 1997 5231 digni
2038 5163 2308 5232 accipiant
2338 5160 2654 5232 angelorum
2704 5174 2918 5232 escam.
2956 5171 3157 5232 corpus
3195 5156 3453 5232 Domini,

1846 5225 2189 5303 potissitnuiit
2222 5234 2275 5289 in
2318 5225 2451 5287 liora
2481 5230 2692 5303 mortis.
2735 5230 2828 5304 Cf.
2852 5225 3069 5304 War-lt.
3093 5246 3148 5301 p.
3344 5228 3457 5304 Erf
