4010 5328
536 343 657 399 467·
1433 336 1800 399 ΗΕΒΜΑΝΝΙ
1831 334 2095 397 CONTRA

2196 335 2231 392 Ἰ
2262 334 2628 396 Αυςιεδειδ
2663 334 2984 397 HONACHI:
3704 329 3809 385 ιςε

539 453 673 517 Nam
706 454 860 513 labor
886 456 1177 523 humanus,
1210 453 1439 522 sollers,
1474 454 1542 510 ad
1586 454 1737 509 lucra
1769 464 2013 526 paratus,

609 548 714 605 Pro
739 563 846 619 quo
884 547 965 605 sic
990 549 1151 605 sudat
1180 563 1288 605 non
1319 547 1456 603 nihil
1485 563 1607 604 esse
1638 556 1827 620 putat;

538 632 683 698 Mille
709 640 882 697 modis
915 642 1100 697 tritutn
1141 639 1468 697 transfertur
1498 640 1552 695 in
1595 640 1792 695 horrea
1820 653 2071 710 granum,

607 734 741 791 Cum
773 749 872 805 per
905 750 1191 804 pressuras
1211 736 1427 790 exuerit
1452 734 1656 806 paleas.

537 819 651 880 Non
681 822 847 880 cellas
875 824 1132 889 subeunt,
1163 838 1270 878 non
1299 838 1456 895 reges
1487 834 1649 878 antea
1693 828 1944 893 pascunt.

606 914 781 984 Quam
807 925 1033 971 careant
1062 915 1236 970 acinis
1266 915 1437 971 libera
1463 915 1590 970 vina
1619 914 1757 970 suis.

536 1005 746 1065 Tuasio
767 1008 964 1064 crebra
992 1016 1154 1079 parat
1177 1009 1322 1079 quod
1362 1006 1562 1078 templa
1600 1021 1729 1062 suus
1765 1004 1905 1076 lapis
1925 1012 2120 1071 ornat;

607 1098 703 1159 Sic
725 1100 951 1174 capiunt
975 1100 1181 1157 formas
1221 1100 1363 1171 ligna
1393 1098 1573 1155 dolata
1607 1114 1759 1156 suas.

535 1190 649 1259 Vis,
673 1208 949 1265 pressura,
974 1208 1186 1258 cruces,
1206 1201 1496 1252 tormenta.
1512 1190 1772 1264 pericula,
1786 1199 1995 1246 mortes

604 1282 834 1339 Praemia
858 1285 1183 1354 promeritas
1208 1282 1501 1355 purificant
1536 1282 1766 1337 animas.

534 1372 849 1432 Subsidium
885 1375 982 1431 lini
1009 1375 1208 1447 quaerit
1240 1373 1547 1445 respublica
1585 1371 1801 1438 mundi;

602 1464 823 1523 Publica
854 1481 1019 1522 causa
1056 1466 1211 1538 petit,
1237 1464 1451 1537 publica
1478 1479 1611 1520 cura
1642 1462 1794 1518 colit.

531 1556 588 1615 in
618 1573 908 1617 commune
933 1567 1127 1632 rogant
1154 1573 1221 1614 ae
1247 1558 1300 1614 in
1333 1572 1623 1613 commune
1659 1556 1941 1622 laborant;
2020 1596 2026 1605 .

605 1646 990 1721 Unusquisque
1015 1650 1130 1705 suis
1160 1665 1247 1705 me
1284 1656 1439 1719 parat
1474 1647 1686 1705 oﬂlciis.

532 1737 706 1797 Unica
735 1756 825 1798 res
849 1741 1016 1797 linum
1041 1757 1203 1813 quam
1226 1739 1490 1797 Conditor
1515 1738 1646 1795 utile
1667 1738 1866 1794 donum

602 1832 786 1892 llebus
814 1834 1103 1891 mundanis
1128 1843 1247 1906 post
1269 1832 1535 1889 elementa
1564 1831 1739 1888 dedit!

530 1924 641 1984 Sed
672 1926 801 2000 quia
830 1943 919 1984 me
940 1927 1040 1984 sub
1065 1928 1222 1998 aquis
1245 1925 1379 1981 solvi
1410 1925 1696 1997 putredine
1717 1923 1875 1988 dicis,

600 2016 660 2072 in
705 2026 758 2072 te
786 2027 938 2073 verte
968 2029 1112 2083 tuos,
1141 2027 1202 2074 ut
1246 2030 1450 2081 taceas,
1474 2015 1683 2072 oculos.

525 2107 574 2163 Α
605 2109 744 2179 turpi
778 2110 949 2181 turpis
972 2110 1245 2165 abstracta
1277 2110 1542 2165 cadavere
1571 2107 1727 2179 pellis

596 2198 655 2255 1n
683 2208 883 2255 tectum
925 2201 1163 2256 trahitur
1189 2201 1303 2257 sole
1330 2212 1575 2258 cremata
1609 2199 1699 2254 diu

526 2288 597 2346 Et
620 2289 783 2347 simul
825 2291 879 2346 in
919 2302 1076 2349 cocto
1103 2293 1361 2364 nigrescit
1406 2300 1517 2348 tota
1545 2306 1784 2357 veneno;

599 2379 857 2439 ladurata
901 2383 1048 2439 subit
1076 2383 1271 2440 balnea
1303 2385 1461 2456 digna
1493 2384 1618 2440 sibi.

528 2469 730 2528 Balnea
769 2473 853 2529 sic
901 2473 1069 2529 farris
1094 2484 1150 2529 et
1176 2490 1332 2545 aqua;
1359 2473 1628 2531 confectio
1656 2472 1867 2544 putris;

597 2561 771 2619 Vilior
796 2562 850 2618 in
877 2562 972 2619 vili
1002 2579 1130 2621 vase
1152 2565 1419 2636 putrescis
1453 2565 1549 2621 ibi.

526 2649 629 2708 llic
655 2653 747 2726 qui
784 2663 836 2712 te
862 2655 1085 2723 mersit,
1113 2657 1331 2727 quoties
1362 2665 1412 2712 te
1445 2655 1585 2712 fuste
1632 2654 1890 2719 movebit,

591 2742 766 2804 Nares
794 2747 1105 2820 distorquet
1144 2759 1199 2804 et
1245 2759 1407 2822 caput
1437 2749 1564 2804 hinc
1600 2756 1865 2804 removet.

529 2834 741 2893 Tantus
770 2838 916 2894 enim
951 2856 1075 2897 sese
1110 2842 1274 2897 fetor
1299 2842 1572 2912 protendit
1599 2839 1799 2911 ubique

602 2932 671 2988 lit
699 2932 908 3006 fugiant
943 2933 1046 3005 ipsi
1079 2950 1222 3008 sepe
1245 2936 1466 2992 domum
1494 2935 1738 2990 domini!

522 3021 732 3080 Caetera
761 3042 870 3097 quo
889 3026 1098 3093 sileam,
1132 3043 1257 3083 nam
1280 3027 1514 3101 plurima
1546 3038 1742 3084 caetera
1774 3036 2006 3093 restant,

597 3113 836 3174 Ulterius
880 3115 989 3173 noli
1017 3117 1378 3190 multiplicare
1413 3119 1584 3191 loqui.

1250 3226 1389 3268 ονιε.

523 3296 699 3366 Quum
728 3306 779 3355 te
802 3301 1139 3370 magttilices,
1175 3318 1342 3373 quum
1372 3301 1440 3356 de
1470 3310 1522 3357 te
1558 3302 1784 3372 grandia
1808 3301 2008 3374 jactes,

597 3388 653 3441 Si
685 3397 919 3457 taceam,
949 3402 1171 3463 reputor
1199 3393 1424 3447 forsitan
1463 3392 1711 3448 inferior.

534 3474 820 3533 Suﬂieiunt
854 3481 1133 3536 hominum
1174 3482 1299 3536 vitm
1327 3482 1433 3537 duo
1469 3483 1706 3538 maxima
1741 3497 1923 3537 rerum
1955 3498 1968 3535 :

593 3567 815 3639 Frigora
844 3572 1009 3627 vestis
1040 3586 1232 3643 agens,
1257 3587 1380 3629 esca
1406 3572 1604 3628 famem
1633 3587 1921 3630 removens
1946 3589 1962 3637 ;

523 3653 788 3714 Humanis
823 3660 984 3717 rebus
1019 3677 1123 3716 non
1151 3672 1235 3718 est
1261 3679 1384 3735 spes
1411 3663 1581 3719 altera
1613 3679 1838 3734 prorsus
1866 3681 1881 3718 :

594 3749 709 3806 lloc
739 3767 932 3807 munus
955 3753 1231 3823 geminum
1264 3754 1389 3810 tolle
1413 3755 1496 3810 vel
1530 3755 1669 3810 alter
1692 3764 1894 3808 utrum.

526 3841 770 3914 Utraque
797 3845 963 3900 mittit
982 3847 1120 3911 ovis,
1151 3847 1457 3918 propellens
1477 3847 1676 3917 frigora
1703 3846 1861 3913 lanis,

596 3935 829 3995 Elieiens
861 3936 922 4012 [Ι.
963 3937 1093 4013 que]
1125 3939 1276 3995 cibos
1307 3939 1475 3994 ubere
1511 3947 1815 3994 nectareos.

520 4024 804 4084 Perfundit
832 4038 974 4084 totas
1001 4039 1155 4101 grata
1187 4029 1477 4085 dulcedine
1510 4042 1680 4083 venas

589 4119 683 4175 Ille
712 4136 903 4176 recens
942 4123 1189 4185 haustus,
1236 4123 1363 4178 dum
1395 4122 1576 4193 liquor
1599 4131 1681 4178 est
1721 4121 1966 4193 calidus;

523 4207 660 4263 Cum
690 4208 875 4281 friget,
905 4213 1086 4267 tritam
1117 4212 1163 4268 si
1191 4212 1272 4268 vis
1304 4213 1532 4269 miscere
1559 4212 1854 4285 polentam,

598 4300 800 4358 Mirans
831 4303 1044 4375 jurabis
1084 4312 1274 4360 nectar
1303 4305 1496 4361 adesse
1524 4302 1691 4362 lovis.

523 4392 584 4450 lu
610 4394 839 4450 solidum
872 4404 1052 4451 vertes
1081 4397 1206 4463 hoc,
1238 4397 1284 4453 si
1328 4398 1692 4453 medicamine
1722 4406 1933 4470 tanges,

597 4485 802 4557 Estque
839 4501 937 4557 per
961 4487 1063 4542 hoc
1091 4487 1263 4557 ipsum
1297 4486 1453 4544 dulce
1472 4488 1615 4559 quod
1643 4496 1729 4544 est
1757 4491 2007 4552 acidum;

525 4578 693 4653 quue
723 4594 888 4652 super
916 4579 1121 4650 lignum
1148 4595 1253 4651 per»
1271 4580 1439 4636 densa
1464 4581 1687 4654 coagula
1709 4597 1976 4654 pressura,

548 4712 551 4715 λ
593 4669 836 4728 Aforma
873 4680 1102 4729 teretem
1141 4672 1370 4744 suscipit
1399 4671 1653 4744 eﬂigient.

524 4763 582 4822 Si
622 4774 867 4824 tenerum
894 4765 1168 4832 comedas,
1196 4781 1303 4823 non
1335 4766 1507 4821 deerit
1534 4766 1694 4838 plena
1723 4765 2001 4839 voluptas;

592 4858 649 4916 Si
673 4874 894 4916 servare
920 4858 1090 4926 voles,
1119 4867 1366 4931 tempora
1411 4859 1581 4914 multa
1613 4869 1785 4929 potes.

522 4957 620 5014 Est
640 4958 730 5014 ubi
757 4973 865 5013 non
901 4956 1116 5013 modico
1146 4955 1303 5012 datus
1336 4955 1600 5010 indivisus
1631 4970 1756 5011 aeno

590 5050 719 5111 Solo
734 5051 859 5123 jure
881 5067 1010 5110 suos
1045 5060 1233 5108 coetus
1266 5051 1365 5106 alit
1404 5051 1672 5108 dominos.

2147 451 2202 518 Α
2227 450 2374 520 Quas
2399 451 2519 510 ovis
2547 462 2602 508 et
2633 452 2823 526 quales
2846 453 3048 510 mundo
3078 451 3221 511 ferat
3248 455 3526 513 utilitates.

2302 543 2465 611 Plura
2502 559 2604 601 nec
2646 554 2933 602 enumerat
2960 545 3216 609 Flandria
3246 548 3292 602 si
3318 550 3519 620 cupiat.

2917 652 3082 698 ωκωι

2224 725 2486 784 ilumanis
2526 727 2706 792 rebus,
2743 744 2920 799 neque
2953 729 3101 785 enim
3149 730 3245 786 tibi
3283 746 3413 787 vera
3449 744 3745 804 negamus,-

2294 819 2531 876 Maxima
2567 829 2695 875 sunt
2727 820 2897 876 vestis
2921 829 2977 876 et
2997 822 3171 888 cibus,
3202 832 3263 879 ut
3288 823 3562 894 loqueris;

2225 902 2472 968 Sed’sine
2495 918 2548 964 te
2579 920 2783 977 vestes,
2812 911 2930 967 sine
2965 919 3018 967 te
3047 911 3130 969 lac
3156 914 3390 969 ntundus
3416 913 3662 983 haberet~

2290 1001 2515 1073 Absque
2546 1011 2639 1058 tuo
2664 1016 2952 1060 removens
2983 1001 3151 1077 frigus
3179 1013 3233 1061 et
3262 1006 3525 1062 esuriem.

2220 1092 2281 1151 In
2306 1102 2359 1149 te
2384 1108 2482 1165 per
2502 1093 2725 1150 stultam
2754 1096 2898 1165 quod
2927 1095 3017 1153 vis
3047 1096 3343 1155 transferre
3373 1097 3663 1170 rapinam,

2290 1182 2557 1239 Omnibus
2585 1200 2617 1239 ι
2643 1183 2868 1255 reliquis
2888 1184 2942 1241 id
2970 1200 3251 1243 removere
3278 1188 3472 1259 cupis,

2222 1273 2291 1331 Et
2310 1275 2438 1331 dum
2462 1284 2515 1333 te
2542 1274 2761 1343 laudas,
2784 1275 2893 1332 imo
2919 1275 3145 1337 laudare
3174 1277 3411 1346 laboras,

2292 1364 2440 1422 Laus
2464 1376 2553 1423 tua
2585 1368 2660 1424 sit
2683 1366 2867 1423 multis
2892 1367 3159 1425 invidiosa
3196 1369 3389 1430 nimis.

2224 1453 2357 1525 Quis
2385 1471 2673 1513 numerare
2716 1466 2882 1528 queat
2910 1458 2978 1513 ad
3012 1459 3213 1515 victum
3240 1468 3443 1532 quanta
3476 1457 3779 1522 ministrat

2296 1542 2491 1602 Omnia
2534 1546 2671 1603 dans
2696 1546 2901 1602 homini
2930 1546 3077 1620 larga
3107 1565 3300 1605 manus
3328 1548 3583 1606 Domini?

2224 1637 2367 1707 Quot
2391 1639 2499 1695 sint
2521 1639 2588 1694 ad
2614 1649 2792 1696 vestes
2830 1655 2950 1712 qum
2976 1641 3108 1696 dant
3134 1642 3390 1696 animalia
3420 1638 3626 1713 pelles?

2299 1727 2492 1800 lugens
2522 1738 2616 1784 aut
2647 1730 2930 1795 nullus,.ttt
2972 1746 3115 1797 reor,
3154 1742 3237 1787 est
3277 1746 3560 1789 mnnerus.

2143 1819 2193 1882 B
2223 1819 2302 1875 Tu
2327 1837 2544 1893 quoque
2575 1823 2733 1879 testis
2755 1824 2889 1889 eris,
2923 1824 2967 1879 si
2994 1833 3205 1880 tantum
3237 1841 3367 1881 vera
3398 1825 3623 1894 fateris,

2216 1974 2221 1979 η
2291 1911 2546 1969 Nostrum
2584 1915 2829 1970 subsidio
2867 1915 3083 1986 dignius
3117 1932 3239 1973 esse
3267 1925 3381 1973 tuo.

2222 2000 2511 2058 Multorum
2538 2019 2811 2074 nunquam
2842 2013 2894 2060 te
2919 2005 3147 2076 contigit
3177 2022 3307 2063 usus
3333 2008 3386 2062 in
3411 2020 3630 2077 escam;

2291 2093 2401 2151 Lac
2430 2109 2645 2167 quoque
2673 2094 2754 2151 vel
2800 2111 3049 2168 pressqu
3076 2096 3159 2153 vel
3190 2095 3404 2170 fugiunt
3433 2098 3736 2171 liquidum.

2221 2189 2319 2248 Est
2350 2206 2440 2248 tua
2463 2208 2584 2248 cum
2615 2192 2772 2265 pellis
2798 2201 2892 2248 aut.
2920 2202 3118 2249 czetera
3146 2192 3299 2249 lanea
3326 2197 3515 2262 vestis,

2291 2283 2581 2354 Spernitur
2604 2294 2700 2340 aut
2737 2285 2860 2341 vilis
2892 2294 2987 2341 aut
3015 2287 3140 2358 quia
3170 2288 3285 2343 visa
3322 2288 3529 2360 gravis.

2131 2397 2135 2401 η
2222 2373 2315 2431 Sic
2338 2391 2439 2431 ove
2463 2391 2605 2448 smpe
2634 2389 2789 2432 caret
2809 2392 3134 2449 semperque
3160 2393 3350 2435 carere
3370 2379 3611 2456 valeret,~

2289 2466 2398 2524 Sed
2432 2484 2707 2540 nunquam
2735 2468 2847 2524 lino
2882 2470 3062 2525 nudus
3090 2470 3323 2526 habetur
3351 2471 3554 2538 homo;

2219 2557 2463 2629 Denique
2490 2568 2599 2614 tam
2632 2569 2872 2629 gratum,
2902 2570 3010 2616 tam
3037 2560 3356 2617 delectabile
3389 2562 3620 2633 donum,

2289 2649 2489 2707 Secum
2522 2661 2702 2723 gestat
2733 2652 2896 2708 homo
2941 2661 3185 2722 tempore
3224 2663 3512 2724 perpetuo.

2218 2738 2411 2797 Gestat
2431 2756 2554 2796 cum
2577 2754 2730 2809 cura,
2766 2756 2890 2798 cum
2918 2741 3282 2798 sollicitudine
3309 2755 3560 2811 summa,

2286 2834 2554 2907 Astringit
2584 2836 2825 2906 propius,
2856 2837 3092 2907 applicat
3132 2837 3387 2904 interius;

2216 2924 2467 2997 Applicat
2494 2926 2745 2992 interius,
2780 2928 2955 2982 nudos
2981 2928 3240 2999 astringit
3265 2929 3332 2984 ad
3360 2938 3551 2995 artus,‘

2289 3016 2570 3089 Tanquam
2597 3016 2766 3086 dicat,
2788 3016 2928 3072 Amo
2947 3019 3091 3089 quod
3126 3019 3259 3073 mihi
3288 3019 3367 3074 sic
3393 3020 3565 3075 socio.

2222 3104 2279 3163 Si
2308 3109 2399 3162 uix
2427 3116 2521 3163 aut
2542 3107 2736 3174 imber,
2767 3117 2862 3163 aut
2899 3110 3146 3164 turbidus
3170 3110 3330 3165 irruit
3355 3125 3470 3175 aer,

2141 3179 2188 3242 (ἶ
2289 3201 2512 3267 Cantus,
2545 3215 2701 3258 ovem
2730 3211 2972 3256 nostram
3017 3201 3182 3255 tradit
3217 3202 3284 3256 ad
3315 3202 3673 3273 obsequium.,

2217 3295 2294 3352 Te
2325 3294 2489 3351 tradit
2517 3295 2692 3350 ventis
2722 3292 2996 3363 obicitque
3035 3293 3338 3348 lurentibus
3363 3295 3541 3358 auris;

2284 3386 2363 3443 Te
2386 3388 2474 3441 nix
2507 3384 2802 3457 perfundit,
2844 3393 2897 3439 te
2938 3398 3154 3455 quoque
3190 3384 3397 3454 grando
3439 3383 3648 3454 quatit;

2216 3479 2310 3535 Sic
2336 3479 2694 3548 intempestus
2720 3475 2936 3547 quoties
2976 3476 3283 3530 occurrerit
3320 3486 3485 3531 tesuts

2284 3570 2402 3643 Ipsa
2434 3571 2544 3642 pati
2573 3569 2821 3624 ﬂammas
2857 3570 3072 3641 cogeris
3110 3570 3312 3625 aerias.

2214 3666 2424 3722 Interea
2450 3665 2588 3721 lenis
2612 3666 2958 3736 pretiosaque
2986 3665 3125 3721 linea
3155 3666 3323 3720 vestis

2285 3758 2433 3813 Intus
2461 3765 2577 3813 tuta
2609 3756 2760 3821 latet,
2785 3754 3011 3827 frigore,
3042 3755 3159 3811 sole
3188 3764 3360 3811 caret.

2215 3850 2379 3908 Tecta
2410 3858 2599 3923 tegunt
2624 3849 2893 3915 homines,
2923 3847 3052 3921 ligni
3078 3848 3374 3919 praecordia
3400 3853 3631 3917 cortex;

2286 3942 2451 3999 Tecta
2480 3942 2593 3998 suis
2621 3940 2853 4004 nucleis,
2882 3947 2938 3995 et
2974 3939 3105 3994 mihi
3133 3939 3304 3994 servit
3328 3938 3471 4015 Iovis.

2211 4036 2396 4093 Gloria
2435 4049 2627 4105 magna
2659 4032 2789 4088 tibi!
2832 4031 3019 4087 lunare
3048 4031 3192 4102 quod
3222 4031 3326 4087 hoc
3352 4026 3629 4099 meruisti,

2284 4128 2358 4187 Ut
2383 4137 2577 4184 natura
2607 4127 2745 4183 meis
2775 4136 2828 4180 te
2854 4134 3010 4195 paret
3039 4124 3338 4196 obsequiis.

2932 4233 3071 4275 OVIS.

2211 4314 2319 4370 Pro
2350 4323 2403 4369 te
2432 4309 2595 4367 verba
2626 4309 2758 4366 facis
2786 4320 2840 4366 et
2869 4318 2992 4382 eget
3030 4320 3119 4365 tua
3147 4309 3319 4382 gloria
3345 4307 3571 4381 verbis;

2281 4402 2436 4474 Quod
2461 4403 2615 4459 deest
2640 4400 2838 4463 otllcio,
2873 4400 3104 4472 corrigis
3125 4401 3364 4474 eloquio.

2114 4476 2184 4558 ⁸η
2212 4493 2319 4550 Sed
2347 4492 2549 4549 frustra
2577 4503 2791 4558 tenuas,
2816 4491 2926 4547 imo
2952 4501 3174 4546 tenuare
3204 4490 3452 4555 laboras,

2138 4536 2186 4598 D

2285 4585 2420 4642 Tant
2447 4598 2734 4641 commune
2764 4582 2964 4638 bonum
2991 4582 3134 4652 quod
3163 4579 3363 4652 refugit
3386 4591 3696 4639 numerum.

2212 4676 2271 4733 Si
2304 4676 2436 4731 dattt
2466 4675 2534 4730 ad
2557 4682 2737 4730 vestes
2761 4672 3014 4728 animalia
3044 4670 3273 4744 plurima
3307 4671 3499 4743 pelles,

2280 4767 2459 4824 Pauca
2492 4765 2883 4831 feruntvellus,
2914 4765 3084 4831 nulla,
3112 4780 3254 4832 reor,
3287 4765 3487 4835 potius.

2211 4858 2380 4924 Lana,
2408 4867 2559 4929 patet
2583 4857 2795 4912 cunctis
2818 4857 2963 4927 quod
2998 4856 3247 4911 conferat
3278 4856 3562 4922 utilitatis;

2282 4950 2459 5006 Pauca
2485 4959 2665 5005 tamen
2695 4947 2948 5014 referam,
2978 4963 3046 5004 ne
3072 4950 3287 5019 penitus
3321 4948 3537 5004 sileam.

2210 5043 2318 5102 Per
2343 5057 2403 5099 se
2430 5042 2556 5098 lana
2584 5041 2783 5113 placet,
2819 5056 2916 5112 per
2944 5055 3004 5097 se
3033 5041 3295 5113 nigrescit
3321 5053 3378 5095 et
3409 5040 3599 5111 albet,-
