4010 5328
215 319 315 381 “9

286 436 454 493 Leais
479 437 534 491 in
560 436 763 490 attactu
796 444 897 487 nec
926 427 1103 485 minus
1132 429 1186 483 in
1218 428 1411 482 intuitu
1441 426 1580 496 (sic).

216 526 409 591 Gallia,
443 542 601 596 quam
626 522 895 593 quondam
925 530 1133 574 veteres
1156 519 1339 573 dixere
1366 516 1671 581 Comatam,

286 618 452 673 Addit
492 614 841 683 multiplicem
872 610 1161 665 velleribus
1192 608 1453 678 speciem.

218 708 362 767 Gens
390 706 553 761 varia:
582 704 777 759 mentis
794 703 955 757 varia:
978 700 1090 755 vult
1118 701 1351 771 tegmina
1380 696 1565 762 vestis,

294 799 458 852 Veste
488 795 726 865 probans
757 793 921 847 animi
952 792 1247 847 mobilitate
1276 789 1415 861 geri.

220 886 361 945 Hille
385 888 526 957 gerit
562 886 743 939 varias
769 885 855 939 hic
880 884 931 937 in
964 898 1071 937 uno
1106 881 1340 952 tegmine
1368 880 1569 951 virgas,

290 978 541 1034 Discolor
573 987 632 1031 ut
662 978 836 1045 virga,
864 975 1014 1043 virga
1039 972 1109 1028 sit
1136 981 1193 1027 ut
1220 971 1448 1041 reliqua.

222 1069 317 1128 Βία
349 1070 622 1141 reliquum
646 1082 843 1138 corpus
872 1064 1071 1119 albenti
1096 1062 1294 1119 vellere
1326 1070 1525 1125 tectus,

289 1161 410 1219 Hac
433 1164 593 1226 viret,
620 1169 703 1215 ast
726 1160 828 1213 alia
858 1159 1095 1212 rubbcus
1121 1164 1203 1210 est
1230 1154 1461 1209 manica.

233 1252 332 1309 Hie
359 1268 459 1307 sua
491 1266 587 1321 per
612 1249 852 1321 geminas
875 1248 1001 1301 dum
1044 1245 1196 1299 findit
1226 1243 1384 1315 pallia
1417 1241 1637 1305 caudas,

296 1341 558 1396 Rusticus
591 1349 671 1393 est
698 1338 799 1392 nisi
838 1337 909 1391 sit
931 1335 1164 1391 discolor
1194 1334 1308 1387 hmc
1338 1332 1457 1397 alii;

228 1432 333 1487 Sed
362 1445 493 1486 eum
546 1426 858 1496 multiplicis
905 1439 1037 1495 gens
1082 1424 1198 1477 htee
1251 1428 1563 1487 tegumenta
1618 1418 1818 1475 coloris

299 1518 690 1588 Unusquisque
720 1531 875 1571 suum
906 1522 1185 1584 comparet
1212 1513 1279 1566 ad
1308 1512 1571 1575 studium,

230 1612 379 1666 Hane
406 1620 589 1664 tamen
611 1608 885 1678 egregium
917 1606 1044 1660 facit
1065 1604 1179 1659 haec
1199 1603 1473 1674 provincia
1506 1615 1745 1672 pannum

299 1701 403 1769 Qui
439 1702 581 1755 viret
611 1706 705 1752 aut
726 1699 949 1767 glaucus
977 1705 1069 1750 aut
1098 1695 1251 1765 quasi
1276 1692 1559 1749 cazruleus.

233 1792 340 1847 llas
371 1803 557 1847 veStes
588 1789 821 1847 dominis
850 1787 1159 1858 gestandas,
1194 1784 1469 1848 Flandria,
1496 1781 1689 1846 mittis.

303 1885 413 1939 llas
442 1884 611 1938 lloceo
641 1881 909 1951 crispans,
935 1879 1130 1934 leniter
1159 1878 1258 1933 bas
1289 1857 1554 1933 solidaiis.

235 1976 312 2033 Tu
337 1976 528 2032 fucare
557 1975 731 2028 modis
762 1988 877 2027 mea
902 1971 1123 2036 vellera,
1154 1969 1458 2034 'l'hcntone,
1490 1964 1699 2032 nescis;

304 2066 419 2123 Nec
448 2077 629 2121 tamen
662 2064 764 2118 ista
788 2076 983 2116 manus
1010 2069 1094 2115 est
1115 2073 1345 2129 operosa
1383 2057 1585 2111 minus.

240 2158 406 2213 Docto
451 2164 701 2209 versatas
732 2160 927 2206 tenues
958 2151 1011 2204 in
1034 2149 1227 2219 pollice
1251 2149 1404 2201 lanas

306 2245 606 2302 Transfers
636 2242 703 2297 ad
731 2243 909 2297 tenuis
934 2240 1157 2295 delicias
1184 2238 1383 2309 operis.

240 2341 465 2414 Tinges,
494 2339 708 2402 Rhene,
734 2337 877 2391 leves
906 2334 1127 2405 pulchra
1161 2332 1439 2402 nigredine
1458 2338 1657 2396 vestes,

314 2431 636 2503 Virginibus
668 2428 843 2481 mittis
866 2425 1256 2492 ordinibusque
1287 2421 1478 2477 sacris.

245 2522 442 2579 Suevia
469 2523 560 2576 dat
593 2519 742 2573 rufos
774 2534 879 2572 non
912 2517 1078 2569 tincto
1120 2513 1320 2567 vellere
1353 2524 1587 2582 pannos;

314 2614 411 2667 llis
450 2627 633 2682 regum
664 2608 849 2679 pelles,
880 2606 963 2660 his
985 2606 1161 2675 Operit
1190 2616 1462 2672 proceres.

248 2706 341 2760 Est
370 2704 524 2759 color
546 2720 576 2757 e
606 2700 744 2766 rufo,
773 2699 932 2753 viridi
956 2699 1236 2752 confectus
1260 2705 1313 2749 et
1340 2694 1484 2758 albo,

315 2796 492 2863 Quem
526 2794 723 2847 flavum
756 2791 891 2847 dicis
921 2790 963 2844 si
996 2790 1214 2859 proprie
1251 2788 1520 2858 loqueris;

250 2887 399 2943 [lane
434 2886 669 2956 speciem
700 2883 892 2954 pannis
921 2882 1162 2935 innatam
1188 2890 1377 2950 sponte
1407 2878 1624 2964 coloris,

319 2982 527 3045 llister,
560 2979 787 3033 amanda
818 2991 978 3046 paras
1012 2974 1227 3046 regibus
1250 2974 1590 3027 ad-tnuicas.

252 3074 463 3130 Nobdis
492 3074 606 3126 lucc
638 3069 766 3125 nulli
800 3069 965 3123 vestis
993 3065 1347 3137 penetrabilis
1375 3064 1555 3129 imbri,

324 3165 410 3221 Nil
441 3167 603 3220 habet
628 3164 730 3218 hoc
759 3178 932 3231 majus
961 3174 1183 3214 munere
1212 3158 1604 3214 Theutouicus.

256 3260 411 3330 Quod
447 3259 617 3329 fulget
647 3257 810 3310 variis
839 3254 1094 3309 distincta
1122 3252 1398 3308 coloribus
1429 3253 1543 3315 iris,

326 3355 431 3409 Tot
456 3364 631 3409 vestes
660 3354 857 3423 pingis,
888 3368 921 3405 o
960 3367 1076 3406 mea
1106 3349 1251 3413 lana,
1280 3346 1475 3401 modis.

260 3447 368 3502 llas
394 3447 515 3501 ovis
542 3454 596 3500 et
626 3444 778 3515 plura
805 3444 888 3498 his
917 3442 1072 3497 affert
1101 3441 1381 3501 utilitates,

331 3538 482 3607 Quas
512 3537 675 3592 homo
700 3534 911 3600 mirari,
940 3534 1033 3588 sed
1069 3546 1359 3586 numerare
1391 3529 1594 3599 nequit.

968 3638 1154 3680 LINUII.

265 3722 337 3783 Ut
370 3722 620 3777 laudetur
640 3720 777 3783 ovis,
800 3718 1009 3789 species
1037 3732 1324 3771 numerare
1350 3715 1571 3782 coloris,

333 3812 467 3881 Qua:
504 3821 693 3881 poscat
717 3809 857 3863 ratio
896 3824 1001 3861 non
1028 3808 1246 3877 penitus
1277 3807 1455 3861 video.

271 3902 538 3975 Splendor
560 3902 703 3956 enim
736 3899 859 3955 eteli
891 3914 1021 3954 suns
1046 3909 1153 3962 est,
1181 3913 1312 3951 suus
1345 3907 1427 3952 est
1458 3898 1607 3953 viror
1632 3900 1779 3969 agri;

340 3993 494 4063 Quod
530 3993 617 4047 nix
650 3991 874 4045 albescit
904 3989 955 4043 id
986 3989 1149 4044 decor
1176 3988 1292 4058 ejus
1326 3989 1461 4042 erit:

273 4085 365 4141 Sic
403 4086 740 4140 diversorum
778 4096 872 4135 sua
901 4080 1015 4135 laus
1042 4088 1125 4134 est
1156 4078 1328 4133 forma
1364 4080 1643 4145 colorum;

344 4177 461 4232 Non
490 4178 562 4229 sit
589 4174 706 4229 ovis
734 4189 748 4226 :
780 4171 1021 4237 nunquid
1050 4186 1154 4224 non
1185 4169 1335 4225 color
1366 4168 1505 4225 ullus
1538 4169 1683 4225 erit?

276 4266 395 4327 Una
427 4268 642 4337 quidem
676 4265 792 4331 lini,
816 4266 910 4319 sed
938 4280 1057 4333 qua:
1082 4279 1187 4318 non
1211 4264 1404 4319 accidit
1433 4264 1506 4319 illi

346 4357 621 4421 Exterius,
654 4354 903 4426 simplex,
931 4364 1122 4425 sponte
1149 4354 1368 4424 placens
1395 4355 1621 4423 species.

279 4445 437 4504 Teste
470 4448 685 4518 quidem
720 4445 942 4510 mundo,
979 4442 1185 4514 species
1218 4445 1329 4498 lucc
1358 4460 1595 4515 congrua
1622 4443 1752 4508 lino,

353 4541 451 4609 Et,
481 4557 584 4612 qua
621 4552 766 4595 terra
799 4550 966 4610 patet,
993 4549 1179 4592 nostra
1214 4538 1381 4606 figura
1413 4537 1609 4607 placet.

282 4631 543 4696 Candida,
576 4632 853 4687 sollemnis
876 4631 1220 4699 pretiosaque
1246 4629 1386 4683 linea
1416 4628 1613 4693 vestis,

354 4724 598 4793 Congrua
616 4723 835 4787 hetitiaz,
859 4721 1041 4776 nescia
1070 4720 1330 4785 tristitire;

287 4815 395 4874 Nec
420 4819 649 4873 mortale
677 4833 846 4889 genus
887 4815 1223 4871 solummodo
1251 4821 1399 4869 veste
1428 4828 1677 4870 nummus
1711 4814 1867 4888 [hea-

1625 4904 1795 4980 [unum

360 5002 525 5059 Immo
550 5002 770 5058 delicias
794 4998 1128 5058 conferimus
1152 4999 1350 5055 varias.

292 5092 537 5153 Fletibus
568 5096 807 5160 intextis,
833 5092 957 5147 aliis
988 5090 1206 5145 subtilia
1237 5090 1426 5161 signis,

1147 308 1438 369 ‘CARMEN
1480 308 1568 366 DE
1606 302 1989 367 CONFLICTU
2033 306 2188 364 ΟΠΞ
2229 307 2315 363 ετ
2356 301 2505 361 ιικι.

3368 275 3481 338 650

1828 428 1877 487 Α
1907 422 1997 479 Sic
2021 438 2182 491 super
2211 430 2488 477 extentum
2518 417 2755 473 candens
2782 416 2873 470 dat
2902 413 3065 470 lintea
3096 410 3266 468 linum

1975 513 2206 567 Molliter
2234 510 2528 565 exstructis
2556 509 2839 563 ambitiosa
2864 506 3057 561 thuris.

1908 604 2003 661 His
2023 603 2322 673 snperadde
2346 602 2459 656 suis
2492 611 2644 655 extra
2674 599 2967 669 crispantia
3000 597 3137 651 villis

1978 694 2332 758 Ornainenta,
2361 695 2513 748 nives
2542 690 2842 747 assimilare
2870 700 3042 761 potes.

1912 788 2050 843 Ditia
2075 787 2380 856 dependent
2412 802 2531 856 qua:
2560 794 2791 839 stratum
2820 784 2935 837 vela
2968 787 3274 838 comnent:

1983 878 2118 933 Huic
2139 880 2289 932 vivas
2323 878 2532 946 species
2556 877 2903 929 dinumerare
2925 884 3099 945 potes.

1913 967 2008 1023 Cui
2038 967 2281 1039 speciosa
2306 968 2419 1023 suis
2454 968 2684 1023 tentoria
2722 967 2847 1020 nixa
2886 964 3175 1031 columnis,

1985 1063 2189 1134 Regum
2216 1063 2456 1129 divitias,
2488 1064 2825 1134 mquiparare
2854 1062 3055 1132 queas?

1915 1151 2118 1207 Nomen
2144 1163 2197 1208 et
2226 1152 2427 1224 efﬁgies
2448 1168 2475 1205 a
2506 1153 2774 1224 papilione
2802 1153 3081 1206 trahentes

1987 1244 2119 1311 Quis
2142 1255 2343 1299 reseret
2368 1260 2592 1314 pannos,
2624 1246 2762 1299 dona
2796 1246 3046 1309 rotunda,
3082 1242 3265 1297 meos?

1918 1335 2115 1390 Bellica
2146 1336 2459 1405 compositis
2490 1337 2834 1407 requiescunt
2869 1337 3085 1407 agmina
3124 1332 3357 1401 castris;

1989 1426 2154 1482 Liber
2174 1437 2230 1482 et
2256 1429 2380 1483 hinc
2411 1428 2535 1483 illuc
2563 1430 3085 1499 cxpatiaturequus,

1922 1518 2087 1574 Linea
2120 1519 2415 1590 gramineis
2444 1529 2659 1573 extenta
2692 1520 2887 1590 palatia
2913 1521 3120 1589 campis

1998 1611 2076 1666 Tu
2108 1611 2215 1667 scis
2249 1627 2409 1682 quam
2440 1622 2650 1681 gratum
2677 1612 2806 1664 dant
2835 1611 3019 1680 procul
3046 1610 3325 1664 intuitum.

1928 1704 2022 1759 His
2048 1714 2221 1758 tectos
2250 1705 2499 1758 domibus
2527 1720 2630 1757 non
2663 1702 2807 1757 laedit
2834 1704 2992 1756 turbo
3024 1701 3103 1755 vel
3133 1712 3329 1767 cestus;

1853 1779 1899 1839 Β
1996 1796 2221 1852 Ptmstat
2246 1796 2576 1866 pratsidium,
2608 1796 2763 1849 dulce
2791 1794 3149 1866 refrigerium.

1928 1887 2148 1944 Publica
2172 1888 2549 1952 commoditas,
2578 1887 2697 1941 belli
2733 1888 2991 1956 pacisque
3022 1886 3291 1957 voluptas,

2003 1980 2325 2049 Significant
2357 1978 2528 2047 majus
2556 1978 2838 2048 spirituale
2864 1979 3049 2033 decus.

1933 2069 1989 2126 In
2017 2070 2208 2141 capitis
2234 2071 2436 2125 cultum
2462 2072 2731 2126 consmuit
2764 2068 2983 2124 fualnina
3009 2070 3203 2133 linum,

2008 2162 2078 2221 Ut
2106 2172 2311 2218 taceam
2344 2162 2601 2217 membris
2629 2162 2771 2235 quod
2799 2160 2928 2215 facit
2954 2160 3006 2214 in
3038 2159 3277 2231 reliquis.

1936 2255 2075 2324 Quid
2096 2255 2351 2324 jactando
2378 2252 2545 2308 refers
2572 2253 2687 2307 fieri
2722 2263 2809 2307 tua
2842 2252 3038 2307 vellera
3068 2249 3286 2306 vestes?

2008 2345 2063 2400 Si
2089 2346 2273 2415 jnbeo,
2302 2346 2517 2417 penitus
2548 2361 2652 2399 non
2685 2346 2789 2397 erit
2821 2328 3068 2399 ulterius.

1937 2435 1997 2492 Si
2022 2437 2191 2491 vidua:
2224 2434 2286 2509 [ι.
2321 2434 2778 2509 dividuzej'partes
2808 2433 2994 2505 panni,
3018 2448 3115 2504 per
3151 2431 3318 2487 frusta
3336 2430 3520 2502 jacen-

3309 2521 3446 2595 [tes;

2009 2620 2143 2675 Cum
2172 2629 2374 2675 vestem
2401 2618 2626 2682 faciunt,
2656 2616 2925 2689 quomodo
2955 2615 3320 2670 conveniunt?

1941 2709 2160 2765 Transit
2191 2726 2320 2765 acus
2344 2725 2599 2780 pauntnn,
2628 2708 2917 2770 modicum,
2948 2722 3065 2759 mea
3100 2720 3342 2769 munera,
3373 2702 3521 2758 lilutn

2014 2800 2208 2855 Secum
2246 2800 2503 2855 transfixo
2528 2799 2805 2869 trajicieus
2832 2797 3018 2862 oculo;

1942 2892 2055 2950 Hoc
2084 2902 2240 2963 pacto
2262 2894 2469 2946 vinctos
2500 2892 2613 2945 uuit
2637 2905 2754 2945 mea
2788 2890 2957 2959 gratia
2993 2902 3198 2957 pannos

2018 2984 2088 3040 Ut
2112 2994 2311 3037 vestem
2339 2982 2539 3036 faciant
2566 2992 2621 3035 et
2649 2981 2883 3051 speciem
2909 2980 3148 3049 capiant.

1947 3077 2023 3132 Te
2050 3078 2303 3148 quotiens
2330 3075 2463 3130 levis
2492 3074 2636 3128 laedit
2658 3074 2917 3138 scissura,
2944 3071 3179 3126 recurris

1868 3127 1915 3191 Ο
2019 3168 2344 3239 Supplieiter
2372 3176 2556 3221 nostra
2585 3181 2771 3243 rursus
2792 3179 2956 3235 egens
2980 3178 3169 3233 opera.

1948 3261 2100 3318 Tunc
2127 3262 2393 3317 submissa
2415 3261 2588 3333 jaces,
2618 3270 2745 3315 tunc
2776 3259 2983 3323 sobria,
3019 3268 3147 3312 tunc
3172 3255 3304 3310 nihil
3332 3255 3498 3311 audes

2018 3354 2283 3411 Dilaniata
2306 3354 2496 3423 jaceus
2527 3365 2824 3423 nostraque
2866 3354 3003 3407 dona
3042 3360 3254 3421 petens.

1949 3447 2188 3505 Ornatus
2212 3463 2417 3511 rerum,
2439 3446 2739 3515 justissima
2774 3445 2962 3515 gloria,
2996 3444 3193 3509 linum;

2022 3539 2155 3607 Quis
2184 3552 2472 3593 numerare
2500 3546 2661 3607 queat
2690 3536 2971 3592 commoda
2996 3544 3194 3607 quanta
3226 3531 3397 3588 ferat?

2679 3644 2814 3685 OVIS.

1954 3722 2119 3779 Multa
2144 3732 2347 3794 queunt
2378 3722 2485 3778 dici
2519 3722 2743 3793 strepitu
2786 3720 2989 3789 majora
3027 3719 3253 3785 minori;

2028 3816 2227 3886 Magni,
2259 3814 2305 3870 si
2335 3830 2540 3887 posses,
2577 3825 2648 3879 te,
2676 3814 2851 3878 video,
2882 3812 3109 3867 faceres.

1955 3904 2073 3963 Non
2100 3906 2192 3960 tibi
2222 3921 2539 3961 communes
2565 3904 2686 3969 soli,
2715 3918 2928 3973 precor,
2962 3916 3147 3957 assere
3170 3899 3393 3965 laudes;

2027 3998 2137 4054 Nos
2166 4012 2398 4069 quoque,
2434 3997 2478 4051 si
2506 3995 2707 4066 sapias,
2740 3993 3062 4063 participare
3091 3993 3258 4047 sinas.

1956 4092 2102 4148 Inter
2129 4100 2208 4145 tot
2234 4098 2434 4152 vestes,
2468 4094 2683 4158 propior
2714 4087 2841 4157 quia
2866 4086 3033 4140 vestis
3053 4084 3302 4140 adbzeres

2030 4181 2167 4238 Hinc
2191 4190 2245 4238 te
2274 4180 2611 4251 magnificas,
2643 4180 2869 4251 plusque
2898 4179 3080 4234 valere
3104 4186 3293 4250 putas;

1962 4274 2069 4332 Sed
2095 4275 2251 4330 nobis
2278 4282 2330 4330 et
2359 4274 2411 4328 in
2444 4274 2546 4329 hoc
2569 4274 2833 4343 contingit
2869 4271 3038 4343 gloria
3063 4271 3257 4341 major,

2036 4363 2360 4420 Sanctorum
2391 4363 2550 4418 nudis
2575 4362 2802 4418 artubus
2826 4363 2993 4416 lueret
3015 4361 3154 4417 ovis.

1888 4481 1941 4541 Ι)
1966 4453 2067 4523 Qui
2097 4453 2356 4508 mundum
2384 4450 2616 4523 fugiunt,
2642 4453 2731 4523 qui
2761 4467 2855 4520 spe
2884 4451 3122 4505 cwlestia
3159 4458 3405 4522 tangunt,

2040 4546 2187 4614 Quos
2211 4545 2383 4600 sociat
2407 4560 2618 4598 summo
2644 4544 2811 4598 libera
2840 4557 2991 4596 meus
3017 4541 3263 4605 Domino,

1966 4638 2048 4693 Ad
2073 4652 2177 4692 non
2205 4635 2421 4691 fallaces
2445 4650 2580 4706 quos
2598 4631 2709 4701 jam
2733 4631 3055 4701 conscripsit
3080 4633 3312 4686 honores

2039 4729 2095 4784 In
2128 4743 2385 4799 proceres
2414 4727 2535 4781 caeli
2568 4725 2756 4780 dextra
2782 4725 2940 4777 beata
2974 4723 3089 4777 Dei.

1971 4818 2193 4873 Talibus
2222 4831 2351 4884 ergo
2378 4815 2507 4869 viris
2528 4823 2611 4868 est
2636 4814 2822 4868 intima
2850 4812 3002 4865 lanea
3035 4812 3233 4876 vestis;

2044 4908 2170 4964 Hrcc
2193 4918 2277 4963 est
2303 4908 2501 4979 quippe
2522 4907 2611 4975 pio
2638 4920 2877 4974 congrua
2907 4905 3203 4972 proposito.

1976 5000 2073 5057 llic
2098 5001 2265 5056 linum
2296 4999 2526 5069 fugiunt,
2560 4996 2712 5052 lanas
2740 4994 2806 5049 ad
2839 5010 3071 5064 corpora
3102 4995 3405 5071 stringunt,

2045 5093 2222 5162 Quod,
2260 5092 2361 5146 sibi
2394 5091 2447 5146 ni
2484 5089 2692 5145 scirent
2719 5088 2869 5153 utile,
2905 5102 3011 5142 non
3046 5086 3308 5148 facerent.
