4010 5328
559 297 657 357 tsi
1402 290 1760 379 llEltMANNl
1797 289 2072 349 comm

2179 288 2189 343 ι
2226 287 2591 346 avemusrs
2625 286 2932 373 moment
3714 286 3814 343 ιδς

628 408 773 466 Ordo
800 419 954 464 sacer
984 413 1195 462 sanctae.
1214 404 1422 476 deperit
1450 406 1723 463 Ecclesiar.

557 498 834 555 lavenient
856 496 1003 568 quali
1034 506 1160 551 sunt
1181 512 1371 552 omnes
1405 497 1596 553 ordine
1614 496 1776 565 jussi,

625 589 707 645 Ad
738 589 1014 643 lavacrum
1044 603 1290 647 nascens.
1326 587 1392 641 ad
1424 586 1687 642 tumulant
1719 587 1993 642 moriens?

553 676 668 733 Non
694 676 805 744 jam
830 676 1023 748 pra:sul
1059 678 1182 742 erit,
1218 692 1321 732 non
1347 677 1531 732 Romae
1561 693 1697 749 papa
1720 677 1964 743 sedebit;

623 769 876 825 Solvetur
901 769 1136 841 synodus
1167 768 1526 838 Ecclesireque
1547 769 1768 840 gradus.

548 857 818 918 Prmterea
852 860 1113 931 quidquid
1140 859 1375 915 sollertia
1400 870 1551 930 grata
1575 858 1815 928 reliquit,

619 953 775 1022 Quod
813 953 958 1010 dedit
984 950 1270 1023 .Egyptus,
1305 952 1447 1021 quod
1485 951 1643 1006 docet
1667 947 1947 1033 Assyrius;

545 1043 748 1101 Omnes
776 1054 1047 1115 postremo
1079 1059 1166 1098 res
1192 1052 1372 1114 gestas
1394 1059 1425 1098 a
1454 1052 1606 1113 patre
1634 1042 1842 1115 primo,

618 1133 770 1203 Quod
797 1135 897 1190 fuit
924 1143 1050 1189 ante
1076 1135 1263 1200 chaos,
1290 1133 1433 1188 seria
1459 1131 1774 1201 sivejocos;

545 1226 700 1297 Quod
722 1226 956 1282 thbus
984 1240 1187 1293 musas,
1210 1240 1374 1280 musa:
1395 1226 1624 1279 docuere
1656 1229 1871 1292 poetas;

614 1317 745 1387 Qua:
773 1317 908 1372 ratio
936 1315 1140 1380 stellas,
1172 1330 1357 1386 quaeve
1384 1313 1532 1385 polos
1557 1323 1804 1378 moveat,

542 1410 674 1478 Quae
704 1409 986 1465 metuenda
1017 1407 1195 1471 malis,
1221 1421 1340 1477 qua:
1366 1414 1494 1461 sunt
1516 1402 1781 1475 speranda
1812 1399 2018 1468 beatis;

611 1504 751 1571 Quid
777 1503 845 1559 sit
872 1501 961 1573 qui
995 1502 1156 1557 rebus
1193 1499 1443 1570 przcsidet
1470 1499 1582 1569 ipse
1612 1499 1784 1562 Deus;

540 1596 732 1654 Omnia
765 1594 915 1650 novit
946 1594 1083 1656 ovis,
1116 1608 1214 1663 per
1241 1607 1369 1647 oves
1394 1592 1507 1646 lucc
1535 1590 1774 1661 pnecipit
1795 1587 1974 1657 orbis;

610 1686 729 1756 lpsa
762 1685 854 1740 Dei
886 1685 1066 1739 Patris
1090 1683 1315 1757 mystica
1344 1681 1646 1735 novitovis.

537 1775 710 1834 Vilior
734 1776 787 1831 iu
812 1785 922 1830 toto
953 1791 1096 1846 pars,
1128 1776 1357 1837 viscera,
1386 1788 1613 1843 corpore
1640 1783 1827 1829 nostro

607 1871 826 1928 Dulcem
861 1871 991 1926 dant
1018 1886 1173 1925 usum
1201 1868 1411 1925 deliciis
1434 1868 1735 1924 ltOmitmm.

534 1962 777 2036 Quadam
808 1964 987 2017 divina
1023 1970 1241 2017 resonat
1265 1961 1548 2016 dulcedine
1569 1960 1755 2027 corda,

603 2058 756 2128 Apta:
786 2056 962 2111 vincta
990 2055 1138 2126 lyrw.
1166 2052 1453 2123 psalterio,
1477 2053 1733 2123 cytharae.

534 2150 765 2222 Expellit
787 2164 945 2204 curas
973 2162 1137 2202 sonus
1159 2146 1248 2202 hic
1277 2155 1332 2201 et
1362 2145 1576 2216 mitigat
1606 2144 1739 2213 iras,

603 2241 777 2298 Attxia
816 2240 977 2295 corda
1010 2239 1170 2303 levat,
1203 2238 1357 2292 tmdia
1386 2245 1580 2292 cuncta
1614 2233 1781 2307 fugat.

530 2331 626 2389 Vis
653 2331 868 2386 inimica
897 2328 1052 2401 fugit,
1082 2343 1441 2401 possessaque
1471 2327 1634 2384 corda
1664 2326 1938 2397 relinquit,

601 2425 735 2481 Cum
762 2424 896 2480 bene
919 2424 1072 2479 docta
1097 2438 1287 2479 manus
1310 2423 1513 2477 excitat
1541 2421 1638 2476 lios
1660 2420 1889 2475 sonitus.

529 2514 805 2587 Orpheus,
836 2513 1135 2584 Amphion,
1169 2528 1291 2571 cum
1322 2513 1491 2567 musis
1516 2510 1780 2570 Phoebus.
1810 2510 2006 2575 Arion,

602 2604 735 2659 Dum
761 2603 989 2658 chordas
1021 2601 1247 2664 feriunt.
1273 2617 1469 2657 nomen
1495 2601 1559 2655 ad
1586 2610 1728 2656 astra
1759 2600 1958 2655 ferunt.

527 2695 640 2753 Neu
673 2696 874 2751 sanctis
898 2710 1121 2765 operam
1150 2704 1299 2767 putet
1328 2694 1465 2751 hanc
1498 2692 1759 2749 vilescere
1786 2692 2097 2764 quisquam.

599 2786 700 2855 Qui
726 2788 914 2842 stravit
939 2786 1154 2843 Goliath
1182 2787 1300 2859 ejus
1326 2796 1533 2843 amator
1557 2794 1697 2844 crat.

528 2880 635 2937 Sex
672 2889 868 2951 quater
908 2895 1029 2937 esse
1072 2891 1293 2954 patres,
1340 2880 1593 2953 cytharas
1646 2878 1966 2953 phialasque
2016 2888 2098 2935 te-

1770 2968 1986 3045 [nentes
2010 3010 2027 3037 ,

593 3062 735 3118 Ante
765 3062 859 3118 Dei
903 3060 966 3135 [l.
1004 3056 1279 3137 thronum]
1321 3060 1453 3118 dicit
1496 3063 1693 3135 pagina
1744 3079 1896 3119 sacra
1944 3063 2094 3118 thro-

1635 3153 1787 3226 [num
1819 3153 1860 3208 ι.
1884 3153 2037 3224 (Βεί),

521 3244 726 3316 Collige
753 3246 882 3316 quid
910 3248 984 3301 sit
1015 3246 1132 3302 ovis
1171 3245 1327 3317 cujus
1344 3260 1470 3318 pars
1499 3245 1682 3301 infima
1707 3245 1860 3302 ctelis

520 3318 529 3333 ⁶
596 3335 904 3406 Suscipitur
924 3378 939 3403 ,
967 3344 1188 3392 sanctas
1216 3335 1526 3393 exhilarans
1549 3336 1778 3391 animas.

832 3492 833 3495 η
1227 3442 1413 3484 manu.

519 3512 639 3572 Non
677 3531 812 3587 opus
835 3526 917 3572 est
943 3517 1155 3584 verbis;
1195 3520 1374 3572 ovium
1399 3515 1664 3572 balatibus
1689 3516 1824 3587 ipsis

590 3608 762 3680 Quale
786 3608 951 3665 melos
982 3609 1073 3664 fiat
1102 3609 1287 3664 nescio
1309 3624 1467 3677 quem
1498 3608 1683 3662 lateat.

519 3702 653 3762 Cum
680 3712 846 3773 pasta.-
876 3694 1120 3767 redeunt,
1151 3698 1380 3756 tremulo
1407 3698 1637 3754 stridore
1665 3699 1950 3770 requirunt

587 3792 733 3860 Quos
771 3792 970 3846 lactent
999 3789 1199 3857 fartus;
1245 3804 1408 3860 quam
1435 3787 1609 3858 placet
1635 3786 1724 3842 ille
1744 3788 1945 3843 sonus!

517 3883 669 3953 Quod
697 3892 853 3953 parat
885 3881 1154 3938 interdum
1190 3888 1372 3951 tergus
1399 3878 1502 3934 sibi
1533 3878 1767 3947 scriptor
1794 3880 2050 3947 ovlnum,

586 3977 681 4033 Est
708 3976 952 4046 equidem
977 3972 1181 4045 qumvis
1211 3971 1377 4042 gloria
1401 4011 1417 4036 ,
1454 3970 1549 4025 sed
1588 3967 1796 4035 facilis;

519 4064 720 4122 'ustior
738 4067 854 4122 ltazc
881 4065 1091 4129 vitulis,
1116 4064 1231 4119 lucc
1254 4061 1419 4132 gloria
1442 4059 1639 4131 justior
1676 4058 1877 4127 hxdis;

588 4155 874 4211 [laedor-nm
901 4153 1053 4226 pellis
1086 4154 1260 4224 aptior
1291 4152 1373 4207 his
1401 4151 1612 4207 studiis.

515 4243 756 4315 Denique
785 4244 870 4300 fac
895 4245 1072 4298 ovium
1102 4257 1372 4312 nunquam
1402 4256 1572 4311 genus
1603 4256 1725 4299 esse
1749 4251 2014 4310 creatum,
2046 4304 2049 4305 ν

589 4332 698 4388 llos
737 4348 865 4387 usus
886 4333 1125 4400 nunquid
1153 4331 1382 4386 mundus
1411 4331 1611 4386 habere
1637 4332 1866 4402 nequit?

511 4426 643 4485 llud
671 4425 899 4482 ludibrio
927 4425 1142 4496 dignum
1177 4441 1300 4481 reor
1336 4441 1457 4481 esse
1488 4425 1731 4497 profecto

582 4518 733 4589 Quod
761 4516 936 4587 jactas
961 4536 973 4572 :
999 4519 1200 4573 sanctis
1230 4519 1455 4575 artubus
1483 4519 1651 4574 lueret
1679 4517 1814 4572 ovis.

511 4608 611 4667 Est
639 4609 888 4680 equidem
910 4624 1119 4674 verum,
1154 4610 1246 4663 sed
1273 4610 1421 4679 quid,
1453 4624 1667 4678 precor,
1687 4623 1807 4664 esse
1829 4609 2082 4665 decorum

583 4703 700 4775 Ipsa
727 4700 821 4757 tibi
846 4710 1062 4773 reputas
1085 4717 1310 4770 corpora
1343 4701 1386 4755 si
1414 4700 1624 4756 crucias
1642 4698 1669 4753 ?

512 4792 585 4851 Ut
612 4808 830 4849 carnem
864 4793 1177 4862 reprimant,
1203 4807 1418 4846 carnem
1443 4783 1550 4860 per
1570 4791 1703 4845 dura
1734 4791 1962 4865 fatigant
1989 4805 2004 4845 :

582 4884 876 4959 lnter_dura
915 4885 1047 4938 satis
1074 4898 1192 4938 esse
1229 4895 1466 4938 meretur
1490 4883 1628 4937 ovis.

509 4972 746 5044 Quaeque
800 4972 1021 5028 molesta
1069 4970 1249 5026 ferunt
1275 4992 1300 5037 ,‘
1342 4986 1461 5042 qua:
1503 4971 1615 5026 sint
1666 4972 1837 5042 magis
1888 4988 2078 5044 aspera

1705 5061 2005 5108 intum-unt:

2162 409 2212 467 Α
2241 400 2450 470 Quanta
2481 402 2657 458 ferant
2683 404 2820 459 sacri
2848 403 2958 457 lino
2987 402 3252 474 praeconia
3277 402 3425 463 libri.

2306 490 2555 546 Forsitan
2597 490 2842 563 ignoras,
2880 500 2991 555 aut,
3021 502 3168 562 puto,
3200 492 3530 548 dissimulas.

2233 581 2291 637 In
2322 581 2517 655 Moysis
2544 583 2693 639 libris
2725 582 2964 656 (.lloyscn
2993 583 3182 655 recipit
3208 600 3381 640 canon
3407 585 3638 655 omnis),

2302 675 2415 731 lmo
2463 675 2637 746 legisti
2667 677 2890 747 mystica
2914 676 3079 730 multa
3110 676 3259 748 geri;

2232 762 2427 820 Multos
2469 764 2579 835 ipse
2605 763 2745 821 Deus
2785 766 2952 820 linunt
2982 768 3084 822 sibi
3110 767 3276 836 poscit
3311 768 3362 822 in
3399 783 3569 838 usus;

2301 852 2478 908 Pauca
2505 864 2681 910 tamen
2711 856 2947 911 breviter
2979 872 3408 915 commemorare
3435 860 3646 929 placet.

2227 944 2358 1013 Qua:
2380 946 2573 1002 domus
2595 945 2820 1018 insignis
2847 944 3020 1017 spatio
3046 949 3304 1004 meritovc
3327 950 3573 1018 decoris,

2298 1035 2824 1106 lncircumscriptum
2850 1051 2970 1107 qua:
3005 1037 3152 1106 capit
3177 1037 3296 1092 aula
3330 1036 3494 1094 Dettm
3519 1040 3544 1093 2

2220 1123 2294 1181 Ει
2322 1135 2501 1180 tamen
2528 1126 2641 1197 ipse
2663 1125 2766 1182 Sibi
2798 1126 3004 1182 dictans
3031 1127 3336 1183 habitacula
3372 1129 3520 1200 poni,

2294 1215 2489 1274 Linum
2520 1218 2788 1289 prmcipue
2815 1221 3011 1292 quznrit
3040 1222 3093 1275 in
3128 1220 3230 1276 hoc
3255 1238 3450 1291 opere;

2222 1310 2471 1368 Cortinas
2500 1312 2666 1368 isrum
2692 1314 2775 1370 bis
2815 1313 3058 1386 quinque
3094 1315 3318 1387 requirit
3348 1317 3398 1372 iu
3432 1333 3627 1383 usum;

2290 1403 2368 1460 Ex
2399 1405 2482 1460 his
2511 1407 2708 1477 quippe
2740 1408 2932 1463 domus
2960 1407 3184 1464 fmderis
3210 1396 3458 1463 ellicitur.

2219 1492 2328 1551 [las
2354 1494 2519 1568 Moysi
2568 1499 2788 1552 mandat
2829 1501 2896 1553 de
2924 1500 3084 1571 bysso
3116 1510 3298 1555 texere
3327 1509 3466 1556 torta
3494 1540 3512 1567 ,

2287 1586 2354 1642 Et
2381 1601 2550 1657 genus
2572 1598 2655 1644 est
2685 1588 2778 1643 lini
2806 1588 2984 1644 mollis
3003 1599 3059 1643 et
3084 1589 3308 1660 egregii.

2216 1674 2310 1732 Ille
2336 1678 2426 1732 Dei
2450 1678 2639 1750 plenus
2664 1680 2968 1735 venerando
2996 1696 3118 1736 cum
3144 1682 3278 1737 duce
3299 1692 3473 1738 cattus

2143 1757 2191 1818 Β
2288 1766 2417 1823 Tale
2445 1784 2547 1839 per
2573 1769 2864 1841 hospitium
2889 1785 3240 1853 promeruere
3270 1770 3457 1828 Deum.

2214 1858 2284 1916 Se
2314 1850 2474 1934 bysso
2506 1874 2644 1917 torta
2671 1862 2880 1918 velatur
2909 1850 3128 1918 fmderis
3152 1879 3277 1919 arca
3297 1904 3311 1928 ,

2282 1949 2431 2007 Felix
2465 1960 2574 2007 tam
2604 1954 2749 2009 sacri
2786 1969 2916 2010 cura
2944 1953 3266 2009 ministerii!

2208 2041 2289 2097 Ad
2321 2058 2431 2097 rem
2455 2043 2691 2098 divinam
2715 2043 2915 2100 vadens
2939 2045 3164 2100 antistes
3188 2044 3253 2100 ad
3282 2060 3434 2100 aram
3456 2085 3474 2114 ,

2277 2133 2658 2205 Significativis
2685 2133 2853 2205 fulget
2884 2134 2936 2189 in
2968 2136 3202 2191 exuviis.

2208 2223 2385 2280 Prima
2415 2226 2633 2296 quidem
2659 2227 2883 2282 manicis
2919 2226 3142 2283 includit
3166 2227 3384 2284 brachia
3414 2227 3624 2283 strictis
3654 2242 3669 2282 :

2277 2316 2413 2395 lluic
2443 2317 2660 2387 poderis
2700 2332 2894 2373 nomen
2919 2334 2933 2384 ;
2976 2318 3145 2374 tendit
3174 2317 3241 2373 ad
3266 2334 3434 2389 usque
3458 2318 3680 2389 pedem.

2206 2404 2302 2460 Est
2330 2422 2545 2476 quoque
2595 2408 2814 2473 talaris,
2840 2409 2936 2464 sed
2974 2409 3203 2480 dignior,
3243 2409 3410 2465 altera
3441 2409 3657 2476 vestis;

2274 2496 2506 2553 illustrat
2533 2501 2745 2569 penitus
2781 2501 2918 2556 hanc
2944 2501 3091 2557 color
3113 2502 3313 2557 aerius.

2207 2585 2324 2642 Non
2359 2588 2523 2644 habet
2553 2591 2666 2645 lucc
2695 2592 2965 2657 manicas;
2995 2592 3297 2662 dependent
3318 2591 3476 2662 hujus
3506 2594 3575 2649 ad
3597 2608 3727 2650 oras

2271 2679 2409 2748 Apte
2437 2680 2718 2751 promix'tis
2755 2696 2918 2737 aurea
2950 2682 3087 2737 mala
3119 2683 3276 2753 polis.

2201 2767 2450 2828 Floribus
2477 2781 2531 2828 et
2560 2775 2722 2830 variis
2759 2775 3007 2830 Abaneth
3043 2775 3332 2845 spectabile
3361 2777 3617 2846 gemmis;

2275 2862 2520 2935 Subligat
2554 2866 2653 2921 has
2690 2875 2865 2921 vestes
2901 2866 3111 2922 balteus
3148 2866 3236 2922 ille
3261 2876 3423 2923 teres.

2197 2953 2328 3011 lude
2360 2962 2544 3024 tegens
2579 2955 2834 3010 humeros
2853 2943 2926 3009 ad
2961 2969 3117 3009 renes
3142 2955 3386 3027 pervenit
3416 2954 3629 3026 Ephotlt

2270 3045 2559 3115 inscriptas
2581 3045 2807 3116 gemmis
2835 3045 3044 3115 fertque
3071 3046 3243 3101 tribus
3271 3046 3524 3117 geminis.

2120 3109 2174 3180 θ
2203 3135 2374 3206 Quam
2415 3109 2608 3209 legion.
2632 3136 2876 3204 Grzncus,
2906 3109 3049 3194 essin
3079 3109 3300 3210 quoque
3328 3139 3458 3194 dicit
3487 3138 3775 3206 llebneus,

2274 3229 2492 3296 Quinta,
2521 3228 2695 3283 minor
2718 3229 2911 3299 spatio,
2940 3230 3151 3299 dignior
3182 3239 3265 3284 est
3289 3229 3504 3285 merito.

2199 3319 2288 3374 Bis
2316 3334 2408 3374 sex
2432 3318 2716 3375 distinctas
2745 3317 2936 3374 formis
2962 3328 3017 3374 et
3046 3319 3263 3374 neruine
3292 3334 3532 3386 gemmas

2267 3409 2494 3465 Prae-fert
2528 3410 2643 3465 lucc
2671 3410 2836 3466 vestis
2857 3421 3076 3480 pectore
3105 3409 3377 3481 pontificis

2196 3499 2465 3569 Quattuor
2485 3500 2797 3574 ordinibus;
2833 3499 3001 3558 trinas
3028 3502 3161 3557 ordo
3184 3504 3327 3572 capit
3350 3516 3488 3557 unus
3510 3518 3526 3567 ;

2268 3592 2372 3647 Tot
2403 3590 2582 3646 titulat
2616 3601 2821 3662 patres,
2860 3601 2988 3663 quot
3019 3601 3266 3647 numerat
3296 3591 3522 3662 lapides.

2194 3680 2330 3738 [line
2359 3690 2524 3752 caput
2551 3691 2800 3747 exornat,
2826 3681 2919 3737 sed
2950 3697 3057 3738 non
3082 3694 3262 3737 tamen
3292 3697 3487 3748 Omne,
3517 3680 3734 3750 thiara;

2262 3775 2371 3830 Ceu
2396 3762 2584 3830 videas
2614 3776 2840 3845 sphaera:
2866 3774 3139 3830 dividuum
3171 3775 3380 3831 medim.

2193 3865 2453 3937 Tcgnina
2481 3880 2581 3921 nec
2612 3874 2820 3921 restant
2851 3864 3114 3921 femorum
3139 3882 3258 3938 qua:
3287 3866 3466 3938 turpia
3490 3866 3697 3933 velant,

2260 3958 2394 4015 Cum
2427 3957 2567 4012 redit
2596 3966 2719 4029 apta
2750 3958 2919 4014 sacris
2945 3958 3075 4013 hora
3102 3959 3446 4015 ministeriis.

2188 4048 2323 4106 Nam
2353 4064 2505 4105 sacra
2533 4049 2807 4121 proposito
2842 4048 2918 4105 nil
2938 4048 3148 4106 confert
3176 4050 3375 4105 lamina
3405 4062 3592 4107 nostro
3612 4092 3627 4117 ,

2259 4139 2576 4211 [inpendens
2606 4140 2765 4195 fronti
2791 4156 2983 4195 nomen
3011 4139 3217 4195 habens
3238 4141 3469 4196 Domini.

2185 4229 2257 4287 At
2286 4232 2520 4302 reliquas
2542 4239 2749 4295 vestes,
2781 4244 2919 4302 quas
2947 4231 3035 4285 hic
3066 4230 3488 4297 numeravimus,
3519 4246 3709 4288 omnes

2259 4325 2334 4379 De
2358 4328 2523 4396 bysso
2564 4324 2679 4379 ﬁeri
2710 4323 2953 4395 prmcipit
2981 4338 3043 4378 os
3067 4320 3300 4378 Domini.

2189 4415 2265 4472 Ne
2302 4416 2374 4471 sit
2398 4416 2515 4470 ovis
2544 4415 2757 4485 penitus
2792 4423 2970 4469 tamen
3000 4429 3193 4483 expers
3221 4411 3456 4467 muneris
3487 4411 3679 4481 hujus,

2261 4505 2410 4561 llanc
2432 4503 2642 4574 Moyses
2664 4504 2827 4557 etiam
2853 4502 3047 4572 quan-it
3073 4501 3139 4555 ad
3167 4501 3303 4556 hanc
3326 4516 3569 4571 operam.

2187 4596 2459 4667 Pin-parat
2494 4610 2559 4648 ex
2586 4607 2767 4648 ovtum
2798 4591 3072 4645 rubricato
3095 4590 3294 4644 vellere
3325 4599 3556 4655 tectum;

2254 4687 2308 4742 ιιι
2332 4688 2506 4756 placet
2528 4690 2777 4739 arcendis
2799 4681 3050 4736 sordibus
3075 4689 3131 4734 et
3153 4680 3345 4749 pluviis
3371 4694 3388 4745 ;

2182 4776 2238 4833 id
2273 4786 2525 4847 tanquam
2557 4773 2739 4828 fictum
2772 4789 2840 4827 ne
2860 4772 2930 4826 sit
2957 4771 3087 4825 mihi
3114 4770 3497 4839 suspiciosum,

2252 4866 2332 4922 Tu
2366 4866 2452 4921 dic
2472 4863 2685 4921 assidue
2707 4862 2849 4933 quod
2876 4860 3008 4931 legis
3031 4862 3086 4915 iu
3115 4858 3318 4933 Moyse.

2891 4968 3030 5008 OVlSo

2181 5055 2237 5108 ln
2264 5052 2419 5108 libris
2447 5049 2646 5108 Movsis
2671 5061 2861 5101 revera
2889 5044 3118 5108 plurima
3143 5042 3304 5108 novi;
