4010 5328
214 359 319 417 ιδδ

217 470 478 528 Sollemni
514 484 642 526 vero
667 468 750 525 vel
780 476 1030 538 tempore
1066 467 1406 538 quotidiano,

282 563 504 620 Placari
545 562 710 617 nostri
746 577 843 632 per
871 576 1024 615 sacra
1059 561 1170 614 vult
1200 561 1454 632 generis:

217 654 270 709 Si
297 655 588 708 Dominum
622 653 760 722 plebi
799 653 905 716 vis,
945 653 1143 722 inquit,
1173 649 1485 721 propitiari,

283 745 553 799 Mactabis
582 744 826 814 geminos
851 743 916 797 de
937 758 1100 813 grege
1132 743 1431 810 lanigeros.

218 834 386 890 Unius
411 851 482 890 ex
513 837 617 890 illis
651 836 780 889 mibi
814 836 1024 890 viscera
1051 834 1157 888 lota
1189 833 1496 897 cremabis,

288 927 412 982 Exit
441 929 514 981 ab
563 927 665 981 boe
717 928 861 980 fumo
899 926 1082 980 suavis
1108 925 1243 979 odor
1270 925 1531 989 Domino;

219 1019 452 1074 Alterius
486 1034 676 1074 sacras
699 1018 850 1074 fusus
885 1034 1047 1074 cruor
1070 1018 1203 1073 eluit
1231 1032 1380 1079 aras,

284 1111 580 1166 Pontifices
603 1111 828 1165 mundat
853 1110 1279 1181 pontiﬁcumque
1309 1107 1499 1164 stolas.

217 1205 467 1261 Pnesulis
499 1205 618 1260 haec
646 1205 834 1260 eadem
860 1203 1176 1274 conspersio
1205 1208 1492 1258 consecrat
1527 1212 1712 1253 aurem
1738 1215 1754 1261 ;

284 1295 398 1364 Ipsa
433 1295 629 1366 pedem
663 1295 911 1350 dextrum
939 1304 1225 1349 consecrat
1251 1305 1414 1364 atque
1437 1305 1692 1355 manum;

219 1383 323 1441 Nos
344 1399 634 1442 sacramus
658 1403 778 1441 eam
807 1403 926 1457 qua:
951 1397 1135 1442 sacrat
1166 1396 1366 1441 caetera
1392 1385 1666 1447 dextram,

283 1475 491 1531 Cuncta
526 1485 710 1532 sacrat
745 1477 942 1531 summi
977 1477 1199 1531 dextera
1230 1474 1524 1545 pontificis.

219 1565 394 1622 Cauda
421 1567 652 1638 jubetur
674 1567 792 1621 ovis
827 1566 941 1620 ﬁeri
979 1567 1243 1637 profectio
1266 1568 1459 1631 sacris,

283 1657 416 1712 Pars
441 1668 532 1712 est
565 1657 777 1712 Excelsi
808 1657 1094 1712 reticulum
1119 1655 1345 1726 jecoris.

219 1747 377 1806 Nobis
403 1751 688 1806 assiduum
720 1763 914 1821 purgat
941 1767 1212 1823 synagoga
1245 1759 1479 1816 reatum,

285 1841 353 1897 Se
380 1842 666 1898 redimens
690 1842 845 1913 agnis
868 1843 1109 1913 quotidie
1143 1843 1394 1914 geminis.
1463 1900 1468 1904 _

221 1932 351 2000 Quid
381 1950 540 1989 sacra
571 1950 996 1990 commemorem
1025 1945 1197 1989 totum
1223 1935 1440 2006 vulgata
1473 1948 1570 2004 per
1596 1933 1808 1998 orbem,

286 2025 412 2092 Qua:
449 2035 589 2096 quot
617 2026 778 2081 verba
811 2030 1029 2093 ferunt,
1065 2035 1141 2081 tot
1166 2036 1508 2081 sacramenta
1535 2025 1764 2096 gerunt?

222 2113 405 2170 Pressa
438 2116 639 2170 domus
659 2115 830 2170 Jacob
865 2115 1105 2186 graviter
1133 2116 1232 2170 sub
1262 2116 1506 2186 principe
1529 2116 1700 2180 duro,

287 2207 447 2262 Fessa
471 2207 631 2262 malis
655 2247 670 2272 ,
695 2207 956 2278 gemitum
982 2207 1170 2278 dirigit
1201 2207 1270 2260 ad
1301 2206 1622 2272 Dominum;
1702 2269 1706 2273 _

222 2301 307 2355 llle
331 2318 497 2372 super
525 2318 713 2374 regem
755 2318 851 2357 sua
883 2303 1035 2372 signa
1066 2319 1399 2373 manumque
1423 2312 1699 2373 potentem

282 2393 486 2458 Elevat,
518 2402 581 2446 ut
613 2402 802 2448 sancto
834 2393 981 2448 laxet
1011 2394 1114 2448 iter
1140 2396 1360 2465 populo.

223 2483 405 2540 Nescia
435 2485 639 2540 molliri
670 2494 894 2555 praestat
925 2501 1080 2541 mens
1107 2487 1241 2540 dura
1278 2486 1494 2557 tyranni

285 2580 456 2651 Atque
491 2582 684 2637 decem
717 2582 904 2653 plagas
934 2584 1231 2653 promeruit
1270 2584 1496 2640 validas.

225 2669 352 2726 ‘l‘oto
378 2689 484 2727 non
512 2673 689 2742 potuit
717 2671 838 2728 Nilo
864 2674 986 2728 sitis
1011 2690 1114 2728 una
1146 2674 1313 2728 levari
1333 2715 1348 2738 ,

289 2763 563 2833 Quotquot
592 2765 737 2819 enim
770 2764 990 2819 fuerant
1029 2764 1248 2819 ﬁumina
1280 2765 1500 2836 sanguis
1525 2774 1703 2820 erant.

229 2852 300 2907 Ad
329 2855 504 2924 populi
536 2870 755 2910 mensas
773 2895 788 2920 ,
830 2856 898 2910 ad
925 2857 1068 2926 regis
1096 2863 1266 2910 strata
1291 2856 1375 2909 vel
1403 2870 1560 2911 escas

289 2941 452 2998 Intrat
475 2985 490 3009 ,
529 2945 734 3015 ubique
761 2961 941 3000 comes
962 2986 977 3009 ,
1011 2962 1163 3011 rana,
1195 2946 1431 3001 secunda
1453 2945 1588 3001 lues.

230 3030 345 3088 Inde
372 3034 527 3088 culex
559 3044 707 3090 moto
735 3035 976 3090 surrexit
1002 3035 1054 3090 in
1090 3051 1216 3091 aera
1244 3035 1372 3090 limo
1399 3077 1415 3102 ,

293 3121 554 3179 Morsibus
592 3125 828 3180 assiduis
859 3141 1043 3181 musca
1074 3127 1299 3182 molesta
1325 3127 1508 3182 nimis.

231 3210 420 3280 Quarta
446 3215 622 3286 replet
649 3216 818 3286 pestis
843 3217 1188 3287 gravioribus
1219 3220 1400 3274 omnia
1427 3219 1665 3285 muscis;

296 3304 550 3361 Infestum
581 3307 808 3362 canibus
833 3308 883 3361 id
913 3308 1051 3364 solet
1074 3325 1195 3364 esse
1225 3323 1415 3380 genus.

232 3393 485 3453 Invidiosa
517 3399 670 3468 prius
698 3400 959 3454 armentis
987 3409 1042 3454 et
1068 3416 1229 3471 grege
1255 3400 1410 3456 tellus
1435 3441 1451 3468 ,

293 3486 450 3546 Clade
478 3493 630 3563 gravi
664 3492 790 3547 totis
815 3494 976 3547 surda
1000 3494 1259 3548 remansit
1290 3495 1454 3564 agris.

239 3578 506 3640 Ulceribus
538 3585 735 3641 subitis
761 3595 981 3653 turgens
1005 3587 1294 3658 Egyptius
1319 3588 1498 3645 omnis

299 3671 437 3730 lstud
457 3677 601 3732 idem
625 3677 773 3747 passi
809 3678 1002 3747 quaerit
1029 3694 1186 3747 opem
1214 3679 1406 3735 medici
1436 3696 1451 3745 ;

239 3759 463 3831 Septima
487 3807 504 3832 ,
534 3767 666 3822 dura
688 3784 883 3824 manus
915 3783 930 3822 :
964 3769 1170 3824 rmnbis
1190 3780 1245 3826 et
1267 3771 1530 3839 grandine
1562 3774 1763 3829 mixtus
1791 3814 1806 3840 ,

303 3856 613 3915 lnterimcns
633 3860 884 3916 homines
900 3902 916 3926 ,
950 3861 1106 3916 turbo
1134 3871 1292 3917 necat
1316 3863 1570 3931 pecudes.

241 3945 358 4014 Qua:
381 3964 635 4024 superant
663 3964 836 4024 pasta:
860 3964 1070 4026 segetes
1107 3965 1163 4011 et
1190 3956 1328 4028 ligna
1376 3958 1596 4014 locusta:
1621 3999 1636 4025 ,

305 4039 569 4102 Grandine
587 4057 848 4102 contusus
881 4047 1280 4118 depopulantur
1307 4065 1467 4120 agros
1491 4091 1506 4116 ,

243 4129 294 4184 lu
315 4135 480 4190 triduo
511 4140 730 4208 penitus
757 4155 893 4209 quos
919 4139 1022 4194 fert
1040 4156 1156 4216 pou
1193 4142 1388 4210 aspicit
1409 4152 1561 4198 artus

307 4224 381 4278 Ad
399 4243 622 4300 superos
641 4271 656 4296 ,
690 4231 895 4302 stygias
924 4248 1116 4301 passus
1144 4233 1307 4288 homo
1332 4235 1602 4288 tenebras.

227 4311 340 4370 .Per
359 4334 513 4377 sexus
533 4338 724 4378 omnes
751 4324 1028 4379 hominum
1054 4340 1419 4395 pecorumque
1439 4325 1655 4397 priores

313 4407 568 4482 Egyptus
593 4414 747 4485 plaga
777 4415 1011 4484 perdidit
1041 4416 1095 4469 in
1126 4415 1358 4469 decima.

253 4498 294 4550 Λ
326 4501 448 4557 solio
475 4506 614 4576 regis
633 4506 700 4558 ad
724 4521 846 4558 eum
873 4505 962 4574 qui
989 4505 1206 4560 clausus
1232 4505 1285 4559 in
1325 4506 1529 4562 umbris

318 4587 541 4663 Lugebat
564 4596 775 4651 vinctus
798 4637 813 4660 ,
845 4597 1090 4664 pervenit
1117 4597 1206 4651 hic
1231 4585 1460 4666 gladius.

259 4675 326 4732 Ne
345 4690 443 4750 tam
465 4687 769 4742 communis
798 4686 1097 4741 involveret
1125 4688 1303 4742 omnia
1335 4688 1505 4758 pestis
1529 4729 1543 4752 ,

319 4775 425 4848 Ipse
448 4781 586 4838 Deus
615 4783 783 4838 dictat
812 4782 964 4853 plebs
989 4798 1084 4836 sua
1107 4782 1234 4852 quid
1277 4781 1459 4837 faciat.

259 4860 469 4938 Pignus,
497 4876 720 4930 llebrme
743 4917 758 4941 ,
791 4876 882 4929 tibi
918 4875 1267 4929 memorabile
1307 4876 1616 4945 posteritati
1647 4921 1661 4940 .

325 4959 393 5018 Ne
413 4983 627 5036 pereas,
653 4970 827 5039 inquit
853 5010 868 5034 ,
897 4969 1168 5024 masculus
1198 4986 1367 5039 agnus
1389 4970 1515 5026 erit.

263 5044 496 5114 "OClllllll
529 5060 752 5113 libatum
786 5069 1101 5114 reverenter
1130 5070 1185 5114 et
1211 5062 1425 5132 ignibus
1457 5077 1637 5118 assum
1663 5107 1679 5132 ,

326 5142 423 5176 Ill...
463 5151 599 5176 ML...
624 5152 672 5178 ε..
703 5153 841 5178 τμη...

873 5152 1029 5178 ,ιΑοιΙΛ
1053 5154 1215 5178 ικΑ.ΙΑι.
1243 5171 1264 5178 .ι
1277 5155 1396 5180 --:.'A

1179 349 1462 409 CARMEN
1504 348 1592 404 DE
1627 342 2014 404 CONFLICTU
2054 342 2211 400 OVIS
2251 341 2338 398 ΕΤ
2375 341 2530 399 LINI.

1828 463 1879 524 Α

1977 457 2182 512 Cretera
2210 471 2328 527 qua:
2352 455 2508 511 feriet
2529 454 2754 512 dextera
2787 455 3082 526 praeterict.

1910 545 2066 602 Festa
2098 547 2210 601 dies
2241 547 2388 600 illum
2417 546 2630 616 quoties
2662 546 2801 600 redit
2828 562 3005 600 annua
3034 545 3230 601 festum
3257 583 3276 612 ,

1979 639 2115 694 lluie
2156 638 2353 694 referet
2380 638 2573 709 populo
2605 637 2806 693 findere
2838 649 3118 710 perpetuo.

1911 729 1967 785 Si
1993 741 2206 785 sacrata
2232 731 2332 801 pia:
2363 741 2615 800 penetras
2648 732 2904 801 mysteria
2930 747 3108 786 causa:
3127 773 3140 796 ,

1978 819 2091 875 Non
2123 824 2238 876 sine
2261 833 2585 891 compuncto
2615 821 2845 890 percipis
2867 822 2982 876 haec
3012 824 3214 878 animo.

1911 910 2098 966 Exsilii
2125 910 2264 974 linis,
2289 921 2487 980 optata:
2516 926 2680 964 causa
2711 911 2930 980 quietis,

1980 1005 2169 1076 Agnus
2199 1006 2480 1074 promissa:
2509 1005 2706 1073 pignus
2735 1014 2847 1057 erat
2882 1005 3090 1073 patrias.

1911 1095 2063 1163 Quod
2094 1113 2244 1149 mare
2269 1096 2477 1150 salvato
2502 1095 2716 1166 populo,
2746 1093 3027 1149 Pb-araonc
3055 1102 3248 1150 necato
3268 1132 3285 1161 ,

1981 1187 2238 1258 Obsequii
2267 1190 2543 1257 geminum
2575 1188 2828 1257 praestitit
2851 1187 3083 1242 cilicium
3109 1203 3122 1251 ;

1913 1279 2174 1351 Quodque
2201 1283 2286 1336 die
2309 1293 2505 1336 nnucm
2543 1282 2779 1346 meruit,
2811 1281 2953 1350 quo!
2992 1280 3240 1335 noctibus
3266 1295 3444 1350 .gnem

1982 1371 2050 1425 Et
2077 1387 2269 1436 panem
2298 1373 2422 1426 caeli
2456 1372 2893 1443 collomtinmque
2923 1371 3013 1426 Dei
3047 1389 3062 1438 ;

1913 1461 2097 1533 Agnus
2118 1478 2279 1517 causa
2315 1462 2449 1528 fuit;
2481 1466 2548 1517 de
2575 1480 2682 1533 quo
2707 1479 2828 1517 cum
2862 1465 3092 1532 denique
3121 1463 3260 1519 desit

1984 1553 2213 1606 Auditor
2237 1554 2466 1620 dignus,
2503 1553 2655 1624 plura
2682 1554 2826 1622 loqui
2853 1552 3107 1624 fugimus.

1914 1643 2051 1711 Quid
2075 1645 2144 1698 sit
2167 1645 2283 1700 ovis
2309 1657 2562 1716 reputans
2584 1656 2637 1701 et
2657 1661 2813 1700 ovem
2843 1654 3154 1700 reverenter
3173 1647 3446 1702 ltonorans
3467 1681 3491 1715 ι

1985 1734 2173 1790 Judice
2201 1751 2284 1790 mc
2309 1777 2322 1800 ,
2353 1736 2574 1791 stultum
2602 1737 2814 1806 corrige
2837 1737 3198 1808 propositum.

2617 1845 2800 1884 LINUM.

1915 1917 1970 1971 lu
2003 1933 2166 1972 causa
2197 1919 2361 1989 recipi
2385 1935 2482 1989 pro
2511 1917 2695 1988 judice
2727 1935 2832 1974 non
2861 1919 2999 1976 solet
3031 1921 3237 1988 hostis,

1985 2008 2094 2065 Nec
2124 2010 2188 2065 lis
2218 2013 2318 2065 ista
2358 2022 2448 2066 tuo
2487 2022 2699 2066 constat
2728 2029 2779 2066 Ill
2809 2013 3058 2067 arbitrio.

1911 2101 2065 2158 Justa
2094 2103 2306 2170 quidem
2338 2103 2504 2157 veteri
2534 2119 2639 2156 non
2668 2104 2819 2157 deest
2848 2102 3150 2158 reverentia
3173 2101 3318 2174 legi,

1983 2195 2093 2250 Nec
2125 2197 2296 2267 pietas
2321 2195 2426 2250 illis
2452 2205 2599 2250 errat
2625 2195 2676 2248 in
2701 2195 2971 2265 eloquiis;

1913 2289 2018 2344 Sed
2052 2298 2229 2343 tamen
2255 2288 2445 2342 umbra
2473 2287 2606 2353 fuit;
2639 2299 2838 2357 praeter
2873 2287 3098 2342 moralia
3130 2283 3397 2359 quidquid

1984 2377 2258 2446 Lexjubet
2287 2379 2376 2432 illa
2406 2389 2558 2433 vetus
2584 2393 2703 2432 esse
2730 2377 2872 2432 scias
2901 2377 3068 2431 aliud.

1914 2467 2140 2539 Legalcs
2169 2468 2389 2522 umbras
2411 2468 2808 2522 contemniums
2836 2476 2999 2536 atque
3028 2467 3229 2538 ﬁguras
3255 2505 3274 2534 ,

1982 2562 2062 2615 Ad
2099 2561 2270 2616 lucem
2301 2573 2504 2616 sancta:
2534 2561 2799 2615 vertimur
2833 2559 3110 2615 Euclcsiae.
3242 2543 3273 2563 Ἴ

1913 2652 1989 2706 De
2027 2653 2180 2707 nobis
2203 2653 2318 2722 ejus
2343 2652 2647 2707 communis
2669 2649 2878 2719 judicct
2911 2667 3073 2718 usus,

1985 2751 2156 2818 Quem
2188 2751 2308 2806 ﬁdei
2334 2750 2575 2806 celebres
2597 2750 2882 2804 instituere
2905 2750 3090 2806 duces.

1913 2842 2065 2910 Quod
2097 2843 2264 2896 linum
2288 2858 2471 2895 sacras
2501 2840 2802 2895 circumdat
2832 2841 3072 2895 vestibus
3098 2854 3222 2896 aras
3245 2880 3262 2908 ,

1984 2932 2094 2988 Nec
2121 2933 2444 3004 magnifacio
2464 2972 2480 2997 ,
2520 2947 2620 2986 nec
2647 2932 2779 2986 nihil
2808 2947 2926 2987 esse
2957 2941 3106 3002 puto.

1915 3027 2154 3095 Denique
2183 3025 2394 3096 purgati
2426 3040 2552 3094 pars
2571 3023 2934 3091 abjectissima
2961 3023 3056 3078 lini
3089 3063 3105 3088 ,

1984 3117 2065 3173 Ad
2095 3118 2212 3172 loca
2250 3132 2405 3171 sacra
2438 3117 2541 3186 piis
2569 3117 2801 3170 excubat
2825 3115 3038 3170 oﬁiciis.

1837 3176 1881 3238 Ο
1914 3211 2134 3266 Partitis
2159 3209 2385 3275 vicibus,
2426 3208 2570 3280 quod
2610 3209 2691 3263 sol
2727 3209 3059 3278 splcmlendo
3085 3208 3294 3275 diebus,

1986 3305 2042 3360 ld
2070 3305 2277 3376 peragit
2311 3304 2477 3358 linum
2508 3305 2760 3358 noctibus
2782 3302 3041 3358 ollicium.

1915 3398 2022 3454 Iste
2049 3415 2210 3454 manu
2233 3397 2391 3453 factis
2422 3399 2678 3468 splendor
2705 3398 2838 3452 dans
2873 3397 3075 3452 lmuina
3105 3397 3360 3469 templis;

1987 3489 2066 3543 Tu
2110 3490 2249 3544 nosti
2290 3489 2482 3545 melius
2514 3488 2644 3560 quid
2672 3497 2826 3558 gerat
2852 3488 3100 3543 interius.

1914 3579 2050 3635 Cum
2079 3595 2232 3636 sacra
2262 3581 2502 3636 facturus
2524 3597 2677 3636 sacra
2701 3581 2863 3636 sumit
2889 3582 3124 3650 tegmina
3155 3581 3383 3653 prmsuf,

1985 3673 2118 3739 Quis
2151 3673 2302 3727 locus
2326 3683 2411 3729 est
2434 3673 2570 3728 lanis
2591 3675 2708 3744 ejus
2731 3675 2784 3728 in
2815 3674 3068 3729 exuviis?

1925 3765 2105 3822 Vestes
2127 3775 2390 3836 przetereo
2413 3783 2550 3837 quas
2585 3768 2831 3823 nominat
2859 3784 2990 3823 usus
3020 3769 3090 3835 ab
3117 3767 3242 3823 albo

1989 3858 2051 3910 Et
2083 3873 2202 3927 qua:
2222 3871 2466 3914 sacratos
2492 3859 2594 3915 rite
2623 3868 2809 3930 tegunt
2842 3860 3135 3924 humeros;

1920 3946 2051 4016 Ejus
2077 3957 2305 4019 utraque
2336 3965 2498 4004 manu
2524 3950 2800 4006 sollemnis
2823 3959 3064 4020 tempore
3084 3948 3263 4006 'cultus

1989 4040 2062 4094 De
2086 4041 2194 4095 lino
2235 4043 2391 4096 factis
2421 4041 2618 4096 albicat
2649 4042 2880 4097 exuviis.

1918 4131 2086 4187 Sacro
2109 4132 2214 4187 fert
2241 4134 2402 4187 etiam
2427 4133 2686 4204 crispanti
2710 4134 2915 4190 vertice
2937 4135 3158 4189 mitram

1988 4224 2065 4280 Nc
2097 4224 2203 4279 Iino
2227 4225 2311 4278 vel
2335 4225 2387 4279 in
2411 4225 2512 4280 bac
2544 4237 2699 4295 parte
2719 4225 2800 4281 sui
2825 4235 3030 4292 careat,

1917 4316 1994 4372 De
2019 4317 2129 4372 lino
2158 4315 2359 4372 factam
2385 4357 2402 4384 ,
2433 4333 2645 4374 mersus
2669 4319 3023 4389 baptismate,
3057 4319 3275 4377 mitram

1988 4409 2188 4481 Pignus
2215 4411 2375 4464 homo
2403 4412 2526 4466 vita:
2558 4414 2784 4484 suscipit
2811 4413 2864 4468 in
2888 4415 3061 4485 capite
3085 4432 3100 4481 ;

1839 4531 1893 4592 Ι)
1921 4500 2146 4572 Supplet
2174 4503 2502 4572 baptismum
2531 4515 2916 4577 praeceptaque
2945 4523 3167 4563 munera
3195 4508 3369 4566 linum
3387 4544 3410 4578 ,

1986 4595 2381 4666 Introitmnqne
2408 4611 2621 4654 sacram
2660 4599 2849 4670 pandit
2885 4599 2937 4652 in
2965 4599 3293 4658 Eeclesiam.

1917 4687 2088 4744 Omen
2114 4687 2222 4742 erit
2259 4688 2383 4743 felix
2405 4729 2420 4754 ,
2448 4691 2662 4759 quoties
2683 4691 2737 4744 in
2761 4689 3002 4746 vestibus
3029 4691 3170 4748 albis

1989 4779 2214 4835 Somnia
2251 4781 2474 4836 dilectas
2503 4783 2814 4838 obtulerunt
2835 4782 3068 4838 animas.

1919 4871 2055 4938 Quid
2089 4873 2191 4927 nisi
2219 4889 2501 4938 ttimrorcs,
2525 4890 2707 4941 curas,
2738 4874 3014 4936 aliquosve
3045 4874 3290 4940 labores,

1989 4961 2142 5029 Quod
2173 4963 2302 5017 mibi
2341 4965 2606 5032 signiticet
2658 4965 2808 5018 lanea
2849 4964 3014 5020 vestis
3036 4966 3221 5023 habet.

1920 5053 2187 5109 leicola:
2215 5055 2373 5108 terris
2395 5071 2584 5124 parere
2607 5055 2856 5128 leguntur
2881 5055 2933 5108 iu
2960 5056 3098 5113 albis
3119 5097 3136 5124 ,

1993 5147 2048 5182 Εἰ
2076 5156 2201 5182 mml
2213 5163 2284 5182 Inc
2312 5150 2526 5182 unninnl

1839 1820 1888 1882 B

2564 5149 2744 5182 unus-lin
2775 5146 2890 5182 Ι-υΙοι
2923 5147 3098 5182 fol-nul
