4010 5328
480 275 586 332 ⁸55
943 270 1304 328 ΗΕΜΙΑΝΝΙ
1343 268 1742 329 CONTRACTI
1773 271 1941 329 AUC.
1987 268 2025 326 Η

2187 272 2470 330 εΑῐὶΜΕΝ
2503 271 2590 330 DE
2625 271 3034 342 CONFLICTU,
3071 271 3222 332 E'l'C.
3657 271 3768 332 458

547 393 627 450 Ne
655 403 884 450 temeret
915 406 1100 447 saeros
1123 391 1291 448 vestis
1319 391 1481 446 ovina
1505 391 1724 448 choros.

478 485 632 542 Tunc
660 497 876 554 quoque
900 523 914 546 ,
945 482 1127 536 divino
1150 482 1420 538 candente
1449 497 1546 552 per
1566 481 1744 536 omnia
1767 481 1878 538 lino
1897 522 1914 546 ,

550 576 791 646 Longius
814 592 844 628 a
873 574 1080 629 sinetis
1107 573 1258 644 pulsa
1293 574 1497 628 recedit
1528 574 1669 629 ovis.

475 665 633 724 Tune
656 667 820 722 etiam
839 706 854 730 .
884 665 951 721 de
975 681 1084 735 quo
1109 665 1204 719 tibi
1229 665 1463 736 plaudis,
1489 664 1714 736 laniger,
1753 666 1889 721 ordo
1906 705 1922 731 ,

547 757 784 830 Laniger
813 761 946 814 ordo
977 767 1100 815 tuus
1123 759 1208 814 eui
1232 758 1408 828 placet
1441 759 1530 814 hie
1555 759 1790 824 habitus,

475 849 722 922 Desuper
752 851 940 906 nnluto
967 850 1106 906 solet
1133 851 1278 906 hunc
1297 850 1633 906 abscondere
1659 851 1809 918 lino;

556 942 748 999 Vestes
775 941 1039 998 infaustas
1064 941 1454 998 dissimulando
1483 952 1667 1014 negat.

475 1032 711 1102 Quilibet
739 1034 987 1087 incautus
1009 1033 1182 1088 sancti
1211 1033 1481 1088 consortia
1505 1043 1679 1089 castus

551 1125 606 1182 Si
643 1125 920 1197 prmsumit
943 1125 1060 1180 ovis
1097 1125 1350 1180 horridus
1377 1125 1590 1180 exuviis
1616 1166 1632 1192 ,

480 1216 740 1274 Protinus
768 1217 912 1272 hunc
949 1217 1133 1271 animo
1157 1215 1302 1276 velut
1326 1215 1507 1272 omine
1536 1216 1721 1272 saucia
1764 1226 1961 1273 mmsto

543 1308 746 1367 Coucio
772 1325 925 1365 sacra
959 1309 1106 1380 fugat
1135 1325 1165 1364 a
1199 1310 1432 1365 statione
1461 1325 1580 1366 sua.

470 1399 759 1472 Angelicas
783 1411 960 1458 vestes
988 1401 1127 1457 festo
1151 1402 1388 1458 candore
1410 1403 1652 1458 nitentes

546 1494 708 1549 Veste
748 1493 1022 1565 profanari
1051 1509 1154 1548 non
1178 1495 1459 1564 patiuntur
1477 1494 1596 1550 ovis
1621 1534 1637 1560 ,

472 1583 588 1638 Non
613 1586 765 1656 joeus
796 1586 911 1640 luce
935 1584 1131 1655 aliquis
1151 1625 1166 1650 ,
1195 1600 1300 1640 non
1327 1585 1410 1640 lex
1433 1585 1586 1657 jubet
1617 1585 1718 1642 ista
1750 1584 1984 1643 forensis
2009 1603 2024 1652 ί

543 1675 648 1731 Sed
682 1676 818 1732 ritus
865 1685 1048 1731 sancta
1075 1677 1257 1731 sanxit
1281 1677 1332 1731 in
1360 1677 1599 1732 Ecclesia

471 1765 601 1833 Qua:
629 1767 888 1837 quidnam
921 1766 1062 1820 facto
1092 1776 1306 1822 moneat
1332 1767 1413 1821 vel
1441 1769 1638 1824 clamet
1667 1769 1720 1824 in
1760 1769 1862 1825 isto
1887 1810 1901 1832 .

544 1857 656 1913 Hoc
682 1859 846 1914 etiam
875 1859 1035 1913 medii
1061 1875 1213 1915 mens
1236 1860 1380 1930 capit
1413 1860 1638 1931 ingenii.

471 1950 550 2004 Ad
581 1950 725 2004 bona
753 1951 896 2004 nulla
931 1952 1086 2006 malis
1123 1951 1272 2005 locus
1298 1961 1400 2015 est,
1425 1953 1490 2006 ad
1519 1961 1703 2008 sancta
1733 1953 1993 2024 profanis,

541 2039 808 2094 Tristibus
837 2051 891 2095 et
918 2041 1056 2095 lzetis
1090 2056 1172 2095 res
1213 2041 1373 2095 simul
1410 2057 1530 2096 esse
1555 2043 1760 2113 nequit.

467 2126 588 2183 1am
611 2129 710 2184 nisi
744 2146 840 2198 pro
875 2132 1022 2184 venia
1046 2130 1149 2183 nuli
1184 2131 1314 2184 mihi
1343 2131 1566 2188 fundere
1590 2133 1773 2196 verba,

541 2219 613 2278 Ut
641 2223 860 2293 supplex
894 2224 1042 2292 parci
1083 2239 1426 2293 promereare
1452 2224 1576 2290 tibi;

467 2308 547 2368 Ne
568 2313 725 2368 modo
755 2324 804 2369 te
827 2315 964 2369 vinei
997 2314 1195 2384 pudeat
1227 2316 1329 2369 sub
1357 2314 1538 2382 judice
1569 2315 1686 2382 tali,

537 2404 750 2462 Iudicio
780 2416 981 2463 sancta:
1007 2408 1270 2463 vincimus
1306 2408 1579 2463 Ecclesiae.
1611 2439 1681 2450 —

468 2495 571 2554 Hic
599 2499 740 2564 ovis,
766 2499 1058 2570 opprobrio
1090 2497 1206 2555 laedi
1239 2508 1453 2565 testata,
1479 2499 1685 2556 silendo

540 2587 787 2653 Erubuit,
815 2591 1034 2645 tandem
1064 2590 1300 2645 subdidit
1331 2590 1431 2645 ista
1459 2599 1660 2645 tamen.

1190 2697 1327 2737 ονιε.

468 2766 588 2825 Nec
615 2785 714 2826 nos
741 2769 1056 2840 diffugimus
1085 2769 1186 2825 hoc
1219 2772 1293 2825 uti
1323 2769 1526 2840 judice,
1559 2771 1713 2842 cujus

539 2860 635 2915 Est
658 2877 830 2929 agnus
857 2877 1086 2932 sponsus
1109 2871 1163 2916 et
1201 2873 1354 2932 pater
1376 2871 1434 2916 et
1459 2861 1732 2916 dominus.

466 2953 599 3009 Cum
639 2969 792 3008 sacra
832 2953 1074 3009 facturus
1109 2969 1266 3008 sacra
1315 2953 1482 3008 sumit
1533 2953 1767 3024 tegmina
1818 2952 2015 3022 prmsul
2043 2993 2058 3018 ,

540 3047 761 3118 Dignior
786 3054 962 3100 exstat
987 3045 1106 3100 ovis
1137 3045 1252 3113 ejus
1280 3045 1332 3098 in
1360 3044 1588 3099 exuviis.

465 3136 736 3192 Eeelrsias
763 3145 980 3192 sanitas
1005 3151 1142 3207 quas
1167 3146 1369 3191 matres
1401 3137 1644 3190 nominat
1670 3149 1800 3189 usus

539 3226 636 3282 Vel
680 3229 801 3282 vita-
829 3229 1041 3292 merito,
1070 3227 1151 3282 vel
1194 3227 1312 3281 fidei
1341 3229 1513 3292 senio,

469 3317 696 3373 Munere
726 3318 947 3387 majoris
981 3319 1101 3373 illas
1121 3318 1331 3374 extollit
1361 3318 1582 3373 honoris

547 3407 716 3461 Pallia
761 3408 928 3462 Roma
961 3425 1115 3462 suum
1142 3410 1277 3463 dans
1304 3424 1402 3478 per
1427 3409 1782 3480 apostolicum
1807 3425 1823 3474 ;

467 3499 698 3555 Plenum
729 3501 959 3554 sacratis
982 3508 1128 3569 patet
1157 3501 1260 3554 hoc
1293 3500 1502 3568 insigne
1532 3500 1744 3555 decoris

535 3594 714 3663 Atque
735 3607 898 3663 super
928 3591 1168 3663 reliquas
1195 3593 1396 3647 eminet
1423 3594 1683 3659 exuvias;

465 3685 706 3756 Simplex
736 3702 766 3741 a
797 3685 1008 3751 dextra,
1043 3686 1236 3756 duplex
1261 3701 1290 3739 a
1316 3697 1470 3757 parte
1491 3687 1737 3753 sinistra,

535 3777 785 3834 Pendeus
811 3793 877 3833 ex
917 3778 1178 3843 humeris,
1211 3779 1438 3850 mystica
1469 3779 1608 3833 dona
1633 3779 1791 3849 gerit.

462 3869 730 3938 Plurima,
755 3871 996 3927 continui
1035 3871 1294 3926 revolutis
1326 3873 1602 3928 mensibus
1627 3872 1774 3936 anui,

533 3965 580 4018 Α
609 3963 834 4020 Christo
863 3963 1041 4028 dictus
1070 3961 1207 4017 festa
1241 3962 1371 4018 colit
1403 3961 1664 4032 pupulas;

463 4053 573 4110 Sed
598 4064 722 4110 tunc
743 4055 1010 4125 prteeipua
1031 4047 1211 4109 fervet
1235 4054 1451 4109 devotio
1471 4068 1603 4108 cura

541 4144 676 4198 Cum
704 4145 776 4198 sit
805 4147 1093 4215 praecipua!
1126 4145 1330 4199 mentio
1358 4144 1581 4199 laetitiae.

469 4233 705 4290 Sedulus
732 4234 924 4290 otlieiis
944 4237 1151 4290 devota:
1178 4236 1374 4307 gaudia
1403 4237 1602 4291 mentis

537 4325 693 4382 Tunc
713 4337 887 4396 aperit
915 4343 1191 4398 proprium
1221 4345 1448 4399 quisque
1475 4346 1572 4400 per
1589 4329 1944 4400 obsequium:
2003 4342 2006 4345 ’

467 4417 554 4474 Nil
575 4418 711 4473 adeo
733 4419 873 4472 sacri
906 4428 1138 4473 testatur
1167 4422 1359 4488 gaudia
1391 4421 1512 4475 festi

536 4509 711 4578 Qttatn
735 4525 889 4563 sacra
922 4509 1135 4564 festivis
1166 4511 1314 4563 clara
1342 4511 1536 4563 (iullus
1560 4509 1765 4574 titulis;

466 4596 619 4657 Tunc
639 4599 876 4668 pretiosa
901 4599 1015 4654 suis
1029 4607 1286 4669 sungnnt,
1304 4599 1473 4653 aulaea
1510 4599 1697 4670 figuris

535 4696 614 4748 Ae
650 4691 703 4746 in
727 4707 786 4747 se
814 4692 982 4762 raptis
1009 4708 1102 4745 ora
1131 4700 1315 4746 tenent
1337 4691 1555 4758 animis;

466 4783 619 4840 Tunc
649 4798 878 4856 Operosa
912 4784 1026 4839 suis
1058 4782 1294 4853 llispaua
1331 4785 1529 4854 tapetia
1557 4783 1696 4840 villis

539 4877 675 4933 lline
703 4879 930 4943 ‘rubeas,
959 4877 1161 4932 virides
1189 4877 1314 4931 inde
1343 4875 1526 4931 ferunt
1550 4878 1793 4947 species;

465 4967 622 5028 Tunc
650 4973 814 5028 statio
841 4972 1006 5038 sacri,
1039 4979 1168 5027 tunc
1199 4970 1314 5042 ipsa
1339 4968 1531 5025 sedilia
1557 4970 1690 5028 cieri

539 5063 844 5096 nunln|nnnl
869 5063 1052 5096 Ληιιιιιο
1085 5079 1310 5098 multum
1337 5071 1476 5098 Innln
1511 5078 1648 5098 annn°

2099 404 2144 464 Α
2244 391 2418 460 Quam
2441 391 2627 450 laudes
2652 393 2773 466 agni
2798 408 2919 465 qua:
2941 391 3286 449 celebrantur
3316 389 3410 446 ibi.

2169 483 2342 551 Quem
2377 486 2481 539 vudi
2517 485 2753 555 positum
2789 484 3048 556 mysteria
3079 483 3312 537 maxima
3342 481 3549 538 librum

2243 573 2540 642 Implehant
2572 573 2741 637 intus,
2771 573 2967 643 inquit,
2993 581 3045 626 et
3075 573 3348 638 exterius;

2169 660 2338 717 Nemo
2368 672 2546 718 tamen
2570 663 2742 719 clausi
2769 661 3046 734 signacula
3077 662 3287 718 solvere
3311 661 3435 717 libri

2239 753 2306 808 Et
2325 769 2446 825 quae
2475 756 2640 810 verba
2665 755 2805 810 ferat
2830 755 3068 827 pandere
3095 755 3288 826 dignus
3315 763 3452 811 erat.

2169 842 2392 900 Notitia:
2419 847 2603 900 mundi
2631 848 2888 917 mysteria
2923 856 3068 901 tanta
3097 847 3280 918 negari

2244 934 2378 989 Cum
2403 934 2589 990 ﬂerent
2620 936 2802 1003 :Noli,
2835 952 2936 992 vox
2968 938 3046 992 ait
3076 955 3178 992 mm
3204 939 3370 1005 mihi;

2169 1024 2392 1084 Munera
2419 1044 2538 1098 qua:
2562 1030 2739 1086 meriti
2775 1039 2934 1100 negat
2957 1031 3297 1102 imperfectio
3317 1030 3471 1087 carni

2244 1118 2338 1174 llle
2360 1120 2547 1176 subire
2571 1129 2748 1191 potest
2775 1121 2864 1177 cui
2896 1121 3051 1176 dolus
3077 1121 3258 1178 omnis
3287 1121 3460 1178 abest.

2168 1207 2305 1266 lliuc
2333 1210 2475 1266 velut
2495 1213 2662 1267 occisi
2693 1213 2904 1282 species
2931 1213 3181 1284 apparuit
3209 1213 3332 1284 agni

2239 1302 2565 1360 aninib‘us
2598 1313 2829 1375 septem,
2860 1306 3120 1361 cornibus
3145 1315 3200 1360 et
3224 1305 3446 1360 totidem
3473 1321 3491 1372 ;

2164 1394 2235 1450 At
2267 1396 2494 1466 pulcher
2525 1412 2770 1462 numero,
2799 1397 3009 1452 meritis
3037 1397 3435 1467 pulcherrimus
3461 1393 3603 1456 ordo

2234 1485 2457 1541 Patrum
2482 1487 2672 1558 viginti
2698 1496 2958 1556 quattuor
2983 1495 3122 1542 astat
3145 1489 3228 1552 ei;

2165 1576 2320 1632 liunc
2339 1593 2557 1649 quoque
2578 1593 2699 1648 qua:
2725 1577 3008 1634 celebrant
3033 1578 3286 1634 animalia
3308 1589 3564 1651 quattuor
3581 1586 3762 1637 astant

2236 1667 2535 1724 Sedulitate
2560 1671 2668 1741 pia,
2700 1671 2798 1735 vir,
2837 1671 2943 1735 leo,
2971 1672 3086 1738 bos,
3113 1673 3310 1742 aquila.

2094 1759 2138 1822 Β
2168 1761 2441 1828 Quaerenti
2473 1761 2666 1815 librum
2693 1761 2832 1817 caelo
2859 1771 3124 1832 terrasque
3149 1774 3403 1834 negatum

2237 1851 2487 1908 Porrexit
2521 1854 2702 1924 magni
2727 1854 2914 1909 dextra
2945 1855 3184 1911 sedentis
3209 1857 3279 1910 ei.

2167 1943 2374 2001 Aﬂ‘eetu
2406 1947 2589 2012 tacito,
2621 1948 2706 2016 pia
2731 1948 2928 2018 gaudia
2961 1963 3188 2004 munere
3221 1957 3373 2004 tanto

2237 2036 2330 2092 llle
2362 2038 2454 2093 Dei
2494 2039 2725 2108 populus
2750 2055 2855 2094 nou
2893 2048 3037 2095 tenet
3069 2040 3316 2096 ulterius.

2167 2125 2405 2198 Corpora
2435 2136 2818 2198 prosternunt;
2852 2133 2904 2183 in
2935 2129 3122 2185 laudes
3154 2146 3250 2186 ora
3279 2131 3598 2204 resolvunt;

2235 2217 2282 2273 lt
2307 2233 2472 2273 sonus
2497 2235 2526 2272 a
2542 2219 2789 2291 eytharis
2810 2236 2874 2275 ac
2896 2223 3034 2276 odor
3057 2237 3087 2278 a
3103 2221 3318 2291 phialis.

2168 2307 2286 2374 Est,
2319 2309 2495 2375 aiunt,
2525 2325 2694 2381 agnus
2724 2311 2827 2366 hoc
2853 2310 3002 2382 fungi
3035 2329 3258 2368 uulnere
3281 2314 3518 2386 dignus;

2235 2399 2344 2456 Nos
2367 2403 2647 2458 moriendo
2674 2403 2765 2459 Dei
2791 2403 3022 2460 reddidit
3058 2408 3229 2477 agnus
3255 2408 3326 2461 ei.

2165 2491 2211 2547 Ο
2247 2506 2373 2548 vere
2404 2509 2660 2564 magmnn
2692 2493 2810 2560 tibi,
2844 2504 2969 2550 trux
3005 2496 3105 2560 leo,
3141 2508 3290 2569 rapta
3313 2515 3408 2570 per
3436 2515 3634 2573 agnum

2239 2583 2417 2650 Natio,
2451 2585 2655 2657 lingua,
2693 2585 2886 2653 tribus,
2917 2601 3017 2645 nec
3039 2603 3194 2644 sacer
3213 2599 3296 2645 est
3325 2591 3574 2661 populus.

2167 2673 2402 2730 Vocibus
2426 2687 2481 2730 et
2507 2675 2684 2746 dignis
2712 2675 2940 2732 istorum
2968 2689 3230 2734 consonat
3255 2681 3433 2737 omnis

2232 2764 2380 2821 lllius
2405 2767 2634 2822 excelsa:
2653 2768 2806 2822 curia
2833 2769 3070 2834 militias;

2163 2857 2265 2926 Qui
2302 2858 2431 2914 nulli
2468 2875 2695 2916 numero
2722 2861 2966 2918 caelestis
2993 2862 3238 2933 subjacet
3259 2865 3416 2931 ordo,

2231 2948 2443 3007 Laudes
2469 2962 2648 3008 mente
2675 2954 2795 3023 pari
2820 2955 3082 3021 concinit,
3114 2957 3284 3027 Agne,
3311 2959 3425 3012 tibi.

2166 3038 2340 3098 Voces
2368 3043 2729 3114 multiplicant
2754 3045 2953 3116 quibus
2985 3050 3125 3102 atria
3153 3066 3364 3105 summa
3395 3051 3658 3108 resultant

2085 3114 2137 3177 C
2240 3135 2305 3189 Et
2335 3135 2486 3190 labor
2506 3137 2592 3192 hic
2619 3137 2742 3192 felix
2771 3114 2927 3193 taedia
2951 3141 3095 3194 nulla
3139 3142 3305 3211 capit.

2165 3222 2370 3291 Gloria,
2399 3225 2671 3296 majestas,
2701 3229 2873 3284 honor
2897 3238 2953 3284 et
2979 3230 3158 3284 divina
3188 3241 3429 3302 potestas

2237 3315 2511 3372 Debentur
2541 3319 2776 3385 meritis,
2816 3321 2967 3393 Ague
3003 3334 3302 3394 perempte,
3333 3326 3460 3380 tuis.

2160 3408 2332 3478 Ague,
2367 3409 2462 3463 tibi
2492 3409 2670 3474 tellus,
2701 3410 2797 3466 tibi
2825 3412 3040 3466 subdita
3069 3415 3241 3468 servit
3265 3415 3522 3487 abyssus;

2235 3497 2313 3551 Tu
2347 3499 2512 3569 regis,
2539 3501 2714 3571 Agne,
2757 3501 2908 3570 polos
2939 3502 3276 3574 inferiasque
3312 3509 3498 3572 chaos;

2161 3588 2331 3658 Agne,
2371 3592 2445 3644 tui
2463 3591 2604 3659 juris
2631 3593 2746 3647 haec
2772 3594 2884 3648 sint
2903 3604 2958 3648 et
2981 3595 3243 3666 quidquid
3277 3597 3329 3651 in
3358 3597 3464 3654 illis
3489 3614 3507 3666 ;

2233 3680 2382 3736 Talia
2413 3685 2664 3752 gratuita:
2688 3688 2907 3756 praemia
2947 3691 3138 3744 mortis
3187 3690 3346 3746 habe.

2161 3773 2367 3846 Collige
2395 3777 2526 3846 quid
2551 3780 2740 3848 paucis
2769 3779 2908 3835 ferat
2932 3783 3045 3836 lucc
3069 3784 3338 3838 sententia
3373 3782 3561 3845 vet-bl:

2233 3865 2302 3920 Et
2327 3867 2409 3920 vel
2436 3883 2602 3934 nunc,
2631 3869 2772 3938 agno
2791 3869 2997 3939 judice,
3035 3873 3169 3928 cede
3189 3873 3334 3943 polo.

2161 3955 2218 4011 Si
2247 3966 2455 4026 partem
2487 3973 2668 4012 rerum
2701 3976 2958 4017 numeras
2989 3963 3040 4017 in
3069 3971 3270 4019 caetera
3306 3963 3500 4032 linum,

2230 4048 2385 4120 Agna
2415 4049 2540 4120 jure
2566 4050 2777 4116 subest,
2805 4053 2896 4124 qui
2921 4053 3051 4109 facit
3077 4069 3238 4110 omne
3257 4053 3404 4125 quod
3426 4059 3536 4111 est.

2160 4140 2440 4210 Ambigua:
2469 4143 2615 4198 vocis
2647 4157 2714 4196 ne
2736 4143 2856 4214 plus
2884 4159 3073 4201 errore
3105 4146 3360 4212 traharis,

2237 4233 2337 4290 llic
2361 4250 2534 4306 agnus
2557 4234 2701 4291 Deus
2733 4247 2849 4302 est;
2881 4239 2983 4292 hoc
3009 4246 3161 4292 tenet
3193 4236 3336 4292 alma
3361 4237 3518 4293 ﬁdes.

2163 4324 2221 4380 Si
2247 4326 2402 4396 cupis
2424 4327 2495 4383 ad
2530 4328 2766 4394 veniam,
2805 4329 2900 4384 tibi
2928 4329 3032 4384 dux
3056 4343 3190 4395 ero;
3231 4339 3286 4384 tu
3315 4327 3477 4386 modo
3501 4325 3744 4406 linguam

2237 4415 2636 4488 Magniioquam
2668 4435 2802 4474 sano
2829 4422 3043 4490 corrige
3067 4420 3316 4477 consilio.

2158 4505 2390 4561 Possunt
2414 4518 2608 4564 cuncta
2644 4511 2736 4566 tibi
2761 4509 3018 4578 suffragia
3051 4523 3234 4567 nostra
3263 4513 3500 4582 mereri;

2229 4599 2383 4669 Saepe
2415 4599 2582 4655 Deum
2615 4602 2829 4658 miseris
2857 4603 3170 4658 conciliavit
3189 4607 3406 4658 ovis.—

2159 4690 2258 4748 Hie
2282 4694 2490 4764 stupuit
2519 4695 2755 4766 primum
2791 4695 3074 4764 tenuitque
3098 4695 3312 4750 silentia
3335 4695 3544 4761 linum:

2228 4781 2357 4838 Inde
2395 4783 2686 4840 recolleeto
2720 4784 2960 4840 subdidit
3000 4785 3113 4841 haec
3139 4785 3344 4842 animo.

2853 4891 2902 4930 ιι
2915 4891 3042 4932 Νωι.

2153 4971 2316 5028 Certa
2345 4971 2478 5026 fides
2501 4970 2658 5026 nobis
2685 4973 3030 5027 commendat
3058 4973 3199 5029 dicta
3224 4971 3509 5037 Johannis,

2234 5063 2352 5096 "non
2388 5063 2610 5100 ralia-lic
2639 5080 2768 5100 ραι-ιη
2795 5065 2974 5100 ιΙιιΙᾹια
3000 5066 3291 5100 aliain-nlu-
