2005 2664
80 119 125 147 ιεπ

112 173 129 201 H
138 181 163 201 λς
175 173 254 201 sedes
265 172 375 204 adeunt,
389 173 457 199 banc
471 172 592 206 requiem
608 174 720 207 capiunt

78 221 160 248 Ratus
174 227 188 246 c
203 218 273 246 caelo
287 218 422 246 summisit
433 219 502 246 visio
514 218 605 251 Petro,

107 265 178 291 inter
190 264 329 291 ealicolas
345 265 394 291 bas
411 264 472 291 ideo
488 265 613 299 reputas?

78 310 118 337 Est
130 310 231 343 aliquid
251 317 332 343 porro
352 317 399 336 cur
411 317 440 336 se
456 310 616 337 similarerit
630 317 710 345 agno,

109 355 158 383 Nec
171 361 262 382 tamen
278 356 336 391 ipse
352 360 412 382 tulit
427 356 524 383 vellera
546 356 634 383 factus
644 356 713 383 Ovis.

77 402 284 435 Signilicath'am
299 403 415 437 speciem
432 403 532 430 vidisse
546 403 707 437 prophetam

107 449 151 475 ius
164 454 236 481 erat,
255 449 281 475 id
299 450 395 485 Iypicis
405 451 531 477 convenit
543 450 668 485 eloquiis.

75 496 100 522 Si
112 496 222 523 debetur
233 497 278 522 ovi
296 504 344 531 pro
360 504 471 524 uulnere
485 497 568 532 gloria
585 497 641 530 tali,

104 543 133 569 Et
148 549 258 578 propter
275 551 373 570 nomen
388 544 488 571 vermis
499 544 607 571 habebit
619 545 705 576 idem;

75 588 133 614 Tum
148 596 255 623 quoque
273 590 419 623 serpentis,
438 594 491 616 tum
507 590 615 617 nomine
631 598 701 625 saspe
715 590 802 617 leonis

106 635 295 669 Signiﬁeamus
306 644 380 668 eum,
393 636 439 663 sed
453 641 543 663 taluen
562 642 603 664 est
617 642 752 664 neutrmn.

73 680 120 707 Sed
134 682 174 715 pia
189 681 285 708 divino
298 690 350 709 non
366 682 442 709 deest
458 683 609 710 reverentia
628 684 701 716 lino;

104 727 182 758 Quam
198 735 242 754 res
258 736 324 755 vera
340 727 416 760 facit,
431 736 482 756 non
499 734 577 757 vetns
593 730 687 757 umbra
703 730 771 764 parit
784 751 790 760 ,

75 772 149 803 ίΙ.ιιΙ(“,
164 773 214 800 nisi
229 774 304 808 quod
321 779 441 801 nostrmn
456 776 583 811 mysteria
597 780 668 802 tanta
686 776 800 803 relatum

104 819 326 852 Transeeudnnt,
342 820 460 848 brctiter
475 829 691 849 commemorare
709 822 807 856 placet.

72 861 167 890 Interea
181 864 255 891 cordi
280 870 306 891 tu
322 873 445 901 suggere,
461 867 570 894 (Ihriste
584 869 624 894 \‘el
639 868 679 894 (ιι-ἱ

104 907 138 933 llli
153 909 197 942 qui
212 910 317 944 sapiat,
333 910 394 937 huic
410 919 517 946 quoque
532 912 595 947 quid
610 912 720 939 rrfnral.

74 950 134 978 Veni
148 953 199 980 Deo
213 953 292 981 Patri
306 954 377 982 Deus
390 956 493 989 hostia;
507 957 596 984 Filius
612 957 649 983 illi

103 998 200 1025 Arbore
215 1000 350 1031 restituit.
366 1002 463 1029 arbore
478 1004 548 1037 quod
561 1004 651 1037 periit.

74 1044 133 1071 Aule
145 1044 303 1073 Creatorem
322 1054 428 1082 gratum
443 1049 543 1076 direxit
555 1050 668 1077 odorem

103 1089 195 1118 Fumus
212 1100 300 1127 quem
317 1093 377 1121 talis
393 1094 502 1122 victima
517 1100 612 1130 sponte
629 1096 712 1123 dedit.

72 1134 91 1161 ll
102 1136 153 1162 istia
165 1136 294 1166 Christus
306 1144 375 1172 erat,
389 1140 513 1168 Christus
527 1145 616 1168 tamen
628 1141 685 1176 ipse
701 1141 812 1174 litabat;

103 1183 121 1208 Δ
132 1183 243 1211 Domino
257 1184 373 1218 factum,
389 1186 470 1213 corda
486 1191 595 1221 stupent
611 1186 761 1214 nominum.

74 1228 113 1255 llic
128 1230 205 1257 semel
224 1231 337 1259 oblatus
351 1232 430 1259 solvit
443 1240 620 1268 quoscunque
635 1237 736 1266 reatus.

102 1274 189 1302 Traxit
202 1276 287 1304 homo
302 1278 412 1312 proprio
426 1285 472 1305 seu
485 1278 593 1313 generis
606 1279 681 1306 vitio.

74 1319 170 1347 llostem
186 1321 324 1355 delusum,
341 1331 414 1350 mors
427 1324 484 1351 hate
497 1324 606 1351 eludere
622 1325 739 1352 nondum

103 1364 209 1398 Desinit,
222 1367 323 1394 ablatis
336 1369 456 1403 quotidie
472 1369 574 1404 spoliis.

71 1409 112 1436 llla
126 1409 188 1438 facit
198 1413 286 1440 rirtns
304 1414 385 1442 modo
399 1423 469 1448 saepe
485 1423 628 1451 resurgere
644 1423 737 1444 rursus

103 1457 226 1487 Mortibus
239 1460 383 1495 absorptat
399 1462 548 1489 nmumcris
563 1462 677 1489 animus.

73 1502 127 1531 llec
140 1506 213 1539 quasi
227 1507 394 1541 praeteritas.
404 1507 460 1541 jam
480 1509 555 1535 tersit
567 1509 653 1543 gratia
668 1508 762 1543 culpas

103 1550 127 1576 ln
140 1552 256 1579 nondum
272 1553 348 1580 natis
362 1553 490 1582 Ecclesize
504 1555 618 1589 populis.

73 1593 136 1627 Quos
150 1597 253 1632 primus
269 1598 367 1626 habuit
380 1619 387 1631 ,
412 1607 479 1634 quos
496 1600 602 1627 tandem
620 1599 734 1627 :nundus
750 1600 858 1627 habebit

74 1666 143 1673 -

337 115 365 143 S.
387 115 453 143 LEO
475 114 510 142 IX
530 113 629 142 PAPA.
647 128 679 134 —
700 113 846 141 PROLEG.
867 130 898 134 τ-
921 114 997 141 VITA
1020 114 1048 142 S.
1071 115 1202 142 LEO‘N‘RS.
1225 131 1254 136 —
1272 115 1441 143 MONITUM.

874 175 899 203 Α
951 174 1057 200 Electos
1069 181 1164 200 omnes
1180 173 1275 200 liberal
1291 174 1341 200 ista
1359 173 1435 201 lidrs.

914 218 960 245 llle
974 218 1056 246 semel
1069 219 1145 246 l'usus
1158 219 1306 246 redimendi
1322 220 1431 252 sanguis
1444 219 1477 246 ad
1491 226 1555 247 usus

950 264 1078 291 Funditur
1099 264 1125 291 in
1140 269 1235 291 sancta
1250 264 1350 299 saepius
1365 264 1496 292 Ecclesia.

915 311 1001 345 Quod,
1017 312 1083 338 duce
1098 311 1220 346 perfidia,
1239 316 1302 338 tunc
1316 312 1390 338 natio
1404 310 1466 338 fecit
1481 311 1584 346 iniqua,

950 357 1003 384 Per
1018 357 1124 392 pietatis
1138 365 1207 393 opus
1221 358 1330 385 transiit
1345 358 1371 384 in
1389 357 1495 384 melius.

915 404 1015 431 Dividit
1033 405 1083 431 iste
1095 404 1164 431 calix
1183 404 1253 431 illius
1266 405 1335 431 dena
1352 404 1480 438 liquoris.

952 449 1010 482 Quo
1024 450 1134 484 profusa
1150 449 1200 476 fuit
1215 450 1307 476 lancea
1321 457 1381 484 qua:
1394 450 1515 484 pupugit.

915 495 973 527 Qua
991 496 1092 530 pietate
1106 494 1192 522 Deum
1206 495 1304 522 celavit
1320 503 1436 530 corpore
1451 500 1548 526 totum.

952 540 1008 568 llac
1020 542 1085 576 tegit
1099 541 1224 568 humanis
1240 541 1296 568 haec
1310 548 1387 568 sacra
1404 550 1475 568 nunc
1490 542 1584 568 oculis.

915 586 1080 614 Exhorrcrct
1094 587 1174 614 homo
1188 594 1284 614 carnes
1298 595 1358 615 cum
1371 589 1503 622 sanguine
1516 588 1599 615 crudo

952 633 985 659 Et
996 633 1212 667 consanguineos
1228 634 1312 660 nollet
1327 634 1397 661 inire
1413 635 1489 661 cibos

914 678 1002 706 Crede
1018 683 1107 705 tamen
1121 679 1238 713 penitus.
1255 679 1341 706 versis
1354 679 1388 706 ab
1402 679 1507 714 origine
1521 680 1610 711 rebus,

951 725 1017 752 Esse
1031 730 1172 752 creaturas
1187 726 1244 753 haec
1257 725 1392 753 elementa
1404 734 1504 758 noras;

915 770 947 797 Ni
960 770 1030 798 foret
1046 771 1097 798 hoc
1114 770 1196 802 aliud,
1211 778 1381 805 nequaquam
1394 776 1516 798 sumeret
1531 771 1596 798 illud

952 817 1000 844 Vel
1015 818 1102 845 malus
1115 818 1148 844 ad
1157 825 1281 852 poenam,
1297 817 1339 844 vel
1358 818 1444 845 bonus
1457 817 1490 844 ad
1506 817 1624 844 veniam.

879 860 901 890 B
917 862 973 890 Non
987 864 1093 890 animas
1107 863 1201 894 aleret,
1221 863 1243 890 si
1259 863 1337 898 panis
1353 864 1474 898 corporis
1488 867 1569 895 esset,

949 909 1003 937 Nec
1018 909 1087 936 mala
1104 916 1265 945 eompuneto
1280 915 1398 946 tergeret
1412 918 1444 938 ex
1461 910 1563 937 animo.

913 954 971 982 Non
987 956 1057 983 vires
1072 956 1173 983 homini
1190 956 1282 989 ferret,
1295 964 1348 983 nou
1362 956 1469 983 tolleret
1485 956 1567 986 hosti.

948 1002 1007 1029 Non
1021 1010 1130 1029 carnem
1146 1003 1243 1030 mentis
1258 1003 1387 1030 subderet
1402 1003 1533 1038 imperiis.

913 1046 935 1075 0
946 1056 1027 1083 quam
1043 1052 1105 1075 sunt
1119 1048 1179 1080 tuti,
1192 1056 1273 1083 quam
1288 1050 1380 1075 carnis
1394 1048 1451 1083 lege
1464 1048 1559 1077 soluti;

948 1094 1034 1127 Quam
1050 1094 1100 1121 sibi
1115 1094 1271 1126 dissimiles,
1290 1094 1333 1121 his
1347 1094 1434 1129 epulis
1446 1094 1571 1121 homines
1585 1095 1591 1121 Β

913 1139 994 1166 Ebria
1007 1141 1088 1167 corda
1104 1140 1148 1175 pio
1164 1140 1234 1175 rapit
1249 1141 1283 1167 ad
1294 1140 1415 1168 cmlcstia
1431 1145 1501 1172 volo,

948 1187 976 1213 Si
993 1187 1075 1214 fuerit
1088 1192 1224 1222 sumptus,
1237 1193 1266 1214 ut
1281 1187 1369 1219 decet,
1385 1188 1436 1214 i5tc
1451 1187 1537 1214 cibus.

913 1232 982 1265 Quid
999 1232 1107 1258 miraris
1120 1232 1223 1259 homo?
1239 1232 1310 1260 Deus
1329 1237 1371 1259 est
1387 1233 1412 1259 in
1429 1240 1542 1269 corpore
1557 1240 1637 1264 vero;

949 1276 1026 1305 Unde
1038 1277 1113 1312 prius
1127 1278 1244 1310 redimit,
1262 1278 1324 1305 inde
1338 1278 1416 1305 modo
1433 1279 1532 1305 reiicit.

911 1323 961 1351 llis
976 1328 1066 1350 tamen
1079 1323 1105 1350 in
1120 1324 1209 1351 verbis
1224 1323 1293 1350 ridet
1305 1324 1435 1358 sapientia
1449 1325 1540 1351 carnis

949 1369 981 1396 Et
994 1370 1084 1396 divina
1098 1369 1156 1396 suis
1169 1369 1286 1396 subdere
1301 1370 1357 1396 vult
1370 1370 1470 1405 regulis
1482 1370 1552 1405 (sic).

913 1414 1012 1442 Dicunt
1029 1423 1035 1441 :
1052 1414 1115 1447 Qum
1133 1414 1212 1446 ratio,
1228 1414 1290 1449 quis
1303 1414 1329 1441 in
1342 1415 1385 1442 his
1396 1415 1570 1450 deprenditur
1582 1415 1666 1442 ordo?

947 1461 1001 1489 Orc
1018 1461 1113 1488 nolunt
1129 1460 1260 1495 (volunt?)
1277 1460 1313 1487 illi
1330 1460 1388 1487 elau
1402 1460 1527 1494 lerejura
1545 1460 1590 1487 Dei

913 1507 946 1534 Et
957 1507 1032 1539 dum,
1048 1514 1128 1541 quem
1141 1511 1280 1541 nequeunt
1297 1511 1415 1533 montem
1431 1506 1635 1539 transcendere,
1651 1510 1709 1532 tan-

873 1545 895 1575 C
1571 1551 1647 1588 [guilt
1658 1560 1670 1578 ς

950 1620 957 1626 .
980 1619 986 1625 .
1008 1618 1015 1625 .
1037 1619 1043 1625 .
1067 1618 1074 1626 .
1097 1619 1103 1626 .
1120 1618 1131 1627 .
1151 1599 1263 1635 (Cretera
1278 1599 1394 1633 desunt.)

198 1673 417 1676 ,,‘__
426 1673 1697 1677 ______________—__._______

717 1748 803 1771 ANNO
824 1748 941 1770 DOMINI
964 1749 1051 1770 MLIV.

253 1828 1472 1953 ~SANCTUSIJH)IX

674 1981 880 2012 PONTIFEX
903 1981 1105 2018 ROMAN‘US.

588 2045 1197 2150 PROLMENA.

306 2360 355 2391 ill"
384 2359 386 2362 ν

226 2185 1174 2365 ΞᾼΝΕΤΠῙδΜδ
1241 2228 1530 2350 γιτΑ

471 2338 1023 2428 Αᾶέίὸρέέίίὶνὶὒθνίο
1052 2335 1315 2434 ’ωάῑιαῑίί

401 2469 490 2505 (Apud
508 2467 620 2499 Mabill.,
636 2468 701 2494 Acta
719 2466 771 2495 SS.
788 2467 847 2493 0rd.
863 2465 891 2492 S.
906 2466 1015 2498 Beucd.,
1030 2465 1099 2493 Szcc.
1116 2467 1159 2499 Vl,
1176 2473 1252 2502 parte
1267 2475 1297 2500 ll,
1311 2475 1336 2501 ι).
1355 2468 1412 2504 49.;

396 2542 988 2604 OBSERVATIONES
1030 2543 1363 2603 PB/EVl/E.
