4010 5328
620 336 755 396 459·

1966 334 2027 392 S.
2069 333 2202 392 ι.Εο
2242 335 2306 390 IX
2346 335 2541 392 PAPA.
3766 350 3849 405 ιω

621 466 795 512 terum
843 468 1018 526 primo
1062 451 1327 525 adjunxit,
1382 452 1436 508 in
1478 466 1588 523 quo
1629 466 1693 506 ea
1737 466 1855 522 quae
1899 452 2089 507 beatus
2123 452 2207 505 vir
2236 456 2279 514 Α
2308 451 2624 524 gruentibus
2671 451 2905 523 negotiis
2943 453 3071 508 data
3112 452 3398 509 occasione
3435 453 3636 523 edidit,
3677 460 3737 514 ad
3772 462 3851 519 Ili.

619 562 790 617 usque
834 545 901 600 ad
939 554 1167 601 mortem
1214 545 1446 617 peregit,
1494 542 1666 599 fusius
1710 544 1951 614 exponit.
2003 544 2208 601 Auctnr

618 655 944 711 anonymus,
968 648 1024 693 et
1054 638 1168 709 ipse
1191 638 1410 708 quidem
1437 637 1590 693 testis
1618 636 1892 699 oculatus,
1927 636 2206 692 historian

620 731 812 786 mortis
838 730 1079 802 ejusdem
1114 730 1464 800 conscripsit,
1492 729 1547 785 in
1578 744 1682 799 qua
1714 738 1966 784 accurate
1998 738 2053 783 et
2080 744 2208 798 par-

621 825 884 880 ticulatim
910 832 1097 879 narrat
1115 838 1225 894 quo
1243 832 1405 895 pacto
1427 824 1621 879 beatus
1637 822 1876 892 pontifex
1902 823 2060 893 morti
2084 838 2209 893 pro-

618 920 799 975 ximus
828 904 949 976 sese
982 926 1096 975 toto
1123 918 1302 973 triduo
1327 918 1392 973 ad
1419 918 1589 988 ipsam
1613 916 1916 974 obeundum
1940 931 2210 987 pra‘para-

616 1013 787 1079 verit;
831 1020 945 1066 tum
990 1008 1267 1081 subjungit
1307 1008 1513 1078 aliquot
1557 1007 1841 1071 miracula,
1877 1022 1998 1076 qum
2023 1006 2208 1062 statim

614 1111 742 1173 post
775 1100 893 1170 ejus
918 1099 1125 1156 obitum
1156 1099 1299 1154 edita
1332 1105 1480 1153 sunt.
1524 1096 1674 1153 Hanc
1706 1096 1991 1152 historiam
2022 1111 2088 1150 ex
2121 1111 2210 1150 vc-

616 1178 923 1250 tustissimo
976 1190 1164 1247 codice
1221 1189 1480 1246 Ecclesiae
1530 1187 1954 1250 Beneventanus,
2011 1186 2209 1242 litteris

614 1283 1041 1354 Langobardicis
1068 1290 1315 1346 exarata,
1341 1279 1540 1352 publici
1571 1280 1710 1350 juris
1753 1279 1881 1335 fecit
1914 1279 2209 1334 Ferdinan-

616 1378 719 1433 dus
744 1376 1000 1447 Ughellus
1031 1377 1083 1431 in
1115 1375 1267 1430 Italia
1298 1390 1477 1439 sacra,
1505 1382 1652 1429 tomo
1675 1374 1805 1439 VIII,
1833 1374 1921 1429 ubi
1949 1374 2015 1429 de
2038 1373 2210 1431 Bene-

613 1470 865 1526 ventanis
908 1468 1178 1539 episcopis
1211 1468 1343 1540 agit.
1372 1466 1681 1522 Invenimus
1721 1477 1983 1537 prtcterca
2015 1468 2066 1520 in
2102 1482 2205 1522 ms.

615 1564 802 1619 codice
824 1561 1296 1617 archimonastcrii
1332 1559 1638 1632 Remigiani
1667 1560 1809 1630 apud
1851 1560 2049 1616 Remos
2076 1576 2209 1615 ano-

613 1654 761 1727 nymi
819 1651 1097 1721 cujusdam
1156 1651 1531 1707 collectionem
1591 1650 2010 1718 miraculorum,
2074 1649 2207 1706 Vita:

612 1745 757 1800 beati
793 1744 1080 1814 pontiﬁcis
1125 1759 1154 1796 a
1191 1743 1441 1798 \Vibcrto
1471 1742 1688 1813 scripta:
1731 1741 2099 1813 subiunctum,
2147 1743 2200 1797 in

2310 542 2551 598 chaelem
2582 541 2935 600 Cmrularium
2962 544 3617 618 Constantinopolitanmn
3663 557 3854 623 patriar-

2307 633 2466 689 cham
2499 650 2603 688 non
2654 633 2819 689 semel
2860 636 3103 705 scripsit,
3141 644 3201 692 ut
3248 652 3373 693 eum
3411 638 3482 693 ad
3526 656 3706 710 pacem
3746 643 3855 701 inter

2308 721 2528 778 Graecos
2553 733 2607 778 et
2628 723 2853 779 Latinos
2877 725 3266 781 conciliandam
3295 727 3703 796 adhortaretur;
3729 748 3852 789 cum-

2308 828 2413 882 que
2458 812 2545 870 ille
2596 813 2860 870 noluisset
2907 830 2937 869 a
2988 815 3275 872 calomniis
3315 833 3451 888 quas
3496 820 3555 874 in
3597 821 3851 881 Romanam

2308 904 2609 961 Ecclesiam
2651 907 2936 963 evomebat
2968 908 3263 975 abstinere,
3291 924 3415 981 eum
3450 912 3665 969 tandem
3692 932 3776 986 per
3798 918 3853 972 Ie

2306 1003 2459 1065 gatos
2481 1010 2629 1062 suos,
2654 1011 2791 1066 quos
2812 1012 2877 1052 ea
2901 997 2969 1053 de
2989 1012 3153 1053 causa
3177 997 3699 1073 Constantinopolim
3721 1007 3851 1072 misit,

2306 1101 2338 1141 e
2393 1087 2524 1142 sede
2573 1088 2917 1154 exturbavit;
2975 1089 3128 1160 cujus
3182 1092 3514 1147 sententiam
3564 1097 3852 1152 exsecutioai

2309 1180 2553 1235 mandari
2592 1181 2759 1236 voluit
2806 1181 3121 1252 imperator,
3167 1184 3256 1253 qui
3287 1185 3544 1240 euuulem
3584 1185 3850 1244 Michaelcnt

2308 1271 2361 1326 in
2400 1271 2652 1327 exsiliunt
2692 1273 2965 1342 deportari
3008 1270 3190 1341 jussit.
3244 1273 3359 1329 Non
3407 1276 3593 1330 minus
3635 1276 3854 1334 laboravit

2306 1362 2582 1432 piissimus
2612 1363 2849 1434 pontifex
2880 1365 2932 1418 in
2973 1364 3286 1421 simoniacis
3309 1375 3364 1420 et
3394 1368 3649 1423 uxoratis
3674 1370 3853 1442 presby-

2307 1454 2440 1509 teris
2474 1454 2861 1524 exstirpandis.
2885 1454 3114 1509 Istorum
3146 1456 3431 1512 occasione
3454 1457 3724 1511 decretum
3744 1459 3851 1513 cele-

2304 1544 2402 1601 bre
2439 1545 2640 1610 edidit,
2680 1545 2823 1615 quod
2869 1560 2899 1600 a
2943 1544 3106 1600 Petro
3135 1545 3376 1599 Damiani
3408 1546 3734 1617 Iaudaturjn
3765 1548 3852 1617 cpi-

2305 1636 2443 1692 stola
2486 1637 2554 1691 ad
2598 1636 2951 1692 Cunibertum
2994 1637 3307 1707 episcopum
3350 1636 3759 1702 Tant-incusem,
3798 1641 3854 1693 in-

2308 1735 2451 1782 serta
2488 1726 2747 1797 opusculo
2775 1728 2840 1783 I8
2866 1726 2984 1798 ejus
3019 1726 3255 1797 Operum
3294 1742 3451 1782 nova:
3479 1729 3853 1799 editionis;an

608 1851 718 1904 qua
765 1834 1023 1890 miracula
1069 1833 1348 1904 complura
1380 1842 1694 1899 narrantur,
1725 1848 1848 1904 qua;
1874 1839 1943 1888 ad
1973 1835 2088 1904 eius
2119 1845 2201 1888 ιιι-
2302 1821 2511 1875 scilicet
2541 1828 2759 1874 cautum
2786 1829 2868 1875 εει
2899 1828 2955 1874 ιιι
2984 1836 3303 1890 quwcnnque
3332 1818 3662 1874 damnabile:
3684 1820 3853 1891 [emine

612 1925 816 1980 mulum
864 1924 1021 1995 paulo
1070 1933 1192 1991 pust
1239 1923 1382 1980 illius
1425 1933 1654 1981 mortem
1704 1934 1916 1996 patrata
1968 1925 2200 1980 fuerant.

612 2019 854 2087 Quorum
902 2025 1122 2088 quidem
1180 2018 1410 2074 duorum
1468 2032 1860 2089 anonymorum
1914 2017 2199 2088 opuscula,

602 2126 734 2164 eum
767 2109 888 2164 aliis
919 2110 1047 2164 item
1078 2108 1355 2163 miraculis
1385 2123 1451 2163 ex
1481 2108 1647 2163 variis
1672 2107 1949 2164 codicibus
1993 2108 2200 2163 deseri-

606 2211 728 2273 pta,
757 2200 811 2255 in
840 2216 1006 2256 unum
1030 2200 1431 2256 consarcinavit
1456 2198 1780 2257 Godefridus
1808 2199 2199 2265 Ilcnschenins,

609 2306 785 2362 caque
834 2292 1002 2347 edidit
1030 2291 1119 2347 die
1145 2290 1212 2346 l9
1251 2290 1456 2360 Aprilis
1497 2289 1834 2345 Bollandiani
1875 2288 2035 2344 simul
2076 2305 2200 2344 cum

608 2383 733 2441 Vita
761 2402 790 2440 a
824 2384 1072 2441 Wiherto
1097 2383 1388 2454 descripta.
1435 2383 1515 2437 Ad
1546 2384 1659 2437 haec
1685 2382 1866 2437 Bruno
1897 2380 2202 2453 Signiensis

608 2476 899 2547 cpiscopus
923 2474 1105 2532 Vitam
1137 2476 1279 2529 beati
1317 2474 1511 2530 Leonis
1540 2473 1885 2544 conscripsit,
1913 2489 2032 2544 qua:
2063 2473 2203 2528 inter

610 2566 715 2620 alia
747 2566 987 2635 ejusdem
1010 2566 1284 2622 Brunonis
1312 2564 1487 2635 Opera
1520 2565 1660 2637 typis
1683 2569 1897 2638 vulgata
1929 2574 2029 2620 est.
2057 2565 2202 2620 Przc-

610 2664 782 2721 tcrea,
814 2664 867 2711 ut
896 2654 1159 2726 plurimos
1184 2662 1437 2709 auctores
1464 2654 1733 2720 omittam,
1762 2655 1854 2724 qui
1884 2654 1950 2709 de
1994 2654 2202 2723 aliquot

598 2742 849 2814 «ejusdem
875 2746 1046 2802 sancti
1073 2747 1175 2801 viri
1200 2746 1366 2817 gestis
1387 2746 1508 2799 data
1530 2746 1818 2813 occasione
1842 2745 2197 2816 scripserunt,

606 2837 899 2893 Auselmus
935 2837 1236 2892 monachus
1265 2836 1435 2892 sancti
1474 2835 1706 2908 Remigii
1740 2835 2024 2892 Remensis
2050 2835 2200 2891 lib-cl-

608 2928 718 2983 lum
748 2929 920 2984 edidit
940 2929 1041 2983 sub
1070 2927 1289 2983 nomine
1316 2926 1584 2983 ltinerarii
1611 2942 1762 2997 papae
1788 2925 1985 2982 Leonis
2020 2926 2111 2991 IX,
2145 2926 2198 2981 in

605 3035 715 3090 quo
742 3019 909 3075 refert
936 3034 998 3074 ea
1024 3034 1146 3089 quae
1190 3019 1385 3073 beatus
1425 3016 1665 3088 pontifex
1692 3032 1835 3072 anno
1868 3016 2002 3071 1049
2034 3016 2198 3070 variis

605 3115 662 3169 in
691 3112 997 3168 Germania!
1043 3119 1098 3166 et
1131 3110 1319 3167 Gallia:
1366 3111 1499 3166 locis
1544 3109 1803 3179 patravit.
1854 3108 2195 3179 potissimum

2301 1911 2443 1965 intra
2479 1908 2715 1965 Romana
2744 1913 2933 1965 moenia
2974 1911 3324 1975 reperirentur
3358 1911 3675 1981 presbyteris
3699 1912 3853 1981 prosti-

2304 2010 2449 2066 tuttc,
2477 2011 2668 2054 extuuc
2690 2010 2737 2053 et
2764 2000 3006 2070 deinceps
3031 1998 3375 2053 Lnteranensi
3398 2000 3603 2069 palatio
3622 2001 3854 2072 adiudica-

2304 2104 2485 2150 reutur
2526 2094 2752 2149 ancillw.
2804 2092 3005 2150 Contra
3046 2104 3335 2164 utrumque
3382 2094 3579 2150 vitium
3622 2094 3783 2149 multis
3813 2095 3853 2147 in

2301 2188 2548 2244 conciliis
2567 2199 2747 2244 actum
2771 2196 2873 2253 est,
2900 2186 3000 2243 sub
3020 2185 3200 2240 Leone
3221 2187 3449 2256 ejusque
3470 2186 3852 2250 successoribus,

2301 2289 2361 2335 ut
2390 2280 2571 2336 videre
2599 2289 2683 2336 est
2707 2279 2759 2334 in
2786 2279 3138 2335 conciliorum
3163 2277 3597 2345 collectionibus,
3623 2278 3704 2332 ubi
3724 2278 3852 2331 etiam

2299 2370 2542 2441 epistola:
2588 2370 2729 2425 beati
2780 2369 3073 2441 pontiﬁcis,
3118 2384 3256 2442 quas
3299 2370 3464 2437 modo
3522 2370 3851 2434 laudabamus,

2300 2465 2459 2519 edita:
2491 2462 2782 2519 habentur.

2370 2556 2423 2611 5.
2481 2555 2869 2627 Bercngarium
2913 2555 3357 2611 archidiaconum
3403 2554 3852 2626 Andegavensem,

2300 2646 2392 2719 qui
2443 2656 2635 2702 contra
2677 2647 2877 2702 realem
2913 2648 3253 2717 praesentiam
3283 2649 3536 2718 corporis
3563 2647 3749 2703 Christi
3776 2647 3853 2701 Do-

2300 2737 2429 2791 mini
2460 2736 2513 2790 in
2545 2737 2874 2811 eucharistia
2904 2738 3238 2808 insurgebat,
3271 2739 3465 2795 beatus
3493 2738 3605 2794 Leo
3631 2740 3695 2793 ab
3713 2738 3854 2794 eccle-

2298 2829 2515 2884 siastica
2545 2829 2922 2885 communione
2964 2831 3215 2885 removit.
3249 2830 3341 2885 Ila‘
3389 2832 3761 2888 controversia.-
3782 2845 3851 2885 0c-

2299 2918 2576 2975 casionem
2623 2920 2971 2989 pncbuerunt
3014 2921 3194 2976 varias
3239 2920 3479 2992 synodus
3525 2921 3850 2993 congregandi

2299 3026 2365 3065 ac
2405 3009 2600 3065 edendi
2642 3010 2996 3080 professionis
3042 3012 3161 3066 fidei
3197 3011 3482 3078 formulas,
3530 3014 3718 3083 quibus
3755 3011 3850 3066 ﬁdei

2299 3102 2583 3158 catholica:
2630 3102 2915 3174 integritas
2962 3111 3254 3158 sartatccta
3289 3114 3635 3167 servaretur;
3683 3104 3764 3160 sed
3801 3104 3852 3157 de

608 3202 815 3269 ltemis,
839 3202 929 3256 ubi
955 3200 1425 3256 archimonasterii
1456 3200 1629 3255 sancti
1657 3197 1886 3268 Remigii
1910 3196 2194 3253 ecclesiam
2223 3175 2270 3238 ο
2302 3193 2386 3248 his
2414 3192 2568 3248 alias.
2606 3192 2705 3248 llic
2733 3209 2864 3248 vero
2892 3194 3215 3249 observasse
3237 3193 3470 3250 sufﬁciat
3503 3206 3698 3266 quanta
3721 3193 3852 3248 fuerit

607 3294 900 3357 dedicavit,
943 3309 1007 3347 ac
1038 3293 1093 3347 in
1122 3308 1185 3347 ea
1227 3290 1515 3348 concilium
1548 3290 1738 3346 habuit
1772 3289 2042 3360 generale.
2092 3289 2196 3341 De-

609 3384 771 3453 nique
804 3384 1114 3438 Desiderius
1157 3382 1469 3437 Casinensis
1509 3383 1697 3448 abbas,
1729 3382 1819 3451 qui
1867 3388 2049 3450 postea
2097 3380 2197 3433 sub

609 3475 848 3530 Victoris
893 3474 958 3528 ΙΙΙ
1011 3473 1229 3528 nomine
1259 3489 1499 3529 summus
1528 3473 1772 3543 pontifex
1807 3472 1927 3535 fuit,
1969 3472 2107 3526 libro
2137 3487 2196 3525 Ill

610 3570 956 3641 Dialogorum
1003 3569 1255 3625 nonnulla
1298 3568 1540 3638 ejusdem
1582 3551 1753 3624 sancti
1790 3568 1893 3623 viri
1940 3576 2091 3640 gesta
2142 3576 2198 3621 ct

609 3661 871 3718 miracula
915 3662 1176 3717 narravit.
1214 3660 1412 3717 Verum
1447 3676 1515 3716 ex
1564 3661 1630 3716 iis
1666 3648 1925 3716 omnibus
1958 3660 2195 3716 auctori-

611 3751 711 3808 bus
751 3751 999 3809 sulliccre
1026 3753 1182 3810 nobis
1206 3752 1385 3809 visum
1429 3761 1536 3817 est,
1580 3752 1737 3808 binos
1762 3750 1993 3807 Wiberti
2030 3750 2199 3806 libros

612 3846 700 3901 hic
741 3846 926 3912 edere,
972 3862 1093 3903 eum
1125 3846 1379 3918 anonymi
1412 3845 1694 3916 opusculo,
1722 3845 1865 3915 quod
1890 3861 1958 3902 ex
1987 3844 2198 3916 Ugbelli

608 3935 760 3990 Italia
808 3950 964 3991 sacra
1016 3936 1175 3991 modo
1225 3936 1582 3990 laudavimus.
1630 3934 1835 3991 Cmtera
1889 3936 1979 4005 qui
2026 3935 2195 4005 cupit,

609 4028 768 4082 adeat
800 4025 1115 4081 Bolla'mlum
1142 4028 1209 4082 ad
1238 4028 1379 4082 dietn
1415 4028 1481 4082 l9
1516 4027 1735 4098 Aprilis.
1776 4026 1831 4081 Si
1866 4042 1986 4097 qua:
2016 4035 2196 4082 tamen

609 4117 663 4170 in
708 4116 829 4171 aliis
871 4118 1183 4173 auctoribus
1226 4118 1607 4174 observatione
1649 4118 1808 4191 digna
1855 4118 2199 4174 occurret-im

609 4222 730 4277 quae
766 4208 833 4262 ad
862 4210 1005 4264 beati
1030 4208 1302 4279 pontificis
1329 4219 1449 4264 acta
1476 4210 1790 4266 illustranda
1827 4210 2077 4267 conferre
2105 4226 2197 4265 va-

611 4298 779 4360 leant,
811 4312 874 4352 ea
916 4314 1014 4368 pro
1058 4301 1462 4368 opportunitate
1511 4301 1563 4354 in
1600 4300 1800 4355 notulis
1821 4301 1888 4355 ad
1917 4300 2053 4357 Vita:
2083 4312 2197 4356 tex-

611 4396 750 4452 tum,
794 4397 888 4443 aut
916 4389 969 4444 in
1000 4390 1085 4444 his
1106 4389 1573 4445 observationibus
1602 4392 1817 4461 praeviis
1857 4393 2060 4448 referre
2088 4409 2193 4447 nan

609 4478 948 4536 omittemus.

2300 3286 2572 3357 pontificis
2599 3285 2766 3341 nostri
2808 3285 3089 3355 vigilantia
3119 3287 3173 3341 in
3212 3287 3279 3343 iis
3324 3297 3435 3343 tum
3484 3304 3605 3358 qua:
3627 3287 3691 3344 ad
3711 3286 3852 3343 eccle-

2300 3379 2576 3432 siasticam
2621 3377 2963 3447 disciplinam
3013 3379 3429 3446 stabiliendum,
3495 3389 3607 3435 tum
3657 3395 3764 3450 qua:
3801 3378 3851 3429 al

2302 3467 2554 3523 tuendam
2603 3477 2804 3522 rectam
2854 3468 3015 3524 ﬁdem
3071 3470 3437 3540 pertinebant.
3492 3469 3646 3526 Unde
3689 3468 3851 3524 mirum

2301 3578 2408 3618 non
2436 3570 2521 3617 est
2547 3560 2591 3615 si
2627 3560 2810 3616 Victor
2832 3561 2897 3616 III
2927 3562 2981 3616 in
3009 3560 3126 3631 ejus
3153 3562 3367 3618 Iaudem
3398 3562 3694 3618 asseruerit
3722 3559 3780 3613 ab
3800 3575 3851 3609 eo

2300 3655 2483 3710 omnia
2514 3652 2886 3709 ecclesiastica
2935 3664 3192 3709 renovata
3238 3652 3427 3720 fuisse,
3460 3664 3752 3721 novamque
3790 3648 3852 3701 In-

2299 3762 2438 3805 ccm.
2484 3762 2549 3801 ex
2602 3761 2710 3816 quo
2762 3745 3138 3816 pontiﬁcatum
3180 3746 3516 3817 assumpsit,
3560 3746 3721 3801 visam
3757 3754 3851 3795 esse

2301 3835 2505 3891 mundo
2551 3835 2785 3900 exoriri;
2838 3836 2933 3891 sed
2987 3836 3249 3892 illustrius
3300 3846 3385 3892 est
3431 3838 3571 3892 tanti
3619 3833 3851 3907 pontiﬁcis

2302 3925 2688 3990 testimonium,
2719 3940 2881 3995 quam
2914 3934 2972 3980 ut
3004 3927 3176 3997 ipsum
3214 3926 3302 3982 hic
3333 3927 3601 3997 integrum
3644 3941 3739 3980 non
3784 3938 3850 3975 rc-

2300 4015 2559 4071 l‘eramus.
2609 4015 2732 4071 llaec
2763 4016 2945 4087 itaque
2986 4026 3112 4071 sunt
3138 4017 3256 4087 ejus
3285 4018 3468 4083 verba,
3508 4033 3627 4089 qua:
3663 4013 3849 4086 quibus-

2298 4108 2422 4163 dam
2458 4109 2735 4164 miraculis
2776 4126 2806 4164 a
2842 4111 3005 4165 beato
3041 4110 3221 4166 Leone
3248 4112 3477 4180 patratis
3523 4109 3781 4181 praemittit
3807 4106 3847 4158 in

2299 4206 2438 4262 libro
2486 4206 2646 4261 tertio
2694 4207 3039 4278 Dialogorum
3070 4225 3084 4261 :
3123 4226 3142 4258 ι
3176 4207 3307 4273 Leo,
3341 4208 3409 4262 de
3454 4223 3566 4278 quo
3609 4205 3751 4260 nubis
3783 4206 3850 4254 est

2299 4314 2478 4354 sermo
2505 4315 2615 4370 pra:
2646 4299 2920 4365 manibus,
2949 4299 3032 4353 vir
3071 4315 3170 4369 per
3198 4300 3380 4353 omnia
3412 4299 3743 4369 apostolicus,
3783 4308 3847 4346 re-

2299 4388 2403 4461 gali
2429 4403 2627 4459 genere
2653 4396 2828 4454 ortus,
2854 4389 3117 4459 sapientia
3149 4390 3429 4458 praeditus,
3466 4388 3715 4459 religione
3740 4400 3845 4438 con-

2299 4482 2548 4551 spicuus,
2604 4481 2862 4552 onmique
2918 4482 3284 4538 ecclesiastica
3343 4482 3588 4537 doctrina
3639 4477 3846 4551 apprime

678 4570 737 4624 2.
775 4568 985 4638 Quanta
1013 4571 1377 4629 sollicitudine
1404 4573 1699 4629 Ecelesiam
1724 4574 1825 4630 sibi
1854 4592 1885 4630 a
1911 4574 2019 4631 Deo
2049 4592 2193 4631 rom-
2219 4543 2272 4604 υ
2296 4575 2561 4639 eruditus,
2594 4589 2658 4629 ac
2684 4576 2797 4644 qui,
2826 4576 3279 4644 quemadmodum
3307 4575 3568 4644 scriptum
3592 4580 3687 4636 est,
3710 4568 3845 4637 cupit

610 4664 833 4719 missam
865 4664 1055 4720 beatus
1087 4665 1763 4738 pontifexgubernaverit,
1796 4670 2027 4737 probant
2058 4684 2194 4739 pra:-

609 4763 696 4809 ter
721 4754 958 4811 libellum
990 4773 1148 4828 quem
1178 4759 1246 4813 ab
1280 4773 1345 4813 eo
1371 4768 1562 4814 contra
1592 4758 1811 4815 Graecos
1839 4761 2041 4817 editum
2080 4763 2193 4817 lau-

2297 4665 2554 4720 invocare
2584 4680 2778 4720 nomen
2802 4665 3015 4720 Domini
3046 4682 3356 4737 :quemque
3382 4668 3546 4722 etiam
3577 4666 3699 4729 vidi,
3723 4660 3842 4729 ejus-

2294 4770 2401 4826 que
2429 4755 2847 4810 familiaritatcm
2888 4754 3088 4811 habere
3118 4759 3321 4823 merui;
3368 4772 3509 4828 saepe
3535 4755 3692 4810 etiam
3716 4766 3772 4806 eo
3802 4751 3845 4801 in

610 4846 705 4902 dat
756 4846 1067 4915 Wibertus,
1123 4850 1432 4921 complures
1475 4851 1668 4907 litterae
1715 4867 1855 4922 quas
1899 4854 1966 4908 ad
2015 4856 2198 4910 varios
2254 4847 2523 4904 'ccclesia
2553 4849 2748 4905 missas
2776 4848 3107 4941 celebrante,
3139 4865 3261 4905 cum
3292 4849 3383 4905 illo
3420 4851 3486 4905 ad
3514 4849 3746 4904 divinum
3779 4840 3843 4895 al-

608 4938 758 4994 orbis
784 4938 1084 4996 Christiani
1127 4942 1410 5012 episcopos
1435 4941 1778 5011 conscripsit.
1830 4941 1907 4996 Ex
1953 4942 2018 4997 iis
2047 4959 2191 5013 qua:-

2296 4951 2413 4998 tare
2453 4943 2624 4999 sacris
2653 4942 2871 4997 indutus
2900 4936 3142 4998 vestibus
3168 4944 3315 5008 steti,
3348 4944 3504 5015 eique
3533 4936 3842 5011 Evangelima

609 5028 734 5084 dam
769 5030 1038 5087 habentur
1080 5033 1147 5087 ad
1190 5032 1478 5089 Africanos
1518 5032 1587 5088 ad
1616 5032 2005 5088 sublevandum
2038 5035 2195 5091 istius
2246 5084 2255 5091 .
2294 5033 2419 5106 legi.
2452 5035 2499 5088 A
2536 5048 2645 5104 quo
2673 5033 2859 5089 omnia
2899 5033 3265 5091 ecclesiastica
3296 5035 3476 5089 studia
3518 5037 3761 5089 renovata
3792 5039 3844 5076 δίο

606 5125 719 5166 tam
747 5122 976 5166 nplphria
1005 5125 1132 5166 nlim
1172 5125 1427 5166 er-lacius
1466 5134 1666 5166 emtum
1721 5141 1841 5166 [ιιι-ο
1866 5126 1966 5166 enh
1996 5126 2194 5166 Rau-Im-

2294 5134 2595 5166 raetanrntn
2648 5141 2893 5166 nnvamm
2927 5127 3012 5166 Inv
3044 5126 3242 5166 uumdn
3268 5128 3380 5166 vices
3410 5133 3488 5166 uel
3520 5121 3733 5166 nutriri-
3762 5117 3844 5166 llic
