  <div class='ocr_page' id='page_1' title='image "/cluster/home/n/w/nwhite01/storage/ocr_20150623/143/hvd.32044015471816/234.png"; bbox 0 0 4010 5328; ppageno 0'>
   <div class='ocr_carea' id='block_1_1' title="bbox 159 324 245 379">
    <p class='ocr_par' dir='ltr' id='par_1_1' title="bbox 159 324 245 379">
     <span class='ocr_line' id='line_1_1' title="bbox 159 324 245 379; baseline 0.012 -1"><span class='ocrx_word' id='word_1_1' title='bbox 159 324 245 379; x_wconf 63' lang='lat' dir='ltr'><strong>iii!</strong></span> 
     </span>
    </p>
   </div>
   <div class='ocr_carea' id='block_1_2' title="bbox 1034 298 2525 366">
    <p class='ocr_par' dir='ltr' id='par_1_2' title="bbox 1034 298 2525 366">
     <span class='ocr_line' id='line_1_2' title="bbox 1034 298 2525 366; baseline -0.006 -2"><span class='ocrx_word' id='word_1_2' title='bbox 1034 308 1330 366; x_wconf 77' lang='lat' dir='ltr'><strong>PROLEG.</strong></span> <span class='ocrx_word' id='word_1_3' title='bbox 1375 337 1441 347; x_wconf 92' lang='lat'><strong>—</strong></span> <span class='ocrx_word' id='word_1_4' title='bbox 1485 303 1636 361; x_wconf 81' lang='lat' dir='ltr'><strong>Vl&#39;l&#39;.\</strong></span> <span class='ocrx_word' id='word_1_5' title='bbox 1678 303 1736 357; x_wconf 86' lang='lat' dir='ltr'><strong>S.</strong></span> <span class='ocrx_word' id='word_1_6' title='bbox 1771 298 2038 358; x_wconf 68' lang='lat' dir='ltr'><strong>LEONIS.</strong></span> <span class='ocrx_word' id='word_1_7' title='bbox 2075 331 2131 343; x_wconf 81' lang='lat'><strong>-</strong></span> <span class='ocrx_word' id='word_1_8' title='bbox 2183 300 2525 358; x_wconf 68' lang='lat' dir='ltr'><strong>MONITUM.</strong></span> 
     </span>
    </p>
   </div>
   <div class='ocr_carea' id='block_1_3' title="bbox 3304 288 3418 358">
    <p class='ocr_par' dir='ltr' id='par_1_3' title="bbox 3304 288 3418 358">
     <span class='ocr_line' id='line_1_3' title="bbox 3304 288 3418 358; baseline 0.009 -1"><span class='ocrx_word' id='word_1_9' title='bbox 3304 288 3418 358; x_wconf 61' lang='grc' dir='ltr'><strong>ηεξ</strong></span> 
     </span>
    </p>
   </div>
   <div class='ocr_carea' id='block_1_4' title="bbox 162 400 3433 506">
    <p class='ocr_par' dir='ltr' id='par_1_4' title="bbox 162 400 3433 506">
     <span class='ocr_line' id='line_1_4' title="bbox 162 400 3433 506; baseline -0.005 -18"><span class='ocrx_word' id='word_1_10' title='bbox 162 451 246 506; x_wconf 77' lang='lat' dir='ltr'><strong>per</strong></span> <span class='ocrx_word' id='word_1_11' title='bbox 274 430 549 504; x_wconf 58' lang='lat' dir='ltr'><strong>gradiens,</strong></span> <span class='ocrx_word' id='word_1_12' title='bbox 585 426 909 500; x_wconf 87' lang='lat' dir='ltr'><strong>apostolicos</strong></span> <span class='ocrx_word' id='word_1_13' title='bbox 951 428 1115 482; x_wconf 89' lang='lat' dir='ltr'><strong>etiam</strong></span> <span class='ocrx_word' id='word_1_14' title='bbox 1156 429 1302 483; x_wconf 88' lang='lat' dir='ltr'><strong>viros</strong></span> <span class='ocrx_word' id='word_1_15' title='bbox 1347 427 1399 480; x_wconf 94' lang='lat' dir='ltr'><strong>in</strong></span> <span class='ocrx_word' id='word_1_16' title='bbox 1448 422 1724 479; x_wconf 85' lang='lat' dir='ltr'><strong>miraculis</strong></span> <span class='ocrx_word' id='word_1_17' title='bbox 1756 438 1796 491; x_wconf 64' lang='grc' dir='ltr'>Α</span> <span class='ocrx_word' id='word_1_18' title='bbox 1830 422 1929 506; x_wconf 84' lang='lat' dir='ltr'><strong>bus</strong></span> <span class='ocrx_word' id='word_1_19' title='bbox 1958 416 2186 489; x_wconf 77' lang='lat' dir='ltr'><strong>aliisque</strong></span> <span class='ocrx_word' id='word_1_20' title='bbox 2224 417 2447 487; x_wconf 80' lang='lat' dir='ltr'><strong>majoris</strong></span> <span class='ocrx_word' id='word_1_21' title='bbox 2491 411 2747 472; x_wconf 89' lang='lat' dir='ltr'><strong>momenti</strong></span> <span class='ocrx_word' id='word_1_22' title='bbox 2783 412 3010 487; x_wconf 75' lang='lat' dir='ltr'><strong>negotiis</strong></span> <span class='ocrx_word' id='word_1_23' title='bbox 3035 413 3290 486; x_wconf 79' lang='lat' dir='ltr'><strong>gerendis</strong></span> <span class='ocrx_word' id='word_1_24' title='bbox 3316 400 3433 503; x_wconf 46' lang='lat' dir='ltr'><strong>alia:</strong></span> 
     </span>
    </p>
   </div>
   <div class='ocr_carea' id='block_1_5' title="bbox 162 518 1727 592">
    <p class='ocr_par' dir='ltr' id='par_1_5' title="bbox 162 518 1727 592">
     <span class='ocr_line' id='line_1_5' title="bbox 162 518 1727 592; baseline -0.008 -13"><span class='ocrx_word' id='word_1_25' title='bbox 162 538 231 581; x_wconf 83' lang='lat' dir='ltr'><strong>est</strong></span> <span class='ocrx_word' id='word_1_26' title='bbox 272 525 531 580; x_wconf 75' lang='lat' dir='ltr'><strong>imitatus.</strong></span> <span class='ocrx_word' id='word_1_27' title='bbox 580 522 655 579; x_wconf 85' lang='lat' dir='ltr'><strong>De</strong></span> <span class='ocrx_word' id='word_1_28' title='bbox 680 536 788 592; x_wconf 91' lang='lat' dir='ltr'><strong>quo</strong></span> <span class='ocrx_word' id='word_1_29' title='bbox 824 520 1042 591; x_wconf 83' lang='lat' dir='ltr'><strong>quidem</strong></span> <span class='ocrx_word' id='word_1_30' title='bbox 1071 518 1226 591; x_wconf 90' lang='lat' dir='ltr'><strong>plura</strong></span> <span class='ocrx_word' id='word_1_31' title='bbox 1265 518 1453 573; x_wconf 92' lang='lat' dir='ltr'><strong>audire</strong></span> <span class='ocrx_word' id='word_1_32' title='bbox 1484 532 1570 572; x_wconf 88' lang='lat' dir='ltr'><strong>me</strong></span> <span class='ocrx_word' id='word_1_33' title='bbox 1599 530 1727 570; x_wconf 84' lang='lat' dir='ltr'><strong>cou-</strong></span> 
     </span>
    </p>
   </div>
   <div class='ocr_carea' id='block_1_6' title="bbox 164 608 1729 685">
    <p class='ocr_par' dir='ltr' id='par_1_6' title="bbox 164 608 1729 685">
     <span class='ocr_line' id='line_1_6' title="bbox 164 608 1729 685; baseline -0.006 -16"><span class='ocrx_word' id='word_1_34' title='bbox 164 616 285 685; x_wconf 49' lang='lat' dir='ltr'><strong>tigit,</strong></span> <span class='ocrx_word' id='word_1_35' title='bbox 322 633 341 665; x_wconf 83' lang='grc' dir='ltr'><strong>ι</strong></span> <span class='ocrx_word' id='word_1_36' title='bbox 372 623 482 668; x_wconf 92' lang='lat' dir='ltr'><strong>etc.</strong></span> <span class='ocrx_word' id='word_1_37' title='bbox 520 613 612 668; x_wconf 72' lang='lat' dir='ltr'><strong>ilis</strong></span> <span class='ocrx_word' id='word_1_38' title='bbox 652 613 839 683; x_wconf 82' lang='lat' dir='ltr'><strong>paucis</strong></span> <span class='ocrx_word' id='word_1_39' title='bbox 878 612 1064 666; x_wconf 78' lang='lat' dir='ltr'><strong>verbis</strong></span> <span class='ocrx_word' id='word_1_40' title='bbox 1093 609 1279 665; x_wconf 94' lang='lat' dir='ltr'><strong>Victor</strong></span> <span class='ocrx_word' id='word_1_41' title='bbox 1308 608 1539 665; x_wconf 76' lang='lat' dir='ltr'><strong>absolvit</strong></span> <span class='ocrx_word' id='word_1_42' title='bbox 1582 624 1729 663; x_wconf 85' lang='lat' dir='ltr'><strong>sum-</strong></span> 
     </span>
    </p>
   </div>
   <div class='ocr_carea' id='block_1_7' title="bbox 164 696 1730 775">
    <p class='ocr_par' dir='ltr' id='par_1_7' title="bbox 164 696 1730 775">
     <span class='ocr_line' id='line_1_7' title="bbox 164 696 1730 775; baseline -0.008 -13"><span class='ocrx_word' id='word_1_43' title='bbox 164 721 291 762; x_wconf 85' lang='lat' dir='ltr'><strong>mam</strong></span> <span class='ocrx_word' id='word_1_44' title='bbox 315 704 477 775; x_wconf 80' lang='lat' dir='ltr'><strong>elngii</strong></span> <span class='ocrx_word' id='word_1_45' title='bbox 508 705 646 759; x_wconf 88' lang='lat' dir='ltr'><strong>beati</strong></span> <span class='ocrx_word' id='word_1_46' title='bbox 673 703 891 767; x_wconf 86' lang='lat' dir='ltr'><strong>Leonis,</strong></span> <span class='ocrx_word' id='word_1_47' title='bbox 917 702 1006 771; x_wconf 89' lang='lat' dir='ltr'><strong>qui</strong></span> <span class='ocrx_word' id='word_1_48' title='bbox 1035 701 1285 756; x_wconf 89' lang='lat' dir='ltr'><strong>similiter</strong></span> <span class='ocrx_word' id='word_1_49' title='bbox 1307 712 1469 755; x_wconf 83' lang='lat' dir='ltr'><strong>totum</strong></span> <span class='ocrx_word' id='word_1_50' title='bbox 1502 696 1730 752; x_wconf 83' lang='lat' dir='ltr'><strong>Galliam</strong></span> 
     </span>
    </p>
   </div>
   <div class='ocr_carea' id='block_1_8' title="bbox 164 787 1731 860">
    <p class='ocr_par' dir='ltr' id='par_1_8' title="bbox 164 787 1731 860">
     <span class='ocr_line' id='line_1_8' title="bbox 164 787 1731 860; baseline -0.006 -10"><span class='ocrx_word' id='word_1_51' title='bbox 164 796 470 850; x_wconf 78' lang='lat' dir='ltr'><strong>illuminasse</strong></span> <span class='ocrx_word' id='word_1_52' title='bbox 498 795 696 848; x_wconf 84' lang='lat' dir='ltr'><strong>dicitur</strong></span> <span class='ocrx_word' id='word_1_53' title='bbox 739 794 792 847; x_wconf 88' lang='lat' dir='ltr'><strong>in</strong></span> <span class='ocrx_word' id='word_1_54' title='bbox 837 801 1165 847; x_wconf 89' lang='lat' dir='ltr'><strong>testamento</strong></span> <span class='ocrx_word' id='word_1_55' title='bbox 1190 790 1424 846; x_wconf 77' lang='lat' dir='ltr'><strong>Odalrici</strong></span> <span class='ocrx_word' id='word_1_56' title='bbox 1459 787 1731 860; x_wconf 67' lang='grc' dir='ltr'>ιιι-τειροδὶιὶ</span> 
     </span>
    </p>
   </div>
   <div class='ocr_carea' id='block_1_9' title="bbox 166 875 1731 949">
    <p class='ocr_par' dir='ltr' id='par_1_9' title="bbox 166 875 1731 949">
     <span class='ocr_line' id='line_1_9' title="bbox 166 875 1731 949; baseline -0.007 -9"><span class='ocrx_word' id='word_1_57' title='bbox 166 884 398 940; x_wconf 73' lang='lat' dir='ltr'><strong>Ecclesiae</strong></span> <span class='ocrx_word' id='word_1_58' title='bbox 444 882 749 944; x_wconf 85' lang='lat' dir='ltr'><strong>Remeusis,</strong></span> <span class='ocrx_word' id='word_1_59' title='bbox 798 881 886 935; x_wconf 89' lang='lat' dir='ltr'><strong>ubi</strong></span> <span class='ocrx_word' id='word_1_60' title='bbox 934 890 1082 935; x_wconf 89' lang='lat' dir='ltr'><strong>tanta</strong></span> <span class='ocrx_word' id='word_1_61' title='bbox 1131 896 1252 934; x_wconf 90' lang='lat' dir='ltr'><strong>cum</strong></span> <span class='ocrx_word' id='word_1_62' title='bbox 1307 878 1630 949; x_wconf 76' lang='lat' dir='ltr'><strong>eloquentia:</strong></span> <span class='ocrx_word' id='word_1_63' title='bbox 1682 875 1731 929; x_wconf 93' lang='lat' dir='ltr'><strong>vi</strong></span> 
     </span>
    </p>
   </div>
   <div class='ocr_carea' id='block_1_10' title="bbox 166 970 1735 1047">
    <p class='ocr_par' dir='ltr' id='par_1_10' title="bbox 166 970 1735 1047">
     <span class='ocr_line' id='line_1_10' title="bbox 166 970 1735 1047; baseline -0.006 -16"><span class='ocrx_word' id='word_1_64' title='bbox 166 987 335 1031; x_wconf 80' lang='lat' dir='ltr'><strong>contra</strong></span> <span class='ocrx_word' id='word_1_65' title='bbox 382 993 581 1047; x_wconf 89' lang='lat' dir='ltr'><strong>pravos</strong></span> <span class='ocrx_word' id='word_1_66' title='bbox 625 976 1117 1032; x_wconf 75' lang='lat' dir='ltr'><strong>ecclesiasticarum</strong></span> <span class='ocrx_word' id='word_1_67' title='bbox 1174 988 1355 1029; x_wconf 85' lang='lat' dir='ltr'><strong>mores</strong></span> <span class='ocrx_word' id='word_1_68' title='bbox 1398 973 1453 1027; x_wconf 81' lang='lat' dir='ltr'><strong>in</strong></span> <span class='ocrx_word' id='word_1_69' title='bbox 1506 970 1735 1027; x_wconf 85' lang='lat' dir='ltr'><strong>concilio</strong></span> 
     </span>
    </p>
   </div>
   <div class='ocr_carea' id='block_1_11' title="bbox 169 1063 1735 1133">
    <p class='ocr_par' dir='ltr' id='par_1_11' title="bbox 169 1063 1735 1133">
     <span class='ocr_line' id='line_1_11' title="bbox 169 1063 1735 1133; baseline -0.005 -9"><span class='ocrx_word' id='word_1_70' title='bbox 169 1070 402 1126; x_wconf 79' lang='lat' dir='ltr'><strong>Remensi</strong></span> <span class='ocrx_word' id='word_1_71' title='bbox 433 1070 756 1124; x_wconf 78' lang='lat' dir='ltr'><strong>disseruisse</strong></span> <span class='ocrx_word' id='word_1_72' title='bbox 784 1077 1137 1130; x_wconf 85' lang='lat' dir='ltr'><strong>memoratur,</strong></span> <span class='ocrx_word' id='word_1_73' title='bbox 1181 1078 1239 1121; x_wconf 92' lang='lat' dir='ltr'><strong>ut</strong></span> <span class='ocrx_word' id='word_1_74' title='bbox 1276 1065 1427 1121; x_wconf 91' lang='lat' dir='ltr'><strong>multi</strong></span> <span class='ocrx_word' id='word_1_75' title='bbox 1465 1063 1581 1133; x_wconf 88' lang='lat' dir='ltr'><strong>ejus</strong></span> <span class='ocrx_word' id='word_1_76' title='bbox 1613 1078 1735 1119; x_wconf 90' lang='lat' dir='ltr'><strong>ver-</strong></span> 
     </span>
    </p>
   </div>
   <div class='ocr_carea' id='block_1_12' title="bbox 167 1153 1739 1230">
    <p class='ocr_par' dir='ltr' id='par_1_12' title="bbox 167 1153 1739 1230">
     <span class='ocr_line' id='line_1_12' title="bbox 167 1153 1739 1230; baseline -0.006 -15"><span class='ocrx_word' id='word_1_77' title='bbox 167 1162 241 1215; x_wconf 87' lang='lat' dir='ltr'><strong>bis</strong></span> <span class='ocrx_word' id='word_1_78' title='bbox 284 1159 558 1230; x_wconf 82' lang='lat' dir='ltr'><strong>perterriti</strong></span> <span class='ocrx_word' id='word_1_79' title='bbox 607 1157 890 1222; x_wconf 81' lang='lat' dir='ltr'><strong>beneﬁcia,</strong></span> <span class='ocrx_word' id='word_1_80' title='bbox 942 1160 1106 1212; x_wconf 90' lang='lat' dir='ltr'><strong>etiam</strong></span> <span class='ocrx_word' id='word_1_81' title='bbox 1157 1168 1277 1227; x_wconf 66' lang='lat' dir='ltr'><strong>qua:</strong></span> <span class='ocrx_word' id='word_1_82' title='bbox 1318 1155 1553 1227; x_wconf 79' lang='lat' dir='ltr'><strong>legitime</strong></span> <span class='ocrx_word' id='word_1_83' title='bbox 1598 1153 1739 1208; x_wconf 84' lang='lat' dir='ltr'><strong>obti-</strong></span> 
     </span>
    </p>
   </div>
   <div class='ocr_carea' id='block_1_13' title="bbox 170 1243 1741 1318">
    <p class='ocr_par' dir='ltr' id='par_1_13' title="bbox 170 1243 1741 1318">
     <span class='ocr_line' id='line_1_13' title="bbox 170 1243 1741 1318; baseline -0.006 -12"><span class='ocrx_word' id='word_1_84' title='bbox 170 1260 405 1313; x_wconf 86' lang='lat' dir='ltr'><strong>nuerant,</strong></span> <span class='ocrx_word' id='word_1_85' title='bbox 453 1249 732 1305; x_wconf 81' lang='lat' dir='ltr'><strong>dimittere</strong></span> <span class='ocrx_word' id='word_1_86' title='bbox 777 1249 1150 1318; x_wconf 79' lang='lat' dir='ltr'><strong>cogitaverim.</strong></span> <span class='ocrx_word' id='word_1_87' title='bbox 1205 1248 1282 1302; x_wconf 82' lang='lat' dir='ltr'><strong>Ex</strong></span> <span class='ocrx_word' id='word_1_88' title='bbox 1334 1247 1420 1302; x_wconf 89' lang='lat' dir='ltr'><strong>bis</strong></span> <span class='ocrx_word' id='word_1_89' title='bbox 1470 1262 1528 1301; x_wconf 90' lang='lat' dir='ltr'><strong>se</strong></span> <span class='ocrx_word' id='word_1_90' title='bbox 1575 1243 1741 1299; x_wconf 82' lang='lat' dir='ltr'><strong>fuisse</strong></span> 
     </span>
    </p>
   </div>
   <div class='ocr_carea' id='block_1_14' title="bbox 168 1337 1737 1409">
    <p class='ocr_par' dir='ltr' id='par_1_14' title="bbox 168 1337 1737 1409">
     <span class='ocr_line' id='line_1_14' title="bbox 168 1337 1737 1409; baseline -0.006 -14"><span class='ocrx_word' id='word_1_91' title='bbox 168 1341 349 1395; x_wconf 76' lang='lat' dir='ltr'><strong>fatetur</strong></span> <span class='ocrx_word' id='word_1_92' title='bbox 402 1338 724 1404; x_wconf 87' lang='lat' dir='ltr'><strong>Odalricns,</strong></span> <span class='ocrx_word' id='word_1_93' title='bbox 786 1340 878 1409; x_wconf 86' lang='lat' dir='ltr'><strong>qui</strong></span> <span class='ocrx_word' id='word_1_94' title='bbox 933 1338 1109 1393; x_wconf 87' lang='lat' dir='ltr'><strong>eidem</strong></span> <span class='ocrx_word' id='word_1_95' title='bbox 1170 1337 1402 1393; x_wconf 76' lang='lat' dir='ltr'><strong>concilio</strong></span> <span class='ocrx_word' id='word_1_96' title='bbox 1458 1338 1737 1390; x_wconf 86' lang='lat' dir='ltr'><strong>intererat.</strong></span> 
     </span>
    </p>
   </div>
   <div class='ocr_carea' id='block_1_15' title="bbox 171 1426 1744 1485">
    <p class='ocr_par' dir='ltr' id='par_1_15' title="bbox 171 1426 1744 1485">
     <span class='ocr_line' id='line_1_15' title="bbox 171 1426 1744 1485; baseline -0.004 -2"><span class='ocrx_word' id='word_1_97' title='bbox 171 1428 335 1483; x_wconf 78' lang='lat' dir='ltr'><strong>Testis</strong></span> <span class='ocrx_word' id='word_1_98' title='bbox 365 1435 448 1482; x_wconf 90' lang='lat' dir='ltr'><strong>est</strong></span> <span class='ocrx_word' id='word_1_99' title='bbox 472 1427 587 1483; x_wconf 87' lang='lat' dir='ltr'><strong>Leo</strong></span> <span class='ocrx_word' id='word_1_100' title='bbox 614 1428 948 1484; x_wconf 74' lang='lat' dir='ltr'><strong>Marsicanns</strong></span> <span class='ocrx_word' id='word_1_101' title='bbox 974 1429 1111 1485; x_wconf 91' lang='lat' dir='ltr'><strong>libro</strong></span> <span class='ocrx_word' id='word_1_102' title='bbox 1141 1445 1178 1484; x_wconf 96' lang='grc' dir='ltr'><strong>ιι</strong></span> <span class='ocrx_word' id='word_1_103' title='bbox 1208 1426 1459 1484; x_wconf 82' lang='lat' dir='ltr'><strong>Cbronici</strong></span> <span class='ocrx_word' id='word_1_104' title='bbox 1485 1426 1744 1483; x_wconf 83' lang='lat' dir='ltr'><strong>Casinen-</strong></span> 
     </span>
    </p>
   </div>
   <div class='ocr_carea' id='block_1_16' title="bbox 171 1515 1742 1591">
    <p class='ocr_par' dir='ltr' id='par_1_16' title="bbox 171 1515 1742 1591">
     <span class='ocr_line' id='line_1_16' title="bbox 171 1515 1742 1591; baseline -0.004 -16"><span class='ocrx_word' id='word_1_105' title='bbox 171 1520 237 1575; x_wconf 83' lang='lat' dir='ltr'><strong>sis</strong></span> <span class='ocrx_word' id='word_1_106' title='bbox 274 1535 389 1591; x_wconf 89' lang='lat' dir='ltr'><strong>cap.</strong></span> <span class='ocrx_word' id='word_1_107' title='bbox 440 1519 537 1585; x_wconf 88' lang='lat'><strong>88,</strong></span> <span class='ocrx_word' id='word_1_108' title='bbox 568 1520 815 1575; x_wconf 87' lang='lat' dir='ltr'><strong>eumdem</strong></span> <span class='ocrx_word' id='word_1_109' title='bbox 849 1521 1064 1575; x_wconf 88' lang='lat' dir='ltr'><strong>beatum</strong></span> <span class='ocrx_word' id='word_1_110' title='bbox 1112 1517 1454 1590; x_wconf 76' lang='lat' dir='ltr'><strong>pentillcem,</strong></span> <span class='ocrx_word' id='word_1_111' title='bbox 1502 1515 1742 1587; x_wconf 88' lang='lat' dir='ltr'><strong>quandiu</strong></span> 
     </span>
    </p>
   </div>
   <div class='ocr_carea' id='block_1_17' title="bbox 170 1609 1747 1676">
    <p class='ocr_par' dir='ltr' id='par_1_17' title="bbox 170 1609 1747 1676">
     <span class='ocr_line' id='line_1_17' title="bbox 170 1609 1747 1676; baseline -0.004 -9"><span class='ocrx_word' id='word_1_112' title='bbox 170 1612 340 1668; x_wconf 62' lang='lat' dir='ltr'><strong>Romae</strong></span> <span class='ocrx_word' id='word_1_113' title='bbox 367 1621 615 1667; x_wconf 84' lang='lat' dir='ltr'><strong>moratus</strong></span> <span class='ocrx_word' id='word_1_114' title='bbox 639 1620 743 1676; x_wconf 88' lang='lat' dir='ltr'><strong>est,</strong></span> <span class='ocrx_word' id='word_1_115' title='bbox 770 1612 990 1666; x_wconf 86' lang='lat' dir='ltr'><strong>solitum</strong></span> <span class='ocrx_word' id='word_1_116' title='bbox 1022 1611 1189 1667; x_wconf 83' lang='lat' dir='ltr'><strong>fuisse</strong></span> <span class='ocrx_word' id='word_1_117' title='bbox 1225 1611 1399 1665; x_wconf 90' lang='lat' dir='ltr'><strong>tribus</strong></span> <span class='ocrx_word' id='word_1_118' title='bbox 1427 1609 1617 1663; x_wconf 89' lang='lat' dir='ltr'><strong>diebus</strong></span> <span class='ocrx_word' id='word_1_119' title='bbox 1648 1620 1747 1676; x_wconf 91' lang='lat' dir='ltr'><strong>per</strong></span> 
     </span>
    </p>
   </div>
   <div class='ocr_carea' id='block_1_18' title="bbox 174 1695 1747 1768">
    <p class='ocr_par' dir='ltr' id='par_1_18' title="bbox 174 1695 1747 1768">
     <span class='ocr_line' id='line_1_18' title="bbox 174 1695 1747 1768; baseline -0.007 -9"><span class='ocrx_word' id='word_1_120' title='bbox 174 1703 577 1768; x_wconf 83' lang='lat' dir='ltr'><strong>hebdomadam,</strong></span> <span class='ocrx_word' id='word_1_121' title='bbox 611 1718 641 1756; x_wconf 91' lang='lat' dir='ltr'><strong>e</strong></span> <span class='ocrx_word' id='word_1_122' title='bbox 667 1701 1022 1757; x_wconf 84' lang='lat' dir='ltr'><strong>Lateranensi</strong></span> <span class='ocrx_word' id='word_1_123' title='bbox 1074 1700 1303 1757; x_wconf 81' lang='lat' dir='ltr'><strong>ecclesia</strong></span> <span class='ocrx_word' id='word_1_124' title='bbox 1335 1712 1506 1768; x_wconf 76' lang='lat' dir='ltr'><strong>uSque</strong></span> <span class='ocrx_word' id='word_1_125' title='bbox 1535 1695 1601 1751; x_wconf 88' lang='lat' dir='ltr'><strong>ad</strong></span> <span class='ocrx_word' id='word_1_126' title='bbox 1628 1710 1747 1749; x_wconf 81' lang='lat' dir='ltr'><strong>san-</strong></span> 
     </span>
    </p>
   </div>
   <div class='ocr_carea' id='block_1_19' title="bbox 1832 494 3433 579">
    <p class='ocr_par' dir='ltr' id='par_1_19' title="bbox 1832 494 3433 579">
     <span class='ocr_line' id='line_1_19' title="bbox 1832 494 3433 579; baseline 0.001 -14"><span class='ocrx_word' id='word_1_127' title='bbox 1832 502 2024 572; x_wconf 84' lang='lat' dir='ltr'><strong>hibuit,</strong></span> <span class='ocrx_word' id='word_1_128' title='bbox 2056 510 2134 563; x_wconf 89' lang='lat' dir='ltr'><strong>vel</strong></span> <span class='ocrx_word' id='word_1_129' title='bbox 2160 524 2294 579; x_wconf 90' lang='lat' dir='ltr'><strong>quos</strong></span> <span class='ocrx_word' id='word_1_130' title='bbox 2316 508 2381 562; x_wconf 91' lang='lat' dir='ltr'><strong>ad</strong></span> <span class='ocrx_word' id='word_1_131' title='bbox 2407 507 2742 578; x_wconf 77' lang='lat' dir='ltr'><strong>episcopales</strong></span> <span class='ocrx_word' id='word_1_132' title='bbox 2765 508 2920 563; x_wconf 87' lang='lat' dir='ltr'><strong>sedes</strong></span> <span class='ocrx_word' id='word_1_133' title='bbox 2940 506 3157 571; x_wconf 72' lang='lat' dir='ltr'><strong>evexit;</strong></span> <span class='ocrx_word' id='word_1_134' title='bbox 3182 494 3433 578; x_wconf 44' lang='lat' dir='ltr'><strong>denique&#39;</strong></span> 
     </span>
    </p>
   </div>
   <div class='ocr_carea' id='block_1_20' title="bbox 1830 598 3423 674">
    <p class='ocr_par' dir='ltr' id='par_1_20' title="bbox 1830 598 3423 674">
     <span class='ocr_line' id='line_1_20' title="bbox 1830 598 3423 674; baseline 0 -16"><span class='ocrx_word' id='word_1_135' title='bbox 1830 608 1951 658; x_wconf 76' lang='lat' dir='ltr'><strong>cum</strong></span> <span class='ocrx_word' id='word_1_136' title='bbox 1995 612 2141 658; x_wconf 81' lang='lat' dir='ltr'><strong>esset</strong></span> <span class='ocrx_word' id='word_1_137' title='bbox 2174 602 2330 658; x_wconf 88' lang='lat' dir='ltr'><strong>morti</strong></span> <span class='ocrx_word' id='word_1_138' title='bbox 2383 603 2680 674; x_wconf 76' lang='lat' dir='ltr'><strong>proximus,</strong></span> <span class='ocrx_word' id='word_1_139' title='bbox 2713 600 3026 657; x_wconf 77' lang='lat' dir='ltr'><strong>Rieberium</strong></span> <span class='ocrx_word' id='word_1_140' title='bbox 3071 598 3423 658; x_wconf 88' lang='lat' dir='ltr'><strong>Casinensem</strong></span> 
     </span>
    </p>
   </div>
   <div class='ocr_carea' id='block_1_21' title="bbox 1830 691 3429 757">
    <p class='ocr_par' dir='ltr' id='par_1_21' title="bbox 1830 691 3429 757">
     <span class='ocr_line' id='line_1_21' title="bbox 1830 691 3429 757; baseline -0.001 -9"><span class='ocrx_word' id='word_1_141' title='bbox 1830 695 2080 749; x_wconf 83' lang='lat' dir='ltr'><strong>abbatem</strong></span> <span class='ocrx_word' id='word_1_142' title='bbox 2109 693 2414 757; x_wconf 79' lang='lat' dir='ltr'><strong>accersivit,</strong></span> <span class='ocrx_word' id='word_1_143' title='bbox 2444 702 2503 746; x_wconf 89' lang='lat' dir='ltr'><strong>ut</strong></span> <span class='ocrx_word' id='word_1_144' title='bbox 2535 691 2760 747; x_wconf 92' lang='lat' dir='ltr'><strong>Romam</strong></span> <span class='ocrx_word' id='word_1_145' title='bbox 2791 691 3066 747; x_wconf 87' lang='lat' dir='ltr'><strong>redeundo</strong></span> <span class='ocrx_word' id='word_1_146' title='bbox 3103 706 3227 747; x_wconf 90' lang='lat' dir='ltr'><strong>eum</strong></span> <span class='ocrx_word' id='word_1_147' title='bbox 3256 691 3429 747; x_wconf 43' lang='lat' dir='ltr'><strong>babes</strong></span> 
     </span>
    </p>
   </div>
   <div class='ocr_carea' id='block_1_22' title="bbox 1834 783 3425 858">
    <p class='ocr_par' dir='ltr' id='par_1_22' title="bbox 1834 783 3425 858">
     <span class='ocr_line' id='line_1_22' title="bbox 1834 783 3425 858; baseline -0.001 -17"><span class='ocrx_word' id='word_1_148' title='bbox 1834 794 1917 841; x_wconf 83' lang='lat' dir='ltr'><strong>ret</strong></span> <span class='ocrx_word' id='word_1_149' title='bbox 1964 786 2177 840; x_wconf 85' lang='lat' dir='ltr'><strong>itineris</strong></span> <span class='ocrx_word' id='word_1_150' title='bbox 2212 787 2441 841; x_wconf 89' lang='lat' dir='ltr'><strong>socium.</strong></span> <span class='ocrx_word' id='word_1_151' title='bbox 2498 785 2604 839; x_wconf 86' lang='lat' dir='ltr'><strong>Sed</strong></span> <span class='ocrx_word' id='word_1_152' title='bbox 2647 784 2775 854; x_wconf 91' lang='lat' dir='ltr'><strong>quid</strong></span> <span class='ocrx_word' id='word_1_153' title='bbox 2824 783 2940 853; x_wconf 84' lang='lat' dir='ltr'><strong>ejus</strong></span> <span class='ocrx_word' id='word_1_154' title='bbox 2991 786 3067 841; x_wconf 86' lang='lat' dir='ltr'><strong>rei</strong></span> <span class='ocrx_word' id='word_1_155' title='bbox 3104 796 3425 858; x_wconf 76' lang='lat' dir='ltr'><strong>argumenta</strong></span> 
     </span>
    </p>
   </div>
   <div class='ocr_carea' id='block_1_23' title="bbox 1833 870 3428 948">
    <p class='ocr_par' dir='ltr' id='par_1_23' title="bbox 1833 870 3428 948">
     <span class='ocr_line' id='line_1_23' title="bbox 1833 870 3428 948; baseline 0 -17"><span class='ocrx_word' id='word_1_156' title='bbox 1833 877 2051 933; x_wconf 85' lang='lat' dir='ltr'><strong>aliunde</strong></span> <span class='ocrx_word' id='word_1_157' title='bbox 2099 878 2410 948; x_wconf 65' lang='lat' dir='ltr'><strong>quaarimus,</strong></span> <span class='ocrx_word' id='word_1_158' title='bbox 2442 892 2564 931; x_wconf 91' lang='lat' dir='ltr'><strong>cum</strong></span> <span class='ocrx_word' id='word_1_159' title='bbox 2599 876 2713 948; x_wconf 77' lang='lat' dir='ltr'><strong>ipse</strong></span> <span class='ocrx_word' id='word_1_160' title='bbox 2758 875 2947 931; x_wconf 82' lang='lat' dir='ltr'><strong>beatus</strong></span> <span class='ocrx_word' id='word_1_161' title='bbox 2991 876 3233 947; x_wconf 76' lang='lat' dir='ltr'><strong>pontifex</strong></span> <span class='ocrx_word' id='word_1_162' title='bbox 3266 870 3428 931; x_wconf 85' lang='lat' dir='ltr'><strong>morti</strong></span> 
     </span>
    </p>
   </div>
   <div class='ocr_carea' id='block_1_24' title="bbox 1835 962 3431 1041">
    <p class='ocr_par' dir='ltr' id='par_1_24' title="bbox 1835 962 3431 1041">
     <span class='ocr_line' id='line_1_24' title="bbox 1835 962 3431 1041; baseline 0 -18"><span class='ocrx_word' id='word_1_163' title='bbox 1835 970 2115 1041; x_wconf 86' lang='lat' dir='ltr'><strong>proximus</strong></span> <span class='ocrx_word' id='word_1_164' title='bbox 2155 987 2212 1024; x_wconf 89' lang='lat' dir='ltr'><strong>se</strong></span> <span class='ocrx_word' id='word_1_165' title='bbox 2262 968 2586 1024; x_wconf 86' lang='lat' dir='ltr'><strong>monachum</strong></span> <span class='ocrx_word' id='word_1_166' title='bbox 2636 964 2806 1023; x_wconf 86' lang='lat' dir='ltr'><strong>fuisse</strong></span> <span class='ocrx_word' id='word_1_167' title='bbox 2853 962 3072 1023; x_wconf 87' lang='lat' dir='ltr'><strong>disertis</strong></span> <span class='ocrx_word' id='word_1_168' title='bbox 3125 968 3305 1024; x_wconf 78' lang='lat' dir='ltr'><strong>verbis</strong></span> <span class='ocrx_word' id='word_1_169' title='bbox 3346 964 3431 1024; x_wconf 83' lang='lat' dir='ltr'><strong>di-</strong></span> 
     </span>
    </p>
   </div>
   <div class='ocr_carea' id='block_1_25' title="bbox 1838 1050 3433 1133">
    <p class='ocr_par' dir='ltr' id='par_1_25' title="bbox 1838 1050 3433 1133">
     <span class='ocr_line' id='line_1_25' title="bbox 1838 1050 3433 1133; baseline -0.001 -15"><span class='ocrx_word' id='word_1_170' title='bbox 1838 1062 2019 1118; x_wconf 83' lang='lat' dir='ltr'><strong>xerit?</strong></span> <span class='ocrx_word' id='word_1_171' title='bbox 2048 1050 2267 1126; x_wconf 80' lang='lat' dir='ltr'><strong>Cellam,</strong></span> <span class='ocrx_word' id='word_1_172' title='bbox 2299 1054 2499 1132; x_wconf 81' lang='lat' dir='ltr'><strong>inquit,</strong></span> <span class='ocrx_word' id='word_1_173' title='bbox 2536 1078 2693 1133; x_wconf 82' lang='lat' dir='ltr'><strong>quam</strong></span> <span class='ocrx_word' id='word_1_174' title='bbox 2734 1063 3021 1117; x_wconf 80' lang='lat' dir='ltr'><strong>monachus</strong></span> <span class='ocrx_word' id='word_1_175' title='bbox 3047 1061 3267 1128; x_wconf 71' lang='lat' dir='ltr'><strong>incolui,</strong></span> <span class='ocrx_word' id='word_1_176' title='bbox 3295 1071 3433 1130; x_wconf 69' lang='grc' dir='ltr'><strong>εις..</strong></span> 
     </span>
    </p>
   </div>
   <div class='ocr_carea' id='block_1_26' title="bbox 1838 1141 3437 1222">
    <p class='ocr_par' dir='ltr' id='par_1_26' title="bbox 1838 1141 3437 1222">
     <span class='ocr_line' id='line_1_26' title="bbox 1838 1141 3437 1222; baseline 0 -17"><span class='ocrx_word' id='word_1_177' title='bbox 1838 1151 1979 1221; x_wconf 88' lang='lat' dir='ltr'><strong>apud</strong></span> <span class='ocrx_word' id='word_1_178' title='bbox 2009 1156 2335 1222; x_wconf 80' lang='lat' dir='ltr'><strong>auon&#39;ymum</strong></span> <span class='ocrx_word' id='word_1_179' title='bbox 2369 1150 2419 1204; x_wconf 92' lang='lat' dir='ltr'><strong>in</strong></span> <span class='ocrx_word' id='word_1_180' title='bbox 2451 1144 2716 1205; x_wconf 85' lang='lat' dir='ltr'><strong>relatione</strong></span> <span class='ocrx_word' id='word_1_181' title='bbox 2742 1141 2860 1217; x_wconf 88' lang='lat' dir='ltr'><strong>ejus</strong></span> <span class='ocrx_word' id='word_1_182' title='bbox 2886 1142 3098 1215; x_wconf 79' lang='lat' dir='ltr'><strong>martis,</strong></span> <span class='ocrx_word' id='word_1_183' title='bbox 3124 1166 3286 1221; x_wconf 89' lang='lat' dir='ltr'><strong>quant</strong></span> <span class='ocrx_word' id='word_1_184' title='bbox 3311 1160 3437 1222; x_wconf 83' lang='lat' dir='ltr'><strong>post</strong></span> 
     </span>
    </p>
   </div>
   <div class='ocr_carea' id='block_1_27' title="bbox 1838 1232 3438 1310">
    <p class='ocr_par' dir='ltr' id='par_1_27' title="bbox 1838 1232 3438 1310">
     <span class='ocr_line' id='line_1_27' title="bbox 1838 1232 3438 1310; baseline 0.003 -16"><span class='ocrx_word' id='word_1_185' title='bbox 1838 1239 1955 1310; x_wconf 88' lang='lat' dir='ltr'><strong>ejus</strong></span> <span class='ocrx_word' id='word_1_186' title='bbox 1971 1240 2144 1294; x_wconf 88' lang='lat' dir='ltr'><strong>Vitam</strong></span> <span class='ocrx_word' id='word_1_187' title='bbox 2171 1232 2566 1307; x_wconf 83' lang='lat' dir='ltr'><strong>exhibebimus,</strong></span> <span class='ocrx_word' id='word_1_188' title='bbox 2593 1256 2738 1295; x_wconf 91' lang='lat' dir='ltr'><strong>num.</strong></span> <span class='ocrx_word' id='word_1_189' title='bbox 2758 1241 2812 1296; x_wconf 76' lang='grc'><strong>4.</strong></span> <span class='ocrx_word' id='word_1_190' title='bbox 2840 1239 2977 1297; x_wconf 90' lang='lat' dir='ltr'><strong>lline</strong></span> <span class='ocrx_word' id='word_1_191' title='bbox 3002 1242 3198 1296; x_wconf 90' lang='lat' dir='ltr'><strong>mirum</strong></span> <span class='ocrx_word' id='word_1_192' title='bbox 3221 1258 3327 1297; x_wconf 90' lang='lat' dir='ltr'><strong>non</strong></span> <span class='ocrx_word' id='word_1_193' title='bbox 3350 1252 3438 1298; x_wconf 84' lang='lat' dir='ltr'><strong>est</strong></span> 
     </span>
    </p>
   </div>
   <div class='ocr_carea' id='block_1_28' title="bbox 1840 1327 3440 1406">
    <p class='ocr_par' dir='ltr' id='par_1_28' title="bbox 1840 1327 3440 1406">
     <span class='ocr_line' id='line_1_28' title="bbox 1840 1327 3440 1406; baseline 0.001 -17"><span class='ocrx_word' id='word_1_194' title='bbox 1840 1334 1884 1389; x_wconf 89' lang='lat' dir='ltr'><strong>si</strong></span> <span class='ocrx_word' id='word_1_195' title='bbox 1925 1330 2153 1403; x_wconf 81' lang='lat' dir='ltr'><strong>injurias</strong></span> <span class='ocrx_word' id='word_1_196' title='bbox 2197 1327 2480 1387; x_wconf 90' lang='lat' dir='ltr'><strong>monachis</strong></span> <span class='ocrx_word' id='word_1_197' title='bbox 2521 1333 2787 1405; x_wconf 80' lang='lat' dir='ltr'><strong>irrogatas</strong></span> <span class='ocrx_word' id='word_1_198' title='bbox 2826 1330 2926 1390; x_wconf 88' lang='lat' dir='ltr'><strong>sibi</strong></span> <span class='ocrx_word' id='word_1_199' title='bbox 2961 1327 3059 1406; x_wconf 88' lang='lat' dir='ltr'><strong>ipsi</strong></span> <span class='ocrx_word' id='word_1_200' title='bbox 3092 1327 3267 1391; x_wconf 80' lang='lat' dir='ltr'><strong>factas</strong></span> <span class='ocrx_word' id='word_1_201' title='bbox 3293 1336 3440 1392; x_wconf 80' lang='lat' dir='ltr'><strong>dice-</strong></span> 
     </span>
    </p>
   </div>
   <div class='ocr_carea' id='block_1_29' title="bbox 1840 1420 3437 1497">
    <p class='ocr_par' dir='ltr' id='par_1_29' title="bbox 1840 1420 3437 1497">
     <span class='ocr_line' id='line_1_29' title="bbox 1840 1420 3437 1497; baseline 0.002 -16"><span class='ocrx_word' id='word_1_202' title='bbox 1840 1435 1948 1489; x_wconf 86' lang='lat' dir='ltr'><strong>ret,</strong></span> <span class='ocrx_word' id='word_1_203' title='bbox 1981 1434 2040 1478; x_wconf 86' lang='grc' dir='ltr'><strong>ιιι</strong></span> <span class='ocrx_word' id='word_1_204' title='bbox 2067 1423 2182 1495; x_wconf 82' lang='lat' dir='ltr'><strong>ipse</strong></span> <span class='ocrx_word' id='word_1_205' title='bbox 2211 1424 2286 1478; x_wconf 91' lang='lat' dir='ltr'><strong>ait</strong></span> <span class='ocrx_word' id='word_1_206' title='bbox 2327 1425 2380 1479; x_wconf 91' lang='lat' dir='ltr'><strong>in</strong></span> <span class='ocrx_word' id='word_1_207' title='bbox 2414 1422 2641 1495; x_wconf 86' lang='lat' dir='ltr'><strong>epistola</strong></span> <span class='ocrx_word' id='word_1_208' title='bbox 2678 1427 2744 1482; x_wconf 92' lang='lat' dir='ltr'><strong>ad</strong></span> <span class='ocrx_word' id='word_1_209' title='bbox 2789 1420 3124 1497; x_wconf 77' lang='lat' dir='ltr'><strong>Stephanum</strong></span> <span class='ocrx_word' id='word_1_210' title='bbox 3156 1428 3437 1483; x_wconf 86' lang='lat' dir='ltr'><strong>dominum</strong></span> 
     </span>
    </p>
   </div>
   <div class='ocr_carea' id='block_1_30' title="bbox 1841 1507 3440 1584">
    <p class='ocr_par' dir='ltr' id='par_1_30' title="bbox 1841 1507 3440 1584">
     <span class='ocr_line' id='line_1_30' title="bbox 1841 1507 3440 1584; baseline 0.001 -15"><span class='ocrx_word' id='word_1_211' title='bbox 1841 1511 2259 1575; x_wconf 85' lang='lat' dir='ltr'><strong>Castelli-Novi,</strong></span> <span class='ocrx_word' id='word_1_212' title='bbox 2304 1530 2466 1584; x_wconf 91' lang='lat' dir='ltr'><strong>quam</strong></span> <span class='ocrx_word' id='word_1_213' title='bbox 2519 1531 2641 1569; x_wconf 89' lang='lat' dir='ltr'><strong>cum</strong></span> <span class='ocrx_word' id='word_1_214' title='bbox 2693 1516 2872 1571; x_wconf 88' lang='lat' dir='ltr'><strong>adhuc</strong></span> <span class='ocrx_word' id='word_1_215' title='bbox 2915 1526 3060 1572; x_wconf 86' lang='lat' dir='ltr'><strong>esset</strong></span> <span class='ocrx_word' id='word_1_216' title='bbox 3103 1507 3440 1573; x_wconf 85' lang='lat' dir='ltr'><strong>&#39;l‘ulleusium</strong></span> 
     </span>
    </p>
   </div>
   <div class='ocr_carea' id='block_1_31' title="bbox 1842 1600 3443 1679">
    <p class='ocr_par' dir='ltr' id='par_1_31' title="bbox 1842 1600 3443 1679">
     <span class='ocr_line' id='line_1_31' title="bbox 1842 1600 3443 1679; baseline 0.001 -18"><span class='ocrx_word' id='word_1_217' title='bbox 1842 1607 2127 1678; x_wconf 76' lang='lat' dir='ltr'><strong>episcOpus</strong></span> <span class='ocrx_word' id='word_1_218' title='bbox 2165 1606 2402 1675; x_wconf 89' lang='lat' dir='ltr'><strong>scripsit.</strong></span> <span class='ocrx_word' id='word_1_219' title='bbox 2439 1605 2681 1662; x_wconf 84' lang='lat' dir='ltr'><strong>llabetdr</strong></span> <span class='ocrx_word' id='word_1_220' title='bbox 2724 1606 2864 1679; x_wconf 89' lang='lat' dir='ltr'><strong>apud</strong></span> <span class='ocrx_word' id='word_1_221' title='bbox 2906 1600 3203 1664; x_wconf 72' lang='lat' dir='ltr'><strong>Perardum</strong></span> <span class='ocrx_word' id='word_1_222' title='bbox 3243 1610 3295 1664; x_wconf 91' lang='lat' dir='ltr'><strong>in</strong></span> <span class='ocrx_word' id='word_1_223' title='bbox 3328 1609 3443 1666; x_wconf 65' lang='grc' dir='ltr'><strong>(τοι.</strong></span> 
     </span>
    </p>
   </div>
   <div class='ocr_carea' id='block_1_32' title="bbox 1844 1692 3441 1770">
    <p class='ocr_par' dir='ltr' id='par_1_32' title="bbox 1844 1692 3441 1770">
     <span class='ocr_line' id='line_1_32' title="bbox 1844 1692 3441 1770; baseline 0.002 -18"><span class='ocrx_word' id='word_1_224' title='bbox 1844 1698 2074 1753; x_wconf 88' lang='lat' dir='ltr'><strong>lectione</strong></span> <span class='ocrx_word' id='word_1_225' title='bbox 2097 1698 2410 1753; x_wconf 84' lang='lat' dir='ltr'><strong>chartarum</strong></span> <span class='ocrx_word' id='word_1_226' title='bbox 2435 1694 2936 1768; x_wconf 80' lang='lat' dir='ltr'><strong>Burgundicarum;</strong></span> <span class='ocrx_word' id='word_1_227' title='bbox 2966 1708 3023 1753; x_wconf 90' lang='lat' dir='ltr'><strong>at</strong></span> <span class='ocrx_word' id='word_1_228' title='bbox 3047 1692 3100 1753; x_wconf 90' lang='lat' dir='ltr'><strong>in</strong></span> <span class='ocrx_word' id='word_1_229' title='bbox 3123 1693 3312 1755; x_wconf 86' lang='lat' dir='ltr'><strong>charta</strong></span> <span class='ocrx_word' id='word_1_230' title='bbox 3341 1716 3441 1770; x_wconf 89' lang='lat' dir='ltr'><strong>pro</strong></span> 
     </span>
    </p>
   </div>
   <div class='ocr_carea' id='block_1_33' title="bbox 173 1781 3440 1869">
    <p class='ocr_par' dir='ltr' id='par_1_33' title="bbox 173 1781 3440 1869">
     <span class='ocr_line' id='line_1_33' title="bbox 173 1781 3440 1869; baseline -0.003 -15"><span class='ocrx_word' id='word_1_231' title='bbox 173 1809 303 1855; x_wconf 80' lang='lat' dir='ltr'><strong>ctum</strong></span> <span class='ocrx_word' id='word_1_232' title='bbox 331 1799 579 1864; x_wconf 84' lang='lat' dir='ltr'><strong>Petrum,</strong></span> <span class='ocrx_word' id='word_1_233' title='bbox 609 1798 819 1869; x_wconf 86' lang='lat' dir='ltr'><strong>privato</strong></span> <span class='ocrx_word' id='word_1_234' title='bbox 847 1795 1033 1851; x_wconf 85' lang='lat' dir='ltr'><strong>habitu</strong></span> <span class='ocrx_word' id='word_1_235' title='bbox 1062 1809 1124 1848; x_wconf 87' lang='lat' dir='ltr'><strong>ac</strong></span> <span class='ocrx_word' id='word_1_236' title='bbox 1155 1790 1314 1847; x_wconf 87' lang='lat' dir='ltr'><strong>nudis</strong></span> <span class='ocrx_word' id='word_1_237' title='bbox 1345 1789 1591 1860; x_wconf 88' lang='lat' dir='ltr'><strong>pedibus,</strong></span> <span class='ocrx_word' id='word_1_238' title='bbox 1621 1800 1742 1841; x_wconf 85' lang='lat' dir='ltr'><strong>cum</strong></span> <span class='ocrx_word' id='word_1_239' title='bbox 1775 1790 1820 1849; x_wconf 83' lang='grc' dir='ltr'><strong>Β</strong></span> <span class='ocrx_word' id='word_1_240' title='bbox 1848 1787 1982 1844; x_wconf 86' lang='lat' dir='ltr'><strong>cella</strong></span> <span class='ocrx_word' id='word_1_241' title='bbox 2012 1788 2534 1843; x_wconf 74' lang='lat' dir='ltr'><strong>Bertiniacze-enrtis</strong></span> <span class='ocrx_word' id='word_1_242' title='bbox 2565 1781 2788 1854; x_wconf 70' lang='lat' dir='ltr'><strong>ibidem,</strong></span> <span class='ocrx_word' id='word_1_243' title='bbox 2820 1790 2900 1845; x_wconf 90' lang='lat' dir='ltr'><strong>sic</strong></span> <span class='ocrx_word' id='word_1_244' title='bbox 2926 1781 3211 1860; x_wconf 83' lang='lat' dir='ltr'><strong>loquitur‘:</strong></span> <span class='ocrx_word' id='word_1_245' title='bbox 3251 1808 3269 1841; x_wconf 78' lang='grc' dir='ltr'><strong>ι</strong></span> <span class='ocrx_word' id='word_1_246' title='bbox 3304 1786 3440 1846; x_wconf 87' lang='lat' dir='ltr'><strong>Cum</strong></span> 
     </span>
    </p>
   </div>
   <div class='ocr_carea' id='block_1_34' title="bbox 177 1878 1739 1955">
    <p class='ocr_par' dir='ltr' id='par_1_34' title="bbox 177 1878 1739 1955">
     <span class='ocr_line' id='line_1_34' title="bbox 177 1878 1739 1955; baseline -0.013 -4"><span class='ocrx_word' id='word_1_247' title='bbox 177 1895 467 1951; x_wconf 84' lang='lat' dir='ltr'><strong>duobusaut</strong></span> <span class='ocrx_word' id='word_1_248' title='bbox 481 1892 660 1946; x_wconf 89' lang='lat' dir='ltr'><strong>tribus</strong></span> <span class='ocrx_word' id='word_1_249' title='bbox 681 1890 912 1953; x_wconf 73' lang='lat' dir='ltr'><strong>clericis,</strong></span> <span class='ocrx_word' id='word_1_250' title='bbox 929 1898 1111 1950; x_wconf 89' lang='lat' dir='ltr'><strong>noctu,</strong></span> <span class='ocrx_word' id='word_1_251' title='bbox 1136 1882 1413 1955; x_wconf 66' lang='lat' dir='ltr'><strong>psallendo</strong></span> <span class='ocrx_word' id='word_1_252' title='bbox 1439 1889 1493 1935; x_wconf 90' lang='lat' dir='ltr'><strong>et</strong></span> <span class='ocrx_word' id='word_1_253' title='bbox 1513 1878 1739 1943; x_wconf 86' lang='lat' dir='ltr'><strong>orando,</strong></span> 
     </span>
    </p>
   </div>
   <div class='ocr_carea' id='block_1_35' title="bbox 176 1968 1744 2056">
    <p class='ocr_par' dir='ltr' id='par_1_35' title="bbox 176 1968 1744 2056">
     <span class='ocr_line' id='line_1_35' title="bbox 176 1968 1744 2056; baseline -0.012 -15"><span class='ocrx_word' id='word_1_254' title='bbox 176 2001 398 2056; x_wconf 77' lang='lat' dir='ltr'><strong>pergere.</strong></span> <span class='ocrx_word' id='word_1_255' title='bbox 444 1983 741 2038; x_wconf 89' lang='lat' dir='ltr'><strong>llistoriam</strong></span> <span class='ocrx_word' id='word_1_256' title='bbox 780 1976 1213 2036; x_wconf 87' lang='lat' dir='ltr'><strong>sanctimonialis</strong></span> <span class='ocrx_word' id='word_1_257' title='bbox 1249 1972 1555 2044; x_wconf 80' lang='lat' dir='ltr'><strong>cujusdam,</strong></span> <span class='ocrx_word' id='word_1_258' title='bbox 1599 1968 1744 2024; x_wconf 90' lang='lat' dir='ltr'><strong>beati</strong></span> 
     </span>
    </p>
   </div>
   <div class='ocr_carea' id='block_1_36' title="bbox 178 2061 1741 2142">
    <p class='ocr_par' dir='ltr' id='par_1_36' title="bbox 178 2061 1741 2142">
     <span class='ocr_line' id='line_1_36' title="bbox 178 2061 1741 2142; baseline -0.01 -14"><span class='ocrx_word' id='word_1_259' title='bbox 178 2074 356 2129; x_wconf 77' lang='lat' dir='ltr'><strong>Leonis</strong></span> <span class='ocrx_word' id='word_1_260' title='bbox 385 2075 591 2138; x_wconf 68' lang='lat' dir='ltr'><strong>amita),</strong></span> <span class='ocrx_word' id='word_1_261' title='bbox 619 2072 738 2142; x_wconf 68' lang='lat' dir='ltr'><strong>qua:</strong></span> <span class='ocrx_word' id='word_1_262' title='bbox 764 2071 919 2141; x_wconf 81' lang='lat' dir='ltr'><strong>signo</strong></span> <span class='ocrx_word' id='word_1_263' title='bbox 942 2067 1121 2124; x_wconf 89' lang='lat' dir='ltr'><strong>crucis</strong></span> <span class='ocrx_word' id='word_1_264' title='bbox 1145 2064 1418 2119; x_wconf 87' lang='lat' dir='ltr'><strong>diabolum</strong></span> <span class='ocrx_word' id='word_1_265' title='bbox 1446 2061 1741 2132; x_wconf 64' lang='lat' dir='ltr'><strong>fugaverat,</strong></span> 
     </span>
    </p>
   </div>
   <div class='ocr_carea' id='block_1_37' title="bbox 180 2150 1746 2230">
    <p class='ocr_par' dir='ltr' id='par_1_37' title="bbox 180 2150 1746 2230">
     <span class='ocr_line' id='line_1_37' title="bbox 180 2150 1746 2230; baseline -0.011 -8"><span class='ocrx_word' id='word_1_266' title='bbox 180 2166 327 2222; x_wconf 74' lang='lat' dir='ltr'><strong>refert</strong></span> <span class='ocrx_word' id='word_1_267' title='bbox 351 2166 547 2221; x_wconf 86' lang='lat' dir='ltr'><strong>Petrus</strong></span> <span class='ocrx_word' id='word_1_268' title='bbox 577 2163 820 2219; x_wconf 83' lang='lat' dir='ltr'><strong>Damiani</strong></span> <span class='ocrx_word' id='word_1_269' title='bbox 856 2163 909 2217; x_wconf 95' lang='lat' dir='ltr'><strong>in</strong></span> <span class='ocrx_word' id='word_1_270' title='bbox 952 2158 1213 2230; x_wconf 84' lang='lat' dir='ltr'><strong>opusculo</strong></span> <span class='ocrx_word' id='word_1_271' title='bbox 1253 2156 1344 2222; x_wconf 73' lang='grc'><strong>47,</strong></span> <span class='ocrx_word' id='word_1_272' title='bbox 1386 2169 1508 2225; x_wconf 88' lang='lat' dir='ltr'><strong>cap.</strong></span> <span class='ocrx_word' id='word_1_273' title='bbox 1538 2150 1573 2207; x_wconf 75' lang='grc' dir='ltr'>ὅ</span> <span class='ocrx_word' id='word_1_274' title='bbox 1608 2160 1663 2208; x_wconf 90' lang='lat' dir='ltr'><strong>et</strong></span> <span class='ocrx_word' id='word_1_275' title='bbox 1690 2150 1746 2217; x_wconf 64' lang='grc' dir='ltr'><strong>Δ,</strong></span> 
     </span>
    </p>
   </div>
   <div class='ocr_carea' id='block_1_38' title="bbox 180 2242 1751 2328">
    <p class='ocr_par' dir='ltr' id='par_1_38' title="bbox 180 2242 1751 2328">
     <span class='ocr_line' id='line_1_38' title="bbox 180 2242 1751 2328; baseline -0.01 -18"><span class='ocrx_word' id='word_1_276' title='bbox 180 2273 322 2328; x_wconf 77' lang='lat' dir='ltr'><strong>quam</strong></span> <span class='ocrx_word' id='word_1_277' title='bbox 350 2273 412 2311; x_wconf 71' lang='lat' dir='ltr'><strong>ex.</strong></span> <span class='ocrx_word' id='word_1_278' title='bbox 436 2272 531 2310; x_wconf 79' lang='lat' dir='ltr'><strong>ore</strong></span> <span class='ocrx_word' id='word_1_279' title='bbox 561 2254 699 2309; x_wconf 80' lang='lat' dir='ltr'><strong>beati</strong></span> <span class='ocrx_word' id='word_1_280' title='bbox 723 2252 909 2308; x_wconf 78' lang='lat' dir='ltr'><strong>Leonis</strong></span> <span class='ocrx_word' id='word_1_281' title='bbox 942 2249 1021 2304; x_wconf 79' lang='lat' dir='ltr'><strong>IX</strong></span> <span class='ocrx_word' id='word_1_282' title='bbox 1056 2265 1207 2320; x_wconf 79' lang='lat' dir='ltr'><strong>papa:</strong></span> <span class='ocrx_word' id='word_1_283' title='bbox 1237 2248 1305 2301; x_wconf 89' lang='lat' dir='ltr'><strong>ab</strong></span> <span class='ocrx_word' id='word_1_284' title='bbox 1336 2242 1632 2300; x_wconf 80' lang='lat' dir='ltr'><strong>Adbelaide</strong></span> <span class='ocrx_word' id='word_1_285' title='bbox 1659 2257 1751 2297; x_wconf 88' lang='lat' dir='ltr'><strong>au-</strong></span> 
     </span>
    </p>
   </div>
   <div class='ocr_carea' id='block_1_39' title="bbox 183 2334 1595 2420">
    <p class='ocr_par' dir='ltr' id='par_1_39' title="bbox 183 2334 1595 2420">
     <span class='ocr_line' id='line_1_39' title="bbox 183 2334 1595 2420; baseline -0.012 -16"><span class='ocrx_word' id='word_1_286' title='bbox 183 2357 317 2420; x_wconf 74' lang='lat' dir='ltr'><strong>gusta</strong></span> <span class='ocrx_word' id='word_1_287' title='bbox 344 2347 583 2403; x_wconf 86' lang='lat' dir='ltr'><strong>auditam</strong></span> <span class='ocrx_word' id='word_1_288' title='bbox 617 2344 786 2400; x_wconf 88' lang='lat' dir='ltr'><strong>fuisse</strong></span> <span class='ocrx_word' id='word_1_289' title='bbox 818 2349 1068 2398; x_wconf 77' lang='lat' dir='ltr'><strong>testatur.</strong></span> <span class='ocrx_word' id='word_1_290' title='bbox 1101 2338 1207 2394; x_wconf 88' lang='lat' dir='ltr'><strong>Sed</strong></span> <span class='ocrx_word' id='word_1_291' title='bbox 1233 2337 1301 2392; x_wconf 87' lang='lat' dir='ltr'><strong>de</strong></span> <span class='ocrx_word' id='word_1_292' title='bbox 1329 2336 1415 2391; x_wconf 88' lang='lat' dir='ltr'><strong>bis</strong></span> <span class='ocrx_word' id='word_1_293' title='bbox 1441 2334 1595 2390; x_wconf 90' lang='lat' dir='ltr'><strong>satis.</strong></span> 
     </span>
    </p>
   </div>
   <div class='ocr_carea' id='block_1_40' title="bbox 241 2446 1756 2521">
    <p class='ocr_par' dir='ltr' id='par_1_40' title="bbox 241 2446 1756 2521">
     <span class='ocr_line' id='line_1_40' title="bbox 241 2446 1756 2521; baseline -0.008 -9"><span class='ocrx_word' id='word_1_294' title='bbox 241 2458 292 2512; x_wconf 75' lang='grc'><strong>4.</strong></span> <span class='ocrx_word' id='word_1_295' title='bbox 329 2457 588 2513; x_wconf 87' lang='lat' dir='ltr'><strong>Dubitaut</strong></span> <span class='ocrx_word' id='word_1_296' title='bbox 616 2453 860 2509; x_wconf 89' lang='lat' dir='ltr'><strong>nonnulli</strong></span> <span class='ocrx_word' id='word_1_297' title='bbox 889 2470 957 2509; x_wconf 89' lang='lat' dir='ltr'><strong>an</strong></span> <span class='ocrx_word' id='word_1_298' title='bbox 992 2467 1226 2521; x_wconf 87' lang='lat' dir='ltr'><strong>unquam</strong></span> <span class='ocrx_word' id='word_1_299' title='bbox 1266 2450 1457 2505; x_wconf 87' lang='lat' dir='ltr'><strong>beatus</strong></span> <span class='ocrx_word' id='word_1_300' title='bbox 1494 2446 1601 2502; x_wconf 87' lang='lat' dir='ltr'><strong>Leo</strong></span> <span class='ocrx_word' id='word_1_301' title='bbox 1628 2460 1756 2519; x_wconf 86' lang='lat' dir='ltr'><strong>pro-</strong></span> 
     </span>
    </p>
   </div>
   <div class='ocr_carea' id='block_1_41' title="bbox 185 2537 1753 2608">
    <p class='ocr_par' dir='ltr' id='par_1_41' title="bbox 185 2537 1753 2608">
     <span class='ocr_line' id='line_1_41' title="bbox 185 2537 1753 2608; baseline -0.011 0"><span class='ocrx_word' id='word_1_302' title='bbox 185 2553 452 2608; x_wconf 81' lang='lat' dir='ltr'><strong>fessionem</strong></span> <span class='ocrx_word' id='word_1_303' title='bbox 508 2548 868 2605; x_wconf 85' lang='lat' dir='ltr'><strong>monasticam</strong></span> <span class='ocrx_word' id='word_1_304' title='bbox 898 2545 1143 2602; x_wconf 83' lang='lat' dir='ltr'><strong>emiserit</strong></span> <span class='ocrx_word' id='word_1_305' title='bbox 1172 2562 1184 2598; x_wconf 91' lang='lat'>:</span> <span class='ocrx_word' id='word_1_306' title='bbox 1220 2554 1369 2598; x_wconf 87' lang='lat' dir='ltr'><strong>certe</strong></span> <span class='ocrx_word' id='word_1_307' title='bbox 1406 2542 1550 2596; x_wconf 89' lang='lat' dir='ltr'><strong>hunc</strong></span> <span class='ocrx_word' id='word_1_308' title='bbox 1576 2537 1753 2594; x_wconf 89' lang='lat' dir='ltr'><strong>ordini</strong></span> 
     </span>
    </p>
   </div>
   <div class='ocr_carea' id='block_1_42' title="bbox 186 2630 1752 2717">
    <p class='ocr_par' dir='ltr' id='par_1_42' title="bbox 186 2630 1752 2717">
     <span class='ocr_line' id='line_1_42' title="bbox 186 2630 1752 2717; baseline -0.01 -18"><span class='ocrx_word' id='word_1_309' title='bbox 186 2643 662 2717; x_wconf 86' lang='lat' dir='ltr'><strong>nostroascribunt</strong></span> <span class='ocrx_word' id='word_1_310' title='bbox 691 2648 886 2711; x_wconf 61' lang='lat' dir='ltr'><strong>praeter</strong></span> <span class='ocrx_word' id='word_1_311' title='bbox 910 2636 1293 2693; x_wconf 74' lang='lat' dir='ltr'><strong>Benedictinos</strong></span> <span class='ocrx_word' id='word_1_312' title='bbox 1315 2634 1609 2704; x_wconf 89' lang='lat' dir='ltr'><strong>scriptores</strong></span> <span class='ocrx_word' id='word_1_313' title='bbox 1638 2630 1752 2700; x_wconf 82' lang='lat' dir='ltr'><strong>ple-</strong></span> 
     </span>
    </p>
   </div>
   <div class='ocr_carea' id='block_1_43' title="bbox 188 2724 1754 2805">
    <p class='ocr_par' dir='ltr' id='par_1_43' title="bbox 188 2724 1754 2805">
     <span class='ocr_line' id='line_1_43' title="bbox 188 2724 1754 2805; baseline -0.006 -15"><span class='ocrx_word' id='word_1_314' title='bbox 188 2737 324 2805; x_wconf 81' lang='lat' dir='ltr'><strong>rique</strong></span> <span class='ocrx_word' id='word_1_315' title='bbox 350 2738 517 2791; x_wconf 87' lang='lat' dir='ltr'><strong>etiam</strong></span> <span class='ocrx_word' id='word_1_316' title='bbox 538 2733 738 2799; x_wconf 77' lang='lat' dir='ltr'><strong>exteri;</strong></span> <span class='ocrx_word' id='word_1_317' title='bbox 770 2732 821 2786; x_wconf 89' lang='lat' dir='ltr'><strong>id</strong></span> <span class='ocrx_word' id='word_1_318' title='bbox 849 2732 1021 2801; x_wconf 86' lang='lat' dir='ltr'><strong>ipsum</strong></span> <span class='ocrx_word' id='word_1_319' title='bbox 1052 2730 1253 2785; x_wconf 85' lang='lat' dir='ltr'><strong>diserte</strong></span> <span class='ocrx_word' id='word_1_320' title='bbox 1280 2726 1512 2782; x_wconf 82' lang='lat' dir='ltr'><strong>allirmat</strong></span> <span class='ocrx_word' id='word_1_321' title='bbox 1535 2724 1754 2780; x_wconf 82' lang='lat' dir='ltr'><strong>Tritlie-</strong></span> 
     </span>
    </p>
   </div>
   <div class='ocr_carea' id='block_1_44' title="bbox 189 2815 1758 2893">
    <p class='ocr_par' dir='ltr' id='par_1_44' title="bbox 189 2815 1758 2893">
     <span class='ocr_line' id='line_1_44' title="bbox 189 2815 1758 2893; baseline -0.006 -12"><span class='ocrx_word' id='word_1_322' title='bbox 189 2827 314 2882; x_wconf 85' lang='lat' dir='ltr'><strong>mins</strong></span> <span class='ocrx_word' id='word_1_323' title='bbox 350 2826 403 2881; x_wconf 83' lang='lat' dir='ltr'><strong>in</strong></span> <span class='ocrx_word' id='word_1_324' title='bbox 430 2825 708 2881; x_wconf 82' lang='lat' dir='ltr'><strong>Chronico</strong></span> <span class='ocrx_word' id='word_1_325' title='bbox 736 2821 1104 2893; x_wconf 80' lang='lat' dir='ltr'><strong>Hirsaugieusi</strong></span> <span class='ocrx_word' id='word_1_326' title='bbox 1149 2821 1217 2875; x_wconf 88' lang='lat' dir='ltr'><strong>ad</strong></span> <span class='ocrx_word' id='word_1_327' title='bbox 1246 2834 1446 2875; x_wconf 88' lang='lat' dir='ltr'><strong>annum</strong></span> <span class='ocrx_word' id='word_1_328' title='bbox 1478 2817 1636 2882; x_wconf 66' lang='lat'><strong>1048,</strong></span> <span class='ocrx_word' id='word_1_329' title='bbox 1667 2815 1758 2871; x_wconf 79' lang='lat' dir='ltr'><strong>ubi</strong></span> 
     </span>
    </p>
   </div>
   <div class='ocr_carea' id='block_1_45' title="bbox 190 2908 1760 2987">
    <p class='ocr_par' dir='ltr' id='par_1_45' title="bbox 190 2908 1760 2987">
     <span class='ocr_line' id='line_1_45' title="bbox 190 2908 1760 2987; baseline -0.008 -12"><span class='ocrx_word' id='word_1_330' title='bbox 190 2921 259 2975; x_wconf 87' lang='lat' dir='ltr'><strong>sic</strong></span> <span class='ocrx_word' id='word_1_331' title='bbox 284 2919 478 2974; x_wconf 88' lang='lat' dir='ltr'><strong>habet:</strong></span> <span class='ocrx_word' id='word_1_332' title='bbox 516 2938 533 2970; x_wconf 75' lang='grc' dir='ltr'><strong>ι</strong></span> <span class='ocrx_word' id='word_1_333' title='bbox 566 2919 751 2973; x_wconf 78' lang='lat' dir='ltr'><strong>Brimo</strong></span> <span class='ocrx_word' id='word_1_334' title='bbox 780 2917 1066 2987; x_wconf 90' lang='lat' dir='ltr'><strong>episcopus</strong></span> <span class='ocrx_word' id='word_1_335' title='bbox 1096 2911 1434 2968; x_wconf 84' lang='lat' dir='ltr'><strong>Tullensis...</strong></span> <span class='ocrx_word' id='word_1_336' title='bbox 1470 2918 1590 2966; x_wconf 85' lang='lat' dir='ltr'><strong>erat</strong></span> <span class='ocrx_word' id='word_1_337' title='bbox 1618 2908 1760 2963; x_wconf 82' lang='lat' dir='ltr'><strong>filius</strong></span> 
     </span>
    </p>
   </div>
   <div class='ocr_carea' id='block_1_46' title="bbox 191 2999 1756 3079">
    <p class='ocr_par' dir='ltr' id='par_1_46' title="bbox 191 2999 1756 3079">
     <span class='ocr_line' id='line_1_46' title="bbox 191 2999 1756 3079; baseline -0.008 -14"><span class='ocrx_word' id='word_1_338' title='bbox 191 3011 386 3065; x_wconf 86' lang='lat' dir='ltr'><strong>comitis</strong></span> <span class='ocrx_word' id='word_1_339' title='bbox 430 3011 498 3065; x_wconf 87' lang='lat' dir='ltr'><strong>de</strong></span> <span class='ocrx_word' id='word_1_340' title='bbox 536 3010 804 3079; x_wconf 79' lang='lat' dir='ltr'><strong>Elingem,</strong></span> <span class='ocrx_word' id='word_1_341' title='bbox 841 3017 896 3063; x_wconf 88' lang='lat' dir='ltr'><strong>et</strong></span> <span class='ocrx_word' id='word_1_342' title='bbox 939 3005 1235 3064; x_wconf 88' lang='lat' dir='ltr'><strong>monachus</strong></span> <span class='ocrx_word' id='word_1_343' title='bbox 1263 3002 1470 3059; x_wconf 89' lang='lat' dir='ltr'><strong>ordinis</strong></span> <span class='ocrx_word' id='word_1_344' title='bbox 1506 2999 1697 3056; x_wconf 89' lang='lat' dir='ltr'><strong>nostri.</strong></span> <span class='ocrx_word' id='word_1_345' title='bbox 1736 3016 1756 3051; x_wconf 81' lang='grc' dir='ltr'><strong>ι</strong></span> 
     </span>
    </p>
   </div>
   <div class='ocr_carea' id='block_1_47' title="bbox 191 3093 1763 3169">
    <p class='ocr_par' dir='ltr' id='par_1_47' title="bbox 191 3093 1763 3169">
     <span class='ocr_line' id='line_1_47' title="bbox 191 3093 1763 3169; baseline -0.006 -16"><span class='ocrx_word' id='word_1_346' title='bbox 191 3099 512 3155; x_wconf 83' lang='lat' dir='ltr'><strong>Bollandiani</strong></span> <span class='ocrx_word' id='word_1_347' title='bbox 560 3109 760 3163; x_wconf 85' lang='lat' dir='ltr'><strong>tamen,</strong></span> <span class='ocrx_word' id='word_1_348' title='bbox 804 3098 894 3169; x_wconf 90' lang='lat' dir='ltr'><strong>qui</strong></span> <span class='ocrx_word' id='word_1_349' title='bbox 924 3114 983 3154; x_wconf 88' lang='lat' dir='ltr'><strong>se</strong></span> <span class='ocrx_word' id='word_1_350' title='bbox 1028 3107 1219 3167; x_wconf 87' lang='lat' dir='ltr'><strong>optare</strong></span> <span class='ocrx_word' id='word_1_351' title='bbox 1244 3096 1394 3150; x_wconf 90' lang='lat' dir='ltr'><strong>aiunt</strong></span> <span class='ocrx_word' id='word_1_352' title='bbox 1425 3094 1479 3149; x_wconf 87' lang='lat' dir='ltr'><strong>in</strong></span> <span class='ocrx_word' id='word_1_353' title='bbox 1508 3093 1763 3149; x_wconf 86' lang='lat' dir='ltr'><strong>observa-</strong></span> 
     </span>
    </p>
   </div>
   <div class='ocr_carea' id='block_1_48' title="bbox 198 3170 1835 3263">
    <p class='ocr_par' dir='ltr' id='par_1_48' title="bbox 198 3170 1835 3263">
     <span class='ocr_line' id='line_1_48' title="bbox 198 3170 1835 3263; baseline -0.005 -17"><span class='ocrx_word' id='word_1_354' title='bbox 198 3192 325 3248; x_wconf 87' lang='lat' dir='ltr'><strong>tione</strong></span> <span class='ocrx_word' id='word_1_355' title='bbox 351 3192 554 3263; x_wconf 72' lang='lat' dir='ltr'><strong>praavia</strong></span> <span class='ocrx_word' id='word_1_356' title='bbox 596 3199 648 3245; x_wconf 91' lang='lat' dir='ltr'><strong>ul</strong></span> <span class='ocrx_word' id='word_1_357' title='bbox 687 3198 868 3245; x_wconf 86' lang='lat' dir='ltr'><strong>tantus</strong></span> <span class='ocrx_word' id='word_1_358' title='bbox 904 3186 1145 3261; x_wconf 80' lang='lat' dir='ltr'><strong>pontifex</strong></span> <span class='ocrx_word' id='word_1_359' title='bbox 1178 3190 1319 3244; x_wconf 88' lang='lat' dir='ltr'><strong>inter</strong></span> <span class='ocrx_word' id='word_1_360' title='bbox 1355 3186 1563 3245; x_wconf 86' lang='lat' dir='ltr'><strong>ordinis</strong></span> <span class='ocrx_word' id='word_1_361' title='bbox 1590 3183 1760 3239; x_wconf 86' lang='lat' dir='ltr'><strong>Bene-</strong></span> <span class='ocrx_word' id='word_1_362' title='bbox 1789 3170 1835 3231; x_wconf 66' lang='grc' dir='ltr'><strong>(ἶ</strong></span> 
     </span>
    </p>
   </div>
   <div class='ocr_carea' id='block_1_49' title="bbox 198 3272 1764 3352">
    <p class='ocr_par' dir='ltr' id='par_1_49' title="bbox 198 3272 1764 3352">
     <span class='ocr_line' id='line_1_49' title="bbox 198 3272 1764 3352; baseline -0.006 -13"><span class='ocrx_word' id='word_1_363' title='bbox 198 3284 365 3340; x_wconf 85' lang='lat' dir='ltr'><strong>dictlui</strong></span> <span class='ocrx_word' id='word_1_364' title='bbox 397 3284 653 3338; x_wconf 85' lang='lat' dir='ltr'><strong>alumnos</strong></span> <span class='ocrx_word' id='word_1_365' title='bbox 689 3282 956 3336; x_wconf 85' lang='lat' dir='ltr'><strong>recenseri</strong></span> <span class='ocrx_word' id='word_1_366' title='bbox 986 3281 1179 3352; x_wconf 88' lang='lat' dir='ltr'><strong>possit,</strong></span> <span class='ocrx_word' id='word_1_367' title='bbox 1215 3289 1397 3350; x_wconf 89' lang='lat' dir='ltr'><strong>postea</strong></span> <span class='ocrx_word' id='word_1_368' title='bbox 1429 3281 1480 3333; x_wconf 90' lang='lat' dir='ltr'><strong>in</strong></span> <span class='ocrx_word' id='word_1_369' title='bbox 1526 3276 1669 3331; x_wconf 94' lang='lat' dir='ltr'><strong>notis</strong></span> <span class='ocrx_word' id='word_1_370' title='bbox 1697 3272 1764 3329; x_wconf 90' lang='lat' dir='ltr'><strong>ad</strong></span> 
     </span>
    </p>
   </div>
   <div class='ocr_carea' id='block_1_50' title="bbox 197 3367 1769 3445">
    <p class='ocr_par' dir='ltr' id='par_1_50' title="bbox 197 3367 1769 3445">
     <span class='ocr_line' id='line_1_50' title="bbox 197 3367 1769 3445; baseline -0.004 -16"><span class='ocrx_word' id='word_1_371' title='bbox 197 3385 342 3445; x_wconf 84' lang='lat' dir='ltr'><strong>caput</strong></span> <span class='ocrx_word' id='word_1_372' title='bbox 371 3374 404 3430; x_wconf 85' lang='lat'><strong>5</strong></span> <span class='ocrx_word' id='word_1_373' title='bbox 434 3375 578 3432; x_wconf 66' lang='lat' dir='ltr'><strong>Vitre</strong></span> <span class='ocrx_word' id='word_1_374' title='bbox 618 3388 717 3443; x_wconf 84' lang='lat' dir='ltr'><strong>per</strong></span> <span class='ocrx_word' id='word_1_375' title='bbox 742 3371 1045 3437; x_wconf 86' lang='lat' dir='ltr'><strong>Wibertum</strong></span> <span class='ocrx_word' id='word_1_376' title='bbox 1087 3372 1332 3442; x_wconf 62' lang='lat' dir='ltr'><strong>scriptio,</strong></span> <span class='ocrx_word' id='word_1_377' title='bbox 1378 3369 1564 3425; x_wconf 90' lang='lat' dir='ltr'><strong>dicunt</strong></span> <span class='ocrx_word' id='word_1_378' title='bbox 1597 3367 1769 3423; x_wconf 88' lang='lat' dir='ltr'><strong>videri</strong></span> 
     </span>
    </p>
   </div>
   <div class='ocr_carea' id='block_1_51' title="bbox 200 3459 1767 3533">
    <p class='ocr_par' dir='ltr' id='par_1_51' title="bbox 200 3459 1767 3533">
     <span class='ocr_line' id='line_1_51' title="bbox 200 3459 1767 3533; baseline -0.006 -11"><span class='ocrx_word' id='word_1_379' title='bbox 200 3468 290 3523; x_wconf 89' lang='lat' dir='ltr'><strong>sibi</strong></span> <span class='ocrx_word' id='word_1_380' title='bbox 318 3483 383 3524; x_wconf 83' lang='lat' dir='ltr'><strong>ex</strong></span> <span class='ocrx_word' id='word_1_381' title='bbox 420 3468 658 3523; x_wconf 83' lang='lat' dir='ltr'><strong>Wiberti</strong></span> <span class='ocrx_word' id='word_1_382' title='bbox 705 3465 887 3522; x_wconf 80' lang='lat' dir='ltr'><strong>verbis</strong></span> <span class='ocrx_word' id='word_1_383' title='bbox 931 3465 1107 3533; x_wconf 75' lang='lat' dir='ltr'><strong>colligi</strong></span> <span class='ocrx_word' id='word_1_384' title='bbox 1139 3464 1294 3519; x_wconf 86' lang='lat' dir='ltr'><strong>facile</strong></span> <span class='ocrx_word' id='word_1_385' title='bbox 1338 3476 1497 3533; x_wconf 87' lang='lat' dir='ltr'><strong>posse</strong></span> <span class='ocrx_word' id='word_1_386' title='bbox 1532 3459 1767 3515; x_wconf 87' lang='lat' dir='ltr'><strong>Leonem</strong></span> 
     </span>
    </p>
   </div>
   <div class='ocr_carea' id='block_1_52' title="bbox 203 3549 1772 3628">
    <p class='ocr_par' dir='ltr' id='par_1_52' title="bbox 203 3549 1772 3628">
     <span class='ocr_line' id='line_1_52' title="bbox 203 3549 1772 3628; baseline -0.006 -13"><span class='ocrx_word' id='word_1_387' title='bbox 203 3558 551 3615; x_wconf 79' lang='lat' dir='ltr'><strong>Benedictinis</strong></span> <span class='ocrx_word' id='word_1_388' title='bbox 580 3571 925 3628; x_wconf 86' lang='lat' dir='ltr'><strong>nequaquam</strong></span> <span class='ocrx_word' id='word_1_389' title='bbox 960 3570 1081 3611; x_wconf 90' lang='lat' dir='ltr'><strong>esse</strong></span> <span class='ocrx_word' id='word_1_390' title='bbox 1115 3554 1512 3618; x_wconf 88' lang='lat' dir='ltr'><strong>ascribendum,</strong></span> <span class='ocrx_word' id='word_1_391' title='bbox 1540 3565 1664 3606; x_wconf 89' lang='lat' dir='ltr'><strong>cum</strong></span> <span class='ocrx_word' id='word_1_392' title='bbox 1691 3549 1772 3606; x_wconf 90' lang='lat' dir='ltr'><strong>sic</strong></span> 
     </span>
    </p>
   </div>
   <div class='ocr_carea' id='block_1_53' title="bbox 205 3642 1775 3718">
    <p class='ocr_par' dir='ltr' id='par_1_53' title="bbox 205 3642 1775 3718">
     <span class='ocr_line' id='line_1_53' title="bbox 205 3642 1775 3718; baseline -0.006 -15"><span class='ocrx_word' id='word_1_393' title='bbox 205 3647 475 3718; x_wconf 83' lang='lat' dir='ltr'><strong>loquatur:</strong></span> <span class='ocrx_word' id='word_1_394' title='bbox 520 3669 538 3701; x_wconf 77' lang='grc' dir='ltr'><strong>ι</strong></span> <span class='ocrx_word' id='word_1_395' title='bbox 573 3648 745 3703; x_wconf 86' lang='lat' dir='ltr'><strong>Porro</strong></span> <span class='ocrx_word' id='word_1_396' title='bbox 791 3644 1073 3717; x_wconf 88' lang='lat' dir='ltr'><strong>sequentia</strong></span> <span class='ocrx_word' id='word_1_397' title='bbox 1119 3643 1310 3698; x_wconf 88' lang='lat' dir='ltr'><strong>lecturi</strong></span> <span class='ocrx_word' id='word_1_398' title='bbox 1354 3642 1601 3697; x_wconf 87' lang='lat' dir='ltr'><strong>desinent</strong></span> <span class='ocrx_word' id='word_1_399' title='bbox 1649 3655 1775 3710; x_wconf 90' lang='lat' dir='ltr'><strong>pro-</strong></span> 
     </span>
    </p>
   </div>
   <div class='ocr_carea' id='block_1_54' title="bbox 208 3731 1772 3808">
    <p class='ocr_par' dir='ltr' id='par_1_54' title="bbox 208 3731 1772 3808">
     <span class='ocr_line' id='line_1_54' title="bbox 208 3731 1772 3808; baseline -0.005 -17"><span class='ocrx_word' id='word_1_400' title='bbox 208 3736 333 3794; x_wconf 85' lang='lat' dir='ltr'><strong>fecto</strong></span> <span class='ocrx_word' id='word_1_401' title='bbox 359 3740 549 3794; x_wconf 87' lang='lat' dir='ltr'><strong>mirari</strong></span> <span class='ocrx_word' id='word_1_402' title='bbox 597 3739 742 3794; x_wconf 87' lang='lat' dir='ltr'><strong>hunc</strong></span> <span class='ocrx_word' id='word_1_403' title='bbox 772 3737 952 3808; x_wconf 88' lang='lat' dir='ltr'><strong>potius</strong></span> <span class='ocrx_word' id='word_1_404' title='bbox 997 3750 1093 3805; x_wconf 88' lang='lat' dir='ltr'><strong>per</strong></span> <span class='ocrx_word' id='word_1_405' title='bbox 1136 3742 1384 3790; x_wconf 86' lang='lat' dir='ltr'><strong>sanctum</strong></span> <span class='ocrx_word' id='word_1_406' title='bbox 1421 3731 1772 3786; x_wconf 85' lang='lat' dir='ltr'><strong>Benedictum</strong></span> 
     </span>
    </p>
   </div>
   <div class='ocr_carea' id='block_1_55' title="bbox 209 3822 1775 3901">
    <p class='ocr_par' dir='ltr' id='par_1_55' title="bbox 209 3822 1775 3901">
     <span class='ocr_line' id='line_1_55' title="bbox 209 3822 1775 3901; baseline -0.004 -23"><span class='ocrx_word' id='word_1_407' title='bbox 209 3845 352 3898; x_wconf 87' lang='lat' dir='ltr'><strong>quam</strong></span> <span class='ocrx_word' id='word_1_408' title='bbox 388 3847 485 3901; x_wconf 87' lang='lat' dir='ltr'><strong>per</strong></span> <span class='ocrx_word' id='word_1_409' title='bbox 516 3830 680 3885; x_wconf 86' lang='lat' dir='ltr'><strong>alium</strong></span> <span class='ocrx_word' id='word_1_410' title='bbox 707 3827 1003 3899; x_wconf 87' lang='lat' dir='ltr'><strong>quemlibet</strong></span> <span class='ocrx_word' id='word_1_411' title='bbox 1029 3833 1364 3888; x_wconf 87' lang='lat' dir='ltr'><strong>sanctorum,</strong></span> <span class='ocrx_word' id='word_1_412' title='bbox 1394 3822 1655 3892; x_wconf 76' lang='lat' dir='ltr'><strong>sospitate</strong></span> <span class='ocrx_word' id='word_1_413' title='bbox 1687 3833 1775 3873; x_wconf 88' lang='lat' dir='ltr'><strong>re-</strong></span> 
     </span>
    </p>
   </div>
   <div class='ocr_carea' id='block_1_56' title="bbox 210 3909 1780 3987">
    <p class='ocr_par' dir='ltr' id='par_1_56' title="bbox 210 3909 1780 3987">
     <span class='ocr_line' id='line_1_56' title="bbox 210 3909 1780 3987; baseline -0.006 -15"><span class='ocrx_word' id='word_1_414' title='bbox 210 3920 468 3987; x_wconf 86' lang='lat' dir='ltr'><strong>stitutum,</strong></span> <span class='ocrx_word' id='word_1_415' title='bbox 521 3920 613 3975; x_wconf 86' lang='lat' dir='ltr'><strong>ubi</strong></span> <span class='ocrx_word' id='word_1_416' title='bbox 660 3917 911 3974; x_wconf 76' lang='lat' dir='ltr'><strong>volvente</strong></span> <span class='ocrx_word' id='word_1_417' title='bbox 957 3913 1229 3971; x_wconf 87' lang='lat' dir='ltr'><strong>sermonis</strong></span> <span class='ocrx_word' id='word_1_418' title='bbox 1276 3922 1392 3967; x_wconf 85' lang='lat' dir='ltr'><strong>rota</strong></span> <span class='ocrx_word' id='word_1_419' title='bbox 1443 3909 1780 3982; x_wconf 86' lang='lat' dir='ltr'><strong>perpendere</strong></span> 
     </span>
    </p>
   </div>
   <div class='ocr_carea' id='block_1_57' title="bbox 213 4002 1776 4079">
    <p class='ocr_par' dir='ltr' id='par_1_57' title="bbox 213 4002 1776 4079">
     <span class='ocr_line' id='line_1_57' title="bbox 213 4002 1776 4079; baseline -0.009 -15"><span class='ocrx_word' id='word_1_420' title='bbox 213 4019 444 4079; x_wconf 89' lang='lat' dir='ltr'><strong>poterunt</strong></span> <span class='ocrx_word' id='word_1_421' title='bbox 478 4024 550 4064; x_wconf 88' lang='lat' dir='ltr'><strong>ex</strong></span> <span class='ocrx_word' id='word_1_422' title='bbox 579 4008 767 4079; x_wconf 88' lang='lat' dir='ltr'><strong>paucis</strong></span> <span class='ocrx_word' id='word_1_423' title='bbox 792 4014 997 4077; x_wconf 87' lang='lat' dir='ltr'><strong>quanto</strong></span> <span class='ocrx_word' id='word_1_424' title='bbox 1022 4003 1138 4060; x_wconf 80' lang='lat' dir='ltr'><strong>zelo</strong></span> <span class='ocrx_word' id='word_1_425' title='bbox 1170 4004 1244 4075; x_wconf 88' lang='lat' dir='ltr'><strong>pii</strong></span> <span class='ocrx_word' id='word_1_426' title='bbox 1270 4002 1471 4056; x_wconf 89' lang='lat' dir='ltr'><strong>amoris</strong></span> <span class='ocrx_word' id='word_1_427' title='bbox 1500 4014 1628 4070; x_wconf 77' lang='lat' dir='ltr'><strong>erga</strong></span> <span class='ocrx_word' id='word_1_428' title='bbox 1660 4010 1776 4051; x_wconf 83' lang='lat' dir='ltr'><strong>mo-</strong></span> 
     </span>
    </p>
   </div>
   <div class='ocr_carea' id='block_1_58' title="bbox 214 4090 1782 4161">
    <p class='ocr_par' dir='ltr' id='par_1_58' title="bbox 214 4090 1782 4161">
     <span class='ocr_line' id='line_1_58' title="bbox 214 4090 1782 4161; baseline -0.006 -8"><span class='ocrx_word' id='word_1_429' title='bbox 214 4100 494 4156; x_wconf 78' lang='lat' dir='ltr'><strong>meliorum</strong></span> <span class='ocrx_word' id='word_1_430' title='bbox 541 4099 939 4155; x_wconf 82' lang='lat' dir='ltr'><strong>institutionem</strong></span> <span class='ocrx_word' id='word_1_431' title='bbox 980 4104 1037 4153; x_wconf 87' lang='lat' dir='ltr'><strong>et</strong></span> <span class='ocrx_word' id='word_1_432' title='bbox 1081 4094 1474 4153; x_wconf 87' lang='lat' dir='ltr'><strong>correctionem</strong></span> <span class='ocrx_word' id='word_1_433' title='bbox 1522 4090 1782 4161; x_wconf 74' lang='lat' dir='ltr'><strong>flagrave-</strong></span> 
     </span>
    </p>
   </div>
   <div class='ocr_carea' id='block_1_59' title="bbox 217 4182 1780 4253">
    <p class='ocr_par' dir='ltr' id='par_1_59' title="bbox 217 4182 1780 4253">
     <span class='ocr_line' id='line_1_59' title="bbox 217 4182 1780 4253; baseline -0.004 -12"><span class='ocrx_word' id='word_1_434' title='bbox 217 4189 296 4242; x_wconf 91' lang='lat' dir='ltr'><strong>rit.</strong></span> <span class='ocrx_word' id='word_1_435' title='bbox 328 4209 346 4242; x_wconf 75' lang='grc' dir='ltr'><strong>ι</strong></span> <span class='ocrx_word' id='word_1_436' title='bbox 376 4190 576 4245; x_wconf 84' lang='lat' dir='ltr'><strong>Verum</strong></span> <span class='ocrx_word' id='word_1_437' title='bbox 623 4194 739 4244; x_wconf 70' lang='lat' dir='ltr'><strong>haec</strong></span> <span class='ocrx_word' id='word_1_438' title='bbox 767 4188 929 4244; x_wconf 84' lang='lat' dir='ltr'><strong>verba</strong></span> <span class='ocrx_word' id='word_1_439' title='bbox 978 4186 1123 4243; x_wconf 86' lang='lat' dir='ltr'><strong>beati</strong></span> <span class='ocrx_word' id='word_1_440' title='bbox 1153 4186 1254 4241; x_wconf 86' lang='lat' dir='ltr'><strong>viri</strong></span> <span class='ocrx_word' id='word_1_441' title='bbox 1302 4182 1615 4239; x_wconf 66' lang='lat' dir='ltr'><strong>monasticae</strong></span> <span class='ocrx_word' id='word_1_442' title='bbox 1656 4195 1780 4253; x_wconf 58' lang='lat' dir='ltr'><strong>pro.</strong></span> 
     </span>
    </p>
   </div>
   <div class='ocr_carea' id='block_1_60' title="bbox 218 4273 1782 4350">
    <p class='ocr_par' dir='ltr' id='par_1_60' title="bbox 218 4273 1782 4350">
     <span class='ocr_line' id='line_1_60' title="bbox 218 4273 1782 4350; baseline -0.003 -18"><span class='ocrx_word' id='word_1_443' title='bbox 218 4278 419 4336; x_wconf 87' lang='lat' dir='ltr'><strong>fessioui</strong></span> <span class='ocrx_word' id='word_1_444' title='bbox 447 4299 551 4336; x_wconf 88' lang='lat' dir='ltr'><strong>non</strong></span> <span class='ocrx_word' id='word_1_445' title='bbox 577 4282 955 4345; x_wconf 69' lang='lat' dir='ltr'><strong>adversantur,</strong></span> <span class='ocrx_word' id='word_1_446' title='bbox 977 4293 1098 4350; x_wconf 68' lang='lat' dir='ltr'><strong>quae</strong></span> <span class='ocrx_word' id='word_1_447' title='bbox 1117 4277 1324 4348; x_wconf 89' lang='lat' dir='ltr'><strong>optimc</strong></span> <span class='ocrx_word' id='word_1_448' title='bbox 1345 4291 1468 4331; x_wconf 91' lang='lat' dir='ltr'><strong>cum</strong></span> <span class='ocrx_word' id='word_1_449' title='bbox 1495 4273 1587 4329; x_wconf 90' lang='lat' dir='ltr'><strong>illo</strong></span> <span class='ocrx_word' id='word_1_450' title='bbox 1607 4273 1782 4328; x_wconf 88' lang='lat' dir='ltr'><strong>sancti</strong></span> 
     </span>
    </p>
   </div>
   <div class='ocr_carea' id='block_1_61' title="bbox 219 4366 1785 4441">
    <p class='ocr_par' dir='ltr' id='par_1_61' title="bbox 219 4366 1785 4441">
     <span class='ocr_line' id='line_1_61' title="bbox 219 4366 1785 4441; baseline -0.002 -18"><span class='ocrx_word' id='word_1_451' title='bbox 219 4372 471 4441; x_wconf 77' lang='lat' dir='ltr'><strong>pontificis</strong></span> <span class='ocrx_word' id='word_1_452' title='bbox 497 4375 549 4429; x_wconf 89' lang='lat' dir='ltr'><strong>in</strong></span> <span class='ocrx_word' id='word_1_453' title='bbox 579 4389 692 4429; x_wconf 85' lang='lat' dir='ltr'><strong>rem</strong></span> <span class='ocrx_word' id='word_1_454' title='bbox 724 4373 1079 4427; x_wconf 86' lang='lat' dir='ltr'><strong>monasticam</strong></span> <span class='ocrx_word' id='word_1_455' title='bbox 1104 4371 1285 4427; x_wconf 73' lang='lat' dir='ltr'><strong>Studia</strong></span> <span class='ocrx_word' id='word_1_456' title='bbox 1307 4366 1594 4426; x_wconf 86' lang='lat' dir='ltr'><strong>coaluerit.</strong></span> <span class='ocrx_word' id='word_1_457' title='bbox 1620 4366 1785 4422; x_wconf 81' lang='lat' dir='ltr'><strong>Certe</strong></span> 
     </span>
    </p>
   </div>
   <div class='ocr_carea' id='block_1_62' title="bbox 220 4461 1786 4533">
    <p class='ocr_par' dir='ltr' id='par_1_62' title="bbox 220 4461 1786 4533">
     <span class='ocr_line' id='line_1_62' title="bbox 220 4461 1786 4533; baseline 0.001 -17"><span class='ocrx_word' id='word_1_458' title='bbox 220 4472 506 4519; x_wconf 86' lang='lat' dir='ltr'><strong>nostrorum</strong></span> <span class='ocrx_word' id='word_1_459' title='bbox 550 4479 729 4520; x_wconf 63' lang='lat' dir='ltr'><strong>causae</strong></span> <span class='ocrx_word' id='word_1_460' title='bbox 777 4462 957 4517; x_wconf 79' lang='lat' dir='ltr'><strong>favent</strong></span> <span class='ocrx_word' id='word_1_461' title='bbox 1003 4462 1259 4533; x_wconf 89' lang='lat' dir='ltr'><strong>pleraque</strong></span> <span class='ocrx_word' id='word_1_462' title='bbox 1301 4462 1473 4516; x_wconf 90' lang='lat' dir='ltr'><strong>sancti</strong></span> <span class='ocrx_word' id='word_1_463' title='bbox 1514 4461 1786 4532; x_wconf 74' lang='lat' dir='ltr'><strong>pontificis</strong></span> 
     </span>
    </p>
   </div>
   <div class='ocr_carea' id='block_1_63' title="bbox 222 4553 1786 4619">
    <p class='ocr_par' dir='ltr' id='par_1_63' title="bbox 222 4553 1786 4619">
     <span class='ocr_line' id='line_1_63' title="bbox 222 4553 1786 4619; baseline 0.003 -13"><span class='ocrx_word' id='word_1_464' title='bbox 222 4563 375 4619; x_wconf 77' lang='lat' dir='ltr'><strong>gesta.</strong></span> <span class='ocrx_word' id='word_1_465' title='bbox 408 4554 614 4610; x_wconf 83' lang='lat' dir='ltr'><strong>Etenim</strong></span> <span class='ocrx_word' id='word_1_466' title='bbox 646 4555 737 4608; x_wconf 85' lang='lat' dir='ltr'><strong>vix</strong></span> <span class='ocrx_word' id='word_1_467' title='bbox 768 4564 924 4609; x_wconf 77' lang='lat' dir='ltr'><strong>extra</strong></span> <span class='ocrx_word' id='word_1_468' title='bbox 955 4562 1139 4609; x_wconf 90' lang='lat' dir='ltr'><strong>nostra</strong></span> <span class='ocrx_word' id='word_1_469' title='bbox 1176 4553 1505 4609; x_wconf 81' lang='lat' dir='ltr'><strong>tnunasteria</strong></span> <span class='ocrx_word' id='word_1_470' title='bbox 1539 4555 1591 4608; x_wconf 91' lang='lat' dir='ltr'><strong>in</strong></span> <span class='ocrx_word' id='word_1_471' title='bbox 1630 4554 1786 4610; x_wconf 85' lang='lat' dir='ltr'><strong>itine-</strong></span> 
     </span>
    </p>
   </div>
   <div class='ocr_carea' id='block_1_64' title="bbox 224 4645 1785 4718">
    <p class='ocr_par' dir='ltr' id='par_1_64' title="bbox 224 4645 1785 4718">
     <span class='ocr_line' id='line_1_64' title="bbox 224 4645 1785 4718; baseline 0.004 -20"><span class='ocrx_word' id='word_1_472' title='bbox 224 4646 381 4711; x_wconf 89' lang='lat' dir='ltr'><strong>rihus,</strong></span> <span class='ocrx_word' id='word_1_473' title='bbox 405 4663 522 4718; x_wconf 72' lang='lat' dir='ltr'><strong>qua:</strong></span> <span class='ocrx_word' id='word_1_474' title='bbox 544 4660 675 4703; x_wconf 84' lang='lat' dir='ltr'><strong>sane</strong></span> <span class='ocrx_word' id='word_1_475' title='bbox 705 4647 774 4702; x_wconf 88' lang='lat' dir='ltr'><strong>ab</strong></span> <span class='ocrx_word' id='word_1_476' title='bbox 804 4662 869 4701; x_wconf 90' lang='lat' dir='ltr'><strong>eo</strong></span> <span class='ocrx_word' id='word_1_477' title='bbox 896 4646 1210 4717; x_wconf 84' lang='lat' dir='ltr'><strong>frequenter</strong></span> <span class='ocrx_word' id='word_1_478' title='bbox 1237 4645 1379 4700; x_wconf 86' lang='lat' dir='ltr'><strong>facta</strong></span> <span class='ocrx_word' id='word_1_479' title='bbox 1422 4645 1662 4711; x_wconf 87' lang='lat' dir='ltr'><strong>fuerunt,</strong></span> <span class='ocrx_word' id='word_1_480' title='bbox 1687 4646 1785 4703; x_wconf 82' lang='lat' dir='ltr'><strong>bo-</strong></span> 
     </span>
    </p>
   </div>
   <div class='ocr_carea' id='block_1_65' title="bbox 227 4738 1788 4811">
    <p class='ocr_par' dir='ltr' id='par_1_65' title="bbox 227 4738 1788 4811">
     <span class='ocr_line' id='line_1_65' title="bbox 227 4738 1788 4811; baseline 0.003 -22"><span class='ocrx_word' id='word_1_481' title='bbox 227 4738 540 4806; x_wconf 80' lang='lat' dir='ltr'><strong>spitabatur;</strong></span> <span class='ocrx_word' id='word_1_482' title='bbox 568 4749 624 4794; x_wconf 88' lang='lat' dir='ltr'><strong>et</strong></span> <span class='ocrx_word' id='word_1_483' title='bbox 647 4754 773 4794; x_wconf 90' lang='lat' dir='ltr'><strong>cum</strong></span> <span class='ocrx_word' id='word_1_484' title='bbox 803 4741 856 4794; x_wconf 91' lang='lat' dir='ltr'><strong>in</strong></span> <span class='ocrx_word' id='word_1_485' title='bbox 885 4740 1229 4795; x_wconf 90' lang='lat' dir='ltr'><strong>monasteriis</strong></span> <span class='ocrx_word' id='word_1_486' title='bbox 1255 4742 1589 4802; x_wconf 88' lang='lat' dir='ltr'><strong>versabatur,</strong></span> <span class='ocrx_word' id='word_1_487' title='bbox 1617 4741 1788 4811; x_wconf 88' lang='lat' dir='ltr'><strong>potis-</strong></span> 
     </span>
    </p>
   </div>
   <div class='ocr_carea' id='block_1_66' title="bbox 229 4826 1790 4899">
    <p class='ocr_par' dir='ltr' id='par_1_66' title="bbox 229 4826 1790 4899">
     <span class='ocr_line' id='line_1_66' title="bbox 229 4826 1790 4899; baseline 0.003 -20"><span class='ocrx_word' id='word_1_488' title='bbox 229 4826 403 4881; x_wconf 82' lang='lat' dir='ltr'><strong>simum</strong></span> <span class='ocrx_word' id='word_1_489' title='bbox 432 4830 484 4882; x_wconf 91' lang='lat' dir='ltr'><strong>in</strong></span> <span class='ocrx_word' id='word_1_490' title='bbox 512 4829 821 4899; x_wconf 73' lang='lat' dir='ltr'><strong>pnecipuis,</strong></span> <span class='ocrx_word' id='word_1_491' title='bbox 853 4827 1090 4898; x_wconf 88' lang='lat' dir='ltr'><strong>capitulo</strong></span> <span class='ocrx_word' id='word_1_492' title='bbox 1121 4829 1379 4884; x_wconf 88' lang='lat' dir='ltr'><strong>intererat</strong></span> <span class='ocrx_word' id='word_1_493' title='bbox 1419 4839 1474 4885; x_wconf 91' lang='lat' dir='ltr'><strong>et</strong></span> <span class='ocrx_word' id='word_1_494' title='bbox 1504 4828 1790 4884; x_wconf 80' lang='lat' dir='ltr'><strong>refectorio</strong></span> 
     </span>
    </p>
   </div>
   <div class='ocr_carea' id='block_1_67' title="bbox 230 4918 1791 4992">
    <p class='ocr_par' dir='ltr' id='par_1_67' title="bbox 230 4918 1791 4992">
     <span class='ocr_line' id='line_1_67' title="bbox 230 4918 1791 4992; baseline 0.005 -24"><span class='ocrx_word' id='word_1_495' title='bbox 230 4932 337 4969; x_wconf 87' lang='lat' dir='ltr'><strong>cum</strong></span> <span class='ocrx_word' id='word_1_496' title='bbox 376 4921 580 4976; x_wconf 69' lang='lat' dir='ltr'><strong>caeteris</strong></span> <span class='ocrx_word' id='word_1_497' title='bbox 611 4921 913 4976; x_wconf 78' lang='lat' dir='ltr'><strong>monachis.</strong></span> <span class='ocrx_word' id='word_1_498' title='bbox 960 4919 1054 4975; x_wconf 86' lang='lat' dir='ltr'><strong>Sic</strong></span> <span class='ocrx_word' id='word_1_499' title='bbox 1081 4918 1264 4976; x_wconf 88' lang='lat' dir='ltr'><strong>Remis</strong></span> <span class='ocrx_word' id='word_1_500' title='bbox 1292 4930 1509 4992; x_wconf 87' lang='lat' dir='ltr'><strong>peracta</strong></span> <span class='ocrx_word' id='word_1_501' title='bbox 1555 4921 1791 4976; x_wconf 76' lang='lat' dir='ltr'><strong>basilicae</strong></span> 
     </span>
    </p>
   </div>
   <div class='ocr_carea' id='block_1_68' title="bbox 232 5006 1790 5081">
    <p class='ocr_par' dir='ltr' id='par_1_68' title="bbox 232 5006 1790 5081">
     <span class='ocr_line' id='line_1_68' title="bbox 232 5006 1790 5081; baseline 0.008 -26"><span class='ocrx_word' id='word_1_502' title='bbox 232 5006 671 5065; x_wconf 86' lang='lat' dir='ltr'><strong>arebimonasterii</strong></span> <span class='ocrx_word' id='word_1_503' title='bbox 720 5009 1028 5081; x_wconf 79' lang='lat' dir='ltr'><strong>Remigiaui</strong></span> <span class='ocrx_word' id='word_1_504' title='bbox 1083 5009 1445 5078; x_wconf 77' lang='lat' dir='ltr'><strong>delicatione,</strong></span> <span class='ocrx_word' id='word_1_505' title='bbox 1500 5028 1566 5069; x_wconf 89' lang='lat' dir='ltr'><strong>ac</strong></span> <span class='ocrx_word' id='word_1_506' title='bbox 1613 5011 1790 5067; x_wconf 89' lang='lat' dir='ltr'><strong>soluto</strong></span> 
     </span>
    </p>
   </div>
   <div class='ocr_carea' id='block_1_69' title="bbox 234 5097 1794 5173">
    <p class='ocr_par' dir='ltr' id='par_1_69' title="bbox 234 5097 1794 5173">
     <span class='ocr_line' id='line_1_69' title="bbox 234 5097 1794 5173; baseline 0.007 -27"><span class='ocrx_word' id='word_1_507' title='bbox 234 5097 466 5163; x_wconf 88' lang='lat' dir='ltr'><strong>concilio,</strong></span> <span class='ocrx_word' id='word_1_508' title='bbox 493 5100 546 5154; x_wconf 87' lang='lat' dir='ltr'><strong>in</strong></span> <span class='ocrx_word' id='word_1_509' title='bbox 570 5099 858 5172; x_wconf 79' lang='lat' dir='ltr'><strong>capitulum</strong></span> <span class='ocrx_word' id='word_1_510' title='bbox 886 5101 1021 5155; x_wconf 76' lang='lat' dir='ltr'><strong>venit</strong></span> <span class='ocrx_word' id='word_1_511' title='bbox 1056 5109 1208 5171; x_wconf 80' lang='lat' dir='ltr'><strong>atque</strong></span> <span class='ocrx_word' id='word_1_512' title='bbox 1233 5120 1264 5155; x_wconf 84' lang='grc' dir='ltr'><em>α</em></span> <span class='ocrx_word' id='word_1_513' title='bbox 1294 5102 1549 5173; x_wconf 71' lang='lat' dir='ltr'><strong>fratribus</strong></span> <span class='ocrx_word' id='word_1_514' title='bbox 1574 5106 1794 5159; x_wconf 74' lang='lat' dir='ltr'><strong>societa-</strong></span> 
     </span>
    </p>
   </div>
   <div class='ocr_carea' id='block_1_70' title="bbox 238 5188 1789 5234">
    <p class='ocr_par' dir='ltr' id='par_1_70' title="bbox 238 5188 1789 5234">
     <span class='ocr_line' id='line_1_70' title="bbox 238 5188 1789 5234; baseline 0.001 -2"><span class='ocrx_word' id='word_1_515' title='bbox 238 5191 327 5234; x_wconf 72' lang='lat' dir='ltr'><strong>tem</strong></span> <span class='ocrx_word' id='word_1_516' title='bbox 349 5188 482 5234; x_wconf 73' lang='grc' dir='ltr'>υειϋι</span> <span class='ocrx_word' id='word_1_517' title='bbox 508 5201 553 5234; x_wconf 67' lang='lat' dir='ltr'><strong><em>pl</em></strong></span> <span class='ocrx_word' id='word_1_518' title='bbox 581 5193 795 5234; x_wconf 65' lang='lat' dir='ltr'><strong>nnrnm’l-</strong></span> <span class='ocrx_word' id='word_1_519' title='bbox 838 5192 895 5234; x_wconf 83' lang='lat' dir='ltr'><strong>In</strong></span> <span class='ocrx_word' id='word_1_520' title='bbox 927 5198 1112 5234; x_wconf 79' lang='lat' dir='ltr'><strong>mmth</strong></span> <span class='ocrx_word' id='word_1_521' title='bbox 1136 5190 1336 5234; x_wconf 64' lang='lat' dir='ltr'><strong>nncinn</strong></span> <span class='ocrx_word' id='word_1_522' title='bbox 1362 5209 1481 5234; x_wconf 70' lang='lat' dir='ltr'><strong>mum</strong></span> <span class='ocrx_word' id='word_1_523' title='bbox 1511 5194 1625 5234; x_wconf 68' lang='lat' dir='ltr'><strong>dine</strong></span> <span class='ocrx_word' id='word_1_524' title='bbox 1652 5207 1789 5234; x_wconf 63' lang='lat' dir='ltr'><strong>neum</strong></span> 
     </span>
    </p>
   </div>
   <div class='ocr_carea' id='block_1_71' title="bbox 1846 1876 3445 1952">
    <p class='ocr_par' dir='ltr' id='par_1_71' title="bbox 1846 1876 3445 1952">
     <span class='ocr_line' id='line_1_71' title="bbox 1846 1876 3445 1952; baseline 0.002 -19"><span class='ocrx_word' id='word_1_525' title='bbox 1846 1877 2082 1950; x_wconf 79' lang='lat' dir='ltr'><strong>primum</strong></span> <span class='ocrx_word' id='word_1_526' title='bbox 2129 1878 2309 1932; x_wconf 84' lang='lat' dir='ltr'><strong>divina</strong></span> <span class='ocrx_word' id='word_1_527' title='bbox 2352 1877 2641 1934; x_wconf 85' lang='lat' dir='ltr'><strong>clementia</strong></span> <span class='ocrx_word' id='word_1_528' title='bbox 2687 1895 2771 1934; x_wconf 88' lang='lat' dir='ltr'><strong>me</strong></span> <span class='ocrx_word' id='word_1_529' title='bbox 2801 1878 2867 1935; x_wconf 91' lang='lat' dir='ltr'><strong>ad</strong></span> <span class='ocrx_word' id='word_1_530' title='bbox 2899 1876 3243 1952; x_wconf 79' lang='lat' dir='ltr'><strong>pontificatus</strong></span> <span class='ocrx_word' id='word_1_531' title='bbox 3271 1881 3445 1936; x_wconf 47' lang='lat' dir='ltr'><strong>bono.</strong></span> 
     </span>
    </p>
   </div>
   <div class='ocr_carea' id='block_1_72' title="bbox 1846 1968 3443 2042">
    <p class='ocr_par' dir='ltr' id='par_1_72' title="bbox 1846 1968 3443 2042">
     <span class='ocr_line' id='line_1_72' title="bbox 1846 1968 3443 2042; baseline 0.003 -19"><span class='ocrx_word' id='word_1_532' title='bbox 1846 1981 1961 2024; x_wconf 89' lang='lat' dir='ltr'><strong>rem</strong></span> <span class='ocrx_word' id='word_1_533' title='bbox 1989 1970 2265 2040; x_wconf 69' lang='lat' dir='ltr'><strong>proVexit,</strong></span> <span class='ocrx_word' id='word_1_534' title='bbox 2293 1985 2417 2025; x_wconf 83' lang='lat' dir='ltr'><strong>mox</strong></span> <span class='ocrx_word' id='word_1_535' title='bbox 2450 1968 2708 2025; x_wconf 87' lang='lat' dir='ltr'><strong>anhelare</strong></span> <span class='ocrx_word' id='word_1_536' title='bbox 2730 1972 2867 2042; x_wconf 57' lang='lat' dir='ltr'><strong>coepi</strong></span> <span class='ocrx_word' id='word_1_537' title='bbox 2895 1973 2960 2027; x_wconf 90' lang='lat' dir='ltr'><strong>ad</strong></span> <span class='ocrx_word' id='word_1_538' title='bbox 2990 1974 3443 2028; x_wconf 87' lang='lat' dir='ltr'><strong>restaurationem</strong></span> 
     </span>
    </p>
   </div>
   <div class='ocr_carea' id='block_1_73' title="bbox 1849 2062 3448 2137">
    <p class='ocr_par' dir='ltr' id='par_1_73' title="bbox 1849 2062 3448 2137">
     <span class='ocr_line' id='line_1_73' title="bbox 1849 2062 3448 2137; baseline 0 -17"><span class='ocrx_word' id='word_1_539' title='bbox 1849 2074 1984 2120; x_wconf 69' lang='lat' dir='ltr'><strong>mete</strong></span> <span class='ocrx_word' id='word_1_540' title='bbox 2014 2062 2294 2129; x_wconf 66' lang='lat' dir='ltr'><strong>Ecclesiae,</strong></span> <span class='ocrx_word' id='word_1_541' title='bbox 2326 2078 2392 2118; x_wconf 90' lang='lat' dir='ltr'><strong>ac</strong></span> <span class='ocrx_word' id='word_1_542' title='bbox 2418 2063 2702 2119; x_wconf 90' lang='lat' dir='ltr'><strong>monastici</strong></span> <span class='ocrx_word' id='word_1_543' title='bbox 2735 2064 2944 2119; x_wconf 89' lang='lat' dir='ltr'><strong>ordinis</strong></span> <span class='ocrx_word' id='word_1_544' title='bbox 2973 2064 3313 2137; x_wconf 81' lang='lat' dir='ltr'><strong>religionem,</strong></span> <span class='ocrx_word' id='word_1_545' title='bbox 3352 2072 3448 2121; x_wconf 83' lang='lat' dir='ltr'><strong>aut</strong></span> 
     </span>
    </p>
   </div>
   <div class='ocr_carea' id='block_1_74' title="bbox 1849 2136 3467 2229">
    <p class='ocr_par' dir='ltr' id='par_1_74' title="bbox 1849 2136 3467 2229">
     <span class='ocr_line' id='line_1_74' title="bbox 1849 2136 3467 2229; baseline 0.001 -17"><span class='ocrx_word' id='word_1_546' title='bbox 1849 2149 1942 2212; x_wconf 86' lang='lat' dir='ltr'><strong>ubi</strong></span> <span class='ocrx_word' id='word_1_547' title='bbox 1982 2164 2125 2221; x_wconf 89' lang='lat' dir='ltr'><strong>erat,</strong></span> <span class='ocrx_word' id='word_1_548' title='bbox 2171 2164 2550 2228; x_wconf 82' lang='lat' dir='ltr'><strong>augmentare,</strong></span> <span class='ocrx_word' id='word_1_549' title='bbox 2582 2158 2676 2211; x_wconf 86' lang='lat' dir='ltr'><strong>aut</strong></span> <span class='ocrx_word' id='word_1_550' title='bbox 2723 2156 2813 2211; x_wconf 85' lang='lat' dir='ltr'><strong>ubi</strong></span> <span class='ocrx_word' id='word_1_551' title='bbox 2856 2152 3113 2228; x_wconf 87' lang='lat' dir='ltr'><strong>perierat,</strong></span> <span class='ocrx_word' id='word_1_552' title='bbox 3144 2166 3243 2228; x_wconf 79' lang='lat' dir='ltr'><strong>pro</strong></span> <span class='ocrx_word' id='word_1_553' title='bbox 3288 2136 3467 2229; x_wconf 24' lang='lat' dir='ltr'><strong>posse.</strong></span> 
     </span>
    </p>
   </div>
   <div class='ocr_carea' id='block_1_75' title="bbox 1850 2255 2403 2321">
    <p class='ocr_par' dir='ltr' id='par_1_75' title="bbox 1850 2255 2403 2321">
     <span class='ocr_line' id='line_1_75' title="bbox 1850 2255 2403 2321; baseline -0.005 -16"><span class='ocrx_word' id='word_1_554' title='bbox 1850 2255 1972 2305; x_wconf 86' lang='lat' dir='ltr'><strong>meo</strong></span> <span class='ocrx_word' id='word_1_555' title='bbox 2001 2262 2343 2321; x_wconf 85' lang='lat' dir='ltr'><strong>recuperare.</strong></span> <span class='ocrx_word' id='word_1_556' title='bbox 2382 2262 2403 2302; x_wconf 79' lang='grc' dir='ltr'><strong>ι</strong></span> 
     </span>
    </p>
   </div>
   <div class='ocr_carea' id='block_1_76' title="bbox 1920 2348 3453 2435">
    <p class='ocr_par' dir='ltr' id='par_1_76' title="bbox 1920 2348 3453 2435">
     <span class='ocr_line' id='line_1_76' title="bbox 1920 2348 3453 2435; baseline 0.001 -17"><span class='ocrx_word' id='word_1_557' title='bbox 1920 2348 2125 2418; x_wconf 67' lang='lat' dir='ltr'><strong>5.1am</strong></span> <span class='ocrx_word' id='word_1_558' title='bbox 2170 2377 2301 2418; x_wconf 89' lang='lat' dir='ltr'><strong>vero</strong></span> <span class='ocrx_word' id='word_1_559' title='bbox 2336 2360 2382 2417; x_wconf 89' lang='lat' dir='ltr'><strong>si</strong></span> <span class='ocrx_word' id='word_1_560' title='bbox 2429 2360 2497 2417; x_wconf 90' lang='lat' dir='ltr'><strong>de</strong></span> <span class='ocrx_word' id='word_1_561' title='bbox 2543 2351 2825 2420; x_wconf 69' lang='lat' dir='ltr'><strong>beneficiis</strong></span> <span class='ocrx_word' id='word_1_562' title='bbox 2871 2353 3070 2435; x_wconf 83' lang='lat' dir='ltr'><strong>quibus</strong></span> <span class='ocrx_word' id='word_1_563' title='bbox 3123 2364 3453 2421; x_wconf 76' lang='lat' dir='ltr'><strong>monasteria</strong></span> 
     </span>
    </p>
   </div>
   <div class='ocr_carea' id='block_1_77' title="bbox 1851 2455 3454 2530">
    <p class='ocr_par' dir='ltr' id='par_1_77' title="bbox 1851 2455 3454 2530">
     <span class='ocr_line' id='line_1_77' title="bbox 1851 2455 3454 2530; baseline 0.001 -15"><span class='ocrx_word' id='word_1_564' title='bbox 1851 2467 2040 2515; x_wconf 86' lang='lat' dir='ltr'><strong>nostra</strong></span> <span class='ocrx_word' id='word_1_565' title='bbox 2071 2458 2263 2513; x_wconf 89' lang='lat' dir='ltr'><strong>beatus</strong></span> <span class='ocrx_word' id='word_1_566' title='bbox 2310 2455 2555 2529; x_wconf 80' lang='lat' dir='ltr'><strong>pontifex</strong></span> <span class='ocrx_word' id='word_1_567' title='bbox 2601 2456 2915 2525; x_wconf 82' lang='lat' dir='ltr'><strong>cumulavit,</strong></span> <span class='ocrx_word' id='word_1_568' title='bbox 2945 2458 3092 2530; x_wconf 82' lang='lat' dir='ltr'><strong>loqui</strong></span> <span class='ocrx_word' id='word_1_569' title='bbox 3136 2459 3324 2524; x_wconf 85' lang='lat' dir='ltr'><strong>libeat.</strong></span> <span class='ocrx_word' id='word_1_570' title='bbox 3367 2459 3454 2516; x_wconf 82' lang='lat' dir='ltr'><strong>in-</strong></span> 
     </span>
    </p>
   </div>
   <div class='ocr_carea' id='block_1_78' title="bbox 1820 2548 3451 2635">
    <p class='ocr_par' dir='ltr' id='par_1_78' title="bbox 1820 2548 3451 2635">
     <span class='ocr_line' id='line_1_78' title="bbox 1820 2548 3451 2635; baseline 0.002 -33"><span class='ocrx_word' id='word_1_571' title='bbox 1820 2602 1832 2635; x_wconf 39' lang='grc' dir='ltr'><strong>ι</strong></span> <span class='ocrx_word' id='word_1_572' title='bbox 1855 2563 2082 2603; x_wconf 89' lang='lat' dir='ltr'><strong>numera</strong></span> <span class='ocrx_word' id='word_1_573' title='bbox 2124 2548 2513 2620; x_wconf 88' lang='lat' dir='ltr'><strong>propemodum</strong></span> <span class='ocrx_word' id='word_1_574' title='bbox 2541 2550 2780 2604; x_wconf 87' lang='lat' dir='ltr'><strong>fuerunt.</strong></span> <span class='ocrx_word' id='word_1_575' title='bbox 2806 2548 3090 2606; x_wconf 86' lang='lat' dir='ltr'><strong>Casinensi</strong></span> <span class='ocrx_word' id='word_1_576' title='bbox 3114 2550 3297 2605; x_wconf 82' lang='lat' dir='ltr'><strong>abbati</strong></span> <span class='ocrx_word' id='word_1_577' title='bbox 3319 2565 3451 2605; x_wconf 85' lang='lat' dir='ltr'><strong>san-</strong></span> 
     </span>
    </p>
   </div>
   <div class='ocr_carea' id='block_1_79' title="bbox 1855 2639 3452 2713">
    <p class='ocr_par' dir='ltr' id='par_1_79' title="bbox 1855 2639 3452 2713">
     <span class='ocr_line' id='line_1_79' title="bbox 1855 2639 3452 2713; baseline 0.003 -19"><span class='ocrx_word' id='word_1_578' title='bbox 1855 2639 2121 2695; x_wconf 87' lang='lat' dir='ltr'><strong>daliorum</strong></span> <span class='ocrx_word' id='word_1_579' title='bbox 2139 2681 2155 2707; x_wconf 89' lang='lat'><strong>,</strong></span> <span class='ocrx_word' id='word_1_580' title='bbox 2185 2639 2489 2695; x_wconf 71' lang='lat' dir='ltr'><strong>dalmatieaa</strong></span> <span class='ocrx_word' id='word_1_581' title='bbox 2518 2648 2573 2696; x_wconf 91' lang='lat' dir='ltr'><strong>et</strong></span> <span class='ocrx_word' id='word_1_582' title='bbox 2595 2640 3035 2696; x_wconf 82' lang='lat' dir='ltr'><strong>chirothecarum</strong></span> <span class='ocrx_word' id='word_1_583' title='bbox 3061 2657 3217 2697; x_wconf 87' lang='lat' dir='ltr'><strong>usum</strong></span> <span class='ocrx_word' id='word_1_584' title='bbox 3244 2643 3452 2713; x_wconf 83' lang='lat' dir='ltr'><strong>permi-</strong></span> 
     </span>
    </p>
   </div>
   <div class='ocr_carea' id='block_1_80' title="bbox 1856 2731 3455 2801">
    <p class='ocr_par' dir='ltr' id='par_1_80' title="bbox 1856 2731 3455 2801">
     <span class='ocr_line' id='line_1_80' title="bbox 1856 2731 3455 2801; baseline 0.001 -12"><span class='ocrx_word' id='word_1_585' title='bbox 1856 2734 1956 2799; x_wconf 88' lang='lat' dir='ltr'><strong>sit;</strong></span> <span class='ocrx_word' id='word_1_586' title='bbox 1974 2732 2367 2789; x_wconf 89' lang='lat' dir='ltr'><strong>monasterium</strong></span> <span class='ocrx_word' id='word_1_587' title='bbox 2394 2731 2747 2801; x_wconf 83' lang='lat' dir='ltr'><strong>Saxonanum</strong></span> <span class='ocrx_word' id='word_1_588' title='bbox 2769 2734 2911 2788; x_wconf 81' lang='lat' dir='ltr'><strong>intra</strong></span> <span class='ocrx_word' id='word_1_589' title='bbox 2940 2733 3240 2789; x_wconf 81' lang='lat' dir='ltr'><strong>Romanam</strong></span> <span class='ocrx_word' id='word_1_590' title='bbox 3264 2734 3455 2790; x_wconf 85' lang='lat' dir='ltr'><strong>urbem</strong></span> 
     </span>
    </p>
   </div>
   <div class='ocr_carea' id='block_1_81' title="bbox 1856 2821 3459 2893">
    <p class='ocr_par' dir='ltr' id='par_1_81' title="bbox 1856 2821 3459 2893">
     <span class='ocr_line' id='line_1_81' title="bbox 1856 2821 3459 2893; baseline -0.001 -14"><span class='ocrx_word' id='word_1_591' title='bbox 1856 2824 2061 2880; x_wconf 87' lang='lat' dir='ltr'><strong>eisdem</strong></span> <span class='ocrx_word' id='word_1_592' title='bbox 2092 2821 2483 2879; x_wconf 80' lang='lat' dir='ltr'><strong>Casinensibus</strong></span> <span class='ocrx_word' id='word_1_593' title='bbox 2528 2822 2765 2893; x_wconf 87' lang='lat' dir='ltr'><strong>subjecit</strong></span> <span class='ocrx_word' id='word_1_594' title='bbox 2793 2865 2809 2889; x_wconf 92' lang='lat'><strong>,</strong></span> <span class='ocrx_word' id='word_1_595' title='bbox 2842 2824 3031 2893; x_wconf 78' lang='lat' dir='ltr'><strong>eisque</strong></span> <span class='ocrx_word' id='word_1_596' title='bbox 3060 2823 3459 2879; x_wconf 82' lang='lat' dir='ltr'><strong>Terracinenso</strong></span> 
     </span>
    </p>
   </div>
   <div class='ocr_carea' id='block_1_82' title="bbox 1860 2912 3479 2969">
    <p class='ocr_par' dir='ltr' id='par_1_82' title="bbox 1860 2912 3479 2969">
     <span class='ocr_line' id='line_1_82' title="bbox 1860 2912 3479 2969; baseline -0.002 -2"><span class='ocrx_word' id='word_1_597' title='bbox 1860 2913 2255 2968; x_wconf 87' lang='lat' dir='ltr'><strong>monasterium</strong></span> <span class='ocrx_word' id='word_1_598' title='bbox 2302 2912 2651 2968; x_wconf 84' lang='lat' dir='ltr'><strong>confirmavit</strong></span> <span class='ocrx_word' id='word_1_599' title='bbox 2745 2927 2810 2969; x_wconf 88' lang='lat' dir='ltr'><strong>ac</strong></span> <span class='ocrx_word' id='word_1_600' title='bbox 2867 2928 3062 2969; x_wconf 85' lang='lat' dir='ltr'><strong>navem</strong></span> <span class='ocrx_word' id='word_1_601' title='bbox 3108 2914 3162 2969; x_wconf 90' lang='lat' dir='ltr'><strong>in</strong></span> <span class='ocrx_word' id='word_1_602' title='bbox 3212 2913 3479 2969; x_wconf 81' lang='lat' dir='ltr'><strong>Romano</strong></span> 
     </span>
    </p>
   </div>
   <div class='ocr_carea' id='block_1_83' title="bbox 1861 2995 3460 3075">
    <p class='ocr_par' dir='ltr' id='par_1_83' title="bbox 1861 2995 3460 3075">
     <span class='ocr_line' id='line_1_83' title="bbox 1861 2995 3460 3075; baseline -0.001 -17"><span class='ocrx_word' id='word_1_603' title='bbox 1861 3012 2021 3075; x_wconf 89' lang='lat' dir='ltr'><strong>portu</strong></span> <span class='ocrx_word' id='word_1_604' title='bbox 2051 3002 2278 3058; x_wconf 88' lang='lat' dir='ltr'><strong>liberam</strong></span> <span class='ocrx_word' id='word_1_605' title='bbox 2330 3004 2607 3059; x_wconf 88' lang='lat' dir='ltr'><strong>concessit</strong></span> <span class='ocrx_word' id='word_1_606' title='bbox 2634 3010 2797 3074; x_wconf 83' lang='lat' dir='ltr'><strong>atque</strong></span> <span class='ocrx_word' id='word_1_607' title='bbox 2832 3003 2937 3058; x_wconf 86' lang='lat' dir='ltr'><strong>alia</strong></span> <span class='ocrx_word' id='word_1_608' title='bbox 2970 2995 3136 3059; x_wconf 88' lang='lat' dir='ltr'><strong>multa</strong></span> <span class='ocrx_word' id='word_1_609' title='bbox 3170 3004 3223 3059; x_wconf 88' lang='lat' dir='ltr'><strong>in</strong></span> <span class='ocrx_word' id='word_1_610' title='bbox 3268 3019 3460 3060; x_wconf 88' lang='lat' dir='ltr'><strong>eorum</strong></span> 
     </span>
    </p>
   </div>
   <div class='ocr_carea' id='block_1_84' title="bbox 1861 3090 3461 3169">
    <p class='ocr_par' dir='ltr' id='par_1_84' title="bbox 1861 3090 3461 3169">
     <span class='ocr_line' id='line_1_84' title="bbox 1861 3090 3461 3169; baseline 0.001 -18"><span class='ocrx_word' id='word_1_611' title='bbox 1861 3096 2096 3169; x_wconf 76' lang='lat' dir='ltr'><strong>gratiam</strong></span> <span class='ocrx_word' id='word_1_612' title='bbox 2141 3096 2417 3167; x_wconf 71' lang='lat' dir='ltr'><strong>prmstitit,</strong></span> <span class='ocrx_word' id='word_1_613' title='bbox 2447 3111 2569 3166; x_wconf 77' lang='lat' dir='ltr'><strong>qua:</strong></span> <span class='ocrx_word' id='word_1_614' title='bbox 2611 3096 2751 3167; x_wconf 85' lang='lat' dir='ltr'><strong>apud</strong></span> <span class='ocrx_word' id='word_1_615' title='bbox 2791 3090 3034 3152; x_wconf 78' lang='lat' dir='ltr'><strong>Leonem</strong></span> <span class='ocrx_word' id='word_1_616' title='bbox 3086 3090 3461 3153; x_wconf 76' lang='lat' dir='ltr'><strong>Marsicanum</strong></span> 
     </span>
    </p>
   </div>
   <div class='ocr_carea' id='block_1_85' title="bbox 1866 3185 3464 3252">
    <p class='ocr_par' dir='ltr' id='par_1_85' title="bbox 1866 3185 3464 3252">
     <span class='ocr_line' id='line_1_85' title="bbox 1866 3185 3464 3252; baseline 0.003 -13"><span class='ocrx_word' id='word_1_617' title='bbox 1866 3185 2006 3241; x_wconf 92' lang='lat' dir='ltr'><strong>libro</strong></span> <span class='ocrx_word' id='word_1_618' title='bbox 2048 3186 2287 3242; x_wconf 92' lang='lat' dir='ltr'><strong>secundo</strong></span> <span class='ocrx_word' id='word_1_619' title='bbox 2315 3187 2650 3244; x_wconf 75' lang='lat' dir='ltr'><strong>referuntur.</strong></span> <span class='ocrx_word' id='word_1_620' title='bbox 2686 3186 3021 3244; x_wconf 84' lang='lat' dir='ltr'><strong>Sublaeense</strong></span> <span class='ocrx_word' id='word_1_621' title='bbox 3045 3188 3464 3252; x_wconf 83' lang='lat' dir='ltr'><strong>monasterium,</strong></span> 
     </span>
    </p>
   </div>
   <div class='ocr_carea' id='block_1_86' title="bbox 1867 3278 3465 3350">
    <p class='ocr_par' dir='ltr' id='par_1_86' title="bbox 1867 3278 3465 3350">
     <span class='ocr_line' id='line_1_86' title="bbox 1867 3278 3465 3350; baseline 0.001 -17"><span class='ocrx_word' id='word_1_622' title='bbox 1867 3278 1936 3335; x_wconf 83' lang='lat' dir='ltr'><strong>ab</strong></span> <span class='ocrx_word' id='word_1_623' title='bbox 1985 3280 2236 3335; x_wconf 88' lang='lat' dir='ltr'><strong>invasore</strong></span> <span class='ocrx_word' id='word_1_624' title='bbox 2282 3279 2396 3335; x_wconf 78' lang='lat' dir='ltr'><strong>fere</strong></span> <span class='ocrx_word' id='word_1_625' title='bbox 2438 3280 2802 3346; x_wconf 72' lang='lat' dir='ltr'><strong>destructum,</strong></span> <span class='ocrx_word' id='word_1_626' title='bbox 2830 3279 2884 3335; x_wconf 91' lang='lat' dir='ltr'><strong>in</strong></span> <span class='ocrx_word' id='word_1_627' title='bbox 2930 3279 3228 3350; x_wconf 88' lang='lat' dir='ltr'><strong>pristinum</strong></span> <span class='ocrx_word' id='word_1_628' title='bbox 3259 3286 3465 3335; x_wconf 83' lang='lat' dir='ltr'><strong>statum</strong></span> 
     </span>
    </p>
   </div>
   <div class='ocr_carea' id='block_1_87' title="bbox 1871 3368 3467 3445">
    <p class='ocr_par' dir='ltr' id='par_1_87' title="bbox 1871 3368 3467 3445">
     <span class='ocr_line' id='line_1_87' title="bbox 1871 3368 3467 3445; baseline -0.001 -19"><span class='ocrx_word' id='word_1_629' title='bbox 1871 3371 2129 3426; x_wconf 88' lang='lat' dir='ltr'><strong>restituit.</strong></span> <span class='ocrx_word' id='word_1_630' title='bbox 2159 3371 2214 3426; x_wconf 85' lang='grc' dir='ltr'><strong>ιιι</strong></span> <span class='ocrx_word' id='word_1_631' title='bbox 2236 3368 2409 3428; x_wconf 88' lang='lat' dir='ltr'><strong>Gallia</strong></span> <span class='ocrx_word' id='word_1_632' title='bbox 2436 3372 2803 3438; x_wconf 85' lang='lat' dir='ltr'><strong>Corbeiensis,</strong></span> <span class='ocrx_word' id='word_1_633' title='bbox 2831 3370 3135 3444; x_wconf 76' lang='lat' dir='ltr'><strong>Remigiani</strong></span> <span class='ocrx_word' id='word_1_634' title='bbox 3154 3370 3467 3445; x_wconf 86' lang='lat' dir='ltr'><strong>Remensis,</strong></span> 
     </span>
    </p>
   </div>
   <div class='ocr_carea' id='block_1_88' title="bbox 1870 3456 3470 3529">
    <p class='ocr_par' dir='ltr' id='par_1_88' title="bbox 1870 3456 3470 3529">
     <span class='ocr_line' id='line_1_88' title="bbox 1870 3456 3470 3529; baseline 0.001 -14"><span class='ocrx_word' id='word_1_635' title='bbox 1870 3456 2275 3529; x_wconf 82' lang='lat' dir='ltr'><strong>Cluniacensis,</strong></span> <span class='ocrx_word' id='word_1_636' title='bbox 2326 3464 2500 3518; x_wconf 83' lang='lat' dir='ltr'><strong>sancti</strong></span> <span class='ocrx_word' id='word_1_637' title='bbox 2549 3462 2762 3519; x_wconf 79' lang='lat' dir='ltr'><strong>Arnulﬁ</strong></span> <span class='ocrx_word' id='word_1_638' title='bbox 2810 3462 3118 3529; x_wconf 80' lang='lat' dir='ltr'><strong>Metensis,</strong></span> <span class='ocrx_word' id='word_1_639' title='bbox 3168 3461 3321 3519; x_wconf 62' lang='lat' dir='ltr'><strong>Casa:</strong></span> <span class='ocrx_word' id='word_1_640' title='bbox 3368 3461 3470 3518; x_wconf 88' lang='lat' dir='ltr'><strong>Dei</strong></span> 
     </span>
    </p>
   </div>
   <div class='ocr_carea' id='block_1_89' title="bbox 1872 3550 3471 3625">
    <p class='ocr_par' dir='ltr' id='par_1_89' title="bbox 1872 3550 3471 3625">
     <span class='ocr_line' id='line_1_89' title="bbox 1872 3550 3471 3625; baseline 0.001 -18"><span class='ocrx_word' id='word_1_641' title='bbox 1872 3550 2212 3622; x_wconf 90' lang='lat' dir='ltr'><strong>aliorumque</strong></span> <span class='ocrx_word' id='word_1_642' title='bbox 2262 3554 2718 3610; x_wconf 88' lang='lat' dir='ltr'><strong>monasteriorum</strong></span> <span class='ocrx_word' id='word_1_643' title='bbox 2754 3552 3141 3625; x_wconf 67' lang='lat' dir='ltr'><strong>praerogativas</strong></span> <span class='ocrx_word' id='word_1_644' title='bbox 3175 3551 3471 3610; x_wconf 77' lang='lat' dir='ltr'><strong>confirma-</strong></span> 
     </span>
    </p>
   </div>
   <div class='ocr_carea' id='block_1_90' title="bbox 1874 3643 3471 3715">
    <p class='ocr_par' dir='ltr' id='par_1_90' title="bbox 1874 3643 3471 3715">
     <span class='ocr_line' id='line_1_90' title="bbox 1874 3643 3471 3715; baseline -0.001 -16"><span class='ocrx_word' id='word_1_645' title='bbox 1874 3645 1956 3699; x_wconf 81' lang='lat' dir='ltr'><strong>vit</strong></span> <span class='ocrx_word' id='word_1_646' title='bbox 2004 3654 2274 3699; x_wconf 87' lang='lat' dir='ltr'><strong>eteorum</strong></span> <span class='ocrx_word' id='word_1_647' title='bbox 2302 3644 2678 3715; x_wconf 87' lang='lat' dir='ltr'><strong>possessiones</strong></span> <span class='ocrx_word' id='word_1_648' title='bbox 2701 3644 2958 3699; x_wconf 86' lang='lat' dir='ltr'><strong>asseruit.</strong></span> <span class='ocrx_word' id='word_1_649' title='bbox 2989 3643 3315 3698; x_wconf 78' lang='lat' dir='ltr'><strong>Monasteria</strong></span> <span class='ocrx_word' id='word_1_650' title='bbox 3355 3656 3471 3698; x_wconf 67' lang='lat' dir='ltr'><strong>sua:</strong></span> 
     </span>
    </p>
   </div>
   <div class='ocr_carea' id='block_1_91' title="bbox 1876 3733 3470 3801">
    <p class='ocr_par' dir='ltr' id='par_1_91' title="bbox 1876 3733 3470 3801">
     <span class='ocr_line' id='line_1_91' title="bbox 1876 3733 3470 3801; baseline -0.003 -9"><span class='ocrx_word' id='word_1_651' title='bbox 1876 3736 2203 3801; x_wconf 71' lang='lat' dir='ltr'><strong>ditecescos,</strong></span> <span class='ocrx_word' id='word_1_652' title='bbox 2251 3737 2517 3791; x_wconf 89' lang='lat' dir='ltr'><strong>advocato</strong></span> <span class='ocrx_word' id='word_1_653' title='bbox 2563 3735 2723 3791; x_wconf 84' lang='lat' dir='ltr'><strong>beato</strong></span> <span class='ocrx_word' id='word_1_654' title='bbox 2766 3734 3040 3790; x_wconf 87' lang='lat' dir='ltr'><strong>Wille&#39;mo</strong></span> <span class='ocrx_word' id='word_1_655' title='bbox 3088 3733 3284 3790; x_wconf 88' lang='lat' dir='ltr'><strong>abbate</strong></span> <span class='ocrx_word' id='word_1_656' title='bbox 3336 3742 3470 3789; x_wconf 86' lang='lat' dir='ltr'><strong>tunc</strong></span> 
     </span>
    </p>
   </div>
   <div class='ocr_carea' id='block_1_92' title="bbox 1876 3815 3469 3897">
    <p class='ocr_par' dir='ltr' id='par_1_92' title="bbox 1876 3815 3469 3897">
     <span class='ocr_line' id='line_1_92' title="bbox 1876 3815 3469 3897; baseline -0.001 -13"><span class='ocrx_word' id='word_1_657' title='bbox 1876 3827 2181 3892; x_wconf 87' lang='lat' dir='ltr'><strong>celebri,ad</strong></span> <span class='ocrx_word' id='word_1_658' title='bbox 2204 3815 2401 3897; x_wconf 77' lang='lat' dir='ltr'><strong>regulae</strong></span> <span class='ocrx_word' id='word_1_659' title='bbox 2428 3827 2787 3883; x_wconf 74' lang='lat' dir='ltr'><strong>Benedictina:</strong></span> <span class='ocrx_word' id='word_1_660' title='bbox 2813 3827 3023 3897; x_wconf 88' lang='lat' dir='ltr'><strong>praxim</strong></span> <span class='ocrx_word' id='word_1_661' title='bbox 3047 3834 3469 3882; x_wconf 81' lang='lat' dir='ltr'><strong>accuratamre-</strong></span> 
     </span>
    </p>
   </div>
   <div class='ocr_carea' id='block_1_93' title="bbox 1880 3917 3470 3986">
    <p class='ocr_par' dir='ltr' id='par_1_93' title="bbox 1880 3917 3470 3986">
     <span class='ocr_line' id='line_1_93' title="bbox 1880 3917 3470 3986; baseline -0.002 -11"><span class='ocrx_word' id='word_1_662' title='bbox 1880 3920 2113 3975; x_wconf 79' lang='lat' dir='ltr'><strong>vocavit.</strong></span> <span class='ocrx_word' id='word_1_663' title='bbox 2129 3917 2285 3973; x_wconf 80' lang='lat' dir='ltr'><strong>Nulla</strong></span> <span class='ocrx_word' id='word_1_664' title='bbox 2309 3927 2392 3973; x_wconf 90' lang='lat' dir='ltr'><strong>est</strong></span> <span class='ocrx_word' id='word_1_665' title='bbox 2418 3918 2587 3975; x_wconf 81' lang='lat' dir='ltr'><strong>ferme</strong></span> <span class='ocrx_word' id='word_1_666' title='bbox 2610 3919 2663 3973; x_wconf 95' lang='lat' dir='ltr'><strong>in</strong></span> <span class='ocrx_word' id='word_1_667' title='bbox 2690 3920 2822 3974; x_wconf 89' lang='lat' dir='ltr'><strong>orbe</strong></span> <span class='ocrx_word' id='word_1_668' title='bbox 2845 3918 3158 3974; x_wconf 87' lang='lat' dir='ltr'><strong>Christiano</strong></span> <span class='ocrx_word' id='word_1_669' title='bbox 3186 3917 3470 3986; x_wconf 84' lang='lat' dir='ltr'><strong>provincia</strong></span> 
     </span>
    </p>
   </div>
   <div class='ocr_carea' id='block_1_94' title="bbox 1885 4009 3476 4082">
    <p class='ocr_par' dir='ltr' id='par_1_94' title="bbox 1885 4009 3476 4082">
     <span class='ocr_line' id='line_1_94' title="bbox 1885 4009 3476 4082; baseline -0.002 -14"><span class='ocrx_word' id='word_1_670' title='bbox 1885 4014 1937 4068; x_wconf 91' lang='lat' dir='ltr'><strong>in</strong></span> <span class='ocrx_word' id='word_1_671' title='bbox 1968 4029 2074 4082; x_wconf 88' lang='lat' dir='ltr'><strong>qua</strong></span> <span class='ocrx_word' id='word_1_672' title='bbox 2123 4011 2412 4068; x_wconf 87' lang='lat' dir='ltr'><strong>ecclesiam</strong></span> <span class='ocrx_word' id='word_1_673' title='bbox 2446 4011 2684 4081; x_wconf 87' lang='lat' dir='ltr'><strong>aliquam</strong></span> <span class='ocrx_word' id='word_1_674' title='bbox 2720 4010 2927 4066; x_wconf 84' lang='lat' dir='ltr'><strong>ordinis</strong></span> <span class='ocrx_word' id='word_1_675' title='bbox 2962 4009 3131 4066; x_wconf 86' lang='lat' dir='ltr'><strong>nostri</strong></span> <span class='ocrx_word' id='word_1_676' title='bbox 3173 4024 3278 4063; x_wconf 91' lang='lat' dir='ltr'><strong>non</strong></span> <span class='ocrx_word' id='word_1_677' title='bbox 3323 4010 3476 4065; x_wconf 73' lang='lat' dir='ltr'><strong>dedi-</strong></span> 
     </span>
    </p>
   </div>
   <div class='ocr_carea' id='block_1_95' title="bbox 1883 4098 3473 4172">
    <p class='ocr_par' dir='ltr' id='par_1_95' title="bbox 1883 4098 3473 4172">
     <span class='ocr_line' id='line_1_95' title="bbox 1883 4098 3473 4172; baseline -0.001 -15"><span class='ocrx_word' id='word_1_678' title='bbox 1883 4102 2092 4157; x_wconf 86' lang='lat' dir='ltr'><strong>caverit</strong></span> <span class='ocrx_word' id='word_1_679' title='bbox 2142 4109 2197 4156; x_wconf 90' lang='lat' dir='ltr'><strong>et</strong></span> <span class='ocrx_word' id='word_1_680' title='bbox 2225 4099 2522 4172; x_wconf 76' lang='lat' dir='ltr'><strong>privilegiis</strong></span> <span class='ocrx_word' id='word_1_681' title='bbox 2552 4100 2832 4155; x_wconf 90' lang='lat' dir='ltr'><strong>munierit.</strong></span> <span class='ocrx_word' id='word_1_682' title='bbox 2864 4100 2917 4155; x_wconf 91' lang='lat' dir='ltr'><strong>In</strong></span> <span class='ocrx_word' id='word_1_683' title='bbox 2948 4098 3325 4168; x_wconf 78' lang='lat' dir='ltr'><strong>Hirsaugiensi</strong></span> <span class='ocrx_word' id='word_1_684' title='bbox 3358 4112 3473 4156; x_wconf 86' lang='lat' dir='ltr'><strong>mo-</strong></span> 
     </span>
    </p>
   </div>
   <div class='ocr_carea' id='block_1_96' title="bbox 1885 4182 3478 4262">
    <p class='ocr_par' dir='ltr' id='par_1_96' title="bbox 1885 4182 3478 4262">
     <span class='ocr_line' id='line_1_96' title="bbox 1885 4182 3478 4262; baseline -0.002 -15"><span class='ocrx_word' id='word_1_685' title='bbox 1885 4193 2164 4257; x_wconf 89' lang='lat' dir='ltr'><strong>nasterio,</strong></span> <span class='ocrx_word' id='word_1_686' title='bbox 2220 4182 2364 4262; x_wconf 87' lang='lat' dir='ltr'><strong>quod</strong></span> <span class='ocrx_word' id='word_1_687' title='bbox 2413 4192 2482 4247; x_wconf 89' lang='lat' dir='ltr'><strong>ab</strong></span> <span class='ocrx_word' id='word_1_688' title='bbox 2525 4190 2684 4247; x_wconf 88' lang='lat' dir='ltr'><strong>annis</strong></span> <span class='ocrx_word' id='word_1_689' title='bbox 2723 4190 3081 4261; x_wconf 70' lang='lat' dir='ltr'><strong>quadraginta</strong></span> <span class='ocrx_word' id='word_1_690' title='bbox 3124 4198 3179 4244; x_wconf 93' lang='lat' dir='ltr'><strong>et</strong></span> <span class='ocrx_word' id='word_1_691' title='bbox 3219 4199 3344 4245; x_wconf 90' lang='lat' dir='ltr'><strong>octo</strong></span> <span class='ocrx_word' id='word_1_692' title='bbox 3380 4188 3478 4244; x_wconf 83' lang='lat' dir='ltr'><strong>de-</strong></span> 
     </span>
    </p>
   </div>
   <div class='ocr_carea' id='block_1_97' title="bbox 1887 4279 3477 4351">
    <p class='ocr_par' dir='ltr' id='par_1_97' title="bbox 1887 4279 3477 4351">
     <span class='ocr_line' id='line_1_97' title="bbox 1887 4279 3477 4351; baseline -0.002 -14"><span class='ocrx_word' id='word_1_693' title='bbox 1887 4291 2152 4337; x_wconf 88' lang='lat' dir='ltr'><strong>structum</strong></span> <span class='ocrx_word' id='word_1_694' title='bbox 2198 4280 2425 4346; x_wconf 88' lang='lat' dir='ltr'><strong>fuerat,</strong></span> <span class='ocrx_word' id='word_1_695' title='bbox 2472 4282 2574 4337; x_wconf 79' lang='lat' dir='ltr'><strong>sub</strong></span> <span class='ocrx_word' id='word_1_696' title='bbox 2608 4281 2970 4336; x_wconf 88' lang='lat' dir='ltr'><strong>anathematis</strong></span> <span class='ocrx_word' id='word_1_697' title='bbox 3020 4279 3227 4351; x_wconf 87' lang='lat' dir='ltr'><strong>judicio</strong></span> <span class='ocrx_word' id='word_1_698' title='bbox 3285 4294 3477 4335; x_wconf 82' lang='lat' dir='ltr'><strong>mona—</strong></span> 
     </span>
    </p>
   </div>
   <div class='ocr_carea' id='block_1_98' title="bbox 1887 4369 3475 4441">
    <p class='ocr_par' dir='ltr' id='par_1_98' title="bbox 1887 4369 3475 4441">
     <span class='ocr_line' id='line_1_98' title="bbox 1887 4369 3475 4441; baseline -0.001 -14"><span class='ocrx_word' id='word_1_699' title='bbox 1887 4372 2019 4427; x_wconf 88' lang='lat' dir='ltr'><strong>cbos</strong></span> <span class='ocrx_word' id='word_1_700' title='bbox 2055 4371 2267 4427; x_wconf 85' lang='lat' dir='ltr'><strong>restitui</strong></span> <span class='ocrx_word' id='word_1_701' title='bbox 2288 4372 2593 4441; x_wconf 89' lang='lat' dir='ltr'><strong>imperavit,</strong></span> <span class='ocrx_word' id='word_1_702' title='bbox 2623 4380 2682 4426; x_wconf 91' lang='lat' dir='ltr'><strong>ut</strong></span> <span class='ocrx_word' id='word_1_703' title='bbox 2704 4369 2878 4426; x_wconf 84' lang='lat' dir='ltr'><strong>fusius</strong></span> <span class='ocrx_word' id='word_1_704' title='bbox 2900 4372 3118 4441; x_wconf 79' lang='lat' dir='ltr'><strong>exponit</strong></span> <span class='ocrx_word' id='word_1_705' title='bbox 3139 4369 3475 4426; x_wconf 84' lang='lat' dir='ltr'><strong>Tritbemius</strong></span> 
     </span>
    </p>
   </div>
   <div class='ocr_carea' id='block_1_99' title="bbox 1893 4459 3477 4534">
    <p class='ocr_par' dir='ltr' id='par_1_99' title="bbox 1893 4459 3477 4534">
     <span class='ocr_line' id='line_1_99' title="bbox 1893 4459 3477 4534; baseline 0.002 -19"><span class='ocrx_word' id='word_1_706' title='bbox 1893 4462 1944 4516; x_wconf 94' lang='lat' dir='ltr'><strong>iu</strong></span> <span class='ocrx_word' id='word_1_707' title='bbox 1997 4459 2235 4530; x_wconf 83' lang='lat' dir='ltr'><strong>ejusdem</strong></span> <span class='ocrx_word' id='word_1_708' title='bbox 2288 4460 2391 4517; x_wconf 91' lang='lat' dir='ltr'><strong>loci</strong></span> <span class='ocrx_word' id='word_1_709' title='bbox 2442 4461 2734 4518; x_wconf 81' lang='lat' dir='ltr'><strong>Chronico.</strong></span> <span class='ocrx_word' id='word_1_710' title='bbox 2771 4463 2845 4518; x_wconf 90' lang='lat' dir='ltr'><strong>De</strong></span> <span class='ocrx_word' id='word_1_711' title='bbox 2897 4463 3086 4517; x_wconf 88' lang='lat' dir='ltr'><strong>eadem</strong></span> <span class='ocrx_word' id='word_1_712' title='bbox 3145 4478 3203 4517; x_wconf 88' lang='lat' dir='ltr'><strong>re</strong></span> <span class='ocrx_word' id='word_1_713' title='bbox 3251 4462 3477 4534; x_wconf 85' lang='lat' dir='ltr'><strong>scripsit</strong></span> 
     </span>
    </p>
   </div>
   <div class='ocr_carea' id='block_1_100' title="bbox 1890 4554 3480 4628">
    <p class='ocr_par' dir='ltr' id='par_1_100' title="bbox 1890 4554 3480 4628">
     <span class='ocr_line' id='line_1_100' title="bbox 1890 4554 3480 4628; baseline 0 -18"><span class='ocrx_word' id='word_1_714' title='bbox 1890 4555 2336 4627; x_wconf 77' lang='lat' dir='ltr'><strong>cbrnnograpbus</strong></span> <span class='ocrx_word' id='word_1_715' title='bbox 2384 4554 2899 4628; x_wconf 76' lang='lat' dir='ltr'><strong>Magdeburgensis,</strong></span> <span class='ocrx_word' id='word_1_716' title='bbox 2950 4569 3111 4625; x_wconf 91' lang='lat' dir='ltr'><strong>quem</strong></span> <span class='ocrx_word' id='word_1_717' title='bbox 3160 4569 3329 4627; x_wconf 84' lang='lat' dir='ltr'><strong>penes</strong></span> <span class='ocrx_word' id='word_1_718' title='bbox 3379 4569 3480 4610; x_wconf 84' lang='lat' dir='ltr'><strong>nos</strong></span> 
     </span>
    </p>
   </div>
   <div class='ocr_carea' id='block_1_101' title="bbox 1893 4646 3479 4714">
    <p class='ocr_par' dir='ltr' id='par_1_101' title="bbox 1893 4646 3479 4714">
     <span class='ocr_line' id='line_1_101' title="bbox 1893 4646 3479 4714; baseline -0.003 -9"><span class='ocrx_word' id='word_1_719' title='bbox 1893 4665 1998 4706; x_wconf 87' lang='lat' dir='ltr'><strong>ms.</strong></span> <span class='ocrx_word' id='word_1_720' title='bbox 2028 4648 2314 4714; x_wconf 88' lang='lat' dir='ltr'><strong>habemus,</strong></span> <span class='ocrx_word' id='word_1_721' title='bbox 2343 4647 2409 4702; x_wconf 89' lang='lat' dir='ltr'><strong>ad</strong></span> <span class='ocrx_word' id='word_1_722' title='bbox 2436 4664 2639 4704; x_wconf 90' lang='lat' dir='ltr'><strong>annum</strong></span> <span class='ocrx_word' id='word_1_723' title='bbox 2663 4648 2824 4711; x_wconf 72' lang='grc'><strong>1048,</strong></span> <span class='ocrx_word' id='word_1_724' title='bbox 2857 4649 2946 4703; x_wconf 87' lang='lat' dir='ltr'><strong>ubi</strong></span> <span class='ocrx_word' id='word_1_725' title='bbox 2979 4648 3169 4714; x_wconf 89' lang='lat' dir='ltr'><strong>etiam,</strong></span> <span class='ocrx_word' id='word_1_726' title='bbox 3202 4648 3343 4702; x_wconf 90' lang='lat' dir='ltr'><strong>inter</strong></span> <span class='ocrx_word' id='word_1_727' title='bbox 3369 4646 3479 4700; x_wconf 88' lang='lat' dir='ltr'><strong>alia</strong></span> 
     </span>
    </p>
   </div>
   <div class='ocr_carea' id='block_1_102' title="bbox 1894 4738 3482 4810">
    <p class='ocr_par' dir='ltr' id='par_1_102' title="bbox 1894 4738 3482 4810">
     <span class='ocr_line' id='line_1_102' title="bbox 1894 4738 3482 4810; baseline -0.002 -15"><span class='ocrx_word' id='word_1_728' title='bbox 1894 4740 2087 4796; x_wconf 80' lang='lat' dir='ltr'><strong>Leonis</strong></span> <span class='ocrx_word' id='word_1_729' title='bbox 2116 4747 2287 4810; x_wconf 82' lang='lat' dir='ltr'><strong>gesta,</strong></span> <span class='ocrx_word' id='word_1_730' title='bbox 2314 4746 2582 4794; x_wconf 86' lang='lat' dir='ltr'><strong>memorat</strong></span> <span class='ocrx_word' id='word_1_731' title='bbox 2613 4738 2971 4795; x_wconf 87' lang='lat' dir='ltr'><strong>elevationem</strong></span> <span class='ocrx_word' id='word_1_732' title='bbox 2998 4754 3028 4794; x_wconf 90' lang='lat' dir='ltr'><strong>c</strong></span> <span class='ocrx_word' id='word_1_733' title='bbox 3056 4739 3264 4793; x_wconf 88' lang='lat' dir='ltr'><strong>tumulo</strong></span> <span class='ocrx_word' id='word_1_734' title='bbox 3291 4752 3482 4807; x_wconf 85' lang='lat' dir='ltr'><strong>corpo—</strong></span> 
     </span>
    </p>
   </div>
   <div class='ocr_carea' id='block_1_103' title="bbox 1894 4821 3484 4900">
    <p class='ocr_par' dir='ltr' id='par_1_103' title="bbox 1894 4821 3484 4900">
     <span class='ocr_line' id='line_1_103' title="bbox 1894 4821 3484 4900; baseline -0.003 -13"><span class='ocrx_word' id='word_1_735' title='bbox 1894 4833 1971 4890; x_wconf 87' lang='lat' dir='ltr'><strong>ris</strong></span> <span class='ocrx_word' id='word_1_736' title='bbox 1999 4841 2203 4886; x_wconf 71' lang='lat' dir='ltr'><strong>sancta:</strong></span> <span class='ocrx_word' id='word_1_737' title='bbox 2244 4821 2532 4885; x_wconf 78' lang='lat' dir='ltr'><strong>Richardis</strong></span> <span class='ocrx_word' id='word_1_738' title='bbox 2567 4831 2929 4900; x_wconf 88' lang='lat' dir='ltr'><strong>imperatricis</strong></span> <span class='ocrx_word' id='word_1_739' title='bbox 2955 4832 3008 4884; x_wconf 92' lang='lat' dir='ltr'><strong>in</strong></span> <span class='ocrx_word' id='word_1_740' title='bbox 3038 4830 3288 4887; x_wconf 63' lang='lat' dir='ltr'><strong>coenobio</strong></span> <span class='ocrx_word' id='word_1_741' title='bbox 3317 4829 3484 4900; x_wconf 76' lang='lat' dir='ltr'><strong>virgi-</strong></span> 
     </span>
    </p>
   </div>
   <div class='ocr_carea' id='block_1_104' title="bbox 1898 4920 3486 4994">
    <p class='ocr_par' dir='ltr' id='par_1_104' title="bbox 1898 4920 3486 4994">
     <span class='ocr_line' id='line_1_104' title="bbox 1898 4920 3486 4994; baseline -0.002 -15"><span class='ocrx_word' id='word_1_742' title='bbox 1898 4940 2025 4979; x_wconf 85' lang='lat' dir='ltr'><strong>num</strong></span> <span class='ocrx_word' id='word_1_743' title='bbox 2054 4923 2193 4994; x_wconf 80' lang='lat' dir='ltr'><strong>apud</strong></span> <span class='ocrx_word' id='word_1_744' title='bbox 2218 4921 2516 4978; x_wconf 83' lang='lat' dir='ltr'><strong>Audelaum</strong></span> <span class='ocrx_word' id='word_1_745' title='bbox 2546 4923 2597 4977; x_wconf 92' lang='lat' dir='ltr'><strong>in</strong></span> <span class='ocrx_word' id='word_1_746' title='bbox 2621 4922 2851 4988; x_wconf 87' lang='lat' dir='ltr'><strong>Alsatia,</strong></span> <span class='ocrx_word' id='word_1_747' title='bbox 2883 4923 3028 4993; x_wconf 91' lang='lat' dir='ltr'><strong>quod</strong></span> <span class='ocrx_word' id='word_1_748' title='bbox 3060 4923 3176 4993; x_wconf 90' lang='lat' dir='ltr'><strong>ipsa</strong></span> <span class='ocrx_word' id='word_1_749' title='bbox 3219 4920 3486 4977; x_wconf 82' lang='lat' dir='ltr'><strong>fundave-</strong></span> 
     </span>
    </p>
   </div>
   <div class='ocr_carea' id='block_1_105' title="bbox 1897 5004 3482 5084">
    <p class='ocr_par' dir='ltr' id='par_1_105' title="bbox 1897 5004 3482 5084">
     <span class='ocr_line' id='line_1_105' title="bbox 1897 5004 3482 5084; baseline -0.003 -12"><span class='ocrx_word' id='word_1_750' title='bbox 1897 5025 2001 5072; x_wconf 87' lang='lat' dir='ltr'><strong>rat.</strong></span> <span class='ocrx_word' id='word_1_751' title='bbox 2052 5012 2195 5068; x_wconf 87' lang='lat' dir='ltr'><strong>ldem</strong></span> <span class='ocrx_word' id='word_1_752' title='bbox 2233 5004 2475 5083; x_wconf 77' lang='lat' dir='ltr'><strong>pontifex</strong></span> <span class='ocrx_word' id='word_1_753' title='bbox 2520 5011 2838 5070; x_wconf 81' lang='lat' dir='ltr'><strong>Eduardum</strong></span> <span class='ocrx_word' id='word_1_754' title='bbox 2878 5025 3061 5082; x_wconf 71' lang='lat' dir='ltr'><strong>regem</strong></span> <span class='ocrx_word' id='word_1_755' title='bbox 3106 5011 3407 5084; x_wconf 73' lang='lat' dir='ltr'><strong>Anglorum</strong></span> <span class='ocrx_word' id='word_1_756' title='bbox 3448 5028 3482 5068; x_wconf 70' lang='grc' dir='ltr'><strong>ι</strong></span> 
     </span>
    </p>
   </div>
   <div class='ocr_carea' id='block_1_106' title="bbox 1896 5100 3485 5176">
    <p class='ocr_par' dir='ltr' id='par_1_106' title="bbox 1896 5100 3485 5176">
     <span class='ocr_line' id='line_1_106' title="bbox 1896 5100 3485 5176; baseline 0.003 -21"><span class='ocrx_word' id='word_1_757' title='bbox 1896 5111 2021 5157; x_wconf 87' lang='lat' dir='ltr'><strong>voto</strong></span> <span class='ocrx_word' id='word_1_758' title='bbox 2052 5100 2275 5155; x_wconf 84' lang='lat' dir='ltr'><strong>Romam</strong></span> <span class='ocrx_word' id='word_1_759' title='bbox 2305 5101 2521 5171; x_wconf 86' lang='lat' dir='ltr'><strong>petendi</strong></span> <span class='ocrx_word' id='word_1_760' title='bbox 2564 5102 2822 5168; x_wconf 87' lang='lat' dir='ltr'><strong>absolvit,</strong></span> <span class='ocrx_word' id='word_1_761' title='bbox 2852 5102 3011 5159; x_wconf 90' lang='lat' dir='ltr'><strong>modo</strong></span> <span class='ocrx_word' id='word_1_762' title='bbox 3040 5106 3322 5175; x_wconf 90' lang='lat' dir='ltr'><strong>pecunias,</strong></span> <span class='ocrx_word' id='word_1_763' title='bbox 3346 5119 3485 5176; x_wconf 88' lang='lat' dir='ltr'><strong>quas</strong></span> 
     </span>
    </p>
   </div>
   <div class='ocr_carea' id='block_1_107' title="bbox 1901 5192 3045 5234">
    <p class='ocr_par' dir='ltr' id='par_1_107' title="bbox 1901 5192 3045 5234">
     <span class='ocr_line' id='line_1_107' title="bbox 1901 5192 3045 5234; baseline -0.006 0"><span class='ocrx_word' id='word_1_764' title='bbox 1901 5195 1952 5234; x_wconf 72' lang='lat' dir='ltr'><strong>in</strong></span> <span class='ocrx_word' id='word_1_765' title='bbox 2002 5193 2197 5234; x_wconf 68' lang='lat' dir='ltr'><strong>ilium-ss</strong></span> <span class='ocrx_word' id='word_1_766' title='bbox 2241 5192 2583 5232; x_wconf 63' lang='lat' dir='ltr'><strong>ntnmuliccnl</strong></span> <span class='ocrx_word' id='word_1_767' title='bbox 2671 5196 2944 5230; x_wconf 61' lang='lat' dir='ltr'><strong>nautam-nt</strong></span> <span class='ocrx_word' id='word_1_768' title='bbox 2979 5198 3045 5228; x_wconf 72' lang='grc' dir='ltr'>..ιι</span> 
     </span>
    </p>
   </div>
   <div class='ocr_carea' id='block_1_108' title="bbox 3094 5211 3484 5228">
    <p class='ocr_par' dir='ltr' id='par_1_108' title="bbox 3094 5211 3484 5228">
     <span class='ocr_line' id='line_1_108' title="bbox 3094 5211 3484 5228; baseline -0.005 0"><span class='ocrx_word' id='word_1_769' title='bbox 3094 5211 3484 5228; x_wconf 56' lang='grc' dir='ltr'>ἰιι-..-Διαιοίιι-υι</span> 
     </span>
    </p>
   </div>
  </div>
