4010 5328
489 249 600 308 465

1738 262 1743 265 ’
1834 239 1893 295 S.
1929 237 2166 297 LEOJX
2206 236 2435 291 PAP.\..

3648 232 3765 287 434

487 358 642 433 quasi
682 355 1034 416 ‘btereditario
1083 371 1114 410 a
1160 353 1477 425 parentibus
1520 352 1636 408 suis
1685 351 1978 423 acceperit.
2012 353 2069 415 ,li
2101 365 2151 428 Α
2177 351 2325 407 Idem
2356 356 2568 413 auctor,
2611 348 2849 413 libro'iv,
2877 361 2993 417 cap.
3030 345 3340 418 2|,jomisso
3358 345 3610 401 Lutrcnsi
3648 363 3773 402 mo-

487 452 768 510 enimnon
806 447 981 504 solum
1018 462 1146 512 sua,
1196 448 1291 502 sed
1334 453 1391 502 et
1436 461 1513 513 se.
1542 445 1688 515 ipsos
1736 444 1838 498 sub
1883 444 2069 500 habitu

478 541 789 601 monastico
835 536 1297 594 serviendos-Deo
1326 548 1737 591 consecravere.
1769 530 2073 604 Utrumque

487 635 706 693 disertis
727 632 906 688 verbis
935 630 1102 684 habet
1130 628 1562 698 Wibertus,cap.
1580 626 1773 692 l,licet
1803 626 1999 695 quibus
2020 625 2072 682 id

487 712 541 783 in
590 726 725 782 locis
750 723 953 780 factum
985 721 1150 777 fuerit
1178 736 1284 775 non
1330 719 1683 790 expresserit.
1708 719 1780 774 At
1810 718 1863 773 in
1892 718 2071 773 Alter-

477 822 641 879 Ἀἴθηεὶ
666 817 936 881 coenobio,
968 815 1109 885 quod
1132 829 1162 868 a
1182 813 1327 869 beati
1350 812 1548 869 Leonis
1587 811 1906 883 parentibus
1941 825 2074 867 cou-

485 911 659 967 ditum
706 908 877 964 fuisse
928 905 1069 960 idem
1119 914 1313 958 auctor
1356 899 1614 970 aﬂirmat,
1664 900 1861 956 visitur
1917 908 2073 954 vetus

474 997 786 1055 oratorium
833 996 993 1050 beato
1036 990 1300 1062 Gregorio
1355 1006 1594 1055 sacrum,
1644 989 1720 1044 in.
1754 1003 1864 1059 quo
1910 987 2072 1043 iidem

480 1095 744 1159 parentes
787 1084 932 1141 beati
974 1081 1286 1153 pontificis,
1335 1081 1440 1137 loci
1490 1079 1699 1136 scilicet
1734 1079 2069 1144 fundatores,

486 1175 681 1246 sepulti
731 1181 1142 1238 memorantur;
1207 1172 1260 1226 in
1314 1168 1636 1242 Necrologio
1689 1178 1871 1223 autem
1929 1168 2074 1238 quod

483 1267 688 1324 ibidem
726 1264 962 1320 vidimus
1002 1264 1117 1319 haec
1157 1262 1433 1318 habentur
1476 1262 1562 1318 die
1611 1259 1646 1314 4
1687 1259 2069 1330 Septembris:

491 1364 513 1414 ἀ
542 1358 645 1419 Ob.
676 1357 1061 1415 Heberhardus
1082 1371 1285 1420 comes,
1314 1354 1408 1427 qui
1437 1353 1734 1426 requiescit
1773 1353 1828 1407 in
1858 1365 2073 1408 summo

482 1454 688 1519 choro;
739 1452 892 1516 item,
923 1449 1139 1505 domina
1193 1448 1394 1503 Bertba
1425 1446 1704 1503 comitissa
1750 1442 1869 1513 ejus
1903 1460 2068 1511 uxor;

486 1545 640 1607 item.
671 1542 823 1614 llugo
853 1555 1035 1598 comes
1075 1549 1131 1596 et
1171 1537 1469 1595 monachus
1495 1537 1658 1609 hujus
1693 1536 1825 1602 loci,
1868 1537 1962 1608 qui
1988 1550 2073 1591 re-

486 1636 717 1707 quiescit
767 1642 894 1690 aute
949 1632 1123 1688 altare
1179 1630 1355 1687 sancti
1410 1629 1658 1701 Gregorii
1713 1630 1767 1684 in
1827 1626 2066 1699 capella;

2170 443 2433 506 nasterio.
2450 443 2550 496 tria
2568 441 2672 495 alia
2698 457 2729 496 a
2751 440 2894 497 beati
2919 440 3117 496 Leonis
3132 453 3283 511 papae
3306 450 3466 511 patre
3494 440 3772 497 aedificata

2170 542 2226 590 et
2250 534 2433 591 dotata
2472 532 2641 588 fuisse
2689 531 2902 586 scribit.
2951 530 3019 585 Et
3053 530 3272 601 quidem
3324 530 3596 587 Lutrense
3650 548 3774 587 mo-

2170 626 2472 683 nasterium
2526 632 2653 679 ante
2697 638 2872 679 annos
2917 622 3030 679 fere
3073 623 3505 695 quadringentos
3531 639 3563 677 a
3604 623 3776 680 beato

2172 718 2390 775 Deicolo
2424 723 2795 772 censtructum
2824 715 3021 780 fuerat,
3038 714 3236 770 sacculo
3265 715 3496 785 septimo
3510 715 3774 769 ineunte.

2169 811 2239 866 At
2267 812 2409 866 beati
2451 810 2726 882 pontificis
2755 818 3007 881 parentes
3032 818 3087 863 et
3114 807 3231 877 ejus
3260 808 3380 874 avi,
3414 816 3474 861 ut
3512 807 3771 877 loquitur

2172 902 2479 969 Wibertus,
2517 904 2586 958 ad
2630 904 2804 975 ipsum
2852 902 3268 958 restaurandum
3328 901 3582 955 nonnihil
3631 917 3771 956 con-

2172 992 2318 1049 ferre
2356 1002 2675 1064 potuerunt,
2717 993 2930 1048 decimo
2957 992 3157 1048 saeculo
3203 991 3441 1057 labente,
3470 1007 3583 1061 quo
3628 999 3776 1047 temo

2171 1099 2324 1155 pore,
2352 1093 2412 1138 ut
2459 1083 2623 1139 refert
2653 1093 2844 1139 auctor
2873 1083 3010 1139 Vita:
3044 1081 3284 1152 ejusdem
3324 1085 3505 1138 sancti
3541 1083 3776 1149 Deicoli,

2172 1172 2437 1231 Ltttrense
2463 1173 2770 1229 coenobium
2781 1172 2950 1243 ,quod
2979 1172 3321 1228 devastatum
3343 1172 3544 1240 fuerat,
3563 1184 3778 1228 restau-

2172 1272 2353 1320 ratum
2398 1274 2482 1320 est
2544 1265 2612 1321 ab
2664 1264 2887 1337 Hugone
2945 1264 3175 1328 comite,
3215 1273 3406 1335 postea
3452 1266 3774 1332 monacho,

2172 1361 2229 1408 et
2272 1355 2387 1424 ejus
2431 1355 2579 1411 filiis.
2611 1356 2687 1410 Ea
2730 1357 2798 1412 de
2836 1370 2897 1411 re
2940 1352 3160 1411 Ottonis
3210 1354 3388 1427 Magni
3434 1364 3778 1428 praeceptum

2172 1456 2350 1502 exstat
2395 1447 2451 1502 in
2501 1445 2742 1503 favorem
2793 1446 3151 1512 Baldramni,
3209 1447 3302 1518 qui
3352 1446 3553 1503 ibidem
3603 1447 3779 1504 abbas

2173 1540 2456 1596 institutus
2481 1538 2607 1596 fuit.
2641 1540 2900 1596 Subsistit
2932 1541 3201 1610 hodieque
3230 1542 3627 1597 monasterium
3666 1540 3781 1596 Lu-

2176 1641 2389 1697 trense,
2421 1633 2583 1703 vulgo
2628 1632 2767 1689 Lure
2800 1634 3038 1700 dictum,
3090 1633 3143 1689 in
3190 1633 3414 1690 dimcesi
3460 1634 3777 1702 Bisantina,

487 1731 641 1796 item,
665 1726 821 1801 Hugo
855 1742 1041 1783 comes
1073 1724 1245 1781 frater
1279 1722 1525 1796 praedicti
1549 1722 1792 1796 Hugonis
1811 1760 1827 1787 ,
1857 1721 1949 1792 qui
1979 1735 2071 1776 re-
2101 1724 2148 1785 Β
2175 1724 2319 1793 quod
2348 1724 2567 1779 unicmn
2600 1740 2723 1779 cum
2752 1723 3096 1780 Murbaeensi
3144 1726 3480 1781 monasterio
3509 1726 3772 1782 abbatem

485 1822 722 1894 quiescit
764 1822 818 1876 in
848 1822 951 1876 hoc
995 1819 1352 1875 monasterio.
1388 1817 1453 1873 Hi
1495 1815 1715 1871 fuerunt
1756 1814 2074 1870 laudatores

486 1912 827 1969 nimiasterii.
866 1931 886 1964 ι
915 1909 1126 1965 llabeut
1154 1907 1394 1978 ejusdem
1426 1906 1531 1962 loci
1559 1904 1812 1960 monachi
1847 1902 2074 1967 bullam,

488 2003 647 2074 cujus
691 2003 1065 2074 apographum
1113 2001 1385 2064 vidimus,
1437 2012 1543 2069 qua
1591 1997 1786 2053 beatus
1831 1991 2075 2065 pontifex

484 2097 671 2152 omnia
719 2096 858 2151 bona
903 2109 936 2148 a
988 2092 1103 2149 suis
1142 2091 1460 2163 parentibus
1507 2088 1681 2144 eidem
1742 2083 2075 2142 monasterio
2126 2109 2130 2113 ε

480 2182 683 2246 collata
731 2187 1021 2244 confirmat
1063 2200 1128 2240 ea
1178 2184 1297 2255 lege
1322 2193 1383 2238 ut
1417 2182 1520 2238 sub
1573 2178 1758 2251 regula
1792 2177 1937 2245 beati
1972 2175 2076 2237 Be-

486 2282 688 2339 nedicti
736 2288 1134 2352 perseveraret.
1183 2278 1259 2332 De
1304 2275 1527 2331 Helvide
1560 2288 1692 2328 vero
1732 2272 1851 2341 ejus
1893 2277 2073 2324 matre

483 2366 677 2431 scribit
720 2373 959 2430 Joannes
994 2371 1063 2426 de
1109 2370 1292 2442 Bayon
1326 2368 1381 2422 in
1429 2366 1668 2422 Historia
1717 2361 2075 2419 Medianensis

486 2468 802 2526 monasterii
833 2465 998 2536 quod,
1042 2479 1165 2520 cum
1197 2461 1396 2517 bellum
1451 2459 1594 2514 inter
1632 2455 1929 2512 llenricum
1960 2453 2075 2510 Ca2-

486 2576 667 2618 sarem
697 2569 752 2615 et
783 2557 1184 2614 Theodericum
1236 2553 1533 2608 Metensem
1571 2548 1885 2620 episcopum
1916 2560 2078 2601 exar-

487 2653 672 2717 sisset,
699 2650 810 2715 illa,
838 2647 1064 2703 firmatis
1093 2645 1287 2701 castris
1317 2658 1438 2714 qua:
1466 2641 1531 2697 ad
1558 2657 1676 2697 eam
1705 2638 2070 2711 pertinebant,

486 2742 778 2800 secesserit
826 2741 881 2795 in
933 2738 1323 2795 monasterium
1381 2734 1771 2799 Medianense,
1825 2730 1917 2785 ubi
1967 2729 2075 2799 piis

486 2837 743 2907 operibus
779 2847 1001 2895 vacans,
1059 2847 1287 2902 corpora
1336 2838 1652 2886 sanctorum
1695 2825 1888 2881 Lazari
1933 2824 2075 2895 regis

486 2939 543 2986 et
571 2929 700 2984 Azre
740 2926 858 2996 ejus
904 2926 1055 2991 filias,
1097 2939 1218 2995 quae
1263 2932 1390 2979 ante
1445 2936 1620 2976 annos
1672 2917 1963 2987 nonaginta
2017 2925 2073 2972 et

487 3023 729 3095 quinque
755 3021 809 3076 in
841 3020 1077 3075 maceria
1122 3017 1363 3073 basilicae
1409 3015 1583 3072 sancti
1623 3012 1770 3070 Petri
1817 3013 1879 3066 ob
1926 3009 2074 3065 Pan-

2178 1817 2362 1883 habet,
2391 1818 2466 1871 ita
2494 1825 2681 1873 tamen
2710 1827 2770 1872 ut
2810 1817 2900 1874 ille
2954 1819 3123 1874 abbas
3175 1818 3231 1873 in
3277 1817 3514 1874 comitiis
3561 1818 3780 1890 imperii

2176 1910 2319 1966 inter
2354 1911 2628 1982 principes
2659 1911 2868 1966 duobus
2894 1910 3169 1983 suffragiis
3195 1911 3464 1982 gaudeat;
3511 1911 3607 1967 sed
3636 1926 3779 1983 pace

2174 2001 2319 2057 inter
2360 2003 2645 2073 imperium
2688 2011 2744 2058 et
2788 2000 3020 2059 Galliam
3069 2016 3239 2057 anno‘
3265 2003 3399 2059 1697
3430 2004 3669 2071 sancita,
3709 2020 3779 2058 ea

2175 2092 2355 2148 omnia
2386 2108 2507 2165 quae
2554 2094 2691 2148 citra
2726 2093 2975 2149 Rhenum
3022 2094 3125 2149 sita
3155 2103 3281 2150 sunt
3324 2096 3391 2151 ad
3432 2094 3777 2150 Francorum

2176 2186 2464 2257 imperium
2500 2186 2777 2257 pertinere
2826 2187 3046 2253 debent,
3093 2204 3159 2245 ac
3192 2189 3272 2245 sic
3311 2198 3607 2259 utrumque
3642 2187 3780 2243 illud

2176 2279 2566 2332 monasterium
2600 2278 2762 2334 hodie
2804 2279 2906 2335 sub
2948 2278 3154 2336 Gallica
3203 2282 3410 2338 ditione
3453 2282 3623 2337 situm
3666 2291 3778 2336 est.

2176 2367 2334 2444 llissa
2381 2370 2544 2424 etiatn
2605 2386 2748 2426 nunc
2803 2371 3044 2441 priscum
3098 2388 3293 2429 nomen
3349 2374 3569 2438 retinet,
3615 2373 3784 2443 vulgo

2178 2461 2363 2529 ﬂesse,
2406 2478 2512 2517 una
2552 2462 2774 2518 circiter
2816 2463 2970 2519 leuca
3004 2465 3212 2520 distans
3240 2481 3270 2519 a
3310 2465 3593 2536 Sarhurgo
3622 2463 3781 2535 (Sur-

2177 2553 2386 2625 bourg),
2417 2555 2783 2627 Lotharingia:
2808 2557 3006 2627 Oppido
3032 2557 3099 2612 ad
3145 2558 3356 2614 radices
3386 2556 3586 2630 Vosagi
3618 2573 3780 2613 mon-

2177 2646 2267 2700 tis.
2303 2643 2404 2700 Hic
2435 2645 2588 2700 locus
2619 2646 2672 2701 in
2717 2646 3053 2716 prioratum,
3099 2648 3176 2702 uti
3216 2657 3432 2713 vocant,
3465 2648 3775 2720 simplicem

2176 2737 2433 2791 redactus
2484 2737 2718 2792 abbatia:
2766 2737 3054 2792 Alticsilvzc
3112 2737 3503 2809 (llauteseilfe)
3561 2738 3778 2793 ordinis

2174 2827 2555 2885 Cisterciensis
2601 2829 2784 2884 unitus
2832 2837 2937 2884 est.
2994 2828 3309 2885 Altorfcnse
3359 2828 3600 2900 (Altorf)
3658 2845 3780 2884 mo-

2175 2923 2495 2989 nasterium,
2529 2923 2673 2992 quod
2714 2922 2900 2977 Sancti
2947 2921 3165 2993 Cyriaci
3199 2923 3436 2993 appellat
3467 2922 3776 2987 Wibertus,

2177 3014 2446 3086 hodieque
2498 3014 2750 3070 subsistit
2810 3014 2988 3069 ordini
3043 3014 3401 3071 Benedictino
3456 3014 3772 3080 addictum,

487 3114 731 3169 nonicam
764 3121 965 3183 gentem
1014 3109 1220 3166 Gallias
1243 3108 1538 3177 pulsantem
1588 3105 1905 3161 abscondita
1958 3102 2072 3157 fne-
2100 3100 2146 3163 C
2178 3105 2322 3161 haud
2353 3107 2542 3176 procul
2570 3123 2600 3160 a
2632 3106 2952 3161 Molshcmio
2978 3106 3201 3163 Alsatize
3231 3107 3365 3162 urbe
3408 3123 3515 3162 non
3549 3107 3772 3178 ignobili

488 3213 635 3273 rant,
672 3204 899 3261 detexit.
941 3202 1105 3257 Plura
1154 3200 1297 3255 idem
1337 3208 1530 3253 auctor
1568 3197 1733 3251 habet
1774 3196 1840 3250 de
1883 3201 2074 3248 sancto

489 3296 691 3360 Leone,
723 3308 844 3364 qua)
872 3292 984 3348 suis
1004 3291 1139 3347 locis
1167 3303 1267 3361 pro
1295 3288 1702 3361 opportunitate
1736 3299 2074 3369 commemo-
2093 3356 2110 3363 θ’

492 3386 751 3441 rabimus.
790 3384 918 3456 Ejus
960 3398 1092 3439 vero
1144 3381 1433 3452 scriptoris
1480 3379 1764 3442 notitiam,
1823 3391 2075 3432 reveren-

490 3479 717 3535 dissimo
760 3477 908 3533 Patri
961 3476 1161 3532 domno
1202 3472 1502 3545 llyacintho
1548 3471 1714 3526 Alliot
1766 3469 2089 3524 Medianen-'

490 3571 567 3626 sis
594 3568 910 3625 monasterii
946 3567 1129 3623 abbati
1159 3584 1190 3621 e
1221 3564 1639 3634 congregatione
1670 3561 1844 3617 sancti
1894 3559 2072 3616 Vitoni
2100 3628 2103 3635 γ

491 3660 772 3724 debemus,
820 3658 911 3729 qui
960 3672 1065 3712 non
1114 3640 1288 3711 solum
1334 3653 1494 3724 hujus
1537 3652 1777 3710 auctoris
1822 3649 2076 3705 Historia:

490 3752 771 3821 esernplar
822 3748 889 3804 ad
928 3762 1027 3803 nos
1075 3745 1395 3809 transmisit,
1428 3746 1568 3799 sicut
1601 3749 1657 3799 et
1702 3742 1808 3797 alia
1849 3755 2076 3812 quaeque

492 3854 673 3901 vetera
708 3844 1068 3898 instrumenta
1094 3850 1148 3893 et
1171 3838 1373 3909 scripta
1416 3851 1536 3908 quae
1563 3836 1618 3891 in
1642 3833 1992 3904 Lotbaringia
2022 3845 2078 3889 et

490 3935 698 3992 Alsatia
742 3943 796 3989 et
834 3933 885 3988 in
916 3932 1110 3987 vicinis
1138 3930 1444 3987 Germania:
1476 3928 1822 3985 monasteriis
1857 3941 2079 3996 compa-

493 4043 618 4082 rare
635 4026 831 4097 potuit,
862 4022 956 4079 sed
996 4038 1098 4078 nec
1121 4021 1269 4076 curis
1299 4029 1391 4075 aut
1431 4019 1727 4085 laboribus,
1763 4018 1878 4074 sive
1908 4018 2074 4072 etiam

495 4117 800 4186 sumptibus
842 4114 1039 4185 parcit,
1093 4123 1151 4168 ut
1208 4113 1344 4168 actis
1394 4126 1707 4168 sanetorum
1763 4119 2074 4167 nostrorum

498 4207 832 4265 illustrandis
860 4216 953 4263 aut
978 4206 1266 4261 annalibus
1292 4205 1657 4261 Benedictinis
1685 4203 2077 4260 concinnandis

496 4299 772 4369 suppetias
799 4296 963 4352 ferat.
984 4298 1059 4351 Ex
1089 4311 1154 4351 eo
1181 4296 1439 4350 nonnulla
1462 4311 1675 4364 quoque
1699 4296 1989 4350 didicimus
2011 4296 2077 4350 de

495 4388 844 4463 monasteriis
890 4403 1010 4457 qua:
1058 4401 1088 4440 a
1140 4386 1280 4441 beati
1334 4386 1528 4441 Leonis
1586 4385 1900 4455 parentibus
1950 4400 2078 4438 con-

2176 3195 2364 3250 situm.
2404 3195 2480 3253 De
2529 3213 2595 3252 eo
2648 3196 2939 3252 Bnceliuus
2983 3197 3037 3251 in
3082 3197 3376 3251 Germania
3419 3212 3606 3254 sacra.
3646 3196 3776 3252 Wo-

2175 3287 2555 3341 senhcimense
2590 3287 2827 3356 denique
2876 3287 3185 3343 emnobinm
3237 3295 3360 3357 post
3386 3287 3569 3342 varias
3595 3284 3768 3343 fortu-

2174 3377 2351 3432 nasin
2386 3378 2577 3433 cellam
2626 3380 2928 3444 redactum,
2962 3394 3027 3436 ac
3074 3394 3212 3449 pene
3257 3379 3485 3436 omnino
3528 3379 3777 3435 dirutum

2170 3468 2335 3539 jacet.
2372 3468 2502 3537 Ejus
2548 3468 2663 3524 sola
2709 3480 3004 3539 supersunt
3054 3472 3287 3537 rudera,
3323 3471 3482 3543 cujus
3526 3471 3776 3527 eetlesize

2175 3557 2514 3629 aliorumque
2559 3560 2912 3616 aedificiorum
2968 3560 3111 3617 muri
3156 3559 3363 3632 absque
3412 3562 3572 3617 tectis
3609 3563 3775 3617 etiam

2180 3664 2327 3705 nunc
2357 3650 2605 3705 visuntur
2649 3651 2795 3706 haud
2832 3652 3021 3722 procul
3068 3655 3135 3707 ab
3184 3652 3502 3724 Egarsemio
3550 3655 3777 3723 oppido.

2176 3745 2221 3799 A
2247 3760 2356 3817 quo
2387 3763 2494 3803 uno
2534 3748 2755 3804 circiter
2804 3750 3060 3806 milliario
3095 3749 3602 3807 Wosenheimensis
3648 3766 3781 3820 par-

2177 3842 2380 3899 tltcnon
2423 3841 2684 3908 distabat,
2717 3852 2949 3912 quatuor
2992 3858 3126 3899 vero
3171 3853 3265 3898 aut
3311 3844 3553 3914 quinque
3594 3860 3625 3898 a
3661 3845 3772 3900 Cos

2176 3932 2439 3987 lumbaria
2470 3933 2725 4004 (Colmrzr)
2751 3975 2765 3999 ,
2808 3934 3047 4004 supremi
3089 3934 3309 3990 Alsatice
3365 3942 3588 3991 senatus
3619 3935 3773 3990 sede.

2176 4025 2442 4081 Cancrum
2490 4025 2619 4082 illud
2661 4038 2743 4081 cst
2777 4028 2950 4097 ipsum
2984 4028 3306 4083 ancillarum
3357 4028 3450 4083 Dei
3501 4038 3780 4084 monaste-

2177 4118 2317 4172 rium
2344 4116 2557 4173 Saucta:
2584 4116 2792 4181 Crucis.
2812 4121 2879 4174 de
2899 4118 3053 4188 cujus
3090 4120 3371 4175 advocatia
3401 4119 3776 4191 disceptabant

2176 4207 2331 4280 Ηυςο
2366 4216 2422 4262 et
2465 4207 2760 4271 Ger-artius,
2793 4209 2936 4265 beati
2969 4209 3167 4264 Leonis
3206 4221 3433 4281 nepotes
3458 4250 3473 4275 ,
3529 4220 3777 4283 tempore

2176 4296 2423 4369 Gregorii
2460 4297 2565 4363 Vll,
2596 4308 2653 4353 ut
2688 4309 2835 4382 paOtet
2862 4316 2927 4356 ex
2957 4299 3075 4369 ejus
3103 4300 3327 4369 cpistola
3357 4300 3423 4354 14
3449 4300 3573 4355 libri
3608 4317 3671 4367 ll,
3705 4303 3774 4355 ad

2179 4388 2539 4444 Guarnerium
2562 4389 3009 4462 Argeutiuensetn
3027 4402 3085 4446 et
3104 4390 3474 4447 Burchardmu
3497 4390 3776 4447 Basilceno

496 4488 701 4535 structa
747 4459 778 4533 a
819 4476 1067 4532 Wiberto
1112 4478 1385 4531 dicuntur.
1440 4474 1684 4542 Quatuor
1734 4475 2075 4545 potissimum
2107 4459 2299 4535 Dsem
2345 4459 2659 4551 episcopos,
2718 4482 2806 4537 ubi
2857 4482 2996 4537 idem
3049 4480 3292 4552 pontifex
3343 4490 3577 4537 testatur
3629 4483 3772 4537 istud

498 4579 870 4633 recensentur,
920 4567 1075 4623 Hissa
1101 4608 1116 4634 ,
1156 4567 1330 4622 sancti
1372 4566 1609 4638 Cyriaci,
1642 4565 1807 4620 Lutra
1841 4574 1896 4621 et
1936 4564 2082 4618 Wof-

498 4663 756 4722 feubeim.
813 4661 944 4728 Quae
1001 4659 1163 4715 etiam
1223 4657 1511 4713 Richcrius
1567 4657 1771 4712 libron
1823 4656 2077 4713 Cliroaici

498 4754 871 4817 Senonicusis,
920 4752 1099 4821 capite
1149 4751 1243 4811 li.
1276 4757 1667 4804 commemorat
1717 4749 1804 4804 his
1858 4751 2072 4804 verbis:

502 4870 520 4903 ι
556 4850 734 4912 Anno,
758 4846 953 4916 inquit,
983 4845 1142 4909 1002,
1175 4844 1428 4898 uativitas
1461 4844 1599 4897 beati
1632 4841 1932 4897 Brunnnis.
1953 4885 1965 4897 .
1996 4885 2039 4898 ..
2061 4884 2076 4899 .

496 4939 649 5009 cujus
688 4947 943 5011 parentes
989 4936 1214 4991 llessam
1267 4934 1656 4989 monasterium
1688 4935 2075 4990 sanctimonia-

498 5033 630 5086 lium
663 5045 827 5101 penes
855 5029 1161 5086 Sareborch
1210 5025 1635 5084 tedificaverunt.
1672 5022 1833 5081 Aliud
1863 5042 2079 5097 quoque

499 5121 888 5176 monasteriqu
927 5127 1383 5184 construxerunt,
1431 5118 1574 5189 quod
1623 5117 1819 5173 Aldorf
1860 5119 2076 5184 dicitur,

501 5211 708 5267 ordinis
762 5215 938 5267 sancti
998 5213 1272 5268 Benedicti
1304 5254 1319 5279 ,
1374 5212 1518 5282 quod
1560 5212 1612 5267 in
1658 5211 1860 5267 Alsatia
1914 5213 2078 5267 situm

1210 5306 1347 5328 ---ΑΔ
1408 5308 1697 5328 I‘--_n_-_--
1756 5306 1977 5328 .ιε-ξ.--...
2030 5315 2075 5328 ,ι

663 5305 877 5328 IA-A:--—-
942 5307 1098 5328 ,ιε-..-

2190 4590 2209 4623 ι
2239 4574 2629 4627 monasterium
2667 4572 2883 4627 Saucttu
2907 4573 3118 4633 Crucis.
3152 4574 3203 4627 in
3245 4582 3388 4628 terra
3438 4572 3773 4628 haereditatis

2182 4679 2295 4718 sua:
2323 4678 2353 4717 a
2382 4665 2555 4719 beatae
2602 4666 2878 4721 memoriae
2912 4664 3096 4719 Leone
3145 4680 3281 4735 papa
3330 4663 3614 4719 fundatum
3640 4704 3657 4729 ,
3705 4679 3772 4718 ac

2182 4753 2420 4825 propriis
2445 4756 2638 4823 opibus
2679 4755 2795 4825 ejus
2821 4765 3218 4823 constructum,
3265 4765 3469 4811 sancta:
3511 4755 3771 4810 Romame

2183 4844 2458 4911 Ecclesite,
2491 4846 2576 4900 cui
2609 4847 2694 4917 pie
2720 4855 2776 4901 et
2800 4857 2988 4903 sancte
3014 4848 3356 4918 praisideuat,
3390 4849 3443 4903 in
3489 4849 3765 4919 proprium

2175 4940 2267 5010 jus
2296 4942 2365 4994 ab
2411 4953 2477 4994 eo
2512 4940 2680 4996 fuisse
2718 4941 2997 4997 traditum.
3035 4960 3054 4994 ι
3089 4942 3221 4996 Data
3250 4952 3333 4997 est
3365 4958 3454 4997 x~tv
3489 4941 3616 4998 Kal.
3651 4939 3766 4996 Νο-

2180 5032 2425 5096 υεηιὺγίε,
2455 5032 2740 5086 indictione
2765 5049 2883 5087 xui.
2917 5032 3121 5088 Prmter
3150 5032 3265 5088 ha'c
3287 5033 3593 5090 Ludovicus
3620 5034 3764 5088 beati

2180 5124 2447 5195 potitificis
2479 5138 2534 5177 ax
2549 5139 2632 5190 us,
2666 5124 2709 5178 si
2731 5123 2922 5178 Joanni
2951 5126 3018 5179 de
3044 5126 3225 5195 Bayon
3249 5127 3541 5187 credimus.
3570 5127 3763 5181 dicitur

2182 5217 2374 5273 cellam
2389 5215 2689 5270 aedificasse
2719 5216 2998 5271 iuonachis
3019 5216 3190 5271 Mauri
3223 5217 3537 5271 monasterii
3556 5214 3763 5286 (Maur-

2204 5325 2287 5328 ...._
2321 5308 2435 5328 -.-αἱ
2479 5308 2527 5328 2.-
2580 5308 2832 5328 I.-._-_.---_
2876 5323 2999 5328 -----

3011 5308 3045 5328 ι’
3084 5307 3236 5328 ,λης-,ξ
3283 5308 3295 5328 3
3392 5309 3404 5328 Ι
3437 5308 3533 5328 ---1
3572 5305 3758 5328 _._----I
