4010 5328
203 428 298 498 tos
920 467 938 483 .
1050 426 1348 488 PROLEG.
1387 409 1459 473 l»
1491 428 1653 489 vus
1694 371 1753 485 εί
1789 425 2057 485 Lt-zoxts.
2094 455 2164 468 --
2190 423 2579 486 PROLOGUS.
3310 423 3453 491 ,th-

205 557 291 601 tert
328 552 522 607 castro,
561 540 703 613 quod
748 541 890 599 sicut
934 550 991 599 et
1032 546 1324 603 comitatus
1353 546 1476 617 ipse
1520 545 1761 605 Dasbur-
1786 551 1837 612 Α
1862 546 2059 605 abbate
2079 555 2364 605 exaratum
2393 548 2563 612 cst,‘et
2591 544 2827 617 primum
2855 559 2929 600 ex
2955 542 3443 614 C‘apuauis,quze-a

204 635 366 703 gettsis
410 634 463 689 in
497 634 751 689 comitum
783 633 1175 707 Linangiorum
1226 636 1553 699 Lutheranze
1596 650 1761 697 scolae
1862 638 2121 697 Michaele
2169 639 2437 695 monacho
2471 639 2525 693 in
2574 634 2896 691 Sanctuario
2928 633 3258 690 referuntur.
3290 631 3445 698 Quod

205 726 573 796 possessionem
608 723 846 780 devenit.
870 720 986 792 Qua
1012 743 1141 791 vero
1169 728 1382 785 ratione
1411 730 1502 786 hic
1530 732 1764 787 comita-
1861 740 1918 787 et
1946 731 2000 786 in
2022 730 2143 786 aliis
2172 729 2373 800 passim
2402 742 2693 785 occurrere
2722 740 2829 781 non
2868 724 3197 787 dubitamus,
3232 722 3286 777 in
3320 722 3443 792 qui-

205 826 281 874 tus
304 832 334 872 e
369 818 509 871 beati
550 806 747 873 Leonis
797 818 1004 874 rainilia
1054 821 1331 879 transierit
1384 822 1454 879 ad
1501 831 1720 879 exteros
1744 862 1759 888 ,
1862 827 1965 883 bus
1992 824 2133 880 sicut
2164 833 2219 878 et
2248 822 2301 878 in
2340 820 2724 894 Martyrologio
2748 820 3012 884 Romano,
3044 818 3131 874 die
3156 817 3223 874 l9
3246 817 3448 888 Aprilis

201 908 402 976 etpottil
428 906 710 963 Richerius
738 909 793 962 in
835 908 1106 965 Chronico
1130 909 1479 977 Senoniensi,
1510 911 1652 969 libro
1686 928 1760 979 tv,
1863 915 2189 972 celebratur.
2222 914 2337 970 Non
2374 914 2519 969 enim
2571 913 2758 968 Romae
2788 910 2960 967 solum
2998 919 3091 966 aut
3118 918 3175 965 et
3209 909 3263 964 in
3293 908 3447 969 Italia

205 1013 308 1067 cap.
355 997 441 1052 2i.
485 998 737 1054 Castrum
769 1001 898 1056 illud
923 1044 938 1066 ,
985 1004 1129 1073 quod
1178 1003 1569 1058 validissimum
1621 1014 1761 1071 erat,
1864 1008 2063 1063 festum
2098 1005 2216 1077 ejus
2261 1005 2543 1073 recolitur,
2571 1005 2667 1061 sed
2704 1004 2843 1071 etin
2881 1003 3002 1059 aliis
3028 1016 3245 1073 quoque
3273 1000 3449 1073 regio-

206 1087 445 1156 ho'dieque
471 1088 764 1158 pristinum
813 1106 1010 1146 nomen
1051 1092 1269 1158 retinet,
1308 1092 1606 1165 Dasbourg,
1643 1108 1763 1159 seu,

1866 1101 2026 1158 nibus
2070 1098 2334 1155 memoria
2381 1095 2499 1167 ejus
2552 1096 2784 1152 celebris
2833 1103 2951 1160 est;
3009 1093 3351 1166 potissimum
3394 1092 3448 1146 iu

206 1188 256 1233 ut
274 1178 450 1249 vulgus
471 1179 734 1250 loquitur,
766 1181 914 1237 Dabo
945 1184 1180 1252 dictum,
1211 1184 1376 1241 situm
1409 1185 1461 1242 in
1493 1200 1625 1255 rupe
1660 1183 1765 1241 Vo-

1869 1189 2105 1245 Tullensi
2134 1189 2379 1255 dioecesi,
2416 1188 2506 1243 ubi
2533 1187 2635 1243 sub
2665 1187 2772 1241 ritu
2813 1186 3013 1256 duplici
3037 1183 3366 1249 celebratur,
3396 1192 3452 1238 et

205 1271 305 1342 sagi
332 1270 524 1326 maritis
553 1287 744 1328 versus
776 1273 1065 1339 Alsatiatn,
1098 1275 1167 1331 ad
1211 1287 1372 1349 quam
1396 1276 1613 1343 attinet,
1639 1291 1764 1331 cum

1869 1285 2009 1356 apud
2057 1293 2275 1340 nostros
2324 1282 2671 1354 Rcmigiauos
2718 1277 3076 1347 semiduplici.
3110 1276 3254 1333 Idem
3295 1274 3357 1330 fit
3396 1275 3452 1329 in

205 1360 422 1431 suljecto
443 1362 548 1418 sibi
579 1364 838 1434 oppidulo
862 1374 918 1421 et
951 1366 1129 1422 vicino
1157 1374 1336 1422 tractu
1361 1407 1377 1433 ,
1424 1368 1764 1424 destructum

1871 1373 2092 1431 dimcesi
2122 1373 2439 1437 Basileensi,
2478 1388 2544 1428 ex
2582 1370 2810 1427 Joannis
2857 1384 2887 1424 a
2915 1366 3186 1424 Schonaw
3215 1364 3454 1438 episcopi

205 1452 312 1516 Ῐυίιι
346 1452 568 1522 iuben”
605 1454 945 1510 Francorum
991 1472 1140 1528 τοῦθ,
1170 1472 1313 1513 διιιιο
1340 1456 1511 1525 1⁸7δί
1542 1457 1635 1512 sed
1653 1457 1764 1528 1³⁸11
1867 1464 2146 1520 mandato.
2190 1461 2304 1520 Nec
2334 1462 2555 1518 dubium
2586 1470 2671 1518 est
2709 1460 2841 1530 quin
2888 1459 3034 1515 idem
3080 1467 3370 1530 praestetur
3397 1455 3454 1510 in

206 1547 261 1600 ad
290 1545 493 1602 beatum
516 1546 756 1603 Leonem
786 1547 1095 1605 redeamus.
1870 1557 2037 1613 variis
2062 1555 2273 1620 Galliae,
2298 1539 2609 1610 Germania:
2638 1563 2691 1609 et
2722 1552 2951 1624 Belgicae.
2973 1551 3137 1617 locis,
3161 1565 3304 1620 quae,
3326 1548 3465 1604 dum.

264 1636 310 1688 7.
342 1637 409 1691 De
450 1637 649 1694 Leonis
690 1651 935 1696 extremo
988 1656 1134 1697 anno
1189 1641 1336 1696 nulla
1385 1641 1600 1697 videtur
1645 1655 1769 1698 esse
1867 1649 2098 1714 viveret,
2157 1646 2405 1701 lustravit
2447 1660 2513 1700 ac
2561 1660 2657 1701 sua
2706 1642 3011 1715 prmseutia,
3062 1649 3118 1697 et
3154 1638 3461 1711 pontiﬁcali

206 1726 651 1795 ἀίίιὶευιιέιδςθιιηι
676 1732 876 1803 quippe
898 1748 1043 1787 anno
1066 1732 1203 1788 1054
1229 1734 1297 1789 ad
1322 1732 1769 1803 superosabiisse
1869 1737 2248 1796 benedictione
2299 1752 2365 1792 ac
2416 1734 2583 1791 variis
2646 1733 2946 1807 privilegiis
3001 1731 3344 1787 consecravit
3391 1744 3461 1785 ae

207 1822 526 1875 consentiunt
555 1837 783 1890 omnes,
836 1834 1034 1894 printer
1066 1825 1241 1881 solum
1286 1825 1594 1882 Wibertum
1622 1867 1637 1892 ,
1677 1826 1768 1896 qui
1871 1828 2246 1884 communivit.
2298 1826 2589 1893 Craterum,
2647 1825 2693 1881 si
2748 1824 2817 1879 ob
2875 1824 2999 1879 vitae
3046 1819 3458 1879 sanctimoniam

204 1926 381 1967 annuat
410 1922 730 1982 sequentem
774 1916 1093 1987 assignavit.
1118 1916 1173 1971 Id
1213 1932 1280 1971 ex
1309 1916 1657 1972 librariorum
1690 1916 1770 1970 vi-
1801 1904 1845 1964 Β
1873 1919 2148 1977 caelitibus
2183 1918 2455 1986 ascriptus
2493 1925 2602 1979 est,
2648 1915 2718 1971 ob
2768 1914 3075 1969 doctrinam
3110 1910 3251 1967 inter
3277 1909 3452 1966 eccle-

209 2005 272 2059 tio
305 2005 353 2060 in
408 2005 639 2062 Wiberti
692 2016 894 2063 textum
952 2010 1235 2081 irrepsisse
1285 2020 1511 2066 censent
1549 2008 1767 2065 Bollan-
1869 2010 2121 2067 siasticos
2149 2009 2445 2079 scriptores
2485 2008 2663 2062 locum
2699 2005 2954 2061 obtinuit.
2990 2004 3064 2059 De
3110 2000 3230 2070 ejus
3267 2000 3461 2073 Operi-

208 2096 363 2160 diazii;
409 2107 462 2151 et
497 2099 724 2167 quidem
754 2102 1051 2157 verisimile
1081 2111 1166 2159 est
1200 2104 1343 2157 hunc
1363 2117 1608 2158 errorem
1637 2117 1765 2172 pro-
1869 2103 1974 2159 bus
1997 2101 2131 2157 nihil
2158 2100 2454 2155 notandum
2486 2098 2727 2153 occurrit
2752 2111 2916 2167 quam
2956 2094 3100 2165 quod
3139 2093 3324 2149 cteteri
3346 2089 3460 2162 jam

208 2189 395 2244 venisse
444 2192 764 2247 occasione
797 2193 1078 2249 electionis
1124 2193 1358 2251 Victoris
1384 2194 1455 2262 ll,
1492 2193 1610 2264 ejus
1644 2210 1770 2251 suc-
1868 2197 2253 2252 observarunt.
2296 2191 2646 2264 Sigcbertus,
2700 2187 2985 2245 recensitis
3009 2186 3128 2258 ejus
3171 2185 3458 2256 Operibus,

206 2283 435 2347 cessaris,
460 2298 586 2351 qua:
615 2284 831 2339 nonnisi
859 2300 1004 2340 anno
1032 2286 1148 2341 fere
1177 2286 1389 2357 integro
1426 2296 1546 2356 post
1571 2285 1771 2343 Leonis
1870 2302 1994 2345 eum
2021 2287 2093 2343 ob
2134 2301 2197 2342 ea
2234 2300 2355 2356 qua:
2405 2284 2460 2339 in
2498 2290 2812 2340 sanctorum
2843 2281 3106 2337 honorem
3137 2278 3461 2350 composuit,

206 2372 387 2426 obitum
441 2373 584 2430 facta
643 2374 765 2430 fuit.
819 2374 911 2431 Sic
965 2386 1147 2431 tamen
1203 2377 1407 2433 habent
1446 2392 1553 2432 non
1594 2377 1769 2431 solum
1871 2378 2135 2451 Gregorio
2165 2376 2358 2449 Magno
2378 2383 2678 2447 comparat,
2703 2388 2822 2445 cap.
2857 2371 2980 2437 “9,
3006 2371 3081 2426 De
3107 2367 3465 2440 scriptoribus

205 2463 337 2528 editi,
366 2466 454 2520 sed
485 2475 540 2521 ct
567 2465 786 2523 codices
812 2467 848 2521 2
873 2483 1003 2523 mss.
1053 2468 1399 2524 Bibliotheca:
1439 2468 1772 2540 Remigianaa
1870 2467 2278 2523 ecclesiasticis.
2329 2464 2607 2521 Aubertus
2661 2463 2880 2519 Μίνωας
2911 2477 3043 2519 vero
3097 2461 3150 2516 in
3204 2460 3348 2516 notis
3392 2459 3464 2515 ad

208 2555 327 2624 apud
355 2555 575 2623 Remos,
606 2572 745 2629 quos
772 2558 1172 2625 consuluimus;
1198 2559 1290 2615 sed
1320 2572 1381 2613 ut
1411 2569 1468 2614 ut
1500 2560 1590 2621 sit,
1611 2560 1772 2614 unico
1872 2561 2018 2617 hunc
2057 2559 2323 2630 Sigeberti
2352 2558 2553 2623 locum,
2602 2556 2789 2627 adjicit
2818 2564 3015 2627 prmtcr
3058 2552 3316 2625 epistolas
3348 2547 3466 2621 ejus

209 2642 414 2700 Wiberti
442 2648 760 2702 testimonio
780 2648 1177 2719 praeferendum
1213 2662 1503 2705 censemus
1541 2650 1772 2707 aliorum
1871 2652 2077 2716 varias,
2106 2651 2301 2719 qurein
2339 2649 2717 2706 Conciliornm
2767 2647 3101 2703 editionibus
3141 2654 3197 2701 et
3246 2644 3465 2700 Baronii

207 2735 421 2789 omnium
470 2736 825 2807 scriptorum,
858 2739 1021 2793 etiam
1065 2739 1376 2810 mqualium,
1422 2755 1769 2797 consensum.
1872 2741 2172 2797 Annalibus
2203 2742 2498 2806 habentur,
2528 2738 2771 2809 ejusdem
2818 2739 2994 2794 sancti
3045 2736 3324 2809 pontiﬁcis
3366 2737 3466 2791 ho-

209 2822 448 2882 Canerum
478 2827 593 2885 Leo
643 2831 831 2884 statim
866 2841 991 2901 post
1021 2842 1250 2887 mortem
1291 2833 1391 2888 coli
1438 2838 1629 2904 erepit,
1663 2848 1771 2888 non
1874 2832 2053 2888 milias
2085 2840 2141 2887 et
2179 2846 2464 2888 sermones
2511 2830 2737 2886 Lovanii
2787 2845 2933 2885 anno
2966 2828 3104 2884 l565
3132 2836 3189 2883 et
3228 2827 3467 2884 Coloni'z

208 2919 361 2974 solum
392 2920 577 2976 Roma:
646 2922 738 2976 ubi
788 2938 1004 2979 sacrum
1047 2925 1167 2994 ejus
1211 2940 1409 2997 corpus
1441 2927 1775 2997 quotidiauis
1875 2930 2033 2996 1618,
2070 2930 2361 3001 prodiisse,
2391 2928 2534 2999 quod
2578 2926 2721 2982 idem
2762 2924 2972 2981 notavit
3015 2922 3307 2980 cardinalis
3347 2920 3470 2977 Bel-

212 3014 460 3069 mtracnlts
486 3017 841 3081 coruScabat,
873 3033 1061 3072 verum
1111 3020 1275 3074 etiam
1306 3017 1598 3075 Beneventi
1624 3060 1639 3086 ,
1683 3021 1774 3076 ubi
1875 3024 2157 3080 larminus.
2189 3023 2431 3092 Denique
2469 3035 2741 3077 summam
2768 3018 2882 3089 ejus
2915 3018 2967 3073 in
2997 3016 3206 3072 litteras
3235 3029 3470 3085 propen-

211 3103 446 3159 adilicala
487 3106 589 3162 fuit
635 3109 689 3163 in
743 3109 860 3180 ejus
907 3110 1169 3166 honorem
1217 3110 1447 3166 ecclesia
1483 3121 1539 3167 et
1577 3113 1773 3166 festum
1876 3114 2085 3170 sionem
2117 3113 2331 3185 probat,
2372 3114 2533 3184 idque
2566 3109 2735 3167 veluti
2780 3108 3027 3165 mirabile
3071 3106 3325 3179 proponit
3344 3103 3467 3161 Wi-

213 3192 358 3261 ipsius
382 3197 738 3254 celebratum.
777 3200 920 3255 Idem
966 3202 1033 3257 de
1076 3217 1174 3257 sua
1229 3203 1497 3276 Signiensi
1544 3204 1773 3260 ecclesia
1807 3261 1846 3278 Α
1878 3210 2065 3265 bertus
2096 3208 2235 3264 libro
2264 3223 2325 3273 tt,
2357 3222 2478 3278 cap.
2516 3206 2604 3273 14,
2638 3205 2782 3277 quod
2813 3218 3008 3274 nempe
3042 3200 3183 3257 ultra
3209 3200 3471 3272 quinqua-

216 3292 418 3341 leStatur
449 3288 653 3345 Bl'llth.
684 3289 890 3345 Nomen
922 3291 1040 3363 ejus
1080 3294 1343 3349 exhibent
1389 3294 1772 3351 Kalendarium
1803 3261 1847 3323 Ο
1880 3300 2126 3371 genarius
2153 3308 2300 3353 tanta
2334 3297 2553 3368 ferveret
2582 3297 2851 3361 studio,ut
2879 3295 3177 3351 divinarum
3198 3291 3477 3351 lectionem

213 3376 1400 3459 breviariims.Casinensisttionasterii,quod
1414 3387 1514 3444 sub
1529 3388 1776 3445 Oderisio
1885 3385 2278 3460 Scripturamm
2309 3384 2493 3441 (ἐναεεο
2524 3385 2814 3440 addiscere:
2848 3384 3075 3455 eloquio.

1685 3482 1973 3506 ﬂ

1498 3564 2175 3660 PROLOGUS.

276 3706 417 3762 Viam
468 3699 746 3766 universae
788 3713 975 3768 carnis
1018 3714 1266 3785 ingresso
1316 3715 1572 3785 pontiﬁce
1621 3714 1782 3771 Heri-
1887 3720 2102 3790 negotio
2146 3718 2319 3790 stylus
2365 3718 2643 3782 reddatur,
2675 3725 2734 3771 ut
2782 3714 2850 3771 de
2906 3721 3055 3768 tanto
3086 3709 3313 3784 prazsnle
3361 3725 3471 3767 non

217 3811 389 3855 tuanno
412 3801 513 3871 (l),
541 3803 811 3859 successit
835 3804 1163 3861 venerabilis
1188 3804 1388 3871 Bruuo,
1416 3805 1501 3860 vir
1522 3806 1783 3861 natalium
1886 3821 1998 3866 tam
2033 3811 2239 3875 audita,
2269 3824 2432 3880 quam
2469 3809 2583 3865 visa
2636 3807 2704 3862 ad
2750 3805 3164 3862 aediﬁcationem
3213 3801 3474 3873 plurimo-

217 3897 545 3964 praarugativa
626 3904 796 3967 atque
871 3911 1082 3952 morum
1140 3896 1427 3969 elegantia
1460 3898 1787 3953 mirabiliter
1888 3914 2007 3954 rttm
2060 3899 2513 3954 transcribantur.
2564 3898 2633 3952 Et
2679 3895 2900 3966 quidem
2943 3892 3250 3962 benignitas
3303 3890 3477 3962 ipsius

217 3980 422 4040 donatus
456 3999 488 4040 a
523 3985 782 4041 Domino.
823 3985 925 4054 Qui
977 3986 1105 4043 licet
1125 3987 1239 4059 jam
1271 3988 1425 4058 quasi
1473 3969 1782 4059 postremus
1887 3989 2104 4059 dignata
2155 4004 2329 4043 ineant
2376 3987 2701 4057 parvitatem
2757 3983 3080 4039 familiarius
3126 3981 3230 4038 sibi
3270 3979 3471 4051 iugiter

220 4085 450 4140 appareat
470 4075 525 4131 in
555 4074 887 4147 pontiﬁcalis
917 4076 1251 4133 decessionis
1278 4078 1546 4150 catalogo,
1572 4078 1781 4147 primus
1889 4083 2166 4146 assistere,
2202 4096 2309 4136 nou
2340 4095 2440 4136 suo
2469 4078 2648 4136 studio
2679 4076 2880 4143 en‘ecit,
2903 4087 2963 4132 ut
2985 4076 3142 4147 plura
3161 4075 3230 4131 de
3254 4088 3321 4129 eo
3349 4072 3473 4128 imi-

221 4170 375 4218 tnnen
402 4166 602 4222 enituit
628 4181 696 4222 ex
732 4169 931 4223 sunnni
985 4169 1332 4239 pontiﬁcatus
1372 4169 1697 4241 privilegio:
1727 4178 1784 4224 et
1891 4173 2054 4229 tanda
2102 4172 2390 4227 valuissem
2421 4185 2521 4242 per
2566 4178 2769 4226 memet
2819 4169 3157 4240 dignoscere,
3213 4163 3472 4223 nonnulla

216 4252 339 4306 velut
362 4253 579 4313 Lucifer
604 4257 731 4313 οωιὶ
761 4257 996 4314 statione
1034 4260 1385 4326 novissimus,
1408 4260 1501 4316 sed
1527 4260 1628 4316 soli
1655 4274 1781 4331 pro-
1889 4276 2107 4334 quoque
2134 4262 2410 4319 veracium
2463 4269 2521 4317 et
2569 4259 2816 4331 gravium
2863 4257 3151 4323 relatione,
3178 4256 3248 4312 de
3276 4253 3473 4325 quibus

217 4344 441 4414 pinquior
486 4351 645 4416 exiit,
684 4353 813 4406 dum
864 4359 990 4421 post
1035 4351 1253 4423 longam
1301 4353 1648 4409 decesserunt
1695 4367 1781 4407 se-
1887 4357 2135 4430 quaedam
2165 4357 2253 4411 vix
2275 4362 2652 4411 summotenus
2675 4353 3002 4425 perstringo,
3030 4351 3276 4423 quaedam
3305 4347 3475 4404 etiam

219 4433 355 4503 fietu,
406 4456 502 4497 suo
550 4440 861 4498 sacerdozio
907 4442 1140 4499 Leucam
1185 4443 1408 4508 urbem,
1458 4445 1568 4500 imo
1606 4452 1778 4499 totum
1809 4452 1859 4512 υ
1884 4452 2064 4508 sciens
2106 4458 2400 4522 pmtereo,
2442 4463 2511 4504 ne
2548 4456 2643 4503 aut
2663 4447 2764 4502 sim
2795 4446 2986 4517 longus
3018 4444 3139 4516 plus
3160 4441 3332 4512 iuslo.
3377 4454 3473 4495 Sel!

220 4526 622 4588 Christianorum
655 4535 843 4590 orbem
904 4534 1217 4599 illustravit,
1262 4543 1319 4589 et
1362 4550 1549 4590 verum
1599 4535 1778 4591 Solem
1888 4544 2189 4601 adulator-is
2218 4550 2374 4598 noter
2409 4540 2622 4612 elogio;
2674 4547 2789 4605 aut,
2829 4538 2956 4608 quia
3000 4537 3177 4591 adhuc
3199 4541 3470 4603 SupereSl,

219 4618 306 4674 sibi
335 4624 586 4692 vicinum,
617 4642 863 4685 errorum
887 4625 1124 4697 lugando
1146 4626 1459 4699 caliginem,
1492 4627 1781 4684 vivacitate
1887 4641 2174 4709 impugner
2202 4637 2295 4693 illo
2323 4635 2629 4692 Salomonis
2667 4632 2956 4705 proverbio
2997 4647 3012 4686 :
3051 4628 3339 4685 Nelaudes
3377 4626 3474 4681 IIO~

220 4713 290 4767 sui
318 4717 498 4774 nitoris
539 4721 800 4776 ostendit.
848 4720 960 4777 Nec
1010 4719 1383 4791 prmjttdieium
1433 4723 1664 4778 incurrit
1713 4738 1780 4777 ex

1890 4734 2078 4788 minent
2118 4732 2175 4786 in
2202 4722 2305 4786 cito
2329 4745 2427 4784 sua
2454 4725 2646 4798 (Eccli.
2678 4741 2758 4792 xu,
2785 4723 2898 4792 50).
2948 4721 3014 4775 Et
3036 4719 3291 4790 quoniam
3347 4730 3473 4787 pro-

223 4808 512 4872 Ρθειθτίωιθ
538 4813 630 4882 qui
681 4820 813 4867 ante
840 4812 1039 4868 saecula
1071 4813 1330 4870 divinitus
1359 4814 1581 4885 pretim
1616 4815 1782 4870 desti-
1886 4825 2123 4894 positum
2154 4820 2420 4876 habemus
2448 4817 2590 4873 dona
2619 4816 2713 4870 Dei
2755 4813 2975 4868 laudare
3000 4810 3054 4864 in
3085 4824 3153 4865 eo
3197 4820 3318 4878 qua:
3343 4811 3476 4861 sunt

223 4910 358 4956 natus
383 4915 462 4960 est
492 4917 759 4978 tempore.
798 4907 1156 4964 lmmutabilis
1194 4909 1339 4964 enim
1367 4909 1645 4976 divinitas,
1693 4911 1778 4965 cui
1890 4913 2158 4971 laudanda
2201 4913 2254 4967 in
2304 4925 2538 4984 pagano,
2585 4922 2694 4963 non
2743 4905 3017 4964 hominem
3050 4901 3352 4960 laudamus.
3379 4896 3495 4953 sed.

222 5000 392 5046 cuncta
417 4998 825 5053 assistuntacla
854 5006 909 5052 et
955 4999 1163 5069 agenda
1202 4998 1388 5065 simul,
1438 5001 1519 5056 sic
1544 5001 1782 5070 disponit
1890 5004 2040 5061 illum
2066 5019 2100 5058 a
2130 5018 2236 5073 quo
2280 5013 2335 5058 ct
2368 5014 2464 5072 per
2510 5012 2671 5069 quem
2725 4997 2904 5055 omnis
2941 4993 3105 5047 homo
3154 4990 3374 5044 veniens
3420 4988 3481 5043 in

227 5078 584 5145 alternationes
636 5087 1019 5152 mutabilium,
1080 5098 1138 5144 ut
1184 5106 1291 5146 non
1337 5090 1441 5146 sibi
1485 5091 1779 5163 quidquam
1886 5099 2035 5154 hunc
2087 5096 2350 5151 mundum
2398 5092 2760 5157 illutninatur,
2813 5099 2872 5143 ut
2921 5095 3016 5141 aut
3054 5087 3198 5142 bona
3231 5084 3478 5153 "cogitet,

225 5182 380 5216 sentin
409 5186 492 5216 (ull
547 5191 938 5216 numnnolnmnn
981 5180 1176 5216 stantini
1235 5183 1286 5216 ἷη
1335 5182 1527 5216 nundino
1577 5198 1755 5216 Ita-nom

1903 5189 2032 5216 κα.-.
2065 5186 2148 5216 ..ιιι
2194 5194 2453 5216 ,πυ-...Λαια-
2501 5182 2762 5216 Νιιηηηῖ.1
2795 5194 2925 5216 ενοι-Λ
2956 5186 3164 5216 lanium
3199 5176 3486 5216 nrmttnlnnl
