4010 5328
594 278 698 334 M37

1933 285 1991 343 s.
2030 287 2163 347 ι,εο
2202 278 2282 347 Ix'
2305 293 2503 351 pars.
2580 308 2585 311 ·

3749 296 3855 353 ωε

590 388 976 483 improperium
1004 398 1269 463 relegere.
1302 388 1435 447 lliuc
1472 402 1552 448 est
1577 394 1719 463 quod
1740 394 1997 452 lsraelitm
2015 399 2172 471 jussu
2200 411 2257 466 Α·
2277 421 2396 460 rum
2424 406 2766 462 laudabiliter
2795 408 2961 479 gessit
2988 424 3052 463 ex
3082 407 3257 481 aliqua
3304 398 3462 481 parte
3498 410 3692 481 quovis
3720 414 3857 483 style

590 481 687 536 Dei
718 488 990 535 autumet
1018 490 1301 551 argentum
1334 483 1388 538 in
1420 498 1548 539 vasa
1576 484 1890 551 formatum,
1919 489 1989 543 ab
2010 488 2175 561 Egy-

588 579 680 641 pto
704 579 1143 641 asportavernnt,
1165 572 1455 643 eﬂigiatum
1481 587 1661 630 autem
1698 576 1753 631 in
1780 578 1918 633 idola
1950 581 2173 635 omnino

552 670 557 695 λ
587 654 950 735 reliquerunt.
981 665 1133 721 Unde
1160 668 1228 719 ah
1261 667 1432 737 ipsius
1456 669 1683 723 exordio
1709 684 1896 726 noster
1938 672 2050 740 jam
2081 688 2173 729 or-

588 748 999 818 diatur'sern‘to,
1041 755 1093 810 in
1151 771 1262 825 quo
1312 755 1604 826 plurimum
1638 760 1794 813 nobis
1842 762 2171 817 successisse

585 843 891 908 credemus,
924 861 967 899 st
999 860 1062 899 ea
1090 856 1324 913 tantum,
1367 861 1491 921 qua:
1518 863 1570 902 tn
1603 850 1918 918 pontificatu
1964 851 2172 907 Leuco-

2276 496 2513 564 posteris
2539 496 3025 553 transmiserimus.
3077 497 3392 570 Sapientum
3432 510 3616 556 autem
3639 509 3695 554 et
3722 517 3855 571 pne-

2274 585 2432 654 cipue
2456 586 2826 642 Romanorum
2861 589 2987 654 erit,
3013 589 3057 643 si
3098 605 3219 659 qua:
3263 590 3378 663 ipse
3401 605 3539 661 papa
3583 592 3887 647 Romanus

2275 674 2410 745 egit,
2460 675 2747 733 catholicae
2798 676 3055 734 Ecclesia:
3084 678 3228 734 ﬁdeli
3266 680 3460 751 pagina
3512 696 3624 736 non
3666 680 3857 753 ingrati

2275 760 2702 823 transmiserint.

1753 956 2112 1046 LIBER
2180 957 2672 1067 PRIMUS.

659 1080 699 1140 ι.
732 1078 994 1135 Brunom’s
1034 1092 1273 1151 parentes
1300 1092 1347 1137 et
1384 1100 1564 1153 genus.
1589 1115 1665 1127 --
1695 1083 2047 1142 Reverendus
2074 1084 2169 1158 igi-

587 1181 679 1231 tur
705 1173 886 1251 Bruno
925 1172 1212 1242 utriusque
1252 1175 1495 1244 parentis
1546 1173 1743 1228 lineam
1776 1174 1912 1230 adeo
1944 1173 2172 1229 retinuit

587 1281 932 1334 generosam,
959 1274 1228 1336 quatenus
1264 1266 1333 1320 ab
1363 1266 1495 1337 ipsis
1528 1267 1725 1333 atavis,
1761 1275 1816 1322 et
1844 1282 2027 1338 supra,
2052 1266 2170 1337 qui-

590 1370 808 1427 cunque
836 1358 904 1437 a‘d
948 1366 1188 1412 nostram
1219 1368 1513 1428 potuerunt
1562 1360 1846 1430 pervenire
1895 1361 2169 1425 notitiam,

542 1500 547 1505 .
587 1458 680 1502 aut
710 1449 860 1519 regni
917 1464 1011 1504 seu
1056 1450 1269 1520 imperii
1315 1460 1728 1506 retentaverunt
1779 1452 2043 1517 habenas,
2078 1460 2173 1506 aut

584 1542 866 1613 proximas
894 1543 1113 1612 regibus
1142 1553 1196 1599 et
1242 1543 1663 1615 imperatoribus
1700 1552 2053 1613 gestaverunt
2090 1545 2174 1600 in-

584 1631 748 1690 fulas.
778 1631 1103 1689 Procreatus
1125 1641 1212 1687 est
1236 1642 1416 1688 autem
1441 1634 1495 1688 in
1525 1632 1699 1689 dulcis
1748 1633 1825 1703 (2)
1868 1632 2074 1687 Elisatii
2104 1632 2170 1687 li-

538 1778 543 1781 .
583 1723 765 1790 nibus,
792 1734 947 1796 patre
982 1724 1225 1795 llugone,
1255 1733 1430 1779 matre
1457 1740 1584 1779 vero
1605 1723 1916 1790 Heilevvidc,
1940 1739 2169 1792 quorum

2278 1100 2516 1152 ceamus,
2543 1094 2721 1171 utrum
2755 1088 2965 1158 integre
3012 1089 3375 1145 reddidissent
3426 1103 3611 1144 rerum
3640 1103 3859 1144 suarum

2276 1175 2713 1243 decimationem,
2736 1179 2836 1235 sub
2861 1178 3069 1248 judicio
3098 1196 3252 1250 aqum
3292 1178 3504 1252 frigidae
3550 1191 3859 1249 perscruta-

2236 1346 2239 1349 Α
2276 1269 2496 1324 bantur.
2534 1268 2637 1324 Per
2673 1286 2811 1341 quos
2836 1272 2963 1326 dum
2995 1273 3327 1329 decrevisset
3355 1273 3708 1343 omnipotens
3726 1273 3860 1327 Dens

2276 1357 2532 1415 Ecclesiae
2551 1376 2663 1417 sua:
2690 1363 2973 1431 pmsulem
3002 1365 3298 1428 destinare,
3331 1365 3581 1435 genitrici
3630 1368 3861 1436 gravida:

2276 1450 2489 1520 qualem
2524 1463 2893 1523 quantamque
2939 1455 3144 1524 prolem
3184 1456 3236 1511 in
3280 1466 3436 1511 utero
3477 1466 3745 1527 gestaret,
3788 1458 3861 1511 di-

2278 1552 2472 1614 gnatus
2494 1552 2577 1598 est
2595 1555 3036 1615 praemonstrare.
3085 1547 3218 1601 Nam
3249 1548 3482 1617 quadam
3517 1557 3677 1603 nocte
3700 1549 3785 1602 vir
3810 1548 3858 1602 in

2278 1633 2532 1704 religioso
2556 1637 2742 1691 habitu
2775 1653 2872 1709 per
2911 1640 3085 1695 visum
3138 1641 3313 1696 eidem
3342 1643 3618 1712 apparuit,
3654 1652 3713 1698 et
3739 1644 3859 1713 quia

2278 1727 2579 1782 masculam
2612 1728 2850 1785 sobolem
2908 1747 3270 1804 magnamque
3319 1742 3444 1788 ante
3495 1734 3665 1789 Deum
3712 1734 3859 1789 futu-

531 1868 539 1873 .
581 1817 910 1888 religiositas
936 1816 1231 1875 multorum
1255 1831 1352 1873 ora
1377 1816 1658 1871 consuevit
1705 1816 1770 1869 ad
1805 1814 2020 1869 laudem
2075 1814 2169 1869 Dei
2206 1811 2251 1870 Β
2280 1833 2397 1872 ram
2429 1820 2771 1889 concepisset
2792 1822 3027 1887 edocuit,
3050 1834 3212 1894 atque
3254 1824 3564 1881 Brunonem
3591 1825 3859 1879 nominari

588 1910 824 1980 aperire.
858 1908 924 1967 Et
947 1920 1101 1979 pater
1130 1909 1247 1980 eius
1291 1909 1510 1964 natione
1541 1909 1894 1974 Teutomeus,
1939 1909 2173 1980 impera-

535 2064 540 2069 .
584 2002 729 2059 toris
745 2002 979 2057 Conradi
1011 2002 1368 2059 consobrinus
1399 2003 1498 2073 (ὅ),
1518 2002 1569 2056 in
1594 2003 1767 2072 patria
1800 2003 1979 2073 lingua
2009 2012 2173 2074 atque

532 2158 537 2165 ν
582 2093 779 2149 Latina
809 2093 1245 2160 disertissimus;
1297 2102 1471 2151 mater
1511 2110 1727 2166 quoque
1773 2094 1990 2161 Latina,
2018 2108 2173 2166 reque
2220 2170 2225 2175 ι

528 2177 540 2247 .’
588 2188 875 2257 utriusque
904 2187 1102 2257 lingua:
1135 2188 1331 2257 perita.
1384 2186 1624 2254 Quorum
1678 2195 1858 2257 patres
1906 2198 1963 2243 et
2005 2187 2093 2242 avi
2139 2204 2171 2243 a

591 2266 767 2349 prima
805 2278 1004 2344 indole,
1034 2278 1200 2333 armis
1225 2286 1280 2333 et
1324 2278 1523 2335 animis
1565 2294 1726 2348 supra
1755 2277 1973 2334 modum
2024 2278 2172 2335 acies

585 2371 806 2429 fortiter
827 2378 1271 2441 compresserunt
1314 2370 1414 2425 sibi
1446 2372 1783 2436 resistentes,
1828 2386 1887 2426 se
1936 2385 2168 2440 suasque
2208 2432 2213 2437 ι

584 2463 918 2522 defensando
947 2473 1155 2535 partes,
1208 2472 1266 2519 et
1315 2464 1459 2519 circa
1507 2464 1716 2518 senium
1771 2463 1977 2532 abjecta
2023 2461 2170 2516 omni

522 2602 525 2605 .
581 2555 838 2627 superbia
892 2556 1110 2625 generis
1140 2562 1196 2609 et
1223 2553 1352 2608 lusu
1386 2554 1597 2618 mundi,
1627 2554 1921 2610 induerunt
1948 2552 2171 2608 humili-

584 2655 752 2702 tatem
781 2654 835 2702 et
858 2653 1235 2717 paupertatem
1258 2643 1481 2705 Christi.
1508 2644 1835 2714 patrimonia
1862 2658 1958 2701 sua
1990 2643 2170 2698 dando

516 2790 525 2795 -
581 2737 853 2804 ecclesiis,
890 2737 1140 2794 cmnobia
1185 2738 1550 2794 construendo
1598 2738 1649 2791 in
1697 2737 1811 2791 suis
1848 2745 1901 2793 et
1948 2752 2014 2791 ex
2058 2735 2172 2790 suis

582 2829 840 2897 praediis;
890 2828 1077 2896 sicque
1123 2829 1339 2882 tandem
1391 2827 1627 2898 perfecte
1672 2828 1843 2882 secuti
1895 2826 2169 2881 Christum

518 2974 522 2978 _
585 2912 796 2991 seipsos
822 2914 985 2967 etiam
1016 2912 1377 2982 ahnegarunt,
1402 2912 1674 2981 stultaque
1700 2911 1967 2981 sapientia
1989 2910 2168 2966 szeculi

513 3064 523 3072 ,
582 3003 807 3060 omnino
827 3001 1157 3071 posthabita,
1190 3002 1421 3070 sapienti
1458 3002 1704 3057 stultitiae
1738 3002 1826 3056 Dei
1862 3011 2023 3072 atque
2048 3016 2164 3053 mo-

518 3146 523 3175 :
582 3094 795 3157 uastico
823 3093 1032 3155 habitui
1071 3102 1186 3155 tota
1234 3092 1417 3150 cordis
1441 3093 1769 3149 contritione
1795 3092 2167 3147 submisernnt

2268 1906 2452 1986 jussit.
2483 1908 2582 1975 Qui
2611 1911 2897 1966 undecimo
2924 1912 3194 1968 Kalendas
3234 1913 3388 1979 Julii,
3441 1915 3863 1975 anno,videlicct

2274 2000 2344 2054 ab
2373 1999 2670 2055 humanato
2707 2002 2799 2056 Dei
2856 2002 3033 2058 Verbo
3073 2003 3362 2059 tnillesimo
3407 2007 3671 2072 secundo,
3731 2006 3862 2061 indi-

2274 2093 2454 2149 otione
2478 2094 2669 2164 quinta
2695 2095 2925 2161 decima,
2959 2096 3045 2151 ubi
3090 2096 3142 2151 in
3175 2096 3315 2152 hanc
3367 2097 3541 2151 lucem
3575 2097 3730 2153 fusus
3752 2108 3857 2160 est,

2275 2181 2525 2236 mirabile
2550 2183 2720 2249 dictu,
2760 2192 2930 2239 totum
2976 2185 3094 2257 ejus
3142 2187 3527 2257 corpusculum
3581 2187 3860 2243 invenitur

2274 2275 2633 2332 charaxatum
2676 2275 2873 2347 lcad.l
2924 2277 3216 2353 scalptum]
3257 2279 3414 2349 quasi
3457 2278 3858 2335 crucicularutn

2271 2368 2632 2439 stigmatibus.
2673 2368 2839 2439 Cujus
2886 2371 2962 2424 rei
2996 2371 3235 2426 novitate
3296 2383 3469 2428 mater
3506 2382 3771 2442 permota,
3804 2382 3859 2428 et

2272 2475 2339 2516 ex
2369 2460 2567 2532 prioris
2584 2459 2808 2516 visionis
2834 2460 3222 2531 pollicitatione
3250 2464 3453 2519 certior
3478 2464 3692 2528 effecta,
3722 2479 3857 2534 prae-

2275 2558 2356 2607 ter
2376 2566 2528 2606 suam
2552 2550 2999 2606 consuetudinem
3025 2567 3054 2605 a
3081 2552 3224 2608 nulla
3253 2554 3354 2607 nisi
3377 2569 3407 2608 a
3435 2554 3615 2623 seipsa
3669 2563 3856 2624 pertu-

2271 2641 2333 2697 lit
2386 2657 2511 2699 eum
2567 2641 2865 2699 sustentari
2912 2641 3068 2698 lactis
3106 2642 3381 2699 alimonia.
3416 2643 3587 2711 Quem
3618 2660 3858 2716 congruo

2273 2742 2516 2804 tempore
2546 2734 2897 2800 ablactatum,
2940 2732 3191 2790 Bertoldo
3218 2745 3419 2792 sancta:
3450 2734 3723 2791 Tullensis
3756 2736 3859 2790 Ec-

2272 2824 2451 2885 clesiae
2482 2825 2716 2881 antistiti
2741 2825 2962 2880 tradidit
2985 2824 3096 2894 jam
3120 2826 3524 2897 quinquennem
3559 2828 3858 2882 liberaliter

2271 2915 2610 2972 educandum
2667 2915 3083 2990 litterarumque
3124 2919 3303 2973 studio
3352 2919 3723 2973 imbuendum.
3753 2920 3854 2988 Qui

2271 3006 2529 3062 videlicet
2555 3005 2843 3063 Bertoldus
2891 3008 3136 3077 genuinae
3169 3011 3471 3066 honestatis
3495 3022 3735 3067 sectator
3760 3015 3855 3067 mi—

2272 3100 2462 3156 rabilis
2505 3116 2614 3170 prce
2663 3102 2778 3158 suis
2827 3103 3341 3172 prmdecessoribus,
3394 3104 3628 3159 Leucam
3668 3107 3853 3160 urhem

581 3186 948 3256 laudabiliqne
995 3202 1092 3258 per
1132 3196 1327 3242 cuncta
1375 3186 1479 3241 fine
1522 3186 1895 3241 decesserunt.
1950 3185 2163 3240 Etenim
2194 3163 2239 3226 ο
2270 3192 2400 3248 ﬁliis
2428 3163 2687 3249 nobilium
2716 3163 3039 3259 nobilitavit,
3077 3196 3131 3251 in
3167 3163 3397 3252 diversis
3424 3199 3713 3268 speciebus
3741 3200 3854 3254 lbe-

581 3277 727 3333 inter
768 3276 1023 3347 plurima,
1074 3292 1195 3347 quae
1239 3278 1471 3348 sparsim
1528 3276 1725 3333 divinis
1774 3277 2168 3331 distribuerunt

588 3369 832 3439 templis,
862 3369 968 3424 duo
1018 3369 1348 3423 monasteria
1380 3368 1732 3423 instituerunt
1760 3383 1828 3422 ex
1880 3368 1992 3422 suis
2031 3382 2167 3438 prte-

582 3460 688 3515 diis
708 3461 809 3531 (ι),
834 3460 1038 3515 scilicet
1069 3458 1280 3514 llissam
1316 3460 1369 3512 in
1400 3459 1605 3513 honore
1626 3459 1767 3514 beati
1791 3458 2007 3512 Martini
2035 3474 2166 3529 pon-

513 3568 521 3577 ί
581 3551 882 3613 titicis,noc
911 3567 1015 3605 non
1040 3550 1269 3605 alterum
1296 3549 1602 3604 ctenohiutn
1633 3548 2165 3621 venerationi_sancti

2268 3299 2461 3340 saeros
2518 3282 2636 3353 ejus
2690 3294 2746 3341 et
2799 3286 2963 3341 decus
3018 3280 3173 3343 valde
3243 3279 3556 3360 ampliavit,
3609 3292 3855 3348 tediliciis

2270 3375 2687 3447 quamplurimis
2717 3377 3018 3444 decoravit,
3044 3378 3293 3436 litteralis
3319 3381 3567 3436 exercitii
3613 3385 3856 3456 personis

2272 3469 2604 3539 adimplevit,
2636 3471 3085 3527 monasteriorum
3133 3488 3381 3528 normam
3430 3474 3579 3528 intus
3604 3483 3661 3527 ct
3698 3484 3851 3528 estc-

2267 3560 2381 3615 rius
2413 3561 2755 3616 restauravit.

506 3670 513 3675 -
582 3646 798 3717 tiyriaci
840 3645 1119 3716 martyris.
1172 3642 1313 3711 Quin
1344 3644 1507 3698 etiam
1560 3643 1824 3698 Lutrense
1854 3643 2160 3701 cmuobium
2200 3678 2207 3699 ε
2276 3676 2281 3683 -

508 3764 513 3767 -
583 3737 926 3806 patrimo..iis
974 3737 1090 3792 suis
1121 3737 1412 3806 plurtnnun
1464 3735 1875 3806 ampliaverunt.
1923 3735 2162 3803 Quorum

508 3837 514 3845 '
580 3828 923 3886 devotionem
948 3828 1187 3884 imitatus
1227 3827 1381 3899 lingo
1424 3842 1607 3883 comes
1638 3819 1941 3897 praecipuus
1967 3825 2165 3894 ct‘ejus

506 3940 511 3945 ·
584 3920 938 3977 dev0tissnna
989 3919 1210 3989 coniux,
1277 3928 1530 3991 parentes
1576 3920 1765 3990 utique
1809 3918 2020 3989 prasfati
2068 3919 2166 3972 do-

582 4016 714 4069 mini
744 4015 1037 4080 Brunouis,
1065 4015 1370 4071 cmanhium
1403 4025 1625 4072 remoue
1656 4015 1779 4070 vitae
1821 4014 2164 4084 aptissimum

503 4125 511 4137 ·
580 4116 999 4160 construxerunt
1042 4103 1404 4159 \Vofeinheim
1492 4119 1663 4175 penes
1706 4104 1886 4159 nobile
1930 4112 2207 4158 castrum-

580 4214 739 4253 suum
766 4196 1096 4269 Eginiskeim
1126 4198 1202 4269 (5)
1229 4197 1453 4263 dictum,
1485 4212 1551 4253 ex
1579 4196 1904 4267 praediorum
1942 4209 2166 4250 suorum

506 4314 509 4321 -
580 4288 829 4355 decimis,
882 4289 934 4343 in
987 4304 1096 4359 quo
1126 4288 1192 4343 ad
1223 4303 1461 4358 prtesens
1505 4285 1999 4343 sanctimonialium
2041 4299 2168 4340 con-

581 4384 830 4454 gregatio
858 4383 1107 4438 consistit
1135 4384 1201 4437 ad
1232 4382 1634 4437 venerationem
1664 4388 1720 4435 et
1755 4378 1983 4451 gloriam
2012 4378 2168 4434 alma:

506 4498 513 4501 -
578 4480 636 4527 ct
667 4473 1134 4529 victoriosissima:
1162 4472 1361 4527 crucis.

2344 3735 2428 3791 Ill.
2458 3734 2591 3805 Ejus
2642 3736 2902 3790 educatio.
2946 3736 3290 3792 Adalberouis
3341 3737 3567 3806 epismpi
3610 3735 3854 3790 Metauri:

2224 3816 2235 3825 ’
2269 3829 2514 3899 elogium.
2543 3859 2615 3870 —-
2635 3827 2766 3882 Tam
2789 3829 3012 3885 idoneus
3035 3831 3219 3899 itaque
3242 3830 3323 3883 vir
3353 3827 3680 3885 itzfautulttm
3717 3844 3849 3897 pra:-

2272 3924 2440 3980 fatnm
2465 3934 2750 3995 gratanter
2778 3935 3112 3997 susceptum,
3145 3934 3198 3982 et
3243 3925 3438 3981 litteris
3464 3924 3596 3980 fecit
3629 3924 3849 3984 ertntiri,

2269 4023 2324 4069 et
2375 4016 2521 4071 omni
2555 4016 2840 4071 honestate
2881 4016 3128 4086 ingenuis
3183 4015 3369 4086 pueris
3414 4015 3764 4086 competenti.
3798 4016 3850 4067 In

2270 4123 2379 4177 quo
2424 4123 2548 4162 cum
2596 4107 2926 4177 quotidianis
2974 4107 3219 4177 corporis
3269 4107 3620 4161 incrementis
3674 4119 3852 4159 accre-

2271 4198 2459 4253 scebat
2488 4197 2717 4268 ingenua
2747 4197 2953 4253 indoles
2978 4198 3193 4262 mentis,
3213 4213 3333 4267 quae
3350 4212 3473 4251 eum
3501 4212 3616 4266 pra:
3643 4196 3852 4252 cmteris

2270 4287 2653 4342 consodalibus
2713 4288 3127 4343 commendabat
3188 4288 3419 4344 cunctis.
3491 4286 3648 4342 Sicut
3714 4288 3850 4341 enim

2273 4379 2617 4435 doctissimus
2648 4387 2804 4449 pater
2847 4379 3211 4449 Hieronymus
3241 4387 3533 4433 attestatur
3565 4395 3578 4431 :
3621 4397 3639 4428 ι
3684 4375 3851 4430 Mollis

2274 4488 2401 4528 cera
2423 4483 2478 4528 et
2508 4472 2574 4526 ad
2614 4471 2956 4526 formandum
3001 4470 3180 4527 facilis
3204 4472 3437 4541 quadam
3470 4468 3852 4525 tractabilitate

651 4562 717 4619 ll.
754 4564 1007 4619 Nascitur
1034 4580 1173 4617 anno
1210 4563 1365 4618 ltili.
1395 4562 1552 4616 -——lli
1583 4560 1813 4631 denique
1842 4560 2002 4615 ambo
2051 4569 2169 4613 tan-
2198 4541 2247 4600 θ
2274 4563 2506 4618 naturali
2565 4561 2830 4620 divinitus
2881 4560 3251 4627 formabatur,
3299 4562 3516 4617 etiamsi
3563 4559 3849 4623 exterioris

577 4663 693 4712 tam
722 4666 941 4727 tamque
983 4656 1265 4709 honestam
1296 4652 1628 4707 exhibebant
1667 4652 1880 4706 cunctis
1926 4665 2160 4705 conver-

478 4776 485 4781 ι
579 4749 871 4813 sationem,
896 4757 954 4802 ut
977 4746 1141 4800 ctiam
1168 4744 1550 4801 ecclesiastica:
1579 4757 1823 4812 personae
1848 4751 1906 4796 et
1934 4741 2168 4796 diversis

506 4870 511 4875 -
582 4840 841 4910 gradibus
869 4840 1089 4903 functae,
1120 4840 1187 4891 ab
1209 4837 1481 4907 opiseOpis
1503 4851 1675 4907 usque
1699 4835 1763 4890 ad
1795 4835 1985 4896 laicos,
2014 4835 2169 4904 quid-

581 4929 706 4984 dam
737 4928 1001 4983 imitabile
1032 4928 1139 4983 sibi
1164 4929 1216 4983 in
1266 4928 1349 4983 eis
1375 4928 1866 4999 deprehenderent.
1909 4923 2068 4988 Nam,
2109 4936 2168 4980 ut

587 5023 747 5075 modo
771 5022 837 5075 de
867 5021 1151 5091 multiplici
1176 5036 1365 5076 eorum
1411 5036 1545 5091 erga
1571 5021 1740 5076 Deum
1771 5016 2050 5088 vigilantia
2085 5028 2168 5071 ta-

658 5130 734 5198 (2)
773 5130 978 5200 Alsatia
1027 5132 1302 5200 provincia
1346 5134 1625 5188 notissima
1667 5133 1734 5185 ad
1779 5132 1951 5185 ﬂhent
1996 5131 2163 5199 ripas,

506 5245 509 5248 ,
591 5200 646 5252 in
683 5214 788 5267 qua
838 5199 1108 5255 Brunonis
1155 5212 1411 5268 parentes
1457 5204 1622 5256 multa
1675 5202 1812 5256 bima
1858 5201 2166 5270 possedisse

502 5313 511 5318 .
587 5270 724 5321 satis
752 5278 899 5328 patet
939 5287 1007 5323 ex
1046 5271 1113 5325 iis
1142 5288 1262 5328 quae
1309 5272 1542 5328 diximus
1595 5272 1647 5326 iu
1691 5269 2164 5328 observationibus

2272 4654 2499 4711 artificis
2523 4661 2767 4710 cessaret
2803 4668 3019 4709 manus.
3064 4673 3082 4706 ι
3119 4652 3295 4719 Unde,
3319 4652 3529 4706 ctelesti
3579 4658 3851 4720 praeeunte

2270 4754 2327 4800 ct
2365 4744 2733 4815 subsequente
2767 4745 2965 4815 gratia,
2995 4755 3317 4801 cunctorum
3350 4744 3403 4799 in
3431 4759 3492 4799 se
3527 4741 3850 4798 benevolen-

2272 4839 2404 4893 tiam
2441 4840 2787 4908 provocabat,
2811 4839 2935 4909 quia
2962 4836 3094 4893 nihil
3118 4837 3448 4893 extollentite
3468 4837 3522 4894 iu
3551 4852 3618 4890 co
3640 4836 3849 4905 conspio

2269 4931 2506 4995 ciebant,
2534 4945 2601 4985 ex
2619 4930 2815 5001 regalis
2843 4933 3150 4985 stemmatis
3181 4939 3344 4998 atque
3373 4928 3713 4990 divitiarum,
3742 4927 3847 4980 for-

2270 5036 2372 5077 ma:
2417 5036 2633 5092 quoque
2683 5037 2747 5077 ac
2794 5021 2994 5092 ingenii
3043 5021 3393 5085 excellentia,
3436 5021 3644 5089 quibus
3680 5019 3851 5073 solent

2269 5131 2366 5196 lat,
2397 5132 2541 5202 quod
2564 5134 2628 5203 de
2660 5142 2892 5203 paterno
2912 5148 3016 5186 avo
3046 5133 3269 5201 intelligi
3299 5147 3407 5185 non
3436 5140 3637 5203 potest.

2340 5199 2430 5270 (Μ’
2460 5204 2533 5256 De
2562 5199 3023 5274 hisftnonaster'tis
3052 5205 3169 5258 fuse
3196 5199 3408 5274 egimus
3430 5204 3485 5257 in
3513 5199 3849 5256 observatio~

2267 5271 2426 5328 uibus
2455 5272 2689 5328 praeviis.
2782 5318 2787 5323 .
3235 5271 3253 5274 '
3437 5312 3442 5316 .
