4010 5328
166 223 258 279 ισθ

1068 217 1384 276 PROLEG.
1420 248 1492 263 -
1522 217 1696 282 .V’ITA
1742 216 1798 272 S.
1839 213 2102 272 LEONIS.
2139 248 2210 260 -—
2247 219 2375 279 LIB.
2411 218 2452 277 Ι.

3300 213 3419 272 8-70

164 334 395 394 carnales
432 348 594 404 supra
637 331 853 386 modum
884 331 1246 391 intumescere
1286 348 1521 405 moxque
1566 333 1721 389 delu-
1758 335 1801 394 Α
1832 348 1942 402 pne
1973 331 2077 388 illis
2114 341 2198 389 est
2236 333 2499 389 imitatus.
2543 328 2674 399 Sed,
2712 329 2848 401 quia
2874 328 3266 398 oninipotentis
3313 326 3408 384 Dei

166 442 417 507 mesccrc.
463 424 594 478 Erat
630 421 828 492 quippe
870 419 1103 487 affabilis
1134 421 1407 487 omnibus,
1439 422 1609 478 etiam
1640 420 1727 474 iu-

167 523 317 588 imis,
341 528 566 588 aspectu
595 526 649 571 ct
676 514 838 570 affatu
864 530 1080 585 quoque
1106 515 1315 580 hilaris,
1350 514 1732 571 obedientissi-

171 630 278 668 nus
310 627 418 666 non
462 618 676 663 tantum
706 604 1003 675 majoribus
1030 617 1085 662 et
1115 607 1509 676 comqualibus,
1544 620 1733 660 verum

156 713 205 758 τι
240 703 349 759 suis
381 702 705 757 minoribus.
732 697 861 768 Ejus
880 700 1099 769 quidem
1130 699 1369 770 collegae,
1393 699 1644 769 quamvis
1669 712 1736 753 eo

170 792 441 863 majusculi
468 790 826 855 exstiterunt,
869 790 977 844 duo
1004 787 1376 845 Adalberones
1403 788 1738 845 contribules

169 884 264 944 sui,
286 896 352 936 ex
371 881 573 950 quibus
601 879 752 950 prior
782 879 1074 932 immaturo
1094 884 1178 933 est
1199 878 1327 934 hinc
1348 888 1536 949 raptus
1564 880 1737 942 exitu,

176 972 319 1028 ducis
366 970 627 1027 videlicet
674 967 997 1024 Theudorici
1050 968 1192 1025 filius
1242 969 1343 1039 (6),
1372 969 1511 1025 alter
1560 979 1739 1025 autem

173 1068 436 1127 ilczilonis
464 1067 621 1122 ducis
649 1080 960 1136 germanus,
990 1079 1055 1120 ac
1079 1062 1353 1120 Frederici
1381 1062 1565 1119 eximii
1589 1063 1740 1131 priu-

171 1164 298 1235 cipis
342 1170 523 1223 natus,
554 1159 658 1215 sub
683 1157 993 1212 scholarum
1026 1156 1313 1227 magistro,
1345 1155 1606 1224 magister
1650 1167 1744 1208 ne-

172 1253 327 1327 potuli
357 1250 441 1307 sui
472 1249 746 1305 Brunnnis
775 1249 1137 1313 constitutus,
1162 1248 1290 1317 quia
1320 1256 1448 1302 tunc
1477 1261 1576 1317 pro
1601 1252 1744 1300 tem-

174 1362 293 1417 pore
338 1343 651 1399 habebatur
686 1340 908 1396 seiolus.
950 1340 1052 1409 Qui
1096 1349 1285 1410 postea
1322 1340 1391 1395 ad
1421 1338 1747 1394 antistitium

178 1435 586 1492 Mediomatriczc
610 1432 764 1489 urbis
780 1441 905 1487 voto
929 1431 1059 1487 cleri
1090 1441 1146 1487 et
1171 1430 1363 1501 plebis,
1393 1431 1565 1502 magis
1586 1444 1749 1499 quam

182 1544 272 1583 suo
300 1532 638 1595 assumptus,
667 1525 752 1577 vir
777 1522 904 1578 huic
934 1530 1122 1577 nostro
1154 1522 1380 1592 tempori
1412 1520 1625 1576 refulsit
1658 1535 1754 1590 ap-

179 1620 338 1689 prime
394 1614 798 1686 pmdicandus.
862 1611 995 1666 Nam
1062 1630 1094 1666 a
1146 1612 1440 1681 primavo,
1494 1608 1594 1665 soli
1644 1609 1755 1663 Deo

1833 428 1921 497 pia
1959 426 2290 496 dispensatio
2326 424 2606 483 consuevit
2649 424 2802 480 donis
2832 422 2947 478 suis
2974 421 3179 494 flagella
3209 430 3264 477 t-t
3292 430 3409 475 ten-

1837 520 2075 575 lationes
2102 517 2448 589 permiscere,
2484 516 2937 587 quemadmodum
2969 514 3219 588 novimus
3247 512 3414 568 beato

1834 608 1968 674 Joh,
2008 616 2170 678 alque
2201 607 2445 678 apostolo
2477 606 2667 671 Paulo,
2712 615 2767 662 et
2803 620 2940 675 pene
2977 604 3188 660 cunctis
3223 601 3414 663 electis

1836 704 2148 773 contigisse,
2179 704 2465 759 dicendum
2509 702 2722 758 videtur
2759 699 2991 770 qualiter
3022 698 3073 752 iu
3110 696 3280 768 ipsius
3311 711 3413 766 pu-

1843 797 2072 853 bertatis
2117 796 2363 866 ingressu
2399 793 2564 855 fuerit
2601 790 2939 864 periclitatus
2981 796 3057 854 et,
3099 802 3224 843 mox
3257 800 3417 842 acce-

1842 885 2002 940 dente
2025 883 2233 939 coalesti
2271 882 2558 947 medicina,
2589 880 2849 937 salvatus.

1909 978 1971 1032 V.
1997 977 2041 1029 Α
2064 975 2255 1045 bufone
2279 976 2571 1033 sanciatur.
2613 972 2698 1027 Ea:
2730 988 2832 1042 quo
2861 970 3089 1042 graviter
3113 968 3359 1023 laborans
3388 984 3422 1022 a

1847 1067 1907 1124 S.
1951 1067 2232 1122 Benedicto
2259 1078 2499 1121 sanatur.
2525 1093 2596 1105 —
2623 1062 2756 1118 Cum
2782 1060 2896 1131 jatn
2926 1060 3082 1117 solito
3113 1058 3421 1117 liberiorem

1848 1176 1880 1215 a
1918 1159 2151 1215 scholari
2182 1159 2312 1229 jugo
2342 1158 2568 1228 adeptus
2604 1155 2791 1210 fuisset
2818 1153 3112 1216 cervicem,
3148 1148 3429 1205 multoties

1848 1260 2132 1321 parentum
2179 1266 2397 1306 suorqu
2438 1246 2703 1303 invisebat
2730 1245 3089 1308 mansionem,
3127 1240 3429 1296 delectatus

1854 1360 1962 1400 non
2001 1350 2211 1397 tantum
2259 1339 2493 1412 genuina
2540 1335 2827 1392 affectione
2877 1340 3136 1405 quantum
3176 1330 3432 1400 religiosa

1851 1451 2041 1493 eorum
2067 1432 2481 1489 conversatione
2503 1438 2560 1486 et
2584 1429 2868 1485 liberrima
2889 1428 3082 1482 domus
3102 1439 3214 1481 sua:
3247 1423 3301 1478 in
3330 1420 3437 1476 mi-

1859 1527 2046 1582 litibus
2073 1535 2129 1580 et
2168 1522 2368 1579 familia
2407 1519 2783 1591 dispositione.
2820 1518 2962 1588 Ergo
2984 1514 3217 1586 quodam
3245 1512 3433 1568 aestivo

1858 1628 2121 1688 tempore,
2145 1616 2272 1670 dum
2296 1629 2364 1669 ex
2388 1626 2681 1675 morecutn
2704 1610 2785 1666 cis
2804 1608 2946 1679 apud
2970 1604 3147 1661 nobile
3171 1610 3437 1667 castrum,

188 1709 419 1780 placendi
463 1708 723 1771 cupidus,
767 1722 929 1776 supra
970 1713 1183 1760 aetatem
1214 1720 1369 1760 suam
1409 1713 1466 1759 et
1493 1702 1758 1758 valetudi-

1877 1696 2193 1779 Eginisbeim
2225 1708 2621 1771 nuncupatum,
2661 1706 2992 1761 moraretur,
3023 1689 3440 1764 superveniente

190 1821 326 1867 nem,
354 1818 577 1857 carnem
616 1816 771 1856 suam
818 1815 942 1855 cum
983 1798 1130 1854 vitiis
1171 1796 1491 1868 crucifigere
1529 1801 1758 1851 conatus

184 1904 285 1959 est;
316 1895 449 1948 adeo
469 1892 694 1948 fervens
733 1892 855 1962 igne
900 1890 1223 1955 divinitatis,
1257 1898 1314 1943 ut
1343 1889 1413 1943 ab
1436 1888 1568 1957 ipsis
1596 1886 1759 1942 Chri-

187 1987 335 2041 stiani
364 1985 621 2058 fyrocinii
649 1982 967 2039 rudimentis
998 1992 1281 2052 putaretur
1301 1979 1751 2052 perfectissimus.

196 2082 422 2150 Denique
458 2090 520 2134 ut
562 2080 617 2134 in
654 2077 940 2150 praesentia
977 2076 1044 2131 de
1072 2074 1305 2148 plurimo
1327 2074 1446 2145 ejus
1470 2073 1751 2137 ctelibatu,

192 2172 254 2227 de
278 2171 584 2247 columbina
624 2170 961 2235 innocentia,
986 2168 1054 2224 de
1092 2167 1404 2238 serpentino
1448 2164 1762 2236 prudentia,

196 2265 256 2318 de
284 2264 516 2319 discreta
548 2262 883 2326 acrimonia,
918 2262 1093 2331 deque
1139 2270 1351 2316 matura
1379 2259 1667 2330 gravitate,
1703 2256 1761 2310 in

201 2366 370 2410 tenera
410 2354 596 2409 indole
629 2360 899 2416 taceatur,
934 2353 988 2407 in
1028 2359 1235 2406 tantum
1275 2359 1448 2406 semet
1467 2348 1691 2420 jejuniis
1711 2355 1767 2403 et

197 2447 374 2517 vigiliis
405 2446 615 2512 atl‘ecit,
645 2454 703 2498 ut
746 2444 875 2499 illud
914 2443 1058 2498 beati
1089 2442 1189 2497 Job
1216 2441 1380 2497 etiam
1407 2438 1765 2497 bistorialiter

200 2540 296 2595 dici
321 2540 530 2609 possit:
566 2535 706 2592 Polli
740 2553 867 2591 mete
900 2535 1224 2605 consumptis
1262 2532 1508 2587 carnibus
1534 2531 1761 2586 adluesil

200 2646 251 2682 os
272 2646 435 2685 meum
459 2627 603 2701 (Job
633 2644 746 2692 xix,
772 2624 888 2696 Εὐ).

264 2721 343 2776 ιν.
374 2719 548 2777 Simul
576 2735 696 2773 cum
717 2735 774 2772 eo
788 2716 970 2771 Bruno
992 2715 1184 2770 studiis
1208 2722 1462 2769 vacat.——
1483 2711 1624 2768 Hinc
1637 2725 1769 2781 ergo

207 2812 288 2867 tali
316 2812 533 2882 collega:
564 2808 963 2865 indivisibiiitcr
989 2806 1204 2878 gemino
1231 2820 1508 2861 connexus
1543 2803 1765 2868 affectu,

210 2903 508 2974 spectabilis
530 2916 668 2972 puer
692 2900 873 2954 Bruno
901 2897 1187 2953 insistebat
1212 2895 1517 2951 litterarum
1549 2908 1770 2964 gymna-

208 2998 300 3061 sio,
324 2997 494 3067 deque
521 2992 854 3049 liberalitate
880 3007 975 3047 sua
1001 2989 1102 3045 sibi
1129 2986 1541 3058 eongaudebaut
1566 2992 1773 3038 mutuo.

1860 1799 2143 1871 cujusdam
2197 1804 2358 1852 nocte
2401 1792 2647 1858 Sabbati,
2690 1791 2746 1846 in
2787 1786 3161 1845 amoenissime
3189 1780 3443 1839 cubiculo

1862 1899 2167 1963 soporatur.
2191 1888 2359 1959 Cujus
2382 1886 2632 1942 dextram
2661 1882 2857 1939 faciem
2879 1894 3149 1951 venenosa
3176 1875 3262 1932 illa
3287 1889 3441 1938 rana,

1863 1997 1983 2057 qua:
2005 1979 2133 2035 bufo
2159 1986 2521 2048 nuncupatur,
2546 1974 2661 2029 sive
2683 1973 2877 2028 rubeta
2895 2011 2910 2035 ,
2936 1967 3256 2026 conscendit
3284 1964 3445 2035 eique

1865 2092 1935 2133 ex
1985 2070 2351 2129 anterioribus
2400 2068 2628 2141 pedibus
2674 2080 2843 2122 unum
2882 2065 2936 2119 iu
2987 2061 3171 2133 genis,
3208 2058 3442 2115 alterum

1866 2176 2050 2223 autem
2092 2163 2194 2219 sub
2228 2161 2407 2226 labio,
2435 2169 2493 2214 et
2528 2172 2594 2213 ex
2634 2151 3307 2229 posterioribusprioretn
3328 2157 3451 2220 post

1866 2272 2077 2323 aurem,
2109 2254 2337 2311 alterum
2368 2265 2498 2309 vero
2519 2249 2619 2305 sub
2661 2257 2845 2304 mento
2888 2243 3130 2315 afﬂigens,
3159 2254 3359 2325 augere
3382 2254 3448 2295 ac

1870 2348 2138 2419 stringere
2154 2344 2464 2401 immaniter
2481 2339 2667 2411 coepit.
2685 2338 2801 2406 Quo
2813 2336 2997 2394 dolore
3014 2333 3449 2405 expergefactus,

1872 2437 2155 2496 horribilis
2175 2434 2426 2491 animalis
2450 2429 2805 2503 deprehendit
2827 2427 2980 2484 faciei
3003 2441 3113 2483 sua:
3135 2422 3455 2480 incumbere

1874 2529 2240 2601 perniciosum
2265 2524 2495 2596 pondus.
2529 2521 2704 2577 Tanto
2733 2520 2917 2590 itaque
2947 2526 3163 2588 tamque
3191 2529 3331 2569 novo
3359 2526 3454 2583 pe-

1874 2617 2046 2674 riculo
2075 2615 2363 2678 attonitus,
2390 2628 2425 2667 a
2441 2620 2613 2666 strato
2631 2625 2691 2665 se
2715 2607 2869 2664 ocius
2890 2605 3155 2675 corripuit
3179 2612 3235 2659 et
3257 2602 3455 2658 immo-

1875 2709 2058 2765 dicum
2105 2722 2213 2762 non
2253 2703 2533 2775 perferens
2578 2699 2906 2762 cruciatum,
2946 2697 3055 2753 ictu
3105 2693 3299 2766 palma:
3333 2698 3457 2762 post

1877 2818 2064 2858 aurem
2098 2800 2305 2855 librata:
2343 2797 2578 2851 virosum
2627 2791 2776 2847 illum
2824 2790 2880 2845 in
2926 2788 3178 2845 eumdem
3216 2778 3446 2841 stratum

1878 2908 2034 2967 suum
2055 2888 2315 2951 decussit,
2335 2886 2531 2942 timens
2556 2898 2646 2949 ne,
2669 2881 2714 2937 si
2730 2894 2896 2934 manu
2918 2878 3155 2935 medium
3179 2883 3458 2946 arreptum

1882 2985 2166 3044 extrahere
2196 2986 2475 3042 tentasset,
2506 2976 2686 3032 acrius
2716 2975 3001 3045 irreperet.
3037 2969 3191 3025 Tune
3227 2979 3469 3041 nequam

209 3088 400 3155 Quibus
425 3087 527 3142 etsi
565 3083 912 3140 adhaerebant
951 3080 1149 3136 nobilia
1180 3077 1431 3135 examina
1461 3087 1770 3144 puerorum.
1804 3085 1850 3148 (ς
1885 3078 1999 3142 ille,
2032 3075 2158 3130 licet
2194 3072 2247 3128 iu
2281 3088 2378 3127 suo
2408 3082 2570 3138 super
2600 3066 2801 3123 lectum
2830 3079 2960 3121 casu
2987 3061 3184 3118 elisum
3219 3058 3458 3116 sonitum

214 3179 303 3249 ipsi
334 3189 514 3232 tamen
550 3175 659 3230 duo
688 3173 939 3228 omnibus
977 3171 1090 3227 suis
1118 3166 1502 3226 consodalibus
1527 3161 1773 3234 przeetni-

213 3278 429 3325 nuerunt
456 3278 571 3323 tam
612 3267 914 3337 capacitatc
948 3262 1252 3318 liberalium
1279 3258 1581 3315 studiorum
1610 3269 1773 3324 quam

216 3361 551 3416 honestorum
579 3357 902 3414 excellentia
930 3370 1170 3421 morum;
1205 3367 1424 3420 nempe,
1455 3357 1513 3403 ut
1543 3348 1778 3418 primum

215 3453 451 3523 competit
484 3452 736 3514 rudibus,
764 3449 993 3503 decurso
1022 3446 1221 3501 artium
1250 3444 1431 3507 trivio,
1463 3456 1567 3495 non
1598 3437 1773 3493 solum

196 3543 508 3598 claruerunt
534 3556 695 3611 prosa
713 3549 768 3594 et
792 3547 987 3603 metro,
1011 3550 1199 3590 verum
1221 3543 1274 3588 et
1295 3530 1541 3587 forenses
1562 3535 1781 3584 contro-

220 3634 407 3688 versias
450 3642 615 3689 acuto
645 3641 703 3686 et
746 3629 918 3684 vivaci
965 3612 1122 3682 oculo
1171 3624 1369 3680 mentis
1408 3621 1779 3691 deprehensas

220 3723 595 3794 expediebant,
626 3737 724 3776 seu
760 3719 1111 3774 removebant
1155 3713 1360 3771 sedulo.
1386 3712 1626 3779 Denique
1648 3724 1785 3779 qua«

224 3813 450 3869 druvium
507 3812 745 3872 naturali
795 3809 1012 3881 ingenio
1053 3805 1383 3876 vestigantcs
1430 3801 1790 3871 degustaruut

226 3915 371 3975 atque
394 3922 500 3961 non
524 3908 809 3960 minimum
843 3903 897 3957 iu
926 3901 1042 3971 ipso
1068 3911 1285 3968 quouue
1308 3893 1596 3950 valuerunt
1649 3890 1792 3945 sicut

228 3997 489 4066 sequentia
523 4012 590 4051 ex
618 4005 777 4067 parte
820 3992 1156 4047 indicabunt.
1190 3988 1378 4067 igitur,
1420 4000 1545 4067 cum
1591 3982 1790 4036 ibidem

231 4090 418 4154 pariter
442 4089 804 4147 educarentur
831 4081 1070 4153 praedicti
1095 4080 1268 4151 pueri,
1297 4061 1499 4144 domini
1523 4070 1793 4127 Bruuouis

200 4180 446 4247 ‘gcaitrix
476 4178 691 4234 somnio
714 4174 1018 4244 hujusmodi
1045 4174 1306 4228 edocetur
1342 4166 1621 4224 defutura
1669 4179 1793 4235 pro-

237 4270 578 4325 tnotioue'filii
605 4269 710 4324 sui.
742 4266 877 4321 Nam
897 4265 1117 4321 videbat
1145 4260 1299 4333 quasi
1329 4259 1563 4329 seipsam
1590 4272 1620 4310 a
1644 4264 1799 4326 parte

236 4362 539 4430 mitificalis
574 4376 806 4416 camera:
836 4356 1197 4414 venerandam
1234 4351 1514 4408 basilicam
1554 4348 1634 4420 (7)
1666 4347 1797 4402 bea—

1882 3169 2209 3232 reddiderit,
2249 3174 2427 3220 tamen
2467 3160 2755 3232 capitalem
2798 3157 3078 3229 pulvillum
3110 3156 3288 3211 denuo
3318 3166 3455 3208 con-

1882 3259 2164 3323 scendere,
2192 3257 2310 3327 ipso
2332 3253 2718 3324 perspiciente,
2747 3264 2854 3306 non
2879 3246 3120 3313 distulit;
3157 3258 3283 3300 nam
3312 3242 3465 3297 luna«

1885 3354 2035 3409 ribus
2063 3350 2229 3407 radiis
2250 3356 2376 3403 tunc
2401 3344 2774 3400 illustrabatur
2796 3357 2959 3398 omne
2975 3336 3217 3411 penetral
3243 3334 3462 3392 cubilis.

1883 3445 1994 3501 Nec
2016 3458 2199 3506 mora;
2225 3438 2545 3494 famulorum
2575 3436 2730 3491 turba
2753 3427 3242 3505 repentinodilccti
3266 3423 3469 3481 domini

1886 3540 1968 3597 sui
1983 3538 2219 3594 clamore
2232 3534 2403 3589 accita
2420 3529 2684 3592 accurrit,
2698 3527 2975 3581 lucernam
2994 3535 3182 3578 secum
3201 3515 3471 3578 exhibuit,

1887 3630 1982 3686 sed
2021 3625 2336 3699 pestiferum
2383 3618 2513 3676 illud
2566 3615 2769 3674 animal
2814 3614 2915 3669 sub
2968 3609 3182 3666 illorqu
3224 3607 3469 3683 ingressu

1890 3695 2157 3792 nusquam
2183 3714 2508 3786 comparuit.
2526 3707 2820 3780 lnquiritur
2842 3703 3041 3775 passim
3063 3695 3474 3768 diligentissima

1892 3812 2249 3882 vestigatione
2296 3803 2746 3866 vernaculorum,
2805 3796 2900 3852 sed
2941 3791 3093 3848 omni
3154 3784 3478 3859 supellectili

1862 3960 1865 3963 .
1895 3880 2089 3959 cubitis
2124 3912 2313 3956 eversa
2337 3912 2403 3950 ac
2426 3898 2788 3965 perserutata,
2806 3885 3028 3942 minime
3055 3880 3156 3936 fuit
3176 3883 3474 3949 repertum.

1899 3992 2148 4053 Sedsive
2187 3987 2316 4043 illud
2360 3998 2548 4041 verum
2579 3989 2674 4037 aut
2703 3975 3050 4034 fantasticum
3087 3969 3274 4036 fuerit,
3294 3966 3481 4044 plagas

1900 4096 2085 4141 tamen
2117 4096 2275 4136 veras
2298 4088 2354 4134 et
2385 4076 2599 4131 dolores
2630 4087 2790 4130 veros
2818 4067 3052 4140 reliquit.

1973 4176 2182 4243 Quibus
2220 4172 2385 4229 etiam
2422 4177 2593 4224 totum
2621 4161 2848 4227 vultum,
2878 4167 3067 4232 guttur
3086 4172 3149 4212 ac
3178 4162 3368 4227 pectus
3397 4161 3483 4214 tu-

1907 4266 2173 4322 mefactus
2203 4274 2373 4331 usque
2393 4259 2462 4313 ad
2484 4255 2921 4327 desperationem
2949 4248 3291 4319 aliquatenus
3324 4256 3484 4299 recu-

1905 4357 2170 4432 perandae
2192 4350 2474 4425 sospitatis
2499 4358 2585 4405 est
2622 4346 2948 4403 infirmatus.
2976 4339 3218 4410 Uterque
3243 4334 3362 4406 ejus
3387 4348 3483 4404 pa.

241 4454 415 4509 tissimi
465 4453 886 4526 protomartyris
916 4448 1179 4521 Stephani
1214 4444 1447 4518 ingredi,
1493 4448 1767 4510 sancttequ

1877 4427 2039 4517 'i‘ens
2075 4462 2375 4518 omnesque
2411 4444 2493 4503 sui
2530 4457 2692 4513 super
2721 4440 2824 4495 hoc
2864 4432 3246 4492 miserabiliter
3277 4427 3489 4485 duobus

240 4549 495 4603 ntemorize
520 4547 805 4618 praesulem
834 4544 1160 4605 Gerardum,
1191 4540 1246 4596 in
1285 4539 1391 4594 vita
1417 4547 1474 4592 ct
1498 4543 1629 4605 post
1658 4548 1802 4589 mor-

210 4674 213 4675 ν
244 4642 337 4689 lem
378 4637 733 4694 clarificatum
779 4633 1086 4698 miraculis,
1115 4643 1403 4687 occurrere
1436 4627 1574 4692 sibi,
1604 4641 1668 4681 ac
1696 4622 1804 4680 sol-

210 4762 213 4771 ι
244 4738 436 4784 ventem
463 4748 492 4784 a
524 4730 740 4801 propria
769 4710 981 4787 cervice
1009 4724 1272 4789 orarium,
1301 4718 1444 4793 quod
1464 4717 1630 4789 vulgo
1661 4715 1801 4773 stola

214 4862 215 4865 η
249 4819 454 4885 dicitur,
492 4823 668 4879 eidem
706 4820 1010 4891 reposuisse
1053 4815 1107 4871 in
1139 4813 1371 4869 manica.
1403 4809 1557 4883 Quod
1588 4806 1803 4878 utique,

247 4917 566 4989 ccu‘conjici
612 4925 810 4987 potest.
855 4915 985 4971 illud
1034 4910 1394 4984 portendebat
1438 4905 1583 4977 quod
1628 4904 1797 4961 filium

216 5044 220 5054 .
253 5007 403 5076 ipsius
430 5026 533 5065 non
580 5019 692 5064 tam
724 5009 865 5065 sedis
893 5021 1006 5062 suae
1033 5019 1194 5074 quam
1224 5000 1350 5058 boni
1377 4996 1540 5056 studii
1582 5010 1805 5052 succes-

253 5113 411 5154 sorem
455 5101 668 5157 coalitus
714 5095 1105 5170 prmstituebat.
1151 5092 1288 5150 Nam
1341 5105 1464 5148 cum
1509 5088 1733 5158 quintus
1770 5102 1801 5142 a

256 5189 454 5247 domino
489 5192 564 5265 (8)
595 5192 837 5249 Gcrardo
866 5187 1195 5248 reverendus
1223 5187 1407 5242 Bruno
1431 5191 1803 5249 computetur,

259 5277 320 5328 ab
351 5282 460 5328 inm
488 5292 695 5328 tantum
719 5323 731 5328 -
768 5294 821 5328 at
864 5298 973 5328 nnn
1021 5280 1089 5328 ah
1123 5278 1303 5328 aliuno
1331 5271 1652 5328 sequacium
1692 5271 1811 5328 eius

1869 4600 1874 4606 .
1910 4546 2189 4603 mensibus
2226 4524 2403 4613 plenis
2442 4532 2952 4594 consternabantur,
2988 4526 3162 4603 solum
3193 4522 3354 4578 funus
3373 4517 3489 4589 jam

1909 4635 2090 4693 eiferri
2105 4632 2468 4704 suspicantes,
2480 4624 2763 4697 lugubrem
2779 4621 2922 4677 illam
2942 4617 3322 4688 exsequiarum
3337 4623 3492 4680 putu-

1910 4743 2033 4799 pam
2072 4722 2343 4781 coutinuis
2369 4717 2624 4790 suspiriis
2646 4724 2703 4770 et
2728 4711 2982 4785 lacrymis
3019 4705 3492 4781 pnestolabantur.

1914 4821 2109 4877 Verum
2140 4817 2402 4888 benignus
2422 4810 2607 4875 Jesus,
2637 4804 2938 4880 desperatis
2985 4802 3149 4857 rebus
3177 4808 3497 4854 succurrere

1876 4956 1879 4965 ,
1915 4912 2125 4975 solitus,
2155 4904 2580 4978 super.plenaria
2604 4899 2727 4969 ejus
2757 4895 3019 4971 sospitate
3041 4892 3221 4950 subito
3242 4894 3498 4961 parentes

1915 5006 2033 5075 ejus
2074 5010 2157 5057 est
2197 4976 2508 5056 consolatus
2534 5001 2589 5049 et
2627 4991 2882 5046 Ecclesiae
2918 5001 3031 5041 suae
3064 5001 3160 5057 per
3190 4983 3332 5038 hunc
3360 4976 3496 5035 rele-

1921 5069 2108 5149 v'auda:
2136 5085 2430 5147 secundum
2458 5080 2794 5156 propositum
2817 5091 2977 5134 suum
3003 5074 3339 5133 recordatus.
3364 5069 3502 5125 Nam

1882 5236 1885 5241 .
1920 5198 2044 5238 cum
2080 5178 2191 5249 jam
2241 5175 2450 5249 duobus
2490 5169 2769 5228 mensibus
2805 5183 2836 5223 a
2878 5164 3023 5220 lecto
3053 5181 3152 5237 per
3183 5179 3241 5220 se
3281 5161 3502 5222 minime

1923 5287 2150 5328 sur-aere
2176 5268 2462 5328 potuisset,
2486 5263 2732 5328 jamque,
2760 5267 3148 5316 concresecute
3174 5253 3503 5317 infirmitatis
