  <div class='ocr_page' id='page_1' title='image "/cluster/home/n/w/nwhite01/storage/ocr_20150623/143/hvd.32044015471816/239.png"; bbox 0 0 4010 5328; ppageno 0'>
   <div class='ocr_carea' id='block_1_1' title="bbox 532 276 629 332">
    <p class='ocr_par' dir='ltr' id='par_1_1' title="bbox 532 276 629 332">
     <span class='ocr_line' id='line_1_1' title="bbox 532 276 629 332; baseline 0 -2"><span class='ocrx_word' id='word_1_1' title='bbox 532 276 629 332; x_wconf 87' lang='lat' dir='ltr'><strong>m</strong></span> 
     </span>
    </p>
   </div>
   <div class='ocr_carea' id='block_1_2' title="bbox 1854 238 2094 344">
    <p class='ocr_par' dir='ltr' id='par_1_2' title="bbox 1854 281 2086 340">
     <span class='ocr_line' id='line_1_2' title="bbox 1854 281 2086 340; baseline 0.009 -2"><span class='ocrx_word' id='word_1_2' title='bbox 1854 282 1911 338; x_wconf 87' lang='lat' dir='ltr'><strong>S.</strong></span> <span class='ocrx_word' id='word_1_3' title='bbox 1952 281 2086 340; x_wconf 73' lang='grc' dir='ltr'><strong>[ιΕο</strong></span> 
     </span>
    </p>
   </div>
   <div class='ocr_carea' id='block_1_3' title="bbox 2199 238 3792 344">
    <p class='ocr_par' dir='ltr' id='par_1_3' title="bbox 2236 238 3792 344">
     <span class='ocr_line' id='line_1_3' title="bbox 2236 238 3792 344; baseline 0.003 -6"><span class='ocrx_word' id='word_1_4' title='bbox 2236 283 2430 339; x_wconf 66' lang='grc' dir='ltr'><strong>νΑΡΑ.</strong></span> <span class='ocrx_word' id='word_1_5' title='bbox 2826 238 2829 241; x_wconf 40' lang='grc'><em>’</em></span> <span class='ocrx_word' id='word_1_6' title='bbox 2990 248 3011 254; x_wconf 18' lang='grc' dir='ltr'><strong>’ί</strong></span> <span class='ocrx_word' id='word_1_7' title='bbox 3692 288 3792 344; x_wconf 65' lang='lat' dir='ltr'><strong>iis</strong></span> 
     </span>
    </p>
   </div>
   <div class='ocr_carea' id='block_1_4' title="bbox 537 386 3794 468">
    <p class='ocr_par' dir='ltr' id='par_1_4' title="bbox 537 386 3794 468">
     <span class='ocr_line' id='line_1_4' title="bbox 537 386 3794 468; baseline 0.005 -29"><span class='ocrx_word' id='word_1_8' title='bbox 537 386 755 440; x_wconf 68' lang='lat' dir='ltr'><strong>uiridem</strong></span> <span class='ocrx_word' id='word_1_9' title='bbox 783 386 1016 456; x_wconf 86' lang='lat' dir='ltr'><strong>quadam</strong></span> <span class='ocrx_word' id='word_1_10' title='bbox 1047 386 1141 442; x_wconf 85' lang='lat' dir='ltr'><strong>die</strong></span> <span class='ocrx_word' id='word_1_11' title='bbox 1155 389 1359 458; x_wconf 87' lang='lat' dir='ltr'><strong>apertis</strong></span> <span class='ocrx_word' id='word_1_12' title='bbox 1387 392 1588 459; x_wconf 75' lang='lat' dir='ltr'><strong>oculis,</strong></span> <span class='ocrx_word' id='word_1_13' title='bbox 1618 393 1840 463; x_wconf 87' lang='lat' dir='ltr'><strong>supino,</strong></span> <span class='ocrx_word' id='word_1_14' title='bbox 1870 404 2114 452; x_wconf 30' lang='lat' dir='ltr'><strong>ut‘recu-</strong></span> <span class='ocrx_word' id='word_1_15' title='bbox 2145 399 2193 457; x_wconf 80' lang='grc' dir='ltr'><strong>Λ</strong></span> <span class='ocrx_word' id='word_1_16' title='bbox 2222 394 2459 465; x_wconf 82' lang='lat' dir='ltr'><strong>glorioso</strong></span> <span class='ocrx_word' id='word_1_17' title='bbox 2480 435 2484 440; x_wconf 64' lang='grc' dir='ltr'><strong><em>η</em></strong></span> <span class='ocrx_word' id='word_1_18' title='bbox 2503 394 2819 464; x_wconf 77' lang='lat' dir='ltr'><strong>imperatori</strong></span> <span class='ocrx_word' id='word_1_19' title='bbox 2868 394 3120 453; x_wconf 82' lang='lat' dir='ltr'><strong>Conrado</strong></span> <span class='ocrx_word' id='word_1_20' title='bbox 3173 398 3460 454; x_wconf 86' lang='lat' dir='ltr'><strong>contribuli</strong></span> <span class='ocrx_word' id='word_1_21' title='bbox 3510 415 3631 466; x_wconf 86' lang='lat' dir='ltr'><strong>suo,</strong></span> <span class='ocrx_word' id='word_1_22' title='bbox 3679 401 3794 468; x_wconf 77' lang='lat' dir='ltr'><strong>eius</strong></span> 
     </span>
    </p>
   </div>
   <div class='ocr_carea' id='block_1_5' title="bbox 532 472 2117 563">
    <p class='ocr_par' dir='ltr' id='par_1_5' title="bbox 532 472 2117 555">
     <span class='ocr_line' id='line_1_5' title="bbox 532 472 2117 555; baseline 0.009 -27"><span class='ocrx_word' id='word_1_23' title='bbox 532 474 732 540; x_wconf 66' lang='lat' dir='ltr'><strong>bililal,</strong></span> <span class='ocrx_word' id='word_1_24' title='bbox 763 472 944 542; x_wconf 89' lang='lat' dir='ltr'><strong>vuhu,</strong></span> <span class='ocrx_word' id='word_1_25' title='bbox 981 477 1210 548; x_wconf 76' lang='lat' dir='ltr'><strong>vigilans</strong></span> <span class='ocrx_word' id='word_1_26' title='bbox 1254 482 1541 550; x_wconf 78' lang='lat' dir='ltr'><strong>conspexit</strong></span> <span class='ocrx_word' id='word_1_27' title='bbox 1593 484 1748 553; x_wconf 85' lang='lat' dir='ltr'><strong>quasi</strong></span> <span class='ocrx_word' id='word_1_28' title='bbox 1789 484 2117 555; x_wconf 82' lang='lat' dir='ltr'><strong>luminosam</strong></span> 
     </span>
    </p>
   </div>
   <div class='ocr_carea' id='block_1_6' title="bbox 532 564 2115 646">
    <p class='ocr_par' dir='ltr' id='par_1_6' title="bbox 532 564 2115 646">
     <span class='ocr_line' id='line_1_6' title="bbox 532 564 2115 646; baseline 0.008 -26"><span class='ocrx_word' id='word_1_29' title='bbox 532 564 737 620; x_wconf 80' lang='lat' dir='ltr'><strong>scalam</strong></span> <span class='ocrx_word' id='word_1_30' title='bbox 761 566 831 622; x_wconf 86' lang='lat' dir='ltr'><strong>ab</strong></span> <span class='ocrx_word' id='word_1_31' title='bbox 859 567 975 638; x_wconf 89' lang='lat' dir='ltr'><strong>ipso</strong></span> <span class='ocrx_word' id='word_1_32' title='bbox 995 584 1093 624; x_wconf 90' lang='lat' dir='ltr'><strong>suo</strong></span> <span class='ocrx_word' id='word_1_33' title='bbox 1114 569 1466 643; x_wconf 76' lang='lat' dir='ltr'><strong>grabatoper</strong></span> <span class='ocrx_word' id='word_1_34' title='bbox 1490 588 1549 628; x_wconf 90' lang='lat' dir='ltr'><strong>se</strong></span> <span class='ocrx_word' id='word_1_35' title='bbox 1577 573 1749 644; x_wconf 87' lang='lat' dir='ltr'><strong>ipsam</strong></span> <span class='ocrx_word' id='word_1_36' title='bbox 1778 564 1937 646; x_wconf 87' lang='lat' dir='ltr'><strong>erigi,</strong></span> <span class='ocrx_word' id='word_1_37' title='bbox 1959 584 2013 632; x_wconf 91' lang='lat' dir='ltr'><strong>et</strong></span> <span class='ocrx_word' id='word_1_38' title='bbox 2039 576 2115 633; x_wconf 87' lang='lat' dir='ltr'><strong>fe-</strong></span> 
     </span>
    </p>
   </div>
   <div class='ocr_carea' id='block_1_7' title="bbox 530 661 2113 741">
    <p class='ocr_par' dir='ltr' id='par_1_7' title="bbox 530 661 2113 741">
     <span class='ocr_line' id='line_1_7' title="bbox 530 661 2113 741; baseline 0.008 -29"><span class='ocrx_word' id='word_1_39' title='bbox 530 668 719 714; x_wconf 85' lang='lat' dir='ltr'><strong>nestra</strong></span> <span class='ocrx_word' id='word_1_40' title='bbox 734 661 801 716; x_wconf 91' lang='lat' dir='ltr'><strong>ad</strong></span> <span class='ocrx_word' id='word_1_41' title='bbox 829 662 993 732; x_wconf 84' lang='lat' dir='ltr'><strong>pedes</strong></span> <span class='ocrx_word' id='word_1_42' title='bbox 1015 664 1133 734; x_wconf 84' lang='lat' dir='ltr'><strong>ejus</strong></span> <span class='ocrx_word' id='word_1_43' title='bbox 1157 666 1383 721; x_wconf 88' lang='lat' dir='ltr'><strong>transita</strong></span> <span class='ocrx_word' id='word_1_44' title='bbox 1412 680 1584 736; x_wconf 90' lang='lat' dir='ltr'><strong>usque</strong></span> <span class='ocrx_word' id='word_1_45' title='bbox 1608 667 1660 721; x_wconf 93' lang='lat' dir='ltr'><strong>in</strong></span> <span class='ocrx_word' id='word_1_46' title='bbox 1684 668 1881 727; x_wconf 58' lang='lat' dir='ltr'><strong>callum</strong></span> <span class='ocrx_word' id='word_1_47' title='bbox 1905 669 2113 741; x_wconf 78' lang='lat' dir='ltr'><strong>porrigi</strong></span> 
     </span>
    </p>
   </div>
   <div class='ocr_carea' id='block_1_8' title="bbox 535 756 2111 826">
    <p class='ocr_par' dir='ltr' id='par_1_8' title="bbox 535 756 2111 826">
     <span class='ocr_line' id='line_1_8' title="bbox 535 756 2111 826; baseline 0.01 -23"><span class='ocrx_word' id='word_1_48' title='bbox 535 757 702 820; x_wconf 78' lang='lat' dir='ltr'><strong>atque</strong></span> <span class='ocrx_word' id='word_1_49' title='bbox 744 768 843 822; x_wconf 90' lang='lat' dir='ltr'><strong>per</strong></span> <span class='ocrx_word' id='word_1_50' title='bbox 871 768 991 808; x_wconf 88' lang='lat' dir='ltr'><strong>eam</strong></span> <span class='ocrx_word' id='word_1_51' title='bbox 1028 756 1314 826; x_wconf 84' lang='lat' dir='ltr'><strong>quemdam</strong></span> <span class='ocrx_word' id='word_1_52' title='bbox 1344 758 1524 814; x_wconf 72' lang='lat' dir='ltr'><strong>nimia:</strong></span> <span class='ocrx_word' id='word_1_53' title='bbox 1554 759 1822 816; x_wconf 74' lang='lat' dir='ltr'><strong>claritatis</strong></span> <span class='ocrx_word' id='word_1_54' title='bbox 1857 776 2111 817; x_wconf 84' lang='lat' dir='ltr'><strong>reveren-</strong></span> 
     </span>
    </p>
   </div>
   <div class='ocr_carea' id='block_1_9' title="bbox 529 840 2113 910">
    <p class='ocr_par' dir='ltr' id='par_1_9' title="bbox 529 840 2113 910">
     <span class='ocr_line' id='line_1_9' title="bbox 529 840 2113 910; baseline 0.008 -15"><span class='ocrx_word' id='word_1_55' title='bbox 529 842 721 910; x_wconf 69' lang='lat' dir='ltr'><strong>drcque</strong></span> <span class='ocrx_word' id='word_1_56' title='bbox 758 844 974 899; x_wconf 76' lang='lat' dir='ltr'><strong>canitiei</strong></span> <span class='ocrx_word' id='word_1_57' title='bbox 1006 859 1189 900; x_wconf 87' lang='lat' dir='ltr'><strong>senem</strong></span> <span class='ocrx_word' id='word_1_58' title='bbox 1228 848 1648 904; x_wconf 85' lang='lat' dir='ltr'><strong>descendentem</strong></span> <span class='ocrx_word' id='word_1_59' title='bbox 1685 850 1739 904; x_wconf 89' lang='lat' dir='ltr'><strong>in</strong></span> <span class='ocrx_word' id='word_1_60' title='bbox 1777 840 1964 906; x_wconf 88' lang='lat' dir='ltr'><strong>habitu</strong></span> <span class='ocrx_word' id='word_1_61' title='bbox 1995 867 2113 908; x_wconf 84' lang='lat' dir='ltr'><strong>mo-</strong></span> 
     </span>
    </p>
   </div>
   <div class='ocr_carea' id='block_1_10' title="bbox 526 932 2108 1016">
    <p class='ocr_par' dir='ltr' id='par_1_10' title="bbox 526 932 2108 1016">
     <span class='ocr_line' id='line_1_10' title="bbox 526 932 2108 1016; baseline 0.007 -27"><span class='ocrx_word' id='word_1_62' title='bbox 526 932 766 1001; x_wconf 72' lang='lat' dir='ltr'><strong>nachali,</strong></span> <span class='ocrx_word' id='word_1_63' title='bbox 796 935 950 1005; x_wconf 91' lang='lat' dir='ltr'><strong>cttjus</strong></span> <span class='ocrx_word' id='word_1_64' title='bbox 985 936 1203 993; x_wconf 80' lang='lat' dir='ltr'><strong>dextera</strong></span> <span class='ocrx_word' id='word_1_65' title='bbox 1227 941 1475 1006; x_wconf 80' lang='lat' dir='ltr'><strong>gestabat</strong></span> <span class='ocrx_word' id='word_1_66' title='bbox 1503 957 1721 997; x_wconf 87' lang='lat' dir='ltr'><strong>crucem</strong></span> <span class='ocrx_word' id='word_1_67' title='bbox 1751 945 2108 1016; x_wconf 85' lang='lat' dir='ltr'><strong>conspicuam</strong></span> 
     </span>
    </p>
   </div>
   <div class='ocr_carea' id='block_1_11' title="bbox 524 1022 2109 1104">
    <p class='ocr_par' dir='ltr' id='par_1_11' title="bbox 524 1022 2109 1104">
     <span class='ocr_line' id='line_1_11' title="bbox 524 1022 2109 1104; baseline 0.008 -26"><span class='ocrx_word' id='word_1_68' title='bbox 524 1026 582 1079; x_wconf 90' lang='lat' dir='ltr'><strong>in</strong></span> <span class='ocrx_word' id='word_1_69' title='bbox 609 1026 768 1096; x_wconf 85' lang='lat' dir='ltr'><strong>longo</strong></span> <span class='ocrx_word' id='word_1_70' title='bbox 788 1028 990 1083; x_wconf 88' lang='lat' dir='ltr'><strong>hastili.</strong></span> <span class='ocrx_word' id='word_1_71' title='bbox 1012 1022 1112 1096; x_wconf 75' lang='lat' dir='ltr'><strong>Qui</strong></span> <span class='ocrx_word' id='word_1_72' title='bbox 1141 1031 1207 1086; x_wconf 90' lang='lat' dir='ltr'><strong>ad</strong></span> <span class='ocrx_word' id='word_1_73' title='bbox 1233 1041 1493 1103; x_wconf 68' lang='lat' dir='ltr'><strong>aegrotum</strong></span> <span class='ocrx_word' id='word_1_74' title='bbox 1517 1042 1575 1089; x_wconf 93' lang='lat' dir='ltr'><strong>ut</strong></span> <span class='ocrx_word' id='word_1_75' title='bbox 1600 1036 1868 1104; x_wconf 78' lang='lat' dir='ltr'><strong>pervenit,</strong></span> <span class='ocrx_word' id='word_1_76' title='bbox 1887 1035 2109 1092; x_wconf 88' lang='lat' dir='ltr'><strong>sinislra</strong></span> 
     </span>
    </p>
   </div>
   <div class='ocr_carea' id='block_1_12' title="bbox 529 1110 2108 1194">
    <p class='ocr_par' dir='ltr' id='par_1_12' title="bbox 529 1110 2108 1194">
     <span class='ocr_line' id='line_1_12' title="bbox 529 1110 2108 1194; baseline 0.009 -26"><span class='ocrx_word' id='word_1_77' title='bbox 529 1130 693 1171; x_wconf 78' lang='lat' dir='ltr'><strong>litanti</strong></span> <span class='ocrx_word' id='word_1_78' title='bbox 726 1110 930 1173; x_wconf 86' lang='lat' dir='ltr'><strong>scalam</strong></span> <span class='ocrx_word' id='word_1_79' title='bbox 960 1120 1206 1187; x_wconf 90' lang='lat' dir='ltr'><strong>retinuit,</strong></span> <span class='ocrx_word' id='word_1_80' title='bbox 1232 1123 1421 1178; x_wconf 80' lang='lat' dir='ltr'><strong>dextra</strong></span> <span class='ocrx_word' id='word_1_81' title='bbox 1449 1139 1579 1179; x_wconf 86' lang='lat' dir='ltr'><strong>vero</strong></span> <span class='ocrx_word' id='word_1_82' title='bbox 1613 1126 1857 1194; x_wconf 81' lang='lat' dir='ltr'><strong>eamdem</strong></span> <span class='ocrx_word' id='word_1_83' title='bbox 1888 1141 2108 1183; x_wconf 90' lang='lat' dir='ltr'><strong>crucem</strong></span> 
     </span>
    </p>
   </div>
   <div class='ocr_carea' id='block_1_13' title="bbox 526 1206 2109 1281">
    <p class='ocr_par' dir='ltr' id='par_1_13' title="bbox 526 1206 2109 1281">
     <span class='ocr_line' id='line_1_13' title="bbox 526 1206 2109 1281; baseline 0.01 -24"><span class='ocrx_word' id='word_1_84' title='bbox 526 1206 761 1274; x_wconf 75' lang='lat' dir='ltr'><strong>primunt</strong></span> <span class='ocrx_word' id='word_1_85' title='bbox 797 1209 877 1263; x_wconf 90' lang='lat' dir='ltr'><strong>ori</strong></span> <span class='ocrx_word' id='word_1_86' title='bbox 905 1207 1023 1278; x_wconf 79' lang='lat' dir='ltr'><strong>ejus</strong></span> <span class='ocrx_word' id='word_1_87' title='bbox 1057 1214 1326 1281; x_wconf 88' lang='lat' dir='ltr'><strong>apposuit,</strong></span> <span class='ocrx_word' id='word_1_88' title='bbox 1371 1213 1567 1271; x_wconf 88' lang='lat' dir='ltr'><strong>deinde</strong></span> <span class='ocrx_word' id='word_1_89' title='bbox 1612 1215 1729 1271; x_wconf 88' lang='lat' dir='ltr'><strong>loca</strong></span> <span class='ocrx_word' id='word_1_90' title='bbox 1773 1217 2001 1274; x_wconf 89' lang='lat' dir='ltr'><strong>tumoris</strong></span> <span class='ocrx_word' id='word_1_91' title='bbox 2041 1233 2109 1273; x_wconf 77' lang='lat' dir='ltr'><strong>ex</strong></span> 
     </span>
    </p>
   </div>
   <div class='ocr_carea' id='block_1_14' title="bbox 524 1299 2106 1378">
    <p class='ocr_par' dir='ltr' id='par_1_14' title="bbox 524 1299 2106 1378">
     <span class='ocr_line' id='line_1_14' title="bbox 524 1299 2106 1378; baseline 0.008 -26"><span class='ocrx_word' id='word_1_92' title='bbox 524 1299 647 1369; x_wconf 88' lang='lat' dir='ltr'><strong>ipsa</strong></span> <span class='ocrx_word' id='word_1_93' title='bbox 683 1300 915 1370; x_wconf 85' lang='lat' dir='ltr'><strong>signavit</strong></span> <span class='ocrx_word' id='word_1_94' title='bbox 941 1310 998 1357; x_wconf 89' lang='lat' dir='ltr'><strong>et</strong></span> <span class='ocrx_word' id='word_1_95' title='bbox 1024 1306 1191 1359; x_wconf 87' lang='lat' dir='ltr'><strong>totius</strong></span> <span class='ocrx_word' id='word_1_96' title='bbox 1219 1306 1407 1360; x_wconf 83' lang='lat' dir='ltr'><strong>veneni</strong></span> <span class='ocrx_word' id='word_1_97' title='bbox 1454 1306 1732 1372; x_wconf 30' lang='lat' dir='ltr'><strong>incoctam,</strong></span> <span class='ocrx_word' id='word_1_98' title='bbox 1766 1309 2106 1378; x_wconf 90' lang='lat' dir='ltr'><strong>putredinem</strong></span> 
     </span>
    </p>
   </div>
   <div class='ocr_carea' id='block_1_15' title="bbox 524 1397 2104 1471">
    <p class='ocr_par' dir='ltr' id='par_1_15' title="bbox 524 1397 2104 1471">
     <span class='ocr_line' id='line_1_15' title="bbox 524 1397 2104 1471; baseline 0.006 -24"><span class='ocrx_word' id='word_1_99' title='bbox 524 1402 651 1460; x_wconf 85' lang='lat' dir='ltr'><strong>post</strong></span> <span class='ocrx_word' id='word_1_100' title='bbox 702 1409 888 1450; x_wconf 87' lang='lat' dir='ltr'><strong>aurem</strong></span> <span class='ocrx_word' id='word_1_101' title='bbox 933 1397 1200 1465; x_wconf 74' lang='lat' dir='ltr'><strong>extraxit;</strong></span> <span class='ocrx_word' id='word_1_102' title='bbox 1240 1399 1534 1469; x_wconf 89' lang='lat' dir='ltr'><strong>statimque</strong></span> <span class='ocrx_word' id='word_1_103' title='bbox 1572 1400 1677 1465; x_wconf 88' lang='lat' dir='ltr'><strong>via,</strong></span> <span class='ocrx_word' id='word_1_104' title='bbox 1716 1416 1819 1471; x_wconf 87' lang='lat' dir='ltr'><strong>qua</strong></span> <span class='ocrx_word' id='word_1_105' title='bbox 1861 1411 2104 1469; x_wconf 76' lang='lat' dir='ltr'><strong>venerat,</strong></span> 
     </span>
    </p>
   </div>
   <div class='ocr_carea' id='block_1_16' title="bbox 525 1488 2107 1553">
    <p class='ocr_par' dir='ltr' id='par_1_16' title="bbox 525 1488 2107 1553">
     <span class='ocr_line' id='line_1_16' title="bbox 525 1488 2107 1553; baseline 0.009 -15"><span class='ocrx_word' id='word_1_106' title='bbox 525 1499 799 1551; x_wconf 73' lang='lat' dir='ltr'><strong>reversus,</strong></span> <span class='ocrx_word' id='word_1_107' title='bbox 823 1488 1323 1547; x_wconf 84' lang='lat' dir='ltr'><strong>dimisitinﬁrmum</strong></span> <span class='ocrx_word' id='word_1_108' title='bbox 1351 1493 1640 1550; x_wconf 83' lang='lat' dir='ltr'><strong>habentem</strong></span> <span class='ocrx_word' id='word_1_109' title='bbox 1664 1510 1725 1550; x_wconf 89' lang='lat' dir='ltr'><strong>se</strong></span> <span class='ocrx_word' id='word_1_110' title='bbox 1755 1494 1966 1551; x_wconf 88' lang='lat' dir='ltr'><strong>melius.</strong></span> <span class='ocrx_word' id='word_1_111' title='bbox 1996 1495 2107 1553; x_wconf 79' lang='lat' dir='ltr'><strong>Nec</strong></span> 
     </span>
    </p>
   </div>
   <div class='ocr_carea' id='block_1_17' title="bbox 518 1581 2107 1652">
    <p class='ocr_par' dir='ltr' id='par_1_17' title="bbox 518 1581 2107 1652">
     <span class='ocr_line' id='line_1_17' title="bbox 518 1581 2107 1652; baseline 0.008 -21"><span class='ocrx_word' id='word_1_112' title='bbox 518 1593 712 1645; x_wconf 85' lang='lat' dir='ltr'><strong>mora;</strong></span> <span class='ocrx_word' id='word_1_113' title='bbox 742 1581 974 1650; x_wconf 88' lang='lat' dir='ltr'><strong>denique</strong></span> <span class='ocrx_word' id='word_1_114' title='bbox 1010 1582 1406 1640; x_wconf 85' lang='lat' dir='ltr'><strong>Adalberonem</strong></span> <span class='ocrx_word' id='word_1_115' title='bbox 1449 1599 1605 1641; x_wconf 86' lang='lat' dir='ltr'><strong>suum</strong></span> <span class='ocrx_word' id='word_1_116' title='bbox 1649 1585 1930 1652; x_wconf 86' lang='lat' dir='ltr'><strong>clericum,</strong></span> <span class='ocrx_word' id='word_1_117' title='bbox 1979 1596 2107 1644; x_wconf 84' lang='lat' dir='ltr'><strong>tunc</strong></span> 
     </span>
    </p>
   </div>
   <div class='ocr_carea' id='block_1_18' title="bbox 522 1671 2106 1754">
    <p class='ocr_par' dir='ltr' id='par_1_18' title="bbox 522 1671 2106 1754">
     <span class='ocr_line' id='line_1_18' title="bbox 522 1671 2106 1754; baseline 0.009 -32"><span class='ocrx_word' id='word_1_118' title='bbox 522 1671 896 1726; x_wconf 86' lang='lat' dir='ltr'><strong>tantummodo</strong></span> <span class='ocrx_word' id='word_1_119' title='bbox 927 1672 1046 1743; x_wconf 89' lang='lat' dir='ltr'><strong>ejus</strong></span> <span class='ocrx_word' id='word_1_120' title='bbox 1080 1675 1410 1749; x_wconf 77' lang='lat' dir='ltr'><strong>assidentem</strong></span> <span class='ocrx_word' id='word_1_121' title='bbox 1450 1676 1647 1733; x_wconf 86' lang='lat' dir='ltr'><strong>lectulo</strong></span> <span class='ocrx_word' id='word_1_122' title='bbox 1678 1678 1968 1754; x_wconf 80' lang='lat' dir='ltr'><strong>allocutus,</strong></span> <span class='ocrx_word' id='word_1_123' title='bbox 2008 1695 2106 1751; x_wconf 85' lang='lat' dir='ltr'><strong>per</strong></span> 
     </span>
    </p>
   </div>
   <div class='ocr_carea' id='block_1_19' title="bbox 2218 487 3794 560">
    <p class='ocr_par' dir='ltr' id='par_1_19' title="bbox 2218 487 3794 560">
     <span class='ocr_line' id='line_1_19' title="bbox 2218 487 3794 560; baseline 0.004 -17"><span class='ocrx_word' id='word_1_124' title='bbox 2218 487 2531 548; x_wconf 70' lang='lat' dir='ltr'><strong>educandus</strong></span> <span class='ocrx_word' id='word_1_125' title='bbox 2552 489 2607 551; x_wconf 88' lang='lat' dir='ltr'><strong>in</strong></span> <span class='ocrx_word' id='word_1_126' title='bbox 2632 492 2756 544; x_wconf 89' lang='lat' dir='ltr'><strong>aula</strong></span> <span class='ocrx_word' id='word_1_127' title='bbox 2776 497 2941 560; x_wconf 89' lang='lat' dir='ltr'><strong>atque</strong></span> <span class='ocrx_word' id='word_1_128' title='bbox 2960 491 3323 551; x_wconf 76' lang='lat' dir='ltr'><strong>excubaturus</strong></span> <span class='ocrx_word' id='word_1_129' title='bbox 3346 492 3397 547; x_wconf 93' lang='lat' dir='ltr'><strong>in</strong></span> <span class='ocrx_word' id='word_1_130' title='bbox 3424 492 3671 549; x_wconf 79' lang='lat' dir='ltr'><strong>basilica.</strong></span> <span class='ocrx_word' id='word_1_131' title='bbox 3697 493 3794 549; x_wconf 83' lang='lat' dir='ltr'><strong>Ubi</strong></span> 
     </span>
    </p>
   </div>
   <div class='ocr_carea' id='block_1_20' title="bbox 2217 577 3791 647">
    <p class='ocr_par' dir='ltr' id='par_1_20' title="bbox 2217 577 3791 647">
     <span class='ocr_line' id='line_1_20' title="bbox 2217 577 3791 647; baseline 0.001 -14"><span class='ocrx_word' id='word_1_132' title='bbox 2217 577 2457 635; x_wconf 89' lang='lat' dir='ltr'><strong>nondum</strong></span> <span class='ocrx_word' id='word_1_133' title='bbox 2484 577 2671 635; x_wconf 88' lang='lat' dir='ltr'><strong>multis</strong></span> <span class='ocrx_word' id='word_1_134' title='bbox 2695 579 2939 645; x_wconf 76' lang='lat' dir='ltr'><strong>decursis</strong></span> <span class='ocrx_word' id='word_1_135' title='bbox 2966 580 3181 647; x_wconf 87' lang='lat' dir='ltr'><strong>diebus,</strong></span> <span class='ocrx_word' id='word_1_136' title='bbox 3222 580 3465 635; x_wconf 87' lang='lat' dir='ltr'><strong>omnium</strong></span> <span class='ocrx_word' id='word_1_137' title='bbox 3482 582 3791 647; x_wconf 83' lang='lat' dir='ltr'><strong>aulicorum</strong></span> 
     </span>
    </p>
   </div>
   <div class='ocr_carea' id='block_1_21' title="bbox 2215 668 3793 742">
    <p class='ocr_par' dir='ltr' id='par_1_21' title="bbox 2215 668 3793 742">
     <span class='ocr_line' id='line_1_21' title="bbox 2215 668 3793 742; baseline 0.001 -16"><span class='ocrx_word' id='word_1_138' title='bbox 2215 668 2645 731; x_wconf 83' lang='lat' dir='ltr'><strong>benevolentiam</strong></span> <span class='ocrx_word' id='word_1_139' title='bbox 2697 671 2937 740; x_wconf 78' lang='lat' dir='ltr'><strong>perfecte</strong></span> <span class='ocrx_word' id='word_1_140' title='bbox 2979 680 3067 726; x_wconf 88' lang='lat' dir='ltr'><strong>est</strong></span> <span class='ocrx_word' id='word_1_141' title='bbox 3103 671 3351 741; x_wconf 84' lang='lat' dir='ltr'><strong>adeptus,</strong></span> <span class='ocrx_word' id='word_1_142' title='bbox 3401 680 3597 740; x_wconf 80' lang='lat' dir='ltr'><strong>utpote</strong></span> <span class='ocrx_word' id='word_1_143' title='bbox 3635 686 3793 742; x_wconf 85' lang='lat' dir='ltr'><strong>quem</strong></span> 
     </span>
    </p>
   </div>
   <div class='ocr_carea' id='block_1_22' title="bbox 2214 760 3794 832">
    <p class='ocr_par' dir='ltr' id='par_1_22' title="bbox 2214 760 3794 832">
     <span class='ocr_line' id='line_1_22' title="bbox 2214 760 3794 832; baseline 0.003 -19"><span class='ocrx_word' id='word_1_144' title='bbox 2214 760 2510 831; x_wconf 87' lang='lat' dir='ltr'><strong>gratiosum</strong></span> <span class='ocrx_word' id='word_1_145' title='bbox 2554 760 2845 816; x_wconf 80' lang='lat' dir='ltr'><strong>exhibebat</strong></span> <span class='ocrx_word' id='word_1_146' title='bbox 2886 775 3065 832; x_wconf 69' lang='lat' dir='ltr'><strong>praico</strong></span> <span class='ocrx_word' id='word_1_147' title='bbox 3111 760 3228 831; x_wconf 87' lang='lat' dir='ltr'><strong>ejus</strong></span> <span class='ocrx_word' id='word_1_148' title='bbox 3264 762 3698 819; x_wconf 83' lang='lat' dir='ltr'><strong>conversationis</strong></span> <span class='ocrx_word' id='word_1_149' title='bbox 3733 778 3794 817; x_wconf 84' lang='lat' dir='ltr'><strong>ac</strong></span> 
     </span>
    </p>
   </div>
   <div class='ocr_carea' id='block_1_23' title="bbox 2213 849 3793 923">
    <p class='ocr_par' dir='ltr' id='par_1_23' title="bbox 2213 849 3793 923">
     <span class='ocr_line' id='line_1_23' title="bbox 2213 849 3793 923; baseline 0.003 -19"><span class='ocrx_word' id='word_1_150' title='bbox 2213 849 2532 921; x_wconf 62' lang='lat' dir='ltr'><strong>prudentiae,</strong></span> <span class='ocrx_word' id='word_1_151' title='bbox 2575 851 2790 923; x_wconf 79' lang='lat' dir='ltr'><strong>generis</strong></span> <span class='ocrx_word' id='word_1_152' title='bbox 2829 866 2892 908; x_wconf 90' lang='lat' dir='ltr'><strong>ac</strong></span> <span class='ocrx_word' id='word_1_153' title='bbox 2926 851 3114 909; x_wconf 69' lang='lat' dir='ltr'><strong>furtiue</strong></span> <span class='ocrx_word' id='word_1_154' title='bbox 3145 853 3328 908; x_wconf 86' lang='lat' dir='ltr'><strong>decus.</strong></span> <span class='ocrx_word' id='word_1_155' title='bbox 3375 852 3533 910; x_wconf 83' lang='lat' dir='ltr'><strong>Unde</strong></span> <span class='ocrx_word' id='word_1_156' title='bbox 3557 868 3687 908; x_wconf 90' lang='lat' dir='ltr'><strong>cum</strong></span> <span class='ocrx_word' id='word_1_157' title='bbox 3729 856 3793 909; x_wconf 80' lang='lat' dir='ltr'><strong>ab</strong></span> 
     </span>
    </p>
   </div>
   <div class='ocr_carea' id='block_1_24' title="bbox 2211 943 3793 1014">
    <p class='ocr_par' dir='ltr' id='par_1_24' title="bbox 2211 943 3793 1014">
     <span class='ocr_line' id='line_1_24' title="bbox 2211 943 3793 1014; baseline 0.003 -16"><span class='ocrx_word' id='word_1_158' title='bbox 2211 943 2293 999; x_wconf 88' lang='lat' dir='ltr'><strong>eis</strong></span> <span class='ocrx_word' id='word_1_159' title='bbox 2321 943 2517 998; x_wconf 86' lang='lat' dir='ltr'><strong>ibidem</strong></span> <span class='ocrx_word' id='word_1_160' title='bbox 2553 944 2834 1000; x_wconf 86' lang='lat' dir='ltr'><strong>Brunones</strong></span> <span class='ocrx_word' id='word_1_161' title='bbox 2874 959 3030 1014; x_wconf 81' lang='lat' dir='ltr'><strong>aeque</strong></span> <span class='ocrx_word' id='word_1_162' title='bbox 3057 954 3384 1003; x_wconf 88' lang='lat' dir='ltr'><strong>vocarentur</strong></span> <span class='ocrx_word' id='word_1_163' title='bbox 3412 947 3684 1011; x_wconf 88' lang='lat' dir='ltr'><strong>nonnulli,</strong></span> <span class='ocrx_word' id='word_1_164' title='bbox 3712 947 3793 1003; x_wconf 82' lang='lat' dir='ltr'><strong>hic</strong></span> 
     </span>
    </p>
   </div>
   <div class='ocr_carea' id='block_1_25' title="bbox 2212 1031 3793 1109">
    <p class='ocr_par' dir='ltr' id='par_1_25' title="bbox 2212 1031 3793 1109">
     <span class='ocr_line' id='line_1_25' title="bbox 2212 1031 3793 1109; baseline 0.003 -20"><span class='ocrx_word' id='word_1_165' title='bbox 2212 1043 2420 1089; x_wconf 84' lang='lat' dir='ltr'><strong>tantum</strong></span> <span class='ocrx_word' id='word_1_166' title='bbox 2446 1035 2625 1092; x_wconf 88' lang='lat' dir='ltr'><strong>Bonus</strong></span> <span class='ocrx_word' id='word_1_167' title='bbox 2653 1034 2833 1093; x_wconf 86' lang='lat' dir='ltr'><strong>Bruno</strong></span> <span class='ocrx_word' id='word_1_168' title='bbox 2860 1037 3059 1102; x_wconf 87' lang='lat' dir='ltr'><strong>meruit</strong></span> <span class='ocrx_word' id='word_1_169' title='bbox 3083 1037 3366 1108; x_wconf 87' lang='lat' dir='ltr'><strong>appellari.</strong></span> <span class='ocrx_word' id='word_1_170' title='bbox 3390 1031 3793 1109; x_wconf 70' lang='lat' dir='ltr'><strong>Quamper</strong></span> 
     </span>
    </p>
   </div>
   <div class='ocr_carea' id='block_1_26' title="bbox 2210 1126 3791 1199">
    <p class='ocr_par' dir='ltr' id='par_1_26' title="bbox 2210 1126 3791 1199">
     <span class='ocr_line' id='line_1_26' title="bbox 2210 1126 3791 1199; baseline 0.003 -19"><span class='ocrx_word' id='word_1_171' title='bbox 2210 1127 2443 1198; x_wconf 85' lang='lat' dir='ltr'><strong>gativam</strong></span> <span class='ocrx_word' id='word_1_172' title='bbox 2474 1126 2547 1182; x_wconf 90' lang='lat' dir='ltr'><strong>ita</strong></span> <span class='ocrx_word' id='word_1_173' title='bbox 2594 1127 2669 1182; x_wconf 84' lang='lat' dir='ltr'><strong>in—</strong></span> <span class='ocrx_word' id='word_1_174' title='bbox 2687 1128 2805 1183; x_wconf 82' lang='lat' dir='ltr'><strong>dies</strong></span> <span class='ocrx_word' id='word_1_175' title='bbox 2830 1128 3227 1199; x_wconf 76' lang='lat' dir='ltr'><strong>augmentaudo</strong></span> <span class='ocrx_word' id='word_1_176' title='bbox 3253 1129 3374 1184; x_wconf 88' lang='lat' dir='ltr'><strong>sine</strong></span> <span class='ocrx_word' id='word_1_177' title='bbox 3401 1128 3791 1185; x_wconf 85' lang='lat' dir='ltr'><strong>sodalium-in-</strong></span> 
     </span>
    </p>
   </div>
   <div class='ocr_carea' id='block_1_27' title="bbox 2207 1217 3791 1291">
    <p class='ocr_par' dir='ltr' id='par_1_27' title="bbox 2207 1217 3791 1291">
     <span class='ocr_line' id='line_1_27' title="bbox 2207 1217 3791 1291; baseline 0.003 -21"><span class='ocrx_word' id='word_1_178' title='bbox 2207 1217 2352 1272; x_wconf 79' lang='lat' dir='ltr'><strong>vidia</strong></span> <span class='ocrx_word' id='word_1_179' title='bbox 2390 1218 2697 1275; x_wconf 82' lang='lat' dir='ltr'><strong>vindicabat</strong></span> <span class='ocrx_word' id='word_1_180' title='bbox 2731 1219 2949 1277; x_wconf 81' lang='lat' dir='ltr'><strong>sibimet</strong></span> <span class='ocrx_word' id='word_1_181' title='bbox 2983 1227 3041 1275; x_wconf 88' lang='lat' dir='ltr'><strong>ut</strong></span> <span class='ocrx_word' id='word_1_182' title='bbox 3073 1230 3129 1274; x_wconf 91' lang='lat' dir='ltr'><strong>et</strong></span> <span class='ocrx_word' id='word_1_183' title='bbox 3165 1220 3468 1276; x_wconf 83' lang='lat' dir='ltr'><strong>minoribus</strong></span> <span class='ocrx_word' id='word_1_184' title='bbox 3495 1236 3621 1276; x_wconf 85' lang='lat' dir='ltr'><strong>sese</strong></span> <span class='ocrx_word' id='word_1_185' title='bbox 3656 1237 3791 1291; x_wconf 82' lang='lat' dir='ltr'><strong>qua-</strong></span> 
     </span>
    </p>
   </div>
   <div class='ocr_carea' id='block_1_28' title="bbox 2207 1307 3795 1382">
    <p class='ocr_par' dir='ltr' id='par_1_28' title="bbox 2207 1307 3795 1382">
     <span class='ocr_line' id='line_1_28' title="bbox 2207 1307 3795 1382; baseline -0.001 -17"><span class='ocrx_word' id='word_1_186' title='bbox 2207 1307 2333 1365; x_wconf 88' lang='lat' dir='ltr'><strong>dam</strong></span> <span class='ocrx_word' id='word_1_187' title='bbox 2357 1310 2668 1366; x_wconf 85' lang='lat' dir='ltr'><strong>rationabili</strong></span> <span class='ocrx_word' id='word_1_188' title='bbox 2691 1309 3795 1382; x_wconf 80' lang='lat' dir='ltr'><strong>condescensioneaptaretmajoribusque</strong></span> 
     </span>
    </p>
   </div>
   <div class='ocr_carea' id='block_1_29' title="bbox 2206 1397 3793 1472">
    <p class='ocr_par' dir='ltr' id='par_1_29' title="bbox 2206 1397 3793 1472">
     <span class='ocr_line' id='line_1_29' title="bbox 2206 1397 3793 1472; baseline 0.002 -20"><span class='ocrx_word' id='word_1_189' title='bbox 2206 1397 2417 1454; x_wconf 77' lang='lat' dir='ltr'><strong>liberali</strong></span> <span class='ocrx_word' id='word_1_190' title='bbox 2454 1399 2716 1472; x_wconf 78' lang='lat' dir='ltr'><strong>dignitate</strong></span> <span class='ocrx_word' id='word_1_191' title='bbox 2764 1416 2860 1472; x_wconf 89' lang='lat' dir='ltr'><strong>per</strong></span> <span class='ocrx_word' id='word_1_192' title='bbox 2908 1401 3096 1456; x_wconf 86' lang='lat' dir='ltr'><strong>onmia</strong></span> <span class='ocrx_word' id='word_1_193' title='bbox 3136 1410 3481 1470; x_wconf 78' lang='lat' dir='ltr'><strong>congrueret.</strong></span> <span class='ocrx_word' id='word_1_194' title='bbox 3522 1400 3793 1457; x_wconf 69' lang='lat' dir='ltr'><strong>Praeterea</strong></span> 
     </span>
    </p>
   </div>
   <div class='ocr_carea' id='block_1_30' title="bbox 2206 1490 3795 1564">
    <p class='ocr_par' dir='ltr' id='par_1_30' title="bbox 2206 1490 3795 1564">
     <span class='ocr_line' id='line_1_30' title="bbox 2206 1490 3795 1564; baseline 0.001 -18"><span class='ocrx_word' id='word_1_195' title='bbox 2206 1491 2368 1546; x_wconf 81' lang='lat' dir='ltr'><strong>unico</strong></span> <span class='ocrx_word' id='word_1_196' title='bbox 2396 1499 2453 1546; x_wconf 86' lang='lat' dir='ltr'><strong>et</strong></span> <span class='ocrx_word' id='word_1_197' title='bbox 2482 1491 2658 1560; x_wconf 89' lang='lat' dir='ltr'><strong>patrio</strong></span> <span class='ocrx_word' id='word_1_198' title='bbox 2681 1490 2877 1548; x_wconf 67' lang='lat' dir='ltr'><strong>allecto</strong></span> <span class='ocrx_word' id='word_1_199' title='bbox 2907 1492 2977 1547; x_wconf 87' lang='lat' dir='ltr'><strong>ab</strong></span> <span class='ocrx_word' id='word_1_200' title='bbox 3001 1492 3243 1564; x_wconf 78' lang='lat' dir='ltr'><strong>Augusto</strong></span> <span class='ocrx_word' id='word_1_201' title='bbox 3271 1493 3631 1562; x_wconf 84' lang='lat' dir='ltr'><strong>Angustaque</strong></span> <span class='ocrx_word' id='word_1_202' title='bbox 3659 1493 3795 1548; x_wconf 82' lang='lat' dir='ltr'><strong>adeo</strong></span> 
     </span>
    </p>
   </div>
   <div class='ocr_carea' id='block_1_31' title="bbox 2205 1582 3794 1649">
    <p class='ocr_par' dir='ltr' id='par_1_31' title="bbox 2205 1582 3794 1649">
     <span class='ocr_line' id='line_1_31' title="bbox 2205 1582 3794 1649; baseline 0.001 -12"><span class='ocrx_word' id='word_1_203' title='bbox 2205 1591 2291 1638; x_wconf 89' lang='lat' dir='ltr'><strong>est</strong></span> <span class='ocrx_word' id='word_1_204' title='bbox 2312 1582 2815 1649; x_wconf 85' lang='lat' dir='ltr'><strong>dilectus,utetiam</strong></span> <span class='ocrx_word' id='word_1_205' title='bbox 2840 1585 2895 1640; x_wconf 92' lang='lat' dir='ltr'><strong>in</strong></span> <span class='ocrx_word' id='word_1_206' title='bbox 2926 1583 3310 1640; x_wconf 87' lang='lat' dir='ltr'><strong>secretissimis</strong></span> <span class='ocrx_word' id='word_1_207' title='bbox 3330 1599 3520 1639; x_wconf 88' lang='lat' dir='ltr'><strong>eorum</strong></span> <span class='ocrx_word' id='word_1_208' title='bbox 3547 1584 3794 1639; x_wconf 81' lang='lat' dir='ltr'><strong>consiliis</strong></span> 
     </span>
    </p>
   </div>
   <div class='ocr_carea' id='block_1_32' title="bbox 2206 1673 3792 1743">
    <p class='ocr_par' dir='ltr' id='par_1_32' title="bbox 2206 1673 3792 1743">
     <span class='ocr_line' id='line_1_32' title="bbox 2206 1673 3792 1743; baseline -0.001 -17"><span class='ocrx_word' id='word_1_209' title='bbox 2206 1680 2490 1743; x_wconf 79' lang='lat' dir='ltr'><strong>gratanter</strong></span> <span class='ocrx_word' id='word_1_210' title='bbox 2515 1673 2916 1735; x_wconf 87' lang='lat' dir='ltr'><strong>admitteretur.</strong></span> <span class='ocrx_word' id='word_1_211' title='bbox 2947 1673 3300 1743; x_wconf 13' lang='lat' dir='ltr'><strong>et‘sententia</strong></span> <span class='ocrx_word' id='word_1_212' title='bbox 3326 1673 3500 1742; x_wconf 83' lang='lat' dir='ltr'><strong>ipsius</strong></span> <span class='ocrx_word' id='word_1_213' title='bbox 3537 1687 3792 1727; x_wconf 86' lang='lat' dir='ltr'><strong>reveren-</strong></span> 
     </span>
    </p>
   </div>
   <div class='ocr_carea' id='block_1_33' title="bbox 521 1757 2094 1838">
    <p class='ocr_par' dir='ltr' id='par_1_33' title="bbox 521 1766 2094 1838">
     <span class='ocr_line' id='line_1_33' title="bbox 521 1766 2094 1838; baseline 0.008 -23"><span class='ocrx_word' id='word_1_214' title='bbox 521 1776 647 1815; x_wconf 90' lang='lat' dir='ltr'><strong>eum</strong></span> <span class='ocrx_word' id='word_1_215' title='bbox 686 1770 881 1833; x_wconf 85' lang='lat' dir='ltr'><strong>optato</strong></span> <span class='ocrx_word' id='word_1_216' title='bbox 908 1766 1105 1821; x_wconf 89' lang='lat' dir='ltr'><strong>nuntio</strong></span> <span class='ocrx_word' id='word_1_217' title='bbox 1136 1778 1418 1838; x_wconf 81' lang='lat' dir='ltr'><strong>paternam</strong></span> <span class='ocrx_word' id='word_1_218' title='bbox 1465 1770 1685 1826; x_wconf 90' lang='lat' dir='ltr'><strong>domum</strong></span> <span class='ocrx_word' id='word_1_219' title='bbox 1724 1781 1976 1827; x_wconf 87' lang='lat' dir='ltr'><strong>cunctam</strong></span> <span class='ocrx_word' id='word_1_220' title='bbox 2015 1788 2094 1827; x_wconf 85' lang='lat' dir='ltr'><strong>re-</strong></span> 
     </span>
    </p>
   </div>
   <div class='ocr_carea' id='block_1_34' title="bbox 2199 1757 3789 1838">
    <p class='ocr_par' dir='ltr' id='par_1_34' title="bbox 2208 1762 3789 1835">
     <span class='ocr_line' id='line_1_34' title="bbox 2208 1762 3789 1835; baseline 0 -18"><span class='ocrx_word' id='word_1_221' title='bbox 2208 1770 2290 1818; x_wconf 90' lang='lat' dir='ltr'><strong>ter</strong></span> <span class='ocrx_word' id='word_1_222' title='bbox 2309 1762 2646 1835; x_wconf 76' lang='lat' dir='ltr'><strong>dulciterque.</strong></span> <span class='ocrx_word' id='word_1_223' title='bbox 2668 1771 3082 1833; x_wconf 77' lang='lat' dir='ltr'><strong>exspectaretur</strong></span> <span class='ocrx_word' id='word_1_224' title='bbox 3109 1778 3173 1818; x_wconf 90' lang='lat' dir='ltr'><strong>ac</strong></span> <span class='ocrx_word' id='word_1_225' title='bbox 3201 1763 3539 1835; x_wconf 86' lang='lat' dir='ltr'><strong>promulgata</strong></span> <span class='ocrx_word' id='word_1_226' title='bbox 3572 1763 3789 1817; x_wconf 86' lang='lat' dir='ltr'><strong>indubi-</strong></span> 
     </span>
    </p>
   </div>
   <div class='ocr_carea' id='block_1_35' title="bbox 516 1854 2099 1933">
    <p class='ocr_par' dir='ltr' id='par_1_35' title="bbox 516 1854 2099 1933">
     <span class='ocr_line' id='line_1_35' title="bbox 516 1854 2099 1933; baseline 0.008 -26"><span class='ocrx_word' id='word_1_227' title='bbox 516 1854 719 1922; x_wconf 90' lang='lat' dir='ltr'><strong>pressit</strong></span> <span class='ocrx_word' id='word_1_228' title='bbox 761 1871 792 1910; x_wconf 90' lang='lat' dir='ltr'><strong>a</strong></span> <span class='ocrx_word' id='word_1_229' title='bbox 825 1856 1049 1913; x_wconf 87' lang='lat' dir='ltr'><strong>diutinis</strong></span> <span class='ocrx_word' id='word_1_230' title='bbox 1089 1860 1440 1916; x_wconf 87' lang='lat' dir='ltr'><strong>clamoribus.</strong></span> <span class='ocrx_word' id='word_1_231' title='bbox 1491 1860 1619 1917; x_wconf 88' lang='lat' dir='ltr'><strong>Post</strong></span> <span class='ocrx_word' id='word_1_232' title='bbox 1666 1862 1871 1933; x_wconf 87' lang='lat' dir='ltr'><strong>aliquot</strong></span> <span class='ocrx_word' id='word_1_233' title='bbox 1918 1873 2099 1920; x_wconf 89' lang='lat' dir='ltr'><strong>autem</strong></span> 
     </span>
    </p>
   </div>
   <div class='ocr_carea' id='block_1_36' title="bbox 516 1937 2102 2027">
    <p class='ocr_par' dir='ltr' id='par_1_36' title="bbox 516 1937 2102 2027">
     <span class='ocr_line' id='line_1_36' title="bbox 516 1937 2102 2027; baseline 0.008 -26"><span class='ocrx_word' id='word_1_234' title='bbox 516 1948 654 2013; x_wconf 53' lang='lat' dir='ltr'><strong>ditas,</strong></span> <span class='ocrx_word' id='word_1_235' title='bbox 698 1951 845 2005; x_wconf 88' lang='lat' dir='ltr'><strong>omni</strong></span> <span class='ocrx_word' id='word_1_236' title='bbox 891 1966 1099 2007; x_wconf 89' lang='lat' dir='ltr'><strong>veneno</strong></span> <span class='ocrx_word' id='word_1_237' title='bbox 1150 1954 1379 2023; x_wconf 68' lang='lat' dir='ltr'><strong>pustulae</strong></span> <span class='ocrx_word' id='word_1_238' title='bbox 1416 1953 1565 2010; x_wconf 86' lang='lat' dir='ltr'><strong>illius</strong></span> <span class='ocrx_word' id='word_1_239' title='bbox 1612 1963 1768 2025; x_wconf 86' lang='lat' dir='ltr'><strong>rupta</strong></span> <span class='ocrx_word' id='word_1_240' title='bbox 1813 1966 1938 2012; x_wconf 89' lang='lat' dir='ltr'><strong>cute</strong></span> <span class='ocrx_word' id='word_1_241' title='bbox 1981 1937 2102 2027; x_wconf 86' lang='lat' dir='ltr'><strong>post</strong></span> 
     </span>
    </p>
   </div>
   <div class='ocr_carea' id='block_1_37' title="bbox 518 2039 2101 2114">
    <p class='ocr_par' dir='ltr' id='par_1_37' title="bbox 518 2039 2101 2114">
     <span class='ocr_line' id='line_1_37' title="bbox 518 2039 2101 2114; baseline 0.008 -23"><span class='ocrx_word' id='word_1_242' title='bbox 518 2052 707 2093; x_wconf 86' lang='lat' dir='ltr'><strong>aurem</strong></span> <span class='ocrx_word' id='word_1_243' title='bbox 755 2040 1000 2095; x_wconf 75' lang='lat' dir='ltr'><strong>dextram</strong></span> <span class='ocrx_word' id='word_1_244' title='bbox 1055 2039 1260 2110; x_wconf 87' lang='lat' dir='ltr'><strong>ejecto,</strong></span> <span class='ocrx_word' id='word_1_245' title='bbox 1297 2058 1488 2114; x_wconf 88' lang='lat' dir='ltr'><strong>sospes</strong></span> <span class='ocrx_word' id='word_1_246' title='bbox 1521 2052 1578 2100; x_wconf 89' lang='lat' dir='ltr'><strong>et</strong></span> <span class='ocrx_word' id='word_1_247' title='bbox 1610 2045 1900 2102; x_wconf 87' lang='lat' dir='ltr'><strong>incolumis</strong></span> <span class='ocrx_word' id='word_1_248' title='bbox 1929 2048 2101 2103; x_wconf 86' lang='lat' dir='ltr'><strong>evasit</strong></span> 
     </span>
    </p>
   </div>
   <div class='ocr_carea' id='block_1_38' title="bbox 521 2130 2097 2212">
    <p class='ocr_par' dir='ltr' id='par_1_38' title="bbox 521 2130 2097 2212">
     <span class='ocr_line' id='line_1_38' title="bbox 521 2130 2097 2212; baseline 0.007 -27"><span class='ocrx_word' id='word_1_249' title='bbox 521 2130 623 2186; x_wconf 81' lang='lat' dir='ltr'><strong>sub</strong></span> <span class='ocrx_word' id='word_1_250' title='bbox 650 2133 888 2190; x_wconf 75' lang='lat' dir='ltr'><strong>maximo</strong></span> <span class='ocrx_word' id='word_1_251' title='bbox 909 2143 1226 2190; x_wconf 87' lang='lat' dir='ltr'><strong>cunctorum</strong></span> <span class='ocrx_word' id='word_1_252' title='bbox 1258 2137 1521 2193; x_wconf 87' lang='lat' dir='ltr'><strong>miraculo</strong></span> <span class='ocrx_word' id='word_1_253' title='bbox 1540 2146 1704 2209; x_wconf 89' lang='lat' dir='ltr'><strong>atque</strong></span> <span class='ocrx_word' id='word_1_254' title='bbox 1725 2141 1939 2212; x_wconf 87' lang='lat' dir='ltr'><strong>gaudio.</strong></span> <span class='ocrx_word' id='word_1_255' title='bbox 1974 2141 2097 2210; x_wconf 86' lang='lat' dir='ltr'><strong>Qui,</strong></span> 
     </span>
    </p>
   </div>
   <div class='ocr_carea' id='block_1_39' title="bbox 516 2223 2096 2302">
    <p class='ocr_par' dir='ltr' id='par_1_39' title="bbox 516 2223 2096 2302">
     <span class='ocr_line' id='line_1_39' title="bbox 516 2223 2096 2302; baseline 0.008 -27"><span class='ocrx_word' id='word_1_256' title='bbox 516 2223 662 2277; x_wconf 82' lang='lat' dir='ltr'><strong>sicut</strong></span> <span class='ocrx_word' id='word_1_257' title='bbox 703 2240 847 2280; x_wconf 92' lang='lat' dir='ltr'><strong>nunc</strong></span> <span class='ocrx_word' id='word_1_258' title='bbox 882 2241 1051 2295; x_wconf 88' lang='lat' dir='ltr'><strong>usque</strong></span> <span class='ocrx_word' id='word_1_259' title='bbox 1079 2228 1220 2282; x_wconf 85' lang='lat' dir='ltr'><strong>inter</strong></span> <span class='ocrx_word' id='word_1_260' title='bbox 1249 2229 1664 2287; x_wconf 81' lang='lat' dir='ltr'><strong>conuuonitoria</strong></span> <span class='ocrx_word' id='word_1_261' title='bbox 1687 2231 2096 2302; x_wconf 48' lang='lat' dir='ltr'><strong>colloquia&#39;tam</strong></span> 
     </span>
    </p>
   </div>
   <div class='ocr_carea' id='block_1_40' title="bbox 518 2312 2095 2393">
    <p class='ocr_par' dir='ltr' id='par_1_40' title="bbox 518 2312 2095 2393">
     <span class='ocr_line' id='line_1_40' title="bbox 518 2312 2095 2393; baseline 0.007 -26"><span class='ocrx_word' id='word_1_262' title='bbox 518 2312 827 2368; x_wconf 84' lang='lat' dir='ltr'><strong>evidentem</strong></span> <span class='ocrx_word' id='word_1_263' title='bbox 863 2314 957 2369; x_wconf 83' lang='lat' dir='ltr'><strong>Dei</strong></span> <span class='ocrx_word' id='word_1_264' title='bbox 992 2316 1390 2390; x_wconf 86' lang='lat' dir='ltr'><strong>miserationem</strong></span> <span class='ocrx_word' id='word_1_265' title='bbox 1417 2333 1581 2388; x_wconf 88' lang='lat' dir='ltr'><strong>super</strong></span> <span class='ocrx_word' id='word_1_266' title='bbox 1600 2334 1660 2375; x_wconf 90' lang='lat' dir='ltr'><strong>se</strong></span> <span class='ocrx_word' id='word_1_267' title='bbox 1684 2321 1920 2393; x_wconf 85' lang='lat' dir='ltr'><strong>agnitam</strong></span> <span class='ocrx_word' id='word_1_268' title='bbox 1955 2323 2095 2378; x_wconf 84' lang='lat' dir='ltr'><strong>reci-</strong></span> 
     </span>
    </p>
   </div>
   <div class='ocr_carea' id='block_1_41' title="bbox 502 2394 2094 2480">
    <p class='ocr_par' dir='ltr' id='par_1_41' title="bbox 502 2394 2094 2480">
     <span class='ocr_line' id='line_1_41' title="bbox 502 2394 2094 2480; baseline 0.007 -22"><span class='ocrx_word' id='word_1_269' title='bbox 502 2412 636 2458; x_wconf 81' lang='lat' dir='ltr'><strong>tare</strong></span> <span class='ocrx_word' id='word_1_270' title='bbox 665 2405 779 2460; x_wconf 90' lang='lat' dir='ltr'><strong>suis</strong></span> <span class='ocrx_word' id='word_1_271' title='bbox 808 2404 1248 2463; x_wconf 69' lang='lat' dir='ltr'><strong>tinniliarissimis</strong></span> <span class='ocrx_word' id='word_1_272' title='bbox 1276 2417 1361 2464; x_wconf 89' lang='lat' dir='ltr'><strong>est</strong></span> <span class='ocrx_word' id='word_1_273' title='bbox 1393 2408 1585 2465; x_wconf 88' lang='lat' dir='ltr'><strong>solitus</strong></span> <span class='ocrx_word' id='word_1_274' title='bbox 1605 2451 1619 2474; x_wconf 88' lang='lat'><strong>,</strong></span> <span class='ocrx_word' id='word_1_275' title='bbox 1641 2410 1929 2480; x_wconf 78' lang='lat' dir='ltr'><strong>proﬁtetur</strong></span> <span class='ocrx_word' id='word_1_276' title='bbox 1957 2429 2016 2468; x_wconf 91' lang='lat' dir='ltr'><strong>se</strong></span> <span class='ocrx_word' id='word_1_277' title='bbox 2040 2394 2094 2469; x_wconf 91' lang='lat' dir='ltr'><strong>in</strong></span> 
     </span>
    </p>
   </div>
   <div class='ocr_carea' id='block_1_42' title="bbox 510 2494 2092 2569">
    <p class='ocr_par' dir='ltr' id='par_1_42' title="bbox 510 2494 2092 2569">
     <span class='ocr_line' id='line_1_42' title="bbox 510 2494 2092 2569; baseline 0.005 -20"><span class='ocrx_word' id='word_1_278' title='bbox 510 2494 735 2563; x_wconf 73' lang='lat' dir='ltr'><strong>prmfata</strong></span> <span class='ocrx_word' id='word_1_279' title='bbox 764 2500 966 2553; x_wconf 84' lang='lat' dir='ltr'><strong>exstasi</strong></span> <span class='ocrx_word' id='word_1_280' title='bbox 1002 2497 1374 2555; x_wconf 76' lang='lat' dir='ltr'><strong>beatissimum</strong></span> <span class='ocrx_word' id='word_1_281' title='bbox 1414 2499 1636 2556; x_wconf 85' lang='lat' dir='ltr'><strong>Patrem</strong></span> <span class='ocrx_word' id='word_1_282' title='bbox 1666 2504 2056 2559; x_wconf 80' lang='lat' dir='ltr'><strong>itionachornm</strong></span> <span class='ocrx_word' id='word_1_283' title='bbox 2077 2547 2092 2569; x_wconf 89' lang='lat'><strong>,</strong></span> 
     </span>
    </p>
   </div>
   <div class='ocr_carea' id='block_1_43' title="bbox 510 2582 2097 2663">
    <p class='ocr_par' dir='ltr' id='par_1_43' title="bbox 510 2582 2097 2663">
     <span class='ocr_line' id='line_1_43' title="bbox 510 2582 2097 2663; baseline 0.006 -24"><span class='ocrx_word' id='word_1_284' title='bbox 510 2582 885 2654; x_wconf 78' lang='lat' dir='ltr'><strong>Benedictum,</strong></span> <span class='ocrx_word' id='word_1_285' title='bbox 915 2588 1057 2644; x_wconf 90' lang='lat' dir='ltr'><strong>illico</strong></span> <span class='ocrx_word' id='word_1_286' title='bbox 1081 2589 1197 2644; x_wconf 90' lang='lat' dir='ltr'><strong>luce</strong></span> <span class='ocrx_word' id='word_1_287' title='bbox 1221 2590 1422 2645; x_wconf 86' lang='lat' dir='ltr'><strong>clarius</strong></span> <span class='ocrx_word' id='word_1_288' title='bbox 1442 2592 1730 2663; x_wconf 81' lang='lat' dir='ltr'><strong>agnovisse</strong></span> <span class='ocrx_word' id='word_1_289' title='bbox 1747 2609 1813 2647; x_wconf 81' lang='lat' dir='ltr'><strong>ex</strong></span> <span class='ocrx_word' id='word_1_290' title='bbox 1835 2593 2097 2662; x_wconf 88' lang='lat' dir='ltr'><strong>qualitate</strong></span> 
     </span>
    </p>
   </div>
   <div class='ocr_carea' id='block_1_44' title="bbox 509 2677 2092 2756">
    <p class='ocr_par' dir='ltr' id='par_1_44' title="bbox 509 2677 2092 2756">
     <span class='ocr_line' id='line_1_44' title="bbox 509 2677 2092 2756; baseline 0.009 -30"><span class='ocrx_word' id='word_1_291' title='bbox 509 2677 694 2732; x_wconf 76' lang='lat' dir='ltr'><strong>vultus</strong></span> <span class='ocrx_word' id='word_1_292' title='bbox 710 2687 764 2733; x_wconf 90' lang='lat' dir='ltr'><strong>et</strong></span> <span class='ocrx_word' id='word_1_293' title='bbox 793 2679 1023 2735; x_wconf 85' lang='lat' dir='ltr'><strong>habitus.</strong></span> <span class='ocrx_word' id='word_1_294' title='bbox 1049 2680 1213 2749; x_wconf 87' lang='lat' dir='ltr'><strong>Cujus</strong></span> <span class='ocrx_word' id='word_1_295' title='bbox 1228 2682 1472 2753; x_wconf 87' lang='lat' dir='ltr'><strong>corporis</strong></span> <span class='ocrx_word' id='word_1_296' title='bbox 1490 2684 1880 2739; x_wconf 88' lang='lat' dir='ltr'><strong>aceidentalem</strong></span> <span class='ocrx_word' id='word_1_297' title='bbox 1905 2686 2092 2756; x_wconf 84' lang='lat' dir='ltr'><strong>digno-</strong></span> 
     </span>
    </p>
   </div>
   <div class='ocr_carea' id='block_1_45' title="bbox 509 2769 2094 2845">
    <p class='ocr_par' dir='ltr' id='par_1_45' title="bbox 509 2769 2094 2845">
     <span class='ocr_line' id='line_1_45' title="bbox 509 2769 2094 2845; baseline 0.006 -23"><span class='ocrx_word' id='word_1_298' title='bbox 509 2769 769 2823; x_wconf 74' lang='lat' dir='ltr'><strong>scentiaai</strong></span> <span class='ocrx_word' id='word_1_299' title='bbox 795 2770 865 2824; x_wconf 88' lang='lat' dir='ltr'><strong>ita</strong></span> <span class='ocrx_word' id='word_1_300' title='bbox 897 2771 1160 2828; x_wconf 89' lang='lat' dir='ltr'><strong>hactenus</strong></span> <span class='ocrx_word' id='word_1_301' title='bbox 1186 2783 1576 2829; x_wconf 88' lang='lat' dir='ltr'><strong>commemorat</strong></span> <span class='ocrx_word' id='word_1_302' title='bbox 1603 2776 1759 2845; x_wconf 88' lang='lat' dir='ltr'><strong>quasi</strong></span> <span class='ocrx_word' id='word_1_303' title='bbox 1782 2791 1895 2845; x_wconf 74' lang='lat' dir='ltr'><strong>pne</strong></span> <span class='ocrx_word' id='word_1_304' title='bbox 1914 2776 2094 2832; x_wconf 79' lang='lat' dir='ltr'><strong>oculis</strong></span> 
     </span>
    </p>
   </div>
   <div class='ocr_carea' id='block_1_46' title="bbox 510 2862 2094 2937">
    <p class='ocr_par' dir='ltr' id='par_1_46' title="bbox 510 2862 2094 2937">
     <span class='ocr_line' id='line_1_46' title="bbox 510 2862 2094 2937; baseline 0.004 -21"><span class='ocrx_word' id='word_1_305' title='bbox 510 2862 690 2917; x_wconf 83' lang='lat' dir='ltr'><strong>carnis</strong></span> <span class='ocrx_word' id='word_1_306' title='bbox 718 2863 894 2920; x_wconf 89' lang='lat' dir='ltr'><strong>adhuc</strong></span> <span class='ocrx_word' id='word_1_307' title='bbox 941 2865 1157 2920; x_wconf 87' lang='lat' dir='ltr'><strong>haheat.</strong></span> <span class='ocrx_word' id='word_1_308' title='bbox 1190 2864 1362 2921; x_wconf 83' lang='lat' dir='ltr'><strong>Porro</strong></span> <span class='ocrx_word' id='word_1_309' title='bbox 1391 2868 1674 2937; x_wconf 71' lang='lat' dir='ltr'><strong>sequent’a</strong></span> <span class='ocrx_word' id='word_1_310' title='bbox 1713 2866 1904 2923; x_wconf 90' lang='lat' dir='ltr'><strong>lecturi</strong></span> <span class='ocrx_word' id='word_1_311' title='bbox 1947 2868 2094 2923; x_wconf 87' lang='lat' dir='ltr'><strong>desi-</strong></span> 
     </span>
    </p>
   </div>
   <div class='ocr_carea' id='block_1_47' title="bbox 508 2954 2097 3027">
    <p class='ocr_par' dir='ltr' id='par_1_47' title="bbox 508 2954 2097 3027">
     <span class='ocr_line' id='line_1_47' title="bbox 508 2954 2097 3027; baseline 0.005 -22"><span class='ocrx_word' id='word_1_312' title='bbox 508 2963 640 3006; x_wconf 78' lang='lat' dir='ltr'><strong>nent</strong></span> <span class='ocrx_word' id='word_1_313' title='bbox 670 2954 913 3023; x_wconf 75' lang='lat' dir='ltr'><strong>profecto</strong></span> <span class='ocrx_word' id='word_1_314' title='bbox 943 2955 1131 3010; x_wconf 90' lang='lat' dir='ltr'><strong>mirari</strong></span> <span class='ocrx_word' id='word_1_315' title='bbox 1164 2956 1309 3012; x_wconf 88' lang='lat' dir='ltr'><strong>hunc</strong></span> <span class='ocrx_word' id='word_1_316' title='bbox 1337 2958 1515 3026; x_wconf 87' lang='lat' dir='ltr'><strong>potius</strong></span> <span class='ocrx_word' id='word_1_317' title='bbox 1543 2972 1640 3027; x_wconf 83' lang='lat' dir='ltr'><strong>per</strong></span> <span class='ocrx_word' id='word_1_318' title='bbox 1660 2958 2097 3013; x_wconf 81' lang='lat' dir='ltr'><strong>sanctumBene—</strong></span> 
     </span>
    </p>
   </div>
   <div class='ocr_carea' id='block_1_48' title="bbox 506 3045 2091 3119">
    <p class='ocr_par' dir='ltr' id='par_1_48' title="bbox 506 3045 2091 3119">
     <span class='ocr_line' id='line_1_48' title="bbox 506 3045 2091 3119; baseline 0.003 -18"><span class='ocrx_word' id='word_1_319' title='bbox 506 3045 713 3102; x_wconf 85' lang='lat' dir='ltr'><strong>dictum</strong></span> <span class='ocrx_word' id='word_1_320' title='bbox 744 3063 905 3117; x_wconf 91' lang='lat' dir='ltr'><strong>quam</strong></span> <span class='ocrx_word' id='word_1_321' title='bbox 940 3064 1038 3117; x_wconf 91' lang='lat' dir='ltr'><strong>per</strong></span> <span class='ocrx_word' id='word_1_322' title='bbox 1056 3048 1221 3103; x_wconf 91' lang='lat' dir='ltr'><strong>alium</strong></span> <span class='ocrx_word' id='word_1_323' title='bbox 1252 3049 1550 3119; x_wconf 88' lang='lat' dir='ltr'><strong>quemlibet</strong></span> <span class='ocrx_word' id='word_1_324' title='bbox 1579 3059 1892 3105; x_wconf 89' lang='lat' dir='ltr'><strong>sanctorum</strong></span> <span class='ocrx_word' id='word_1_325' title='bbox 1930 3051 2091 3106; x_wconf 85' lang='lat' dir='ltr'><strong>resti-</strong></span> 
     </span>
    </p>
   </div>
   <div class='ocr_carea' id='block_1_49' title="bbox 2208 1855 3791 1926">
    <p class='ocr_par' dir='ltr' id='par_1_49' title="bbox 2208 1855 3791 1926">
     <span class='ocr_line' id='line_1_49' title="bbox 2208 1855 3791 1926; baseline -0.001 -17"><span class='ocrx_word' id='word_1_326' title='bbox 2208 1863 2386 1911; x_wconf 89' lang='lat' dir='ltr'><strong>tanter</strong></span> <span class='ocrx_word' id='word_1_327' title='bbox 2410 1856 2798 1925; x_wconf 88' lang='lat' dir='ltr'><strong>susciperetur.</strong></span> <span class='ocrx_word' id='word_1_328' title='bbox 2827 1855 2998 1923; x_wconf 82' lang='lat' dir='ltr'><strong>Quem</strong></span> <span class='ocrx_word' id='word_1_329' title='bbox 3019 1872 3139 1911; x_wconf 91' lang='lat' dir='ltr'><strong>cum</strong></span> <span class='ocrx_word' id='word_1_330' title='bbox 3166 1856 3409 1926; x_wconf 87' lang='lat' dir='ltr'><strong>quotidie</strong></span> <span class='ocrx_word' id='word_1_331' title='bbox 3426 1856 3791 1911; x_wconf 88' lang='lat' dir='ltr'><strong>deliberarent</strong></span> 
     </span>
    </p>
   </div>
   <div class='ocr_carea' id='block_1_50' title="bbox 2205 1948 3790 2024">
    <p class='ocr_par' dir='ltr' id='par_1_50' title="bbox 2205 1948 3790 2024">
     <span class='ocr_line' id='line_1_50' title="bbox 2205 1948 3790 2024; baseline -0.002 -21"><span class='ocrx_word' id='word_1_332' title='bbox 2205 1948 2650 2019; x_wconf 87' lang='lat' dir='ltr'><strong>inecssanterque</strong></span> <span class='ocrx_word' id='word_1_333' title='bbox 2699 1949 2971 2007; x_wconf 85' lang='lat' dir='ltr'><strong>ambirent</strong></span> <span class='ocrx_word' id='word_1_334' title='bbox 3021 1949 3314 2024; x_wconf 77' lang='lat' dir='ltr'><strong>sublimare</strong></span> <span class='ocrx_word' id='word_1_335' title='bbox 3367 1948 3576 2004; x_wconf 89' lang='lat' dir='ltr'><strong>honore</strong></span> <span class='ocrx_word' id='word_1_336' title='bbox 3629 1965 3790 2018; x_wconf 84' lang='lat' dir='ltr'><strong>qnam</strong></span> 
     </span>
    </p>
   </div>
   <div class='ocr_carea' id='block_1_51' title="bbox 2205 2038 3793 2111">
    <p class='ocr_par' dir='ltr' id='par_1_51' title="bbox 2205 2038 3793 2111">
     <span class='ocr_line' id='line_1_51' title="bbox 2205 2038 3793 2111; baseline 0 -17"><span class='ocrx_word' id='word_1_337' title='bbox 2205 2038 2460 2104; x_wconf 81' lang='lat' dir='ltr'><strong>maximo,</strong></span> <span class='ocrx_word' id='word_1_338' title='bbox 2504 2048 2581 2106; x_wconf 87' lang='lat' dir='ltr'><strong>et,</strong></span> <span class='ocrx_word' id='word_1_339' title='bbox 2626 2047 2685 2093; x_wconf 89' lang='lat' dir='ltr'><strong>ut</strong></span> <span class='ocrx_word' id='word_1_340' title='bbox 2726 2049 2978 2109; x_wconf 89' lang='lat' dir='ltr'><strong>patenter</strong></span> <span class='ocrx_word' id='word_1_341' title='bbox 3012 2039 3215 2104; x_wconf 89' lang='lat' dir='ltr'><strong>dicam,</strong></span> <span class='ocrx_word' id='word_1_342' title='bbox 3261 2040 3466 2095; x_wconf 84' lang='lat' dir='ltr'><strong>donare</strong></span> <span class='ocrx_word' id='word_1_343' title='bbox 3510 2041 3793 2111; x_wconf 77' lang='lat' dir='ltr'><strong>pentilicio</strong></span> 
     </span>
    </p>
   </div>
   <div class='ocr_carea' id='block_1_52' title="bbox 2206 2128 3789 2202">
    <p class='ocr_par' dir='ltr' id='par_1_52' title="bbox 2206 2128 3789 2202">
     <span class='ocr_line' id='line_1_52' title="bbox 2206 2128 3789 2202; baseline 0.003 -21"><span class='ocrx_word' id='word_1_344' title='bbox 2206 2128 2591 2199; x_wconf 85' lang='lat' dir='ltr'><strong>temporalibus</strong></span> <span class='ocrx_word' id='word_1_345' title='bbox 2616 2131 2790 2202; x_wconf 88' lang='lat' dir='ltr'><strong>copiis</strong></span> <span class='ocrx_word' id='word_1_346' title='bbox 2817 2145 2977 2200; x_wconf 87' lang='lat' dir='ltr'><strong>supra</strong></span> <span class='ocrx_word' id='word_1_347' title='bbox 3000 2131 3224 2198; x_wconf 81' lang='lat' dir='ltr'><strong>modum</strong></span> <span class='ocrx_word' id='word_1_348' title='bbox 3256 2129 3607 2200; x_wconf 87' lang='lat' dir='ltr'><strong>locupletato,</strong></span> <span class='ocrx_word' id='word_1_349' title='bbox 3653 2131 3789 2201; x_wconf 86' lang='lat' dir='ltr'><strong>ipse,</strong></span> 
     </span>
    </p>
   </div>
   <div class='ocr_carea' id='block_1_53' title="bbox 2196 2219 3789 2294">
    <p class='ocr_par' dir='ltr' id='par_1_53' title="bbox 2196 2219 3789 2294">
     <span class='ocr_line' id='line_1_53' title="bbox 2196 2219 3789 2294; baseline 0.003 -20"><span class='ocrx_word' id='word_1_350' title='bbox 2196 2219 2311 2290; x_wconf 88' lang='lat' dir='ltr'><strong>jam</strong></span> <span class='ocrx_word' id='word_1_351' title='bbox 2341 2223 2693 2290; x_wconf 74' lang='lat' dir='ltr'><strong>prteritonitus</strong></span> <span class='ocrx_word' id='word_1_352' title='bbox 2738 2223 2921 2280; x_wconf 85' lang='lat' dir='ltr'><strong>domui</strong></span> <span class='ocrx_word' id='word_1_353' title='bbox 2956 2221 3204 2294; x_wconf 85' lang='lat' dir='ltr'><strong>Gregorii</strong></span> <span class='ocrx_word' id='word_1_354' title='bbox 3237 2223 3712 2293; x_wconf 88' lang='lat' dir='ltr'><strong>irreprebensibili</strong></span> <span class='ocrx_word' id='word_1_355' title='bbox 3741 2233 3789 2278; x_wconf 89' lang='lat' dir='ltr'><strong>et</strong></span> 
     </span>
    </p>
   </div>
   <div class='ocr_carea' id='block_1_54' title="bbox 2201 2315 3789 2387">
    <p class='ocr_par' dir='ltr' id='par_1_54' title="bbox 2201 2315 3789 2387">
     <span class='ocr_line' id='line_1_54' title="bbox 2201 2315 3789 2387; baseline 0.001 -19"><span class='ocrx_word' id='word_1_356' title='bbox 2201 2329 2367 2387; x_wconf 87' lang='lat' dir='ltr'><strong>aureo</strong></span> <span class='ocrx_word' id='word_1_357' title='bbox 2411 2315 2571 2386; x_wconf 84' lang='lat' dir='ltr'><strong>stylo,</strong></span> <span class='ocrx_word' id='word_1_358' title='bbox 2603 2316 2768 2386; x_wconf 65' lang='lat' dir='ltr'><strong>coepit</strong></span> <span class='ocrx_word' id='word_1_359' title='bbox 2815 2317 2919 2372; x_wconf 90' lang='lat' dir='ltr'><strong>hoc</strong></span> <span class='ocrx_word' id='word_1_360' title='bbox 2946 2324 3255 2386; x_wconf 86' lang='lat' dir='ltr'><strong>suspectum</strong></span> <span class='ocrx_word' id='word_1_361' title='bbox 3291 2315 3495 2370; x_wconf 87' lang='lat' dir='ltr'><strong>habere</strong></span> <span class='ocrx_word' id='word_1_362' title='bbox 3540 2317 3789 2383; x_wconf 75' lang='lat' dir='ltr'><strong>omnino,</strong></span> 
     </span>
    </p>
   </div>
   <div class='ocr_carea' id='block_1_55' title="bbox 2201 2405 3792 2478">
    <p class='ocr_par' dir='ltr' id='par_1_55' title="bbox 2201 2405 3792 2478">
     <span class='ocr_line' id='line_1_55' title="bbox 2201 2405 3792 2478; baseline 0.001 -18"><span class='ocrx_word' id='word_1_363' title='bbox 2201 2419 2269 2460; x_wconf 86' lang='lat' dir='ltr'><strong>ue</strong></span> <span class='ocrx_word' id='word_1_364' title='bbox 2297 2405 2399 2460; x_wconf 89' lang='lat' dir='ltr'><strong>sibi</strong></span> <span class='ocrx_word' id='word_1_365' title='bbox 2431 2406 2692 2462; x_wconf 73' lang='lat' dir='ltr'><strong>dirinitus</strong></span> <span class='ocrx_word' id='word_1_366' title='bbox 2720 2407 3099 2477; x_wconf 85' lang='lat' dir='ltr'><strong>imputaretur,</strong></span> <span class='ocrx_word' id='word_1_367' title='bbox 3129 2406 3286 2478; x_wconf 83' lang='lat' dir='ltr'><strong>quasi</strong></span> <span class='ocrx_word' id='word_1_368' title='bbox 3314 2421 3513 2461; x_wconf 90' lang='lat' dir='ltr'><strong>munus</strong></span> <span class='ocrx_word' id='word_1_369' title='bbox 3542 2405 3614 2462; x_wconf 84' lang='lat' dir='ltr'><strong>ab</strong></span> <span class='ocrx_word' id='word_1_370' title='bbox 3635 2406 3792 2462; x_wconf 77' lang='lat' dir='ltr'><strong>obse-</strong></span> 
     </span>
    </p>
   </div>
   <div class='ocr_carea' id='block_1_56' title="bbox 2198 2495 3792 2568">
    <p class='ocr_par' dir='ltr' id='par_1_56' title="bbox 2198 2495 3792 2568">
     <span class='ocr_line' id='line_1_56' title="bbox 2198 2495 3792 2568; baseline 0.003 -20"><span class='ocrx_word' id='word_1_371' title='bbox 2198 2495 2358 2564; x_wconf 90' lang='lat' dir='ltr'><strong>quio,</strong></span> <span class='ocrx_word' id='word_1_372' title='bbox 2405 2511 2437 2550; x_wconf 90' lang='lat' dir='ltr'><strong>a</strong></span> <span class='ocrx_word' id='word_1_373' title='bbox 2483 2511 2592 2568; x_wconf 91' lang='lat' dir='ltr'><strong>quo</strong></span> <span class='ocrx_word' id='word_1_374' title='bbox 2645 2497 2935 2553; x_wconf 90' lang='lat' dir='ltr'><strong>nonnullos</strong></span> <span class='ocrx_word' id='word_1_375' title='bbox 2983 2498 3360 2554; x_wconf 87' lang='lat' dir='ltr'><strong>consociorum</strong></span> <span class='ocrx_word' id='word_1_376' title='bbox 3403 2512 3670 2561; x_wconf 87' lang='lat' dir='ltr'><strong>suorum,</strong></span> <span class='ocrx_word' id='word_1_377' title='bbox 3724 2499 3792 2553; x_wconf 87' lang='lat' dir='ltr'><strong>ob</strong></span> 
     </span>
    </p>
   </div>
   <div class='ocr_carea' id='block_1_57' title="bbox 2198 2585 3790 2659">
    <p class='ocr_par' dir='ltr' id='par_1_57' title="bbox 2198 2585 3790 2659">
     <span class='ocr_line' id='line_1_57' title="bbox 2198 2585 3790 2659; baseline 0.002 -19"><span class='ocrx_word' id='word_1_378' title='bbox 2198 2585 2550 2657; x_wconf 65' lang='lat' dir='ltr'><strong>aliquantulm</strong></span> <span class='ocrx_word' id='word_1_379' title='bbox 2578 2587 2977 2643; x_wconf 88' lang='lat' dir='ltr'><strong>sublimationis</strong></span> <span class='ocrx_word' id='word_1_380' title='bbox 3018 2603 3195 2656; x_wconf 85' lang='lat' dir='ltr'><strong>spem,</strong></span> <span class='ocrx_word' id='word_1_381' title='bbox 3229 2587 3374 2642; x_wconf 90' lang='lat' dir='ltr'><strong>nulla</strong></span> <span class='ocrx_word' id='word_1_382' title='bbox 3414 2588 3668 2659; x_wconf 85' lang='lat' dir='ltr'><strong>corporis</strong></span> <span class='ocrx_word' id='word_1_383' title='bbox 3698 2604 3790 2659; x_wconf 51' lang='lat' dir='ltr'><strong>po.</strong></span> 
     </span>
    </p>
   </div>
   <div class='ocr_carea' id='block_1_58' title="bbox 2200 2679 3793 2750">
    <p class='ocr_par' dir='ltr' id='par_1_58' title="bbox 2200 2679 3793 2750">
     <span class='ocr_line' id='line_1_58' title="bbox 2200 2679 3793 2750; baseline 0.001 -18"><span class='ocrx_word' id='word_1_384' title='bbox 2200 2686 2342 2734; x_wconf 89' lang='lat' dir='ltr'><strong>terat</strong></span> <span class='ocrx_word' id='word_1_385' title='bbox 2372 2695 2631 2735; x_wconf 86' lang='lat' dir='ltr'><strong>revocare</strong></span> <span class='ocrx_word' id='word_1_386' title='bbox 2672 2679 2939 2750; x_wconf 79' lang='lat' dir='ltr'><strong>fatigatio,</strong></span> <span class='ocrx_word' id='word_1_387' title='bbox 2976 2679 3120 2734; x_wconf 88' lang='lat' dir='ltr'><strong>nulla</strong></span> <span class='ocrx_word' id='word_1_388' title='bbox 3164 2679 3241 2735; x_wconf 90' lang='lat' dir='ltr'><strong>rei</strong></span> <span class='ocrx_word' id='word_1_389' title='bbox 3278 2679 3572 2734; x_wconf 72' lang='lat' dir='ltr'><strong>titiniliaris</strong></span> <span class='ocrx_word' id='word_1_390' title='bbox 3614 2696 3793 2734; x_wconf 87' lang='lat' dir='ltr'><strong>annu-</strong></span> 
     </span>
    </p>
   </div>
   <div class='ocr_carea' id='block_1_59' title="bbox 2198 2768 3789 2840">
    <p class='ocr_par' dir='ltr' id='par_1_59' title="bbox 2198 2768 3789 2840">
     <span class='ocr_line' id='line_1_59' title="bbox 2198 2768 3789 2840; baseline 0.001 -17"><span class='ocrx_word' id='word_1_391' title='bbox 2198 2768 2344 2824; x_wconf 87' lang='lat' dir='ltr'><strong>latio.</strong></span> <span class='ocrx_word' id='word_1_392' title='bbox 2413 2769 2588 2837; x_wconf 89' lang='lat' dir='ltr'><strong>Unde,</strong></span> <span class='ocrx_word' id='word_1_393' title='bbox 2630 2770 2757 2840; x_wconf 91' lang='lat' dir='ltr'><strong>quia</strong></span> <span class='ocrx_word' id='word_1_394' title='bbox 2790 2785 2891 2826; x_wconf 88' lang='lat' dir='ltr'><strong>nec</strong></span> <span class='ocrx_word' id='word_1_395' title='bbox 2917 2771 2987 2826; x_wconf 91' lang='lat' dir='ltr'><strong>ab</strong></span> <span class='ocrx_word' id='word_1_396' title='bbox 3024 2769 3294 2839; x_wconf 84' lang='lat' dir='ltr'><strong>imperiali</strong></span> <span class='ocrx_word' id='word_1_397' title='bbox 3323 2769 3493 2825; x_wconf 84' lang='lat' dir='ltr'><strong>latere</strong></span> <span class='ocrx_word' id='word_1_398' title='bbox 3527 2769 3789 2825; x_wconf 87' lang='lat' dir='ltr'><strong>recedere</strong></span> 
     </span>
    </p>
   </div>
   <div class='ocr_carea' id='block_1_60' title="bbox 2197 2862 3789 2932">
    <p class='ocr_par' dir='ltr' id='par_1_60' title="bbox 2197 2862 3789 2932">
     <span class='ocr_line' id='line_1_60' title="bbox 2197 2862 3789 2932; baseline 0 -15"><span class='ocrx_word' id='word_1_399' title='bbox 2197 2862 2299 2917; x_wconf 87' lang='lat' dir='ltr'><strong>sibi</strong></span> <span class='ocrx_word' id='word_1_400' title='bbox 2348 2862 2560 2927; x_wconf 83' lang='lat' dir='ltr'><strong>licebat,</strong></span> <span class='ocrx_word' id='word_1_401' title='bbox 2601 2878 2702 2918; x_wconf 93' lang='lat' dir='ltr'><strong>nec</strong></span> <span class='ocrx_word' id='word_1_402' title='bbox 2733 2863 2917 2918; x_wconf 84' lang='lat' dir='ltr'><strong>taliter</strong></span> <span class='ocrx_word' id='word_1_403' title='bbox 2956 2862 3179 2932; x_wconf 88' lang='lat' dir='ltr'><strong>obsequi</strong></span> <span class='ocrx_word' id='word_1_404' title='bbox 3228 2862 3451 2926; x_wconf 87' lang='lat' dir='ltr'><strong>libebat,</strong></span> <span class='ocrx_word' id='word_1_405' title='bbox 3495 2862 3553 2917; x_wconf 91' lang='lat' dir='ltr'><strong>in</strong></span> <span class='ocrx_word' id='word_1_406' title='bbox 3599 2862 3789 2917; x_wconf 87' lang='lat' dir='ltr'><strong>animo</strong></span> 
     </span>
    </p>
   </div>
   <div class='ocr_carea' id='block_1_61' title="bbox 2196 2954 3784 3025">
    <p class='ocr_par' dir='ltr' id='par_1_61' title="bbox 2196 2954 3784 3025">
     <span class='ocr_line' id='line_1_61' title="bbox 2196 2954 3784 3025; baseline 0 -17"><span class='ocrx_word' id='word_1_407' title='bbox 2196 2969 2298 3009; x_wconf 89' lang='lat' dir='ltr'><strong>suo</strong></span> <span class='ocrx_word' id='word_1_408' title='bbox 2328 2963 2533 3009; x_wconf 88' lang='lat' dir='ltr'><strong>tantum</strong></span> <span class='ocrx_word' id='word_1_409' title='bbox 2564 2956 2671 3011; x_wconf 87' lang='lat' dir='ltr'><strong>Deo</strong></span> <span class='ocrx_word' id='word_1_410' title='bbox 2698 2955 2918 3012; x_wconf 87' lang='lat' dir='ltr'><strong>conscio</strong></span> <span class='ocrx_word' id='word_1_411' title='bbox 2961 2965 3016 3010; x_wconf 91' lang='lat' dir='ltr'><strong>et</strong></span> <span class='ocrx_word' id='word_1_412' title='bbox 3060 2964 3199 3009; x_wconf 87' lang='lat' dir='ltr'><strong>teste</strong></span> <span class='ocrx_word' id='word_1_413' title='bbox 3227 2954 3588 3025; x_wconf 86' lang='lat' dir='ltr'><strong>proponebat,</strong></span> <span class='ocrx_word' id='word_1_414' title='bbox 3638 2964 3702 3009; x_wconf 91' lang='lat' dir='ltr'><strong>ut</strong></span> <span class='ocrx_word' id='word_1_415' title='bbox 3740 2955 3784 3010; x_wconf 88' lang='lat' dir='ltr'><strong>si</strong></span> 
     </span>
    </p>
   </div>
   <div class='ocr_carea' id='block_1_62' title="bbox 2196 3045 3784 3117">
    <p class='ocr_par' dir='ltr' id='par_1_62' title="bbox 2196 3045 3784 3117">
     <span class='ocr_line' id='line_1_62' title="bbox 2196 3045 3784 3117; baseline 0.003 -20"><span class='ocrx_word' id='word_1_416' title='bbox 2196 3058 2320 3099; x_wconf 91' lang='lat' dir='ltr'><strong>cum</strong></span> <span class='ocrx_word' id='word_1_417' title='bbox 2364 3045 2701 3115; x_wconf 82' lang='lat' dir='ltr'><strong>beneplacilo</strong></span> <span class='ocrx_word' id='word_1_418' title='bbox 2731 3046 2849 3112; x_wconf 84' lang='lat' dir='ltr'><strong>ejus</strong></span> <span class='ocrx_word' id='word_1_419' title='bbox 2885 3047 2953 3101; x_wconf 81' lang='lat' dir='ltr'><strong>ad</strong></span> <span class='ocrx_word' id='word_1_420' title='bbox 2986 3046 3389 3117; x_wconf 83' lang='lat' dir='ltr'><strong>quantumlibet</strong></span> <span class='ocrx_word' id='word_1_421' title='bbox 3417 3047 3784 3115; x_wconf 75' lang='lat' dir='ltr'><strong>pauperrima:</strong></span> 
     </span>
    </p>
   </div>
   <div class='ocr_carea' id='block_1_63' title="bbox 507 3121 3780 3213">
    <p class='ocr_par' dir='ltr' id='par_1_63' title="bbox 507 3121 3780 3213">
     <span class='ocr_line' id='line_1_63' title="bbox 507 3121 3780 3213; baseline 0.001 -22"><span class='ocrx_word' id='word_1_422' title='bbox 507 3147 682 3192; x_wconf 87' lang='lat' dir='ltr'><strong>tutum</strong></span> <span class='ocrx_word' id='word_1_423' title='bbox 718 3140 1000 3209; x_wconf 81' lang='lat' dir='ltr'><strong>sospitati,</strong></span> <span class='ocrx_word' id='word_1_424' title='bbox 1029 3141 1140 3206; x_wconf 89' lang='lat' dir='ltr'><strong>ubi,</strong></span> <span class='ocrx_word' id='word_1_425' title='bbox 1182 3140 1433 3196; x_wconf 79' lang='lat' dir='ltr'><strong>volvente</strong></span> <span class='ocrx_word' id='word_1_426' title='bbox 1471 3143 1744 3213; x_wconf 82' lang='lat' dir='ltr'><strong>sermonis</strong></span> <span class='ocrx_word' id='word_1_427' title='bbox 1786 3151 1941 3208; x_wconf 87' lang='lat' dir='ltr'><strong>rota,</strong></span> <span class='ocrx_word' id='word_1_428' title='bbox 1968 3159 2087 3212; x_wconf 86' lang='lat' dir='ltr'><strong>per-</strong></span> <span class='ocrx_word' id='word_1_429' title='bbox 2119 3121 2164 3183; x_wconf 85' lang='lat' dir='ltr'>C</span> <span class='ocrx_word' id='word_1_430' title='bbox 2197 3134 2452 3191; x_wconf 64' lang='lat' dir='ltr'><strong>Ecclesia:</strong></span> <span class='ocrx_word' id='word_1_431' title='bbox 2490 3136 2812 3192; x_wconf 87' lang='lat' dir='ltr'><strong>invitaretur</strong></span> <span class='ocrx_word' id='word_1_432' title='bbox 2843 3137 3105 3209; x_wconf 82' lang='lat' dir='ltr'><strong>regimen,</strong></span> <span class='ocrx_word' id='word_1_433' title='bbox 3149 3137 3382 3192; x_wconf 80' lang='lat' dir='ltr'><strong>alacrior</strong></span> <span class='ocrx_word' id='word_1_434' title='bbox 3421 3138 3492 3192; x_wconf 89' lang='lat' dir='ltr'><strong>ad</strong></span> <span class='ocrx_word' id='word_1_435' title='bbox 3533 3140 3589 3192; x_wconf 86' lang='lat' dir='ltr'><strong>id</strong></span> <span class='ocrx_word' id='word_1_436' title='bbox 3619 3154 3780 3193; x_wconf 84' lang='lat' dir='ltr'><strong>accc-</strong></span> 
     </span>
    </p>
   </div>
   <div class='ocr_carea' id='block_1_64' title="bbox 506 3228 2092 3303">
    <p class='ocr_par' dir='ltr' id='par_1_64' title="bbox 506 3228 2092 3303">
     <span class='ocr_line' id='line_1_64' title="bbox 506 3228 2092 3303; baseline 0.004 -21"><span class='ocrx_word' id='word_1_437' title='bbox 506 3228 747 3296; x_wconf 80' lang='lat' dir='ltr'><strong>pendere</strong></span> <span class='ocrx_word' id='word_1_438' title='bbox 788 3240 1041 3298; x_wconf 83' lang='lat' dir='ltr'><strong>poterunt</strong></span> <span class='ocrx_word' id='word_1_439' title='bbox 1072 3246 1141 3285; x_wconf 75' lang='lat' dir='ltr'><strong>ex</strong></span> <span class='ocrx_word' id='word_1_440' title='bbox 1170 3231 1362 3301; x_wconf 86' lang='lat' dir='ltr'><strong>paucis</strong></span> <span class='ocrx_word' id='word_1_441' title='bbox 1388 3241 1592 3302; x_wconf 85' lang='lat' dir='ltr'><strong>quanto</strong></span> <span class='ocrx_word' id='word_1_442' title='bbox 1634 3232 1751 3287; x_wconf 70' lang='lat' dir='ltr'><strong>zeio</strong></span> <span class='ocrx_word' id='word_1_443' title='bbox 1782 3233 1857 3303; x_wconf 91' lang='lat' dir='ltr'><strong>pii</strong></span> <span class='ocrx_word' id='word_1_444' title='bbox 1888 3236 2092 3289; x_wconf 78' lang='lat' dir='ltr'><strong>amoris</strong></span> 
     </span>
    </p>
   </div>
   <div class='ocr_carea' id='block_1_65' title="bbox 509 3320 2089 3389">
    <p class='ocr_par' dir='ltr' id='par_1_65' title="bbox 509 3320 2089 3389">
     <span class='ocr_line' id='line_1_65' title="bbox 509 3320 2089 3389; baseline 0.006 -18"><span class='ocrx_word' id='word_1_445' title='bbox 509 3333 639 3389; x_wconf 87' lang='lat' dir='ltr'><strong>erga</strong></span> <span class='ocrx_word' id='word_1_446' title='bbox 699 3321 1095 3375; x_wconf 57' lang='lat' dir='ltr'><strong>nimiaeborum</strong></span> <span class='ocrx_word' id='word_1_447' title='bbox 1142 3320 1537 3377; x_wconf 88' lang='lat' dir='ltr'><strong>institutionem</strong></span> <span class='ocrx_word' id='word_1_448' title='bbox 1590 3330 1644 3377; x_wconf 78' lang='lat' dir='ltr'><strong>et</strong></span> <span class='ocrx_word' id='word_1_449' title='bbox 1691 3324 2089 3380; x_wconf 87' lang='lat' dir='ltr'><strong>correctionem</strong></span> 
     </span>
    </p>
   </div>
   <div class='ocr_carea' id='block_1_66' title="bbox 511 3409 847 3480">
    <p class='ocr_par' dir='ltr' id='par_1_66' title="bbox 511 3409 847 3480">
     <span class='ocr_line' id='line_1_66' title="bbox 511 3409 847 3480; baseline 0.003 -14"><span class='ocrx_word' id='word_1_450' title='bbox 511 3409 847 3480; x_wconf 78' lang='lat' dir='ltr'><strong>ﬂagraverit.</strong></span> 
     </span>
    </p>
   </div>
   <div class='ocr_carea' id='block_1_67' title="bbox 583 3503 2092 3580">
    <p class='ocr_par' dir='ltr' id='par_1_67' title="bbox 583 3503 2092 3580">
     <span class='ocr_line' id='line_1_67' title="bbox 583 3503 2092 3580; baseline 0.003 -21"><span class='ocrx_word' id='word_1_451' title='bbox 583 3503 663 3559; x_wconf 83' lang='lat' dir='ltr'><strong>Vl.</strong></span> <span class='ocrx_word' id='word_1_452' title='bbox 699 3503 1003 3560; x_wconf 79' lang='lat' dir='ltr'><strong>Ilermanno</strong></span> <span class='ocrx_word' id='word_1_453' title='bbox 1019 3507 1257 3576; x_wconf 73' lang='lat' dir='ltr'><strong>episco;.vo</strong></span> <span class='ocrx_word' id='word_1_454' title='bbox 1283 3506 1515 3562; x_wconf 63' lang='grc' dir='ltr'><strong>Τριηριιεὶ</strong></span> <span class='ocrx_word' id='word_1_455' title='bbox 1541 3518 1709 3578; x_wconf 76' lang='lat' dir='ltr'><strong>paret.</strong></span> <span class='ocrx_word' id='word_1_456' title='bbox 1737 3508 1953 3580; x_wconf 68' lang='lat' dir='ltr'><strong>Afﬂictis</strong></span> <span class='ocrx_word' id='word_1_457' title='bbox 1984 3526 2092 3564; x_wconf 62' lang='lat' dir='ltr'><strong>mo-</strong></span> 
     </span>
    </p>
   </div>
   <div class='ocr_carea' id='block_1_68' title="bbox 508 3593 2090 3670">
    <p class='ocr_par' dir='ltr' id='par_1_68' title="bbox 508 3593 2090 3670">
     <span class='ocr_line' id='line_1_68' title="bbox 508 3593 2090 3670; baseline 0.004 -23"><span class='ocrx_word' id='word_1_458' title='bbox 508 3596 690 3649; x_wconf 75' lang='lat' dir='ltr'><strong>ttae/iis</strong></span> <span class='ocrx_word' id='word_1_459' title='bbox 717 3593 901 3651; x_wconf 74' lang='lat' dir='ltr'><strong>Sancti</strong></span> <span class='ocrx_word' id='word_1_460' title='bbox 947 3596 1075 3667; x_wconf 75' lang='lat' dir='ltr'><strong>Apri</strong></span> <span class='ocrx_word' id='word_1_461' title='bbox 1101 3599 1436 3668; x_wconf 83' lang='lat' dir='ltr'><strong>computitur.</strong></span> <span class='ocrx_word' id='word_1_462' title='bbox 1473 3599 1619 3669; x_wconf 84' lang='lat' dir='ltr'><strong>Degit</strong></span> <span class='ocrx_word' id='word_1_463' title='bbox 1662 3601 1715 3653; x_wconf 83' lang='lat' dir='ltr'><strong>in</strong></span> <span class='ocrx_word' id='word_1_464' title='bbox 1768 3600 1893 3654; x_wconf 82' lang='lat' dir='ltr'><strong>aula</strong></span> <span class='ocrx_word' id='word_1_465' title='bbox 1924 3601 2090 3670; x_wconf 80' lang='lat' dir='ltr'><strong>impe-</strong></span> 
     </span>
    </p>
   </div>
   <div class='ocr_carea' id='block_1_69' title="bbox 505 3687 2090 3762">
    <p class='ocr_par' dir='ltr' id='par_1_69' title="bbox 505 3687 2090 3762">
     <span class='ocr_line' id='line_1_69' title="bbox 505 3687 2090 3762; baseline 0.006 -25"><span class='ocrx_word' id='word_1_466' title='bbox 505 3688 720 3741; x_wconf 73' lang='lat' dir='ltr'><strong>ratoris.</strong></span> <span class='ocrx_word' id='word_1_467' title='bbox 747 3687 1039 3757; x_wconf 77' lang='lat' dir='ltr'><strong>l&#39;auperem</strong></span> <span class='ocrx_word' id='word_1_468' title='bbox 1065 3689 1419 3758; x_wconf 75' lang='lat' dir='ltr'><strong>episcopatum</strong></span> <span class='ocrx_word' id='word_1_469' title='bbox 1453 3690 1818 3760; x_wconf 78' lang='lat' dir='ltr'><strong>pinguioribus</strong></span> <span class='ocrx_word' id='word_1_470' title='bbox 1839 3692 2090 3762; x_wconf 66' lang='lat' dir='ltr'><strong>prailerre</strong></span> 
     </span>
    </p>
   </div>
   <div class='ocr_carea' id='block_1_70' title="bbox 502 3778 2091 3849">
    <p class='ocr_par' dir='ltr' id='par_1_70' title="bbox 502 3778 2091 3849">
     <span class='ocr_line' id='line_1_70' title="bbox 502 3778 2091 3849; baseline 0.004 -16"><span class='ocrx_word' id='word_1_471' title='bbox 502 3780 708 3834; x_wconf 78' lang='lat' dir='ltr'><strong>statuit.</strong></span> <span class='ocrx_word' id='word_1_472' title='bbox 742 3809 802 3820; x_wconf 90' lang='lat'>—</span> <span class='ocrx_word' id='word_1_473' title='bbox 851 3778 988 3834; x_wconf 86' lang='lat' dir='ltr'><strong>Hinc</strong></span> <span class='ocrx_word' id='word_1_474' title='bbox 1030 3779 1214 3849; x_wconf 80' lang='lat' dir='ltr'><strong>itaque</strong></span> <span class='ocrx_word' id='word_1_475' title='bbox 1250 3780 1545 3835; x_wconf 84' lang='lat' dir='ltr'><strong>decedente</strong></span> <span class='ocrx_word' id='word_1_476' title='bbox 1583 3782 1801 3836; x_wconf 89' lang='lat' dir='ltr'><strong>domino</strong></span> <span class='ocrx_word' id='word_1_477' title='bbox 1838 3782 2091 3839; x_wconf 86' lang='lat' dir='ltr'><strong>Bertoldo</strong></span> 
     </span>
    </p>
   </div>
   <div class='ocr_carea' id='block_1_71' title="bbox 502 3870 2088 3935">
    <p class='ocr_par' dir='ltr' id='par_1_71' title="bbox 502 3870 2088 3935">
     <span class='ocr_line' id='line_1_71' title="bbox 502 3870 2088 3935; baseline 0.004 -10"><span class='ocrx_word' id='word_1_478' title='bbox 502 3885 604 3925; x_wconf 89' lang='lat' dir='ltr'><strong>suo</strong></span> <span class='ocrx_word' id='word_1_479' title='bbox 647 3870 932 3935; x_wconf 89' lang='lat' dir='ltr'><strong>nutritore,</strong></span> <span class='ocrx_word' id='word_1_480' title='bbox 965 3870 1281 3925; x_wconf 87' lang='lat' dir='ltr'><strong>succedenti</strong></span> <span class='ocrx_word' id='word_1_481' title='bbox 1320 3870 1645 3928; x_wconf 88' lang='lat' dir='ltr'><strong>llerimanuo</strong></span> <span class='ocrx_word' id='word_1_482' title='bbox 1673 3888 1779 3928; x_wconf 91' lang='lat' dir='ltr'><strong>non</strong></span> <span class='ocrx_word' id='word_1_483' title='bbox 1818 3876 2088 3931; x_wconf 87' lang='lat' dir='ltr'><strong>recusavit</strong></span> 
     </span>
    </p>
   </div>
   <div class='ocr_carea' id='block_1_72' title="bbox 498 3961 2084 4035">
    <p class='ocr_par' dir='ltr' id='par_1_72' title="bbox 498 3961 2084 4035">
     <span class='ocr_line' id='line_1_72' title="bbox 498 3961 2084 4035; baseline 0.004 -19"><span class='ocrx_word' id='word_1_484' title='bbox 498 3978 651 4031; x_wconf 73' lang='lat' dir='ltr'><strong>aeque</strong></span> <span class='ocrx_word' id='word_1_485' title='bbox 676 3977 889 4032; x_wconf 85' lang='lat' dir='ltr'><strong>parere,</strong></span> <span class='ocrx_word' id='word_1_486' title='bbox 913 3962 1067 4032; x_wconf 88' lang='lat' dir='ltr'><strong>quasi</strong></span> <span class='ocrx_word' id='word_1_487' title='bbox 1101 3961 1234 4017; x_wconf 87' lang='lat' dir='ltr'><strong>illud</strong></span> <span class='ocrx_word' id='word_1_488' title='bbox 1260 3962 1406 4017; x_wconf 73' lang='lat' dir='ltr'><strong>beati.</strong></span> <span class='ocrx_word' id='word_1_489' title='bbox 1432 3979 1583 4033; x_wconf 74' lang='lat' dir='ltr'><strong>papa:</strong></span> <span class='ocrx_word' id='word_1_490' title='bbox 1605 3963 1849 4035; x_wconf 84' lang='lat' dir='ltr'><strong>Gregorii</strong></span> <span class='ocrx_word' id='word_1_491' title='bbox 1876 3967 2084 4022; x_wconf 90' lang='lat' dir='ltr'><strong>dictum</strong></span> 
     </span>
    </p>
   </div>
   <div class='ocr_carea' id='block_1_73' title="bbox 491 4053 2084 4125">
    <p class='ocr_par' dir='ltr' id='par_1_73' title="bbox 491 4053 2084 4125">
     <span class='ocr_line' id='line_1_73' title="bbox 491 4053 2084 4125; baseline 0.006 -18"><span class='ocrx_word' id='word_1_492' title='bbox 491 4053 696 4125; x_wconf 83' lang='lat' dir='ltr'><strong>jugiter</strong></span> <span class='ocrx_word' id='word_1_493' title='bbox 724 4070 834 4125; x_wconf 76' lang='lat' dir='ltr'><strong>pra:</strong></span> <span class='ocrx_word' id='word_1_494' title='bbox 860 4056 1035 4111; x_wconf 88' lang='lat' dir='ltr'><strong>oculis</strong></span> <span class='ocrx_word' id='word_1_495' title='bbox 1071 4055 1267 4111; x_wconf 87' lang='lat' dir='ltr'><strong>mentis</strong></span> <span class='ocrx_word' id='word_1_496' title='bbox 1304 4056 1576 4111; x_wconf 85' lang='lat' dir='ltr'><strong>videretur</strong></span> <span class='ocrx_word' id='word_1_497' title='bbox 1604 4059 1805 4113; x_wconf 86' lang='lat' dir='ltr'><strong>habere</strong></span> <span class='ocrx_word' id='word_1_498' title='bbox 1848 4074 1864 4113; x_wconf 89' lang='lat'><strong>:</strong></span> <span class='ocrx_word' id='word_1_499' title='bbox 1911 4079 1930 4111; x_wconf 73' lang='lat' dir='ltr'><strong>c</strong></span> <span class='ocrx_word' id='word_1_500' title='bbox 1968 4059 2084 4115; x_wconf 83' lang='lat' dir='ltr'><strong>Pri-</strong></span> 
     </span>
    </p>
   </div>
   <div class='ocr_carea' id='block_1_74' title="bbox 500 4149 2083 4219">
    <p class='ocr_par' dir='ltr' id='par_1_74' title="bbox 500 4149 2083 4219">
     <span class='ocr_line' id='line_1_74' title="bbox 500 4149 2083 4219; baseline 0.004 -18"><span class='ocrx_word' id='word_1_501' title='bbox 500 4163 622 4201; x_wconf 91' lang='lat' dir='ltr'><strong>mus</strong></span> <span class='ocrx_word' id='word_1_502' title='bbox 660 4162 781 4202; x_wconf 87' lang='lat' dir='ltr'><strong>esse</strong></span> <span class='ocrx_word' id='word_1_503' title='bbox 821 4163 925 4201; x_wconf 90' lang='lat' dir='ltr'><strong>non</strong></span> <span class='ocrx_word' id='word_1_504' title='bbox 957 4149 1151 4203; x_wconf 85' lang='lat' dir='ltr'><strong>audeat</strong></span> <span class='ocrx_word' id='word_1_505' title='bbox 1181 4149 1270 4219; x_wconf 89' lang='lat' dir='ltr'><strong>qui</strong></span> <span class='ocrx_word' id='word_1_506' title='bbox 1311 4150 1536 4205; x_wconf 89' lang='lat' dir='ltr'><strong>subesse</strong></span> <span class='ocrx_word' id='word_1_507' title='bbox 1567 4166 1672 4204; x_wconf 88' lang='lat' dir='ltr'><strong>non</strong></span> <span class='ocrx_word' id='word_1_508' title='bbox 1713 4150 1987 4219; x_wconf 88' lang='lat' dir='ltr'><strong>didicerit,</strong></span> <span class='ocrx_word' id='word_1_509' title='bbox 2016 4169 2083 4207; x_wconf 87' lang='lat' dir='ltr'><strong>ne</strong></span> 
     </span>
    </p>
   </div>
   <div class='ocr_carea' id='block_1_75' title="bbox 498 4238 2079 4311">
    <p class='ocr_par' dir='ltr' id='par_1_75' title="bbox 498 4238 2079 4311">
     <span class='ocr_line' id='line_1_75' title="bbox 498 4238 2079 4311; baseline 0.003 -18"><span class='ocrx_word' id='word_1_510' title='bbox 498 4238 865 4293; x_wconf 85' lang='lat' dir='ltr'><strong>obedientiam</strong></span> <span class='ocrx_word' id='word_1_511' title='bbox 910 4238 1170 4309; x_wconf 89' lang='lat' dir='ltr'><strong>subjectis</strong></span> <span class='ocrx_word' id='word_1_512' title='bbox 1217 4240 1449 4309; x_wconf 87' lang='lat' dir='ltr'><strong>imperet</strong></span> <span class='ocrx_word' id='word_1_513' title='bbox 1493 4254 1657 4310; x_wconf 90' lang='lat' dir='ltr'><strong>quam</strong></span> <span class='ocrx_word' id='word_1_514' title='bbox 1701 4242 1939 4311; x_wconf 82' lang='lat' dir='ltr'><strong>praelatis</strong></span> <span class='ocrx_word' id='word_1_515' title='bbox 1974 4259 2079 4298; x_wconf 90' lang='lat' dir='ltr'><strong>non</strong></span> 
     </span>
    </p>
   </div>
   <div class='ocr_carea' id='block_1_76' title="bbox 499 4329 2083 4401">
    <p class='ocr_par' dir='ltr' id='par_1_76' title="bbox 499 4329 2083 4401">
     <span class='ocr_line' id='line_1_76' title="bbox 499 4329 2083 4401; baseline 0.005 -17"><span class='ocrx_word' id='word_1_516' title='bbox 499 4329 648 4384; x_wconf 87' lang='lat' dir='ltr'><strong>novit</strong></span> <span class='ocrx_word' id='word_1_517' title='bbox 680 4330 957 4385; x_wconf 82' lang='lat' dir='ltr'><strong>exhibere.</strong></span> <span class='ocrx_word' id='word_1_518' title='bbox 999 4351 1017 4382; x_wconf 75' lang='grc' dir='ltr'><strong><em>ι</em></strong></span> <span class='ocrx_word' id='word_1_519' title='bbox 1046 4329 1487 4400; x_wconf 72' lang='lat' dir='ltr'><strong>Compatielaatnr</strong></span> <span class='ocrx_word' id='word_1_520' title='bbox 1512 4332 1761 4401; x_wconf 87' lang='lat' dir='ltr'><strong>equidem</strong></span> <span class='ocrx_word' id='word_1_521' title='bbox 1797 4342 1925 4390; x_wconf 91' lang='lat' dir='ltr'><strong>tunc</strong></span> <span class='ocrx_word' id='word_1_522' title='bbox 1954 4345 2083 4391; x_wconf 90' lang='lat' dir='ltr'><strong>tem-</strong></span> 
     </span>
    </p>
   </div>
   <div class='ocr_carea' id='block_1_77' title="bbox 494 4420 2077 4492">
    <p class='ocr_par' dir='ltr' id='par_1_77' title="bbox 494 4420 2077 4492">
     <span class='ocr_line' id='line_1_77' title="bbox 494 4420 2077 4492; baseline 0.005 -17"><span class='ocrx_word' id='word_1_523' title='bbox 494 4420 642 4490; x_wconf 85' lang='lat' dir='ltr'><strong>poris</strong></span> <span class='ocrx_word' id='word_1_524' title='bbox 664 4420 892 4476; x_wconf 87' lang='lat' dir='ltr'><strong>adversa</strong></span> <span class='ocrx_word' id='word_1_525' title='bbox 925 4420 1120 4490; x_wconf 88' lang='lat' dir='ltr'><strong>passis,</strong></span> <span class='ocrx_word' id='word_1_526' title='bbox 1150 4422 1451 4492; x_wconf 75' lang='lat' dir='ltr'><strong>przesertim</strong></span> <span class='ocrx_word' id='word_1_527' title='bbox 1484 4424 1886 4480; x_wconf 86' lang='lat' dir='ltr'><strong>venerabilibns</strong></span> <span class='ocrx_word' id='word_1_528' title='bbox 1912 4442 2077 4483; x_wconf 88' lang='lat' dir='ltr'><strong>vene-</strong></span> 
     </span>
    </p>
   </div>
   <div class='ocr_carea' id='block_1_78' title="bbox 2197 3227 3780 3298">
    <p class='ocr_par' dir='ltr' id='par_1_78' title="bbox 2197 3227 3780 3298">
     <span class='ocr_line' id='line_1_78' title="bbox 2197 3227 3780 3298; baseline 0 -17"><span class='ocrx_word' id='word_1_529' title='bbox 2197 3228 2348 3281; x_wconf 89' lang='lat' dir='ltr'><strong>deret</strong></span> <span class='ocrx_word' id='word_1_530' title='bbox 2370 3242 2531 3297; x_wconf 88' lang='lat' dir='ltr'><strong>quam</strong></span> <span class='ocrx_word' id='word_1_531' title='bbox 2568 3229 2612 3282; x_wconf 87' lang='lat' dir='ltr'><strong>si</strong></span> <span class='ocrx_word' id='word_1_532' title='bbox 2643 3243 2764 3281; x_wconf 88' lang='lat' dir='ltr'><strong>eum</strong></span> <span class='ocrx_word' id='word_1_533' title='bbox 2805 3227 3061 3295; x_wconf 85' lang='lat' dir='ltr'><strong>tnajcstas</strong></span> <span class='ocrx_word' id='word_1_534' title='bbox 3102 3227 3252 3298; x_wconf 84' lang='lat' dir='ltr'><strong>regia</strong></span> <span class='ocrx_word' id='word_1_535' title='bbox 3282 3227 3351 3281; x_wconf 90' lang='lat' dir='ltr'><strong>ad</strong></span> <span class='ocrx_word' id='word_1_536' title='bbox 3380 3242 3658 3296; x_wconf 68' lang='lat' dir='ltr'><strong>suprema:</strong></span> <span class='ocrx_word' id='word_1_537' title='bbox 3688 3244 3780 3298; x_wconf 90' lang='lat' dir='ltr'><strong>po-</strong></span> 
     </span>
    </p>
   </div>
   <div class='ocr_carea' id='block_1_79' title="bbox 2195 3319 3782 3390">
    <p class='ocr_par' dir='ltr' id='par_1_79' title="bbox 2195 3319 3782 3390">
     <span class='ocr_line' id='line_1_79' title="bbox 2195 3319 3782 3390; baseline -0.001 -16"><span class='ocrx_word' id='word_1_538' title='bbox 2195 3324 2409 3375; x_wconf 89' lang='lat' dir='ltr'><strong>testatis</strong></span> <span class='ocrx_word' id='word_1_539' title='bbox 2437 3331 2491 3375; x_wconf 86' lang='lat' dir='ltr'><strong>et</strong></span> <span class='ocrx_word' id='word_1_540' title='bbox 2528 3320 2959 3390; x_wconf 85' lang='lat' dir='ltr'><strong>locupletationis</strong></span> <span class='ocrx_word' id='word_1_541' title='bbox 2999 3320 3320 3390; x_wconf 87' lang='lat' dir='ltr'><strong>dignitatem</strong></span> <span class='ocrx_word' id='word_1_542' title='bbox 3350 3319 3533 3390; x_wconf 88' lang='lat' dir='ltr'><strong>aliquo</strong></span> <span class='ocrx_word' id='word_1_543' title='bbox 3576 3319 3782 3375; x_wconf 86' lang='lat' dir='ltr'><strong>carnali</strong></span> 
     </span>
    </p>
   </div>
   <div class='ocr_carea' id='block_1_80' title="bbox 2194 3407 3785 3481">
    <p class='ocr_par' dir='ltr' id='par_1_80' title="bbox 2194 3407 3785 3481">
     <span class='ocr_line' id='line_1_80' title="bbox 2194 3407 3785 3481; baseline 0.002 -20"><span class='ocrx_word' id='word_1_544' title='bbox 2194 3407 2389 3463; x_wconf 81' lang='lat' dir='ltr'><strong>all‘ectn</strong></span> <span class='ocrx_word' id='word_1_545' title='bbox 2432 3410 2751 3481; x_wconf 84' lang='lat' dir='ltr'><strong>impelleret.</strong></span> <span class='ocrx_word' id='word_1_546' title='bbox 2779 3409 2932 3477; x_wconf 77' lang='lat' dir='ltr'><strong>Quod</strong></span> <span class='ocrx_word' id='word_1_547' title='bbox 2964 3410 3184 3477; x_wconf 83' lang='lat' dir='ltr'><strong>quidem</strong></span> <span class='ocrx_word' id='word_1_548' title='bbox 3220 3418 3374 3463; x_wconf 88' lang='lat' dir='ltr'><strong>tanto</strong></span> <span class='ocrx_word' id='word_1_549' title='bbox 3403 3409 3785 3465; x_wconf 86' lang='lat' dir='ltr'><strong>admirabilius</strong></span> 
     </span>
    </p>
   </div>
   <div class='ocr_carea' id='block_1_81' title="bbox 2193 3498 3775 3569">
    <p class='ocr_par' dir='ltr' id='par_1_81' title="bbox 2193 3498 3775 3569">
     <span class='ocr_line' id='line_1_81' title="bbox 2193 3498 3775 3569; baseline 0 -16"><span class='ocrx_word' id='word_1_550' title='bbox 2193 3508 2280 3553; x_wconf 72' lang='lat' dir='ltr'><strong>est</strong></span> <span class='ocrx_word' id='word_1_551' title='bbox 2336 3499 2640 3555; x_wconf 85' lang='lat' dir='ltr'><strong>habendum</strong></span> <span class='ocrx_word' id='word_1_552' title='bbox 2688 3500 2740 3554; x_wconf 92' lang='lat' dir='ltr'><strong>in</strong></span> <span class='ocrx_word' id='word_1_553' title='bbox 2790 3500 3010 3555; x_wconf 88' lang='lat' dir='ltr'><strong>levitate</strong></span> <span class='ocrx_word' id='word_1_554' title='bbox 3052 3498 3280 3569; x_wconf 90' lang='lat' dir='ltr'><strong>juvenili</strong></span> <span class='ocrx_word' id='word_1_555' title='bbox 3332 3507 3539 3568; x_wconf 89' lang='lat' dir='ltr'><strong>quanto</strong></span> <span class='ocrx_word' id='word_1_556' title='bbox 3594 3500 3775 3553; x_wconf 88' lang='lat' dir='ltr'><strong>rarius</strong></span> 
     </span>
    </p>
   </div>
   <div class='ocr_carea' id='block_1_82' title="bbox 2193 3588 3778 3661">
    <p class='ocr_par' dir='ltr' id='par_1_82' title="bbox 2193 3588 3778 3661">
     <span class='ocr_line' id='line_1_82' title="bbox 2193 3588 3778 3661; baseline -0.001 -16"><span class='ocrx_word' id='word_1_557' title='bbox 2193 3590 2617 3660; x_wconf 86' lang='lat' dir='ltr'><strong>deprehenditur</strong></span> <span class='ocrx_word' id='word_1_558' title='bbox 2641 3601 2697 3645; x_wconf 91' lang='lat' dir='ltr'><strong>et</strong></span> <span class='ocrx_word' id='word_1_559' title='bbox 2725 3590 2777 3645; x_wconf 93' lang='lat' dir='ltr'><strong>in</strong></span> <span class='ocrx_word' id='word_1_560' title='bbox 2812 3590 3080 3661; x_wconf 85' lang='lat' dir='ltr'><strong>gravitate</strong></span> <span class='ocrx_word' id='word_1_561' title='bbox 3105 3590 3286 3646; x_wconf 90' lang='lat' dir='ltr'><strong>senili.</strong></span> <span class='ocrx_word' id='word_1_562' title='bbox 3318 3588 3423 3643; x_wconf 87' lang='lat' dir='ltr'><strong>Sed</strong></span> <span class='ocrx_word' id='word_1_563' title='bbox 3448 3590 3564 3659; x_wconf 86' lang='lat' dir='ltr'><strong>jam</strong></span> <span class='ocrx_word' id='word_1_564' title='bbox 3593 3590 3778 3647; x_wconf 82' lang='lat' dir='ltr'><strong>dicea-</strong></span> 
     </span>
    </p>
   </div>
   <div class='ocr_carea' id='block_1_83' title="bbox 2193 3681 3778 3753">
    <p class='ocr_par' dir='ltr' id='par_1_83' title="bbox 2193 3681 3778 3753">
     <span class='ocr_line' id='line_1_83' title="bbox 2193 3681 3778 3753; baseline -0.001 -17"><span class='ocrx_word' id='word_1_565' title='bbox 2193 3682 2319 3736; x_wconf 90' lang='lat' dir='ltr'><strong>dum</strong></span> <span class='ocrx_word' id='word_1_566' title='bbox 2345 3683 2555 3739; x_wconf 86' lang='lat' dir='ltr'><strong>videtur</strong></span> <span class='ocrx_word' id='word_1_567' title='bbox 2577 3682 2809 3753; x_wconf 87' lang='lat' dir='ltr'><strong>qualiter</strong></span> <span class='ocrx_word' id='word_1_568' title='bbox 2832 3684 2932 3738; x_wconf 87' lang='lat' dir='ltr'><strong>iste</strong></span> <span class='ocrx_word' id='word_1_569' title='bbox 2960 3681 3230 3738; x_wconf 83' lang='lat' dir='ltr'><strong>humiliari</strong></span> <span class='ocrx_word' id='word_1_570' title='bbox 3258 3696 3355 3752; x_wconf 89' lang='lat' dir='ltr'><strong>pro</strong></span> <span class='ocrx_word' id='word_1_571' title='bbox 3383 3681 3494 3736; x_wconf 85' lang='lat' dir='ltr'><strong>Deo</strong></span> <span class='ocrx_word' id='word_1_572' title='bbox 3521 3682 3778 3751; x_wconf 82' lang='lat' dir='ltr'><strong>cupidus,</strong></span> 
     </span>
    </p>
   </div>
   <div class='ocr_carea' id='block_1_84' title="bbox 2192 3774 3780 3847">
    <p class='ocr_par' dir='ltr' id='par_1_84' title="bbox 2192 3774 3780 3847">
     <span class='ocr_line' id='line_1_84' title="bbox 2192 3774 3780 3847; baseline 0.001 -20"><span class='ocrx_word' id='word_1_573' title='bbox 2192 3775 2451 3844; x_wconf 82' lang='lat' dir='ltr'><strong>paulatim</strong></span> <span class='ocrx_word' id='word_1_574' title='bbox 2487 3777 2555 3831; x_wconf 89' lang='lat' dir='ltr'><strong>ab</strong></span> <span class='ocrx_word' id='word_1_575' title='bbox 2592 3776 2708 3847; x_wconf 86' lang='lat' dir='ltr'><strong>ipso</strong></span> <span class='ocrx_word' id='word_1_576' title='bbox 2748 3775 2912 3829; x_wconf 79' lang='lat' dir='ltr'><strong>fuerit</strong></span> <span class='ocrx_word' id='word_1_577' title='bbox 2944 3775 3266 3830; x_wconf 83' lang='lat' dir='ltr'><strong>mirabiliter</strong></span> <span class='ocrx_word' id='word_1_578' title='bbox 3304 3774 3606 3837; x_wconf 79' lang='lat' dir='ltr'><strong>cxaltatns,</strong></span> <span class='ocrx_word' id='word_1_579' title='bbox 3638 3775 3780 3828; x_wconf 89' lang='lat' dir='ltr'><strong>sicut</strong></span> 
     </span>
    </p>
   </div>
   <div class='ocr_carea' id='block_1_85' title="bbox 2191 3867 3772 3940">
    <p class='ocr_par' dir='ltr' id='par_1_85' title="bbox 2191 3867 3772 3940">
     <span class='ocr_line' id='line_1_85' title="bbox 2191 3867 3772 3940; baseline -0.003 -16"><span class='ocrx_word' id='word_1_580' title='bbox 2191 3869 2245 3924; x_wconf 85' lang='lat' dir='ltr'><strong>in</strong></span> <span class='ocrx_word' id='word_1_581' title='bbox 2272 3868 2408 3923; x_wconf 83' lang='lat' dir='ltr'><strong>libro</strong></span> <span class='ocrx_word' id='word_1_582' title='bbox 2430 3869 2634 3940; x_wconf 81' lang='lat' dir='ltr'><strong>Regum</strong></span> <span class='ocrx_word' id='word_1_583' title='bbox 2658 3884 2754 3939; x_wconf 90' lang='lat' dir='ltr'><strong>per</strong></span> <span class='ocrx_word' id='word_1_584' title='bbox 2781 3870 3102 3940; x_wconf 86' lang='lat' dir='ltr'><strong>prophetam</strong></span> <span class='ocrx_word' id='word_1_585' title='bbox 3138 3878 3373 3923; x_wconf 83' lang='lat' dir='ltr'><strong>testatur</strong></span> <span class='ocrx_word' id='word_1_586' title='bbox 3401 3886 3415 3921; x_wconf 90' lang='lat'><strong>:</strong></span> <span class='ocrx_word' id='word_1_587' title='bbox 3442 3867 3772 3938; x_wconf 78' lang='lat' dir='ltr'><strong>Cleri/icun-</strong></span> 
     </span>
    </p>
   </div>
   <div class='ocr_carea' id='block_1_86' title="bbox 2188 3961 3773 4033">
    <p class='ocr_par' dir='ltr' id='par_1_86' title="bbox 2188 3961 3773 4033">
     <span class='ocr_line' id='line_1_86' title="bbox 2188 3961 3773 4033; baseline -0.001 -18"><span class='ocrx_word' id='word_1_588' title='bbox 2188 3972 2290 4015; x_wconf 84' lang='lat' dir='ltr'><strong>tcm</strong></span> <span class='ocrx_word' id='word_1_589' title='bbox 2319 3978 2400 4014; x_wconf 89' lang='lat' dir='ltr'><strong>me</strong></span> <span class='ocrx_word' id='word_1_590' title='bbox 2434 3961 2741 4032; x_wconf 82' lang='lat' dir='ltr'><strong>glori/icubo</strong></span> <span class='ocrx_word' id='word_1_591' title='bbox 2759 3980 2779 4027; x_wconf 89' lang='lat'><strong><em>;</em></strong></span> <span class='ocrx_word' id='word_1_592' title='bbox 2800 3963 2889 4033; x_wconf 85' lang='lat' dir='ltr'><strong>qui</strong></span> <span class='ocrx_word' id='word_1_593' title='bbox 2916 3973 3094 4016; x_wconf 83' lang='lat' dir='ltr'><strong>autent</strong></span> <span class='ocrx_word' id='word_1_594' title='bbox 3125 3973 3460 4017; x_wconf 79' lang='lat' dir='ltr'><strong>contemnunt</strong></span> <span class='ocrx_word' id='word_1_595' title='bbox 3492 3979 3599 4027; x_wconf 84' lang='lat' dir='ltr'><strong>me,</strong></span> <span class='ocrx_word' id='word_1_596' title='bbox 3622 3971 3773 4016; x_wconf 79' lang='lat' dir='ltr'><strong>erant</strong></span> 
     </span>
    </p>
   </div>
   <div class='ocr_carea' id='block_1_87' title="bbox 2186 4053 2909 4125">
    <p class='ocr_par' dir='ltr' id='par_1_87' title="bbox 2186 4053 2909 4125">
     <span class='ocr_line' id='line_1_87' title="bbox 2186 4053 2909 4125; baseline 0.004 -18"><span class='ocrx_word' id='word_1_597' title='bbox 2186 4054 2436 4125; x_wconf 78' lang='lat' dir='ltr'><strong>ignobiles</strong></span> <span class='ocrx_word' id='word_1_598' title='bbox 2462 4054 2513 4125; x_wconf 91' lang='grc' dir='ltr'><strong>(Ι</strong></span> <span class='ocrx_word' id='word_1_599' title='bbox 2547 4053 2674 4125; x_wconf 77' lang='lat' dir='ltr'><strong>Reg.</strong></span> <span class='ocrx_word' id='word_1_600' title='bbox 2703 4072 2766 4121; x_wconf 86' lang='lat' dir='ltr'><strong>ll,</strong></span> <span class='ocrx_word' id='word_1_601' title='bbox 2796 4055 2909 4125; x_wconf 82' lang='grc'><strong>50).</strong></span> 
     </span>
    </p>
   </div>
   <div class='ocr_carea' id='block_1_88' title="bbox 2259 4145 3775 4218">
    <p class='ocr_par' dir='ltr' id='par_1_88' title="bbox 2259 4145 3775 4218">
     <span class='ocr_line' id='line_1_88' title="bbox 2259 4145 3775 4218; baseline -0.001 -17"><span class='ocrx_word' id='word_1_602' title='bbox 2259 4145 2365 4202; x_wconf 75' lang='lat' dir='ltr'><strong>VII.</strong></span> <span class='ocrx_word' id='word_1_603' title='bbox 2398 4145 2464 4201; x_wconf 82' lang='lat' dir='ltr'><strong>In</strong></span> <span class='ocrx_word' id='word_1_604' title='bbox 2503 4145 2927 4218; x_wconf 83' lang='lat' dir='ltr'><strong>Longobardiam</strong></span> <span class='ocrx_word' id='word_1_605' title='bbox 2955 4147 3147 4203; x_wconf 77' lang='lat' dir='ltr'><strong>milites</strong></span> <span class='ocrx_word' id='word_1_606' title='bbox 3178 4148 3343 4203; x_wconf 85' lang='lat' dir='ltr'><strong>ducit.</strong></span> <span class='ocrx_word' id='word_1_607' title='bbox 3381 4178 3451 4189; x_wconf 89' lang='lat'><strong>-</strong></span> <span class='ocrx_word' id='word_1_608' title='bbox 3487 4148 3653 4202; x_wconf 88' lang='lat' dir='ltr'><strong>Anno</strong></span> <span class='ocrx_word' id='word_1_609' title='bbox 3678 4147 3775 4216; x_wconf 84' lang='lat' dir='ltr'><strong>igi-</strong></span> 
     </span>
    </p>
   </div>
   <div class='ocr_carea' id='block_1_89' title="bbox 2188 4238 3772 4311">
    <p class='ocr_par' dir='ltr' id='par_1_89' title="bbox 2188 4238 3772 4311">
     <span class='ocr_line' id='line_1_89' title="bbox 2188 4238 3772 4311; baseline -0.001 -18"><span class='ocrx_word' id='word_1_610' title='bbox 2188 4247 2275 4293; x_wconf 91' lang='lat' dir='ltr'><strong>tur</strong></span> <span class='ocrx_word' id='word_1_611' title='bbox 2314 4238 2488 4293; x_wconf 65' lang='lat' dir='ltr'><strong>aitatis</strong></span> <span class='ocrx_word' id='word_1_612' title='bbox 2522 4239 2788 4310; x_wconf 86' lang='lat' dir='ltr'><strong>vigesimo</strong></span> <span class='ocrx_word' id='word_1_613' title='bbox 2818 4241 3000 4304; x_wconf 87' lang='lat' dir='ltr'><strong>tertio,</strong></span> <span class='ocrx_word' id='word_1_614' title='bbox 3040 4255 3164 4295; x_wconf 90' lang='lat' dir='ltr'><strong>cum</strong></span> <span class='ocrx_word' id='word_1_615' title='bbox 3201 4240 3314 4311; x_wconf 87' lang='lat' dir='ltr'><strong>jam</strong></span> <span class='ocrx_word' id='word_1_616' title='bbox 3361 4240 3593 4295; x_wconf 90' lang='lat' dir='ltr'><strong>alteram</strong></span> <span class='ocrx_word' id='word_1_617' title='bbox 3638 4242 3772 4293; x_wconf 81' lang='lat' dir='ltr'><strong>ado-</strong></span> 
     </span>
    </p>
   </div>
   <div class='ocr_carea' id='block_1_90' title="bbox 2185 4330 3774 4401">
    <p class='ocr_par' dir='ltr' id='par_1_90' title="bbox 2185 4330 3774 4401">
     <span class='ocr_line' id='line_1_90' title="bbox 2185 4330 3774 4401; baseline -0.001 -16"><span class='ocrx_word' id='word_1_618' title='bbox 2185 4330 2458 4385; x_wconf 78' lang='lat' dir='ltr'><strong>lescenti:e</strong></span> <span class='ocrx_word' id='word_1_619' title='bbox 2514 4330 2907 4386; x_wconf 89' lang='lat' dir='ltr'><strong>hebdomadam</strong></span> <span class='ocrx_word' id='word_1_620' title='bbox 2967 4332 3162 4387; x_wconf 76' lang='lat' dir='ltr'><strong>fuisset</strong></span> <span class='ocrx_word' id='word_1_621' title='bbox 3210 4332 3530 4401; x_wconf 87' lang='lat' dir='ltr'><strong>ingressus,</strong></span> <span class='ocrx_word' id='word_1_622' title='bbox 3585 4340 3642 4385; x_wconf 92' lang='lat' dir='ltr'><strong>et</strong></span> <span class='ocrx_word' id='word_1_623' title='bbox 3703 4331 3774 4385; x_wconf 81' lang='lat' dir='ltr'><strong>ab</strong></span> 
     </span>
    </p>
   </div>
   <div class='ocr_carea' id='block_1_91' title="bbox 2188 4421 3769 4490">
    <p class='ocr_par' dir='ltr' id='par_1_91' title="bbox 2188 4421 3769 4490">
     <span class='ocr_line' id='line_1_91' title="bbox 2188 4421 3769 4490; baseline 0 -14"><span class='ocrx_word' id='word_1_624' title='bbox 2188 4423 2471 4477; x_wconf 88' lang='lat' dir='ltr'><strong>incarnato</strong></span> <span class='ocrx_word' id='word_1_625' title='bbox 2499 4422 2590 4476; x_wconf 88' lang='lat' dir='ltr'><strong>Dei</strong></span> <span class='ocrx_word' id='word_1_626' title='bbox 2623 4421 2800 4476; x_wconf 82' lang='lat' dir='ltr'><strong>Patris</strong></span> <span class='ocrx_word' id='word_1_627' title='bbox 2835 4423 3010 4478; x_wconf 88' lang='lat' dir='ltr'><strong>Verbo</strong></span> <span class='ocrx_word' id='word_1_628' title='bbox 3038 4424 3199 4490; x_wconf 70' lang='lat'><strong>1025,</strong></span> <span class='ocrx_word' id='word_1_629' title='bbox 3230 4432 3550 4479; x_wconf 79' lang='lat' dir='ltr'><strong>exeurreret</strong></span> <span class='ocrx_word' id='word_1_630' title='bbox 3571 4438 3769 4486; x_wconf 90' lang='lat' dir='ltr'><strong>annus,</strong></span> 
     </span>
    </p>
   </div>
   <div class='ocr_carea' id='block_1_92' title="bbox 494 4485 3767 4589">
    <p class='ocr_par' dir='ltr' id='par_1_92' title="bbox 494 4485 3767 4589">
     <span class='ocr_line' id='line_1_92' title="bbox 494 4485 3767 4589; baseline 0.001 -22"><span class='ocrx_word' id='word_1_631' title='bbox 494 4511 682 4567; x_wconf 87' lang='lat' dir='ltr'><strong>rabilis</strong></span> <span class='ocrx_word' id='word_1_632' title='bbox 720 4512 820 4566; x_wconf 88' lang='lat' dir='ltr'><strong>viri</strong></span> <span class='ocrx_word' id='word_1_633' title='bbox 855 4512 989 4583; x_wconf 86' lang='lat' dir='ltr'><strong>Apri</strong></span> <span class='ocrx_word' id='word_1_634' title='bbox 1035 4512 1342 4579; x_wconf 64' lang='lat' dir='ltr'><strong>canobitis,</strong></span> <span class='ocrx_word' id='word_1_635' title='bbox 1395 4512 1461 4566; x_wconf 78' lang='lat' dir='ltr'><strong>in~</strong></span> <span class='ocrx_word' id='word_1_636' title='bbox 1490 4529 1628 4583; x_wconf 91' lang='lat' dir='ltr'><strong>quos</strong></span> <span class='ocrx_word' id='word_1_637' title='bbox 1674 4517 2077 4584; x_wconf 82' lang='lat' dir='ltr'><strong>procacissinuc</strong></span> <span class='ocrx_word' id='word_1_638' title='bbox 2111 4485 2157 4543; x_wconf 73' lang='grc' dir='ltr'><strong>Ι)</strong></span> <span class='ocrx_word' id='word_1_639' title='bbox 2182 4516 2302 4570; x_wconf 86' lang='lat' dir='ltr'><strong>vice</strong></span> <span class='ocrx_word' id='word_1_640' title='bbox 2338 4517 2420 4571; x_wconf 90' lang='lat' dir='ltr'><strong>sui</strong></span> <span class='ocrx_word' id='word_1_641' title='bbox 2460 4515 2732 4587; x_wconf 82' lang='lat' dir='ltr'><strong>pontiﬁcis</strong></span> <span class='ocrx_word' id='word_1_642' title='bbox 2759 4516 3078 4572; x_wconf 83' lang='lat' dir='ltr'><strong>llerimanni</strong></span> <span class='ocrx_word' id='word_1_643' title='bbox 3106 4519 3157 4572; x_wconf 91' lang='lat' dir='ltr'><strong>in</strong></span> <span class='ocrx_word' id='word_1_644' title='bbox 3184 4518 3531 4589; x_wconf 66' lang='lat' dir='ltr'><strong>espeditione</strong></span> <span class='ocrx_word' id='word_1_645' title='bbox 3558 4515 3767 4587; x_wconf 72' lang='lat' dir='ltr'><strong>prmfati</strong></span> 
     </span>
    </p>
   </div>
   <div class='ocr_carea' id='block_1_93' title="bbox 488 4603 2075 4677">
    <p class='ocr_par' dir='ltr' id='par_1_93' title="bbox 488 4603 2075 4677">
     <span class='ocr_line' id='line_1_93' title="bbox 488 4603 2075 4677; baseline 0.003 -17"><span class='ocrx_word' id='word_1_646' title='bbox 488 4604 830 4660; x_wconf 83' lang='lat' dir='ltr'><strong>adulatorum</strong></span> <span class='ocrx_word' id='word_1_647' title='bbox 886 4612 942 4659; x_wconf 90' lang='lat' dir='ltr'><strong>et</strong></span> <span class='ocrx_word' id='word_1_648' title='bbox 1007 4604 1309 4659; x_wconf 89' lang='lat' dir='ltr'><strong>invidorum</strong></span> <span class='ocrx_word' id='word_1_649' title='bbox 1378 4603 1573 4674; x_wconf 67' lang='lat' dir='ltr'><strong>linguae</strong></span> <span class='ocrx_word' id='word_1_650' title='bbox 1633 4621 1796 4677; x_wconf 88' lang='lat' dir='ltr'><strong>supra</strong></span> <span class='ocrx_word' id='word_1_651' title='bbox 1854 4610 2075 4665; x_wconf 88' lang='lat' dir='ltr'><strong>modum</strong></span> 
     </span>
    </p>
   </div>
   <div class='ocr_carea' id='block_1_94' title="bbox 488 4693 2077 4769">
    <p class='ocr_par' dir='ltr' id='par_1_94' title="bbox 488 4693 2077 4769">
     <span class='ocr_line' id='line_1_94' title="bbox 488 4693 2077 4769; baseline 0.004 -18"><span class='ocrx_word' id='word_1_652' title='bbox 488 4696 819 4768; x_wconf 81' lang='lat' dir='ltr'><strong>instigabant</strong></span> <span class='ocrx_word' id='word_1_653' title='bbox 843 4695 1084 4750; x_wconf 88' lang='lat' dir='ltr'><strong>animum</strong></span> <span class='ocrx_word' id='word_1_654' title='bbox 1129 4693 1337 4765; x_wconf 63' lang='lat' dir='ltr'><strong>prail&#39;ati</strong></span> <span class='ocrx_word' id='word_1_655' title='bbox 1370 4696 1650 4752; x_wconf 88' lang='lat' dir='ltr'><strong>antistitis.</strong></span> <span class='ocrx_word' id='word_1_656' title='bbox 1679 4696 1831 4753; x_wconf 87' lang='lat' dir='ltr'><strong>Nunc</strong></span> <span class='ocrx_word' id='word_1_657' title='bbox 1862 4716 1959 4769; x_wconf 88' lang='lat' dir='ltr'><strong>pro</strong></span> <span class='ocrx_word' id='word_1_658' title='bbox 1995 4702 2077 4757; x_wconf 87' lang='lat' dir='ltr'><strong>eis</strong></span> 
     </span>
    </p>
   </div>
   <div class='ocr_carea' id='block_1_95' title="bbox 486 4793 2071 4861">
    <p class='ocr_par' dir='ltr' id='par_1_95' title="bbox 486 4793 2071 4861">
     <span class='ocr_line' id='line_1_95' title="bbox 486 4793 2071 4861; baseline 0.004 -17"><span class='ocrx_word' id='word_1_659' title='bbox 486 4805 701 4844; x_wconf 88' lang='lat' dir='ltr'><strong>murum</strong></span> <span class='ocrx_word' id='word_1_660' title='bbox 746 4796 940 4855; x_wconf 88' lang='lat' dir='ltr'><strong>semet,</strong></span> <span class='ocrx_word' id='word_1_661' title='bbox 975 4798 1237 4859; x_wconf 86' lang='lat' dir='ltr'><strong>quantum</strong></span> <span class='ocrx_word' id='word_1_662' title='bbox 1275 4798 1510 4859; x_wconf 87' lang='lat' dir='ltr'><strong>poterat,</strong></span> <span class='ocrx_word' id='word_1_663' title='bbox 1550 4793 1878 4861; x_wconf 89' lang='lat' dir='ltr'><strong>opponebat,</strong></span> <span class='ocrx_word' id='word_1_664' title='bbox 1928 4810 2071 4851; x_wconf 87' lang='lat' dir='ltr'><strong>nunc</strong></span> 
     </span>
    </p>
   </div>
   <div class='ocr_carea' id='block_1_96' title="bbox 484 4880 2067 4957">
    <p class='ocr_par' dir='ltr' id='par_1_96' title="bbox 484 4880 2067 4957">
     <span class='ocr_line' id='line_1_96' title="bbox 484 4880 2067 4957; baseline 0.003 -20"><span class='ocrx_word' id='word_1_665' title='bbox 484 4884 628 4954; x_wconf 81' lang='lat' dir='ltr'><strong>quod</strong></span> <span class='ocrx_word' id='word_1_666' title='bbox 658 4883 830 4938; x_wconf 69' lang='lat' dir='ltr'><strong>solum</strong></span> <span class='ocrx_word' id='word_1_667' title='bbox 860 4891 1089 4953; x_wconf 88' lang='lat' dir='ltr'><strong>poterat,</strong></span> <span class='ocrx_word' id='word_1_668' title='bbox 1114 4898 1235 4937; x_wconf 90' lang='lat' dir='ltr'><strong>cum</strong></span> <span class='ocrx_word' id='word_1_669' title='bbox 1261 4880 1512 4937; x_wconf 83' lang='lat' dir='ltr'><strong>ﬂentibus</strong></span> <span class='ocrx_word' id='word_1_670' title='bbox 1534 4881 1713 4939; x_wconf 83' lang='lat' dir='ltr'><strong>ﬂebat.</strong></span> <span class='ocrx_word' id='word_1_671' title='bbox 1752 4886 1776 4938; x_wconf 88' lang='grc' dir='ltr'><strong>Ι·</strong></span> <span class='ocrx_word' id='word_1_672' title='bbox 1787 4886 1877 4957; x_wconf 88' lang='lat' dir='ltr'><strong>jus</strong></span> <span class='ocrx_word' id='word_1_673' title='bbox 1904 4887 2067 4941; x_wconf 86' lang='lat' dir='ltr'><strong>etiam</strong></span> 
     </span>
    </p>
   </div>
   <div class='ocr_carea' id='block_1_97' title="bbox 484 4974 2069 5050">
    <p class='ocr_par' dir='ltr' id='par_1_97' title="bbox 484 4974 2069 5050">
     <span class='ocr_line' id='line_1_97' title="bbox 484 4974 2069 5050; baseline 0.003 -21"><span class='ocrx_word' id='word_1_674' title='bbox 484 4976 763 5032; x_wconf 86' lang='lat' dir='ltr'><strong>adnitente</strong></span> <span class='ocrx_word' id='word_1_675' title='bbox 787 4976 1111 5031; x_wconf 88' lang='lat' dir='ltr'><strong>auctoritate</strong></span> <span class='ocrx_word' id='word_1_676' title='bbox 1136 4983 1191 5031; x_wconf 90' lang='lat' dir='ltr'><strong>et</strong></span> <span class='ocrx_word' id='word_1_677' title='bbox 1225 4974 1510 5043; x_wconf 87' lang='lat' dir='ltr'><strong>industria,</strong></span> <span class='ocrx_word' id='word_1_678' title='bbox 1536 4976 1589 5031; x_wconf 93' lang='lat' dir='ltr'><strong>in</strong></span> <span class='ocrx_word' id='word_1_679' title='bbox 1614 4986 1779 5044; x_wconf 85' lang='lat' dir='ltr'><strong>statu,</strong></span> <span class='ocrx_word' id='word_1_680' title='bbox 1813 4994 1973 5050; x_wconf 89' lang='lat' dir='ltr'><strong>quem</strong></span> <span class='ocrx_word' id='word_1_681' title='bbox 1999 4979 2069 5034; x_wconf 91' lang='lat' dir='ltr'><strong>ab</strong></span> 
     </span>
    </p>
   </div>
   <div class='ocr_carea' id='block_1_98' title="bbox 2179 4605 3768 4677">
    <p class='ocr_par' dir='ltr' id='par_1_98' title="bbox 2179 4605 3768 4677">
     <span class='ocr_line' id='line_1_98' title="bbox 2179 4605 3768 4677; baseline 0.001 -16"><span class='ocrx_word' id='word_1_682' title='bbox 2179 4605 2417 4661; x_wconf 85' lang='lat' dir='ltr'><strong>Conradi</strong></span> <span class='ocrx_word' id='word_1_683' title='bbox 2434 4607 2799 4676; x_wconf 89' lang='lat' dir='ltr'><strong>imperatoris,</strong></span> <span class='ocrx_word' id='word_1_684' title='bbox 2824 4607 3256 4677; x_wconf 85' lang='lat' dir='ltr'><strong>Longobardiam</strong></span> <span class='ocrx_word' id='word_1_685' title='bbox 3271 4616 3328 4662; x_wconf 89' lang='lat' dir='ltr'><strong>et</strong></span> <span class='ocrx_word' id='word_1_686' title='bbox 3348 4608 3587 4662; x_wconf 76' lang='lat' dir='ltr'><strong>maxime</strong></span> <span class='ocrx_word' id='word_1_687' title='bbox 3606 4622 3768 4676; x_wconf 87' lang='lat' dir='ltr'><strong>super</strong></span> 
     </span>
    </p>
   </div>
   <div class='ocr_carea' id='block_1_99' title="bbox 2177 4700 3764 4769">
    <p class='ocr_par' dir='ltr' id='par_1_99' title="bbox 2177 4700 3764 4769">
     <span class='ocr_line' id='line_1_99' title="bbox 2177 4700 3764 4769; baseline -0.001 -15"><span class='ocrx_word' id='word_1_688' title='bbox 2177 4700 2534 4755; x_wconf 78' lang='lat' dir='ltr'><strong>Mediolanum</strong></span> <span class='ocrx_word' id='word_1_689' title='bbox 2564 4709 2689 4754; x_wconf 89' lang='lat' dir='ltr'><strong>tunc</strong></span> <span class='ocrx_word' id='word_1_690' title='bbox 2713 4700 2968 4755; x_wconf 84' lang='lat' dir='ltr'><strong>rebellem</strong></span> <span class='ocrx_word' id='word_1_691' title='bbox 2998 4702 3290 4769; x_wconf 69' lang='lat' dir='ltr'><strong>praeclarus</strong></span> <span class='ocrx_word' id='word_1_692' title='bbox 3314 4701 3499 4755; x_wconf 82' lang='lat' dir='ltr'><strong>Bruno</strong></span> <span class='ocrx_word' id='word_1_693' title='bbox 3528 4709 3615 4755; x_wconf 86' lang='lat' dir='ltr'><strong>est</strong></span> <span class='ocrx_word' id='word_1_694' title='bbox 3642 4715 3764 4769; x_wconf 86' lang='lat' dir='ltr'><strong>pro-</strong></span> 
     </span>
    </p>
   </div>
   <div class='ocr_carea' id='block_1_100' title="bbox 2174 4790 3764 4863">
    <p class='ocr_par' dir='ltr' id='par_1_100' title="bbox 2174 4790 3764 4863">
     <span class='ocr_line' id='line_1_100' title="bbox 2174 4790 3764 4863; baseline 0 -18"><span class='ocrx_word' id='word_1_695' title='bbox 2174 4791 2370 4855; x_wconf 82' lang='lat' dir='ltr'><strong>fectus,</strong></span> <span class='ocrx_word' id='word_1_696' title='bbox 2404 4791 2628 4846; x_wconf 86' lang='lat' dir='ltr'><strong>levitico</strong></span> <span class='ocrx_word' id='word_1_697' title='bbox 2664 4790 2846 4847; x_wconf 77' lang='lat' dir='ltr'><strong>cilicio</strong></span> <span class='ocrx_word' id='word_1_698' title='bbox 2886 4792 3195 4863; x_wconf 84' lang='lat' dir='ltr'><strong>insignitus.</strong></span> <span class='ocrx_word' id='word_1_699' title='bbox 3244 4792 3492 4862; x_wconf 77' lang='lat' dir='ltr'><strong>Namque</strong></span> <span class='ocrx_word' id='word_1_700' title='bbox 3530 4792 3622 4846; x_wconf 91' lang='lat' dir='ltr'><strong>illo</strong></span> <span class='ocrx_word' id='word_1_701' title='bbox 3664 4805 3764 4846; x_wconf 89' lang='lat' dir='ltr'><strong>suo</strong></span> 
     </span>
    </p>
   </div>
   <div class='ocr_carea' id='block_1_101' title="bbox 2171 4885 3761 4957">
    <p class='ocr_par' dir='ltr' id='par_1_101' title="bbox 2171 4885 3761 4957">
     <span class='ocr_line' id='line_1_101' title="bbox 2171 4885 3761 4957; baseline -0.004 -15"><span class='ocrx_word' id='word_1_702' title='bbox 2171 4888 2415 4942; x_wconf 85' lang='lat' dir='ltr'><strong>antistite</strong></span> <span class='ocrx_word' id='word_1_703' title='bbox 2443 4887 2599 4942; x_wconf 88' lang='lat' dir='ltr'><strong>annis</strong></span> <span class='ocrx_word' id='word_1_704' title='bbox 2643 4887 2954 4955; x_wconf 70' lang='lat' dir='ltr'><strong>morbisque</strong></span> <span class='ocrx_word' id='word_1_705' title='bbox 2984 4897 3343 4957; x_wconf 67' lang='lat' dir='ltr'><strong>praegravata,</strong></span> <span class='ocrx_word' id='word_1_706' title='bbox 3379 4888 3495 4957; x_wconf 88' lang='lat' dir='ltr'><strong>ipse</strong></span> <span class='ocrx_word' id='word_1_707' title='bbox 3530 4885 3761 4940; x_wconf 55' lang='lat' dir='ltr'><strong>auxilia.</strong></span> 
     </span>
    </p>
   </div>
   <div class='ocr_carea' id='block_1_102' title="bbox 2174 4977 3756 5048">
    <p class='ocr_par' dir='ltr' id='par_1_102' title="bbox 2174 4977 3756 5048">
     <span class='ocr_line' id='line_1_102' title="bbox 2174 4977 3756 5048; baseline -0.001 -16"><span class='ocrx_word' id='word_1_708' title='bbox 2174 4996 2263 5034; x_wconf 90' lang='lat' dir='ltr'><strong>res</strong></span> <span class='ocrx_word' id='word_1_709' title='bbox 2308 4979 2538 5033; x_wconf 88' lang='lat' dir='ltr'><strong>militum</strong></span> <span class='ocrx_word' id='word_1_710' title='bbox 2592 4979 2782 5048; x_wconf 84' lang='lat' dir='ltr'><strong>copias</strong></span> <span class='ocrx_word' id='word_1_711' title='bbox 2826 4978 3141 5047; x_wconf 82' lang='lat' dir='ltr'><strong>imperatori</strong></span> <span class='ocrx_word' id='word_1_712' title='bbox 3191 4979 3470 5035; x_wconf 88' lang='lat' dir='ltr'><strong>venientes</strong></span> <span class='ocrx_word' id='word_1_713' title='bbox 3508 4992 3537 5032; x_wconf 87' lang='lat' dir='ltr'><strong>a</strong></span> <span class='ocrx_word' id='word_1_714' title='bbox 3585 4977 3756 5038; x_wconf 84' lang='lat' dir='ltr'><strong>Tullo,</strong></span> 
     </span>
    </p>
   </div>
  </div>
