4010 5328
230 339 343 397 ηδ

1176 344 1469 401 PROLEG.
1507 375 1575 386 -—
1618 344 1773 400 VlTA
1817 346 1873 402 S.
1914 346 2182 405 LEONIS.
2228 380 2293 390 —
2330 346 2461 405 LIB.
2496 346 2534 403 Ι.

3402 346 3507 401 ﬁl

229 470 263 512 ι
284 455 423 509 ibi-ia
451 454 780 519 sollieicntia
806 465 1096 527 apparatus
1124 457 1291 527 dapes
1314 457 1675 513 distribuebat
1704 474 1829 513 suo-
1858 464 1905 523 Α
1935 461 2131 517 audeat
2181 462 2457 517 vindicare
2509 463 2835 518 mercedem.
2891 461 2976 517 Sit
3020 458 3251 516 facultas
3304 459 3522 516 clericis

232 544 360 601 tun
404 547 672 616 singulis;
719 563 854 618 quos
896 547 975 602 sic
1020 562 1118 618 per
1166 558 1444 618 ass:gnata
1488 560 1544 603 et
1591 564 1831 619 congrua

231 640 540 710 unicuique
565 638 742 694 ollicia
774 639 1002 694 curabat
1030 640 1289 693 ordinare
1314 648 1373 694 ut
1397 649 1607 694 tantum
1647 656 1744 711 pro
1773 655 1833 695 se

229 730 444 801 quique
479 741 590 785 tam
617 730 824 785 nobiles
853 746 1015 800 quam
1046 731 1240 801 privati
1274 732 1590 787 debuissent
1612 730 1830 787 solliciti

228 833 376 874 esse.
408 818 580 886 Cujus
622 829 772 876 certe
802 820 1133 883 sollicitudo,
1166 831 1220 875 et
1258 821 1372 876 suis
1404 830 1523 875 erat
1559 822 1733 883 tuitio,
1773 830 1832 877 et

230 908 488 966 hostibus
518 909 773 979 dejectio,
814 920 871 966 et
899 910 1003 965 sibi
1033 911 1136 981 ipsi
1173 913 1336 983 digna
1374 913 1637 969 laudatio.
1675 914 1832 970 Unde

229 1001 441 1057 factum
468 1011 555 1056 est
593 1013 653 1056 ut
681 1002 954 1057 reddendo
987 1020 1007 1054 ι
1041 1017 1161 1073 quae
1192 1013 1319 1058 sunt
1345 1004 1578 1060 Caesaris
1603 1005 1828 1072 Caesari,

225 1101 289 1148 et
316 1092 429 1147 Deo
457 1108 582 1163 qua:
608 1101 737 1147 sunt
758 1092 874 1158 Dei,
912 1112 930 1145 ι
972 1109 1070 1164 per
1098 1094 1418 1165 Apostolnm
1446 1111 1604 1152 suum
1635 1098 1832 1167 praeci-

228 1183 434 1254 pientis
464 1192 736 1254 quatenus
779 1186 1011 1241 romuis
1048 1187 1229 1241 anima
1268 1189 1630 1258 potestatibus
1660 1188 1828 1244 subli-

230 1273 502 1329 mioribus
567 1274 782 1329 solidita
840 1276 944 1340 sit,
1006 1276 1261 1345 quoniam
1313 1294 1420 1331 non
1464 1286 1547 1332 est
1587 1288 1828 1348 potestas

229 1362 339 1441 nisi
379 1363 449 1418 ab
496 1362 644 1433 ipso;
700 1383 720 1416 ι
767 1381 865 1435 per
906 1368 1142 1420 alienum
1183 1368 1511 1437 quantocius
1553 1369 1621 1424 ad
1666 1385 1825 1425 suum

230 1454 519 1521 pervenire
544 1454 867 1523 promeruit.
908 1455 974 1509 Et
1002 1457 1131 1526 quia
1168 1457 1405 1513 ﬁdeliter
1437 1473 1500 1512 ac
1526 1459 1827 1528 prudenter

228 1543 516 1599 in.ervivit
544 1545 934 1607 exterioribus.
975 1548 1042 1601 ad
1086 1549 1301 1617 plenum
1334 1559 1713 1603 remuneratus
1741 1557 1825 1604 est

228 1636 608 1702 interioribus,
628 1647 707 1703 ut,
732 1654 896 1709 super
916 1639 1083 1694 umlta
1112 1641 1527 1708 constitutus,et
1544 1640 1824 1698 Conditori

228 1741 331 1782 suo
354 1729 663 1786 adhaereret
693 1729 891 1786 celsius
912 1740 969 1786 et
992 1730 1240 1803 proximo
1264 1741 1673 1802 compateretur
1697 1746 1825 1803 pro-

228 1817 476 1875 fundius.

302 1906 434 1963 Vill.
480 1908 573 1964 Fit
604 1911 876 1982 episcopus
910 1911 1196 1968 Tullensis.
1216 1942 1288 1955 —-
1317 1914 1559 1985 Denique
1586 1915 1823 1971 instante

228 2015 375 2055 anno
410 2002 480 2057 ab
517 2003 859 2059 humanitate
899 2004 1021 2060 Filii
1057 2006 1152 2060 Dei
1196 2006 1352 2073 £026,
1386 2007 1597 2062 Leucus
1625 2011 1823 2077 praesul

228 2091 598 2149 llcrimannns
625 2098 936 2151 abstractus
965 2108 1050 2152 est
1083 2098 1270 2155 carnis
1299 2101 1367 2154 ab
1399 2100 1658 2169 hospitio,
1695 2115 1820 2154 cum

226 2185 688 2255 quadragesimali
727 2198 969 2257 tempore
999 2200 1304 2245 moraretur
1332 2190 1571 2245 Colonia:
1602 2191 1656 2245 in
1687 2206 1822 2260 quo-

228 2279 351 2330 dam
384 2292 485 2333 suo
512 2279 737 2347 praedio.
773 2279 1056 2350 Extemplo
1086 2280 1266 2336 clerus
1292 2291 1345 2336 et
1374 2282 1605 2352 populus
1633 2282 1817 2351 provi-

227 2384 350 2423 sere
405 2371 508 2424 orb
544 2381 652 2436 tus,
705 2373 1146 2429 concordi'voto
1197 2375 1500 2444 eademque
1547 2374 1818 2429 sententia

227 2459 653 2529 confceileratns,
683 2462 774 2517 diu
798 2463 897 2517 sibi
931 2466 1295 2521 desideratum
1324 2476 1376 2521 et
1402 2466 1655 2521 dilectum
1684 2466 1820 2521 Bru-

228 2570 424 2608 nonem
450 2557 708 2610 consonis
736 2566 790 2611 et
822 2558 1153 2612 continuatis
1178 2561 1384 2629 expetit
1409 2559 1649 2614 vocibus.
1680 2559 1818 2615 liiuc

229 2647 397 2702 totius
464 2650 941 2705 recrastinutionis
1004 2650 1332 2721 impatiens,
1407 2653 1818 2721 deprecatorios

229 2748 395 2808 atque
430 2743 863 2797 contestatorios
909 2758 1074 2811 super
1109 2752 1217 2797 tam
1261 2745 1504 2800 unanimi
1549 2746 1819 2802 electione

229 2846 321 2885 sua
356 2833 541 2903 dirigit
580 2834 894 2904 imperatori
928 2836 1128 2905 apices.
1168 2836 1431 2904 Quorum,
1466 2847 1523 2892 ut
1565 2855 1820 2910 compen-

229 2922 381 2978 diose
416 2924 652 2988 dicatur,
692 2940 857 2980 causa
890 2926 989 2980 ista
1022 2926 1143 2981 fuit.
1186 2928 1313 2983 l’ost
1347 2930 1685 2998 prtemissaiu
1723 2931 1813 2987 de-

228 3013 351 3067 bita:
382 3013 727 3087 salutationis
759 3016 1141 3082 reverentiam,
1175 3018 1401 3073 uimimn
1435 3030 1815 3089 compunctum

227 3124 338 3162 sua:
384 3108 720 3165 calamitatis
765 3118 1040 3178 exponunt
1085 3112 1429 3182 tragtealiam,
1475 3113 1707 3168 dicendo
1756 3130 1814 3167 se

1936 552 2206 606 reniteudi
2254 553 2298 607 si
2346 567 2405 607 se
2443 553 2677 607 viderint
2716 552 3069 624 pungi-avari,
3117 562 3174 606 et
3218 552 3363 621 quod
3412 550 3518 605 sibi

1934 642 2103 713 ingeri
2130 658 2196 697 ex
2218 651 2530 698 transverso
2552 644 2820 705 noverint,
2851 658 2957 697 non
2990 628 3219 698 timeant
3248 640 3517 707 refutare;

1932 733 2025 803 qui
2060 734 2105 788 si
2156 750 2262 789 non
2294 734 2533 789 debitum
2584 734 2890 804 praemium,
2922 734 3115 788 saltem
3156 732 3238 787 vel
3286 733 3520 788 liberum

1934 824 1999 879 de
2025 839 2091 880 eo
2112 826 2201 895 qui
2226 841 2321 881 eos
2348 834 2598 880 recturus
2620 833 2706 880 est
2733 826 2931 880 debent
2960 826 3160 881 habere
3174 826 3458 896 judicium.
3491 844 3515 878 ι
3553 818 3559 827 ’

1934 914 1999 969 Et
2028 915 2157 969 illud
2202 917 2385 971 domui
2428 916 2625 972 Leonis
2654 916 2900 987 praeclari
2933 916 3173 972 doctoris
3213 934 3227 969 :
3269 936 3287 967 ι
3330 915 3519 972 Nullus

1932 1005 2116 1061 invitis
2155 1015 2212 1061 et
2255 1021 2361 1062 non
2393 1007 2703 1077 petentibus
2738 1008 3042 1071 ordinetur,
3073 1020 3142 1059 ne
3171 1006 3370 1061 civitas
3396 1006 3517 1077 epi-

1930 1112 2152 1166 scopum
2185 1112 2290 1153 nou
2331 1107 2578 1167 optatum
2615 1107 2710 1152 aut
2743 1104 3078 1160 contemnat,
3106 1104 3200 1150 aut
3224 1094 3432 1160 oderit;
3463 1103 3523 1151 et

1931 1187 2023 1240 tiat
2070 1188 2249 1242 minus
2290 1187 2545 1259 religiosa
2587 1202 2748 1257 quam
2793 1186 3046 1241 convenit
3080 1185 3167 1240 cui
3211 1200 3318 1239 non
3366 1183 3519 1241 licuit

1930 1272 2131 1327 habere
2156 1273 2299 1343 quod
2332 1273 2517 1329 voluit.
2561 1292 2580 1326 ι
2622 1271 2826 1327 Contra
2861 1281 2972 1325 tam
2998 1270 3308 1327 evidentem
3340 1279 3395 1326 et
3421 1284 3515 1326 ca-

1928 1365 2178 1420 nonicam
2204 1365 2602 1427 auctoritatem,
2635 1364 2679 1419 si
2718 1371 2904 1433 posset
2919 1363 3003 1417 eis
3025 1370 3246 1415 terrena
3273 1369 3516 1432 potestas

1927 1454 2238 1509 violentiam
2267 1454 2487 1518 inferre,
2518 1470 2623 1507 non
2660 1463 2838 1506 tamen
2865 1450 3296 1506 benevolentiam
3323 1464 3517 1504 eorum

1928 1547 1996 1599 ab
2017 1545 2120 1599 isto
2144 1560 2244 1599 suo
2264 1543 2437 1599 electo
2459 1542 2968 1612 valeretaliquando
2981 1550 3249 1598 avertere.
3273 1540 3516 1598 Tandem

1929 1636 2093 1707 igitur
2114 1635 2351 1690 unanimi
2367 1646 2422 1690 et
2434 1634 2769 1705 prascordiali
2783 1649 2941 1704 prece
2956 1634 3195 1704 ipsorum
3208 1643 3517 1690 moveretur

1928 1727 2226 1797 imperiale
2238 1726 2357 1795 ejus
2367 1728 2652 1791 serenitas,
2666 1736 2721 1782 et
2734 1726 2904 1797 magis
2919 1726 2972 1780 in
2986 1726 3088 1781 bac
3105 1734 3258 1796 parte
3270 1728 3517 1781 attende-

1854 1817 1898 1878 B
1927 1829 2076 1874 retur
2106 1818 2360 1875 Ecclesia:
2391 1820 2483 1874 Dei
2514 1819 2720 1874 utilitas
2745 1834 2909 1888 quam
2942 1816 3030 1872 illa
3069 1833 3189 1888 qiue
3213 1818 3515 1874 secundum

1924 1914 2178 1969 saeculum
2224 1915 2595 1985 pertractabat
2641 1913 2806 1968 altius
2864 1928 2988 1967 eum
3044 1912 3342 1968 sublimare
3389 1914 3511 1979 ejus

1922 2007 2390 2076 consanguinitas.
2420 2006 2630 2061 Interea
2672 2016 2729 2061 et
2758 2004 3024 2074 speciales
3071 2005 3266 2060 littera:
3290 2004 3511 2060 domino

1922 2096 2161 2152 Brimoui
2194 2106 2321 2153 sunt
2346 2099 2587 2163 directzn,
2617 2114 2740 2168 qua:
2772 2099 2939 2154 totius
2967 2098 3122 2162 cleri,
3172 2098 3430 2153 abbatum
3455 2104 3520 2153 et

1923 2201 2240 2245 cunctarum
2265 2191 2775 2262 congregationum,
2791 2190 3143 2259 universique
3160 2188 3354 2244 Leucae
3374 2188 3512 2245 dim-

1923 2295 2110 2336 ceseos
2140 2280 2322 2351 populi
2368 2280 2549 2335 taliter
2572 2280 2889 2335 nitebantur
2917 2278 3251 2335 desiderium
3292 2292 3390 2333 seu
3414 2292 3511 2333 ue-

1923 2372 2127 2442 gotium
2173 2386 2461 2442 perorare:
2492 2372 2638 2442 quod
2680 2370 2889 2425 viduali
2935 2379 3153 2439 pastore
3185 2367 3510 2437 ipsumsibi

1921 2465 2270 2520 concorditer
2298 2463 2471 2519 solum
2495 2463 2828 2534 delegissent
2854 2472 2910 2517 et
2936 2463 3004 2518 ab
3028 2462 3361 2532 imperatore
3392 2460 3510 2516 esi-

1920 2564 2131 2626 gerent,
2182 2565 2407 2626 propter
2464 2554 2869 2625 Omnipotentis
2919 2554 3172 2609 timorem
3230 2552 3437 2622 pariter
3455 2559 3513 2608 et

1921 2662 2185 2715 amorem,
2229 2647 2375 2701 nullo
2406 2656 2566 2717 pacto
2601 2661 2697 2701 eos
2743 2646 2869 2701 inde
2895 2645 3274 2715 perturbaret;
3324 2659 3387 2701 ac
3437 2659 3509 2699 ne

1920 2749 2296 2810 paupertatem
2327 2738 2565 2803 illorum,
2599 2736 2758 2806 cujus
2793 2738 3056 2792 hactenus
3084 2736 3225 2791 bene
3253 2734 3509 2791 conscius

1918 2840 2057 2897 erat,
2102 2831 2442 2886 abhorreret.
2504 2828 2968 2884 Contestabantur
3007 2842 3133 2882 eum
3183 2841 3280 2896 per
3319 2824 3506 2889 illum,

1920 2925 2011 2993 qui
2047 2939 2170 2979 eum
2197 2932 2344 2978 esset
2392 2923 2562 2985 dives,
2612 2935 2818 2990 panper
2867 2934 2964 2989 pro
3012 2918 3168 2973 nobis
3193 2917 3368 2972 lactus
3389 2926 3507 2979 est;

1920 3029 2021 3069 nec
2041 3013 2183 3084 quod
2212 3013 2344 3068 tanti
2374 3012 2633 3082 praeconii
2668 3019 2941 3079 tantaque
2992 3006 3294 3063 nobilitatis
3315 3019 3506 3074 perso-

1923 3124 2046 3161 nam
2077 3106 2178 3160 sibi
2204 3096 2337 3160 viles
2365 3115 2420 3160 et
2458 3102 2653 3173 abjecti
2683 3110 3071 3174 praeoptarent,
3102 3099 3505 3170 majoribusque

227 3217 659 3272 quaquaversum
702 3201 887 3272 impoti
921 3212 1085 3273 atque
1128 3203 1417 3273 inquietari
1458 3220 1595 3275 parte
1632 3205 1811 3276 quoii-
1843 3186 1888 3246 C
1919 3213 1983 3252 ac
2012 3198 2125 3252 suis
2155 3196 2364 3251 meritis
2389 3196 2644 3265 congruis
2675 3196 2901 3251 urbibus
2954 3193 3285 3257 inviderent,
3327 3191 3396 3246 ad
3424 3192 3505 3246 iu-

225 3292 400 3346 diauis
423 3291 923 3363 deprmdatiouibus
950 3294 1062 3347 sive
1085 3294 1601 3361 concertationibus,
1629 3302 1817 3365 utpote

227 3382 277 3436 in
307 3383 470 3437 trium
508 3399 801 3454 regnorum
828 3385 1153 3440 constitutos
1190 3384 1461 3450 conﬁniis,
1498 3386 1551 3440 in
1600 3386 1814 3455 imperii

225 3476 304 3530 sui
338 3476 589 3532 videlicet
617 3476 835 3540 linibus,
868 3476 923 3531 in
951 3477 1147 3547 quibus
1176 3486 1325 3534 lauto
1353 3478 1533 3533 acrius
1557 3478 1626 3534 ab
1654 3479 1815 3533 llOSll-

225 3567 319 3622 bus
361 3567 677 3621 laborarent
715 3576 918 3637 quanto
960 3568 1169 3639 longius
1202 3578 1473 3625 terrarum
1519 3571 1695 3639 spatia
1744 3568 1813 3623 ab

223 3658 335 3726 ejus
361 3658 651 3727 praesentia
672 3672 768 3712 eos
790 3668 1066 3723 arcerent;
1088 3668 1347 3728 praeterea
1364 3660 1637 3717 civitatem
1655 3677 1809 3716 suam

222 3765 252 3803 a
301 3748 637 3805 Francorum
688 3750 908 3819 regibus
955 3751 1162 3823 jugiter
1204 3753 1416 3823 reposci
1465 3753 1702 3810 diversis
1755 3764 1811 3809 et

223 3841 405 3895 multis
446 3840 963 3907 machinationibus,
1013 3841 1099 3896 cui
1142 3844 1341 3899 damno
1388 3844 1699 3915 reipublica:
1746 3860 1808 3901 ac

221 3946 315 3984 suo
340 3931 726 4001 vexatiouiquc
758 3948 979 3986 suorum
1005 3932 1050 3987 si
1088 3934 1403 4003 dignaretur
1431 3933 1676 4001 obviare,
1707 3937 1804 3991 de-

219 4024 455 4093 signaret
490 4024 572 4078 eis
608 4032 879 4092 pastorem
921 4024 1154 4079 nobilem
1200 4041 1265 4081 ac
1299 4027 1599 4096 sapientem
1641 4044 1805 4098 quam

221 4113 471 4179 niaxime,
510 4112 664 4182 cujus
696 4115 998 4169 Strenuitas
1027 4123 1080 4169 et
1109 4115 1373 4169 industria
1403 4116 1502 4170 sibi
1536 4117 1803 4172 infensam

221 4207 454 4261 hostium
481 4208 689 4262 rabiem
715 4208 915 4263 valeret
955 4210 1294 4279 propulsare.
1320 4210 1401 4263 Ad
1426 4226 1584 4279 quem
1619 4212 1804 4280 utique

219 4299 591 4370 vestigantium
623 4314 730 4353 non
777 4309 922 4354 esset
971 4301 1126 4356 valde
1168 4301 1530 4368 laboraturus,
1584 4303 1803 4372 quando

216 4391 429 4460 quidem
461 4390 594 4446 cieri
637 4398 691 4445 et
730 4388 902 4461 plebis
936 4392 1294 4447 unanimitate
1335 4392 1600 4459 delectus,
1634 4407 1802 4462 penes

215 4482 329 4551 ejus
374 4483 715 4554 imperialem
758 4484 1096 4554 majestatem
1141 4488 1576 4559 consanguineus
1618 4488 1798 4545 Bruno

215 4573 527 4639 haberetur,
572 4575 683 4630 Deo
712 4575 974 4648 bonisque
1002 4578 1313 4635 hominibus
1348 4579 1595 4635 dilectus.
1643 4579 1798 4636 Hiiiic

213 4666 307 4722 sibi
335 4668 703 4735 notissimum,
733 4678 914 4738 utpote
944 4686 1101 4724 suum
1134 4672 1372 4741 ipsorum
1404 4671 1700 4732 alumnum,
1744 4682 1799 4727 et

214 4760 349 4815 inter
371 4761 516 4831 ipsos
540 4770 705 4832 atque
727 4762 1259 4833 abipsisliberalium
1284 4764 1588 4819 litterarmu
1616 4765 1797 4819 scien-

212 4855 278 4905 tia
310 4852 605 4917 eruditum,
642 4853 761 4908 sine
784 4854 1004 4924 querela
1030 4864 1433 4919 conversation,
1467 4864 1521 4911 et
1561 4873 1658 4926 per
1686 4859 1799 4913 sin-

212 4944 360 5015 gulos
388 4946 589 5015 gradus
621 4945 873 5003 Ecclesia:
896 4947 1222 5016 regulariter
1244 4949 1310 5002 ad
1340 4947 1616 5003 leviticum
1645 4952 1797 5005 ordi-

217 5052 333 5089 nem
371 5046 722 5105 provecwm;
766 5037 906 5091 hunc
953 5052 1059 5091 non
1106 5037 1265 5093 modo
1300 5053 1421 5093 cum
1470 5038 1797 5098 suburbanis

217 5125 424 5191 urbani,
473 5141 662 5181 verum
705 5137 759 5180 ct
795 5142 990 5181 omnes
1029 5127 1233 5183 circum
1278 5129 1427 5184 circa
1472 5140 1793 5199 expeterent

214 5215 398 5272 vicina:
422 5217 605 5288 plebes
634 5226 690 5273 et
730 5202 1218 5288 comprovinciales
1246 5221 1506 5290 episcopi.
1534 5220 1639 5276 Aut
1670 5240 1794 5280 cou-

1910 3288 2117 3358 juriam
2156 3290 2261 3345 sibi
2290 3290 2492 3359 aliqua,
2540 3304 2705 3359 quam
2753 3288 2932 3343 adlmc
2979 3287 3034 3341 in
3079 3300 3146 3342 eo
3182 3301 3288 3342 non
3315 3287 3509 3357 depre-

1917 3384 2239 3448 lienderant,
2285 3383 2597 3453 arrogantia
2641 3390 2940 3453 reputaret,
2991 3387 3209 3450 propter
3258 3393 3384 3434 eum
3409 3378 3505 3447 qui

1916 3490 1975 3530 se
2000 3490 2098 3545 pro
2127 3475 2283 3530 nobis
2326 3473 2631 3529 humiliavit
2658 3486 2831 3543 usque
2873 3471 2942 3525 ad
2984 3479 3240 3525 mortem.
3290 3469 3506 3525 Liceret

1913 3568 1993 3621 eis
2022 3567 2222 3622 laboris
2247 3566 2329 3622 sui
2354 3565 2535 3622 fructu
2571 3564 2800 3636 perfrui,
2839 3573 2894 3619 et
2919 3578 3077 3619 versa
3109 3563 3227 3618 vice
3255 3578 3284 3617 a
3312 3562 3497 3618 nutri-

1914 3660 1990 3715 tio
2019 3674 2118 3715 suo
2148 3658 2363 3726 nutriri,
2390 3659 2516 3730 quia
2538 3658 2835 3714 secundum
2881 3655 3216 3726 Apostolum,
3246 3654 3494 3709 laborati.

1910 3765 2011 3809 tem
2038 3753 2323 3825 agricolam
2367 3763 2566 3824 Oportet
2606 3753 2834 3822 primum
2857 3743 2927 3807 ide
2956 3751 3217 3821 fructibus
3242 3752 3354 3806 suis
3383 3767 3499 3817 por-

1909 3846 2078 3915 cipere
2104 3845 2157 3917 (1
2186 3845 2308 3900 Cor.
2340 3860 2416 3911 ιι,
2446 3843 2557 3915 10).
2585 3843 2938 3913 Consequens
2959 3843 3103 3897 enim
3128 3842 3270 3895 foret
3291 3850 3351 3895 ut
3383 3841 3488 3896 Ee—

1907 3934 2091 3998 clesia,
2121 3948 2243 4004 qua:
2277 3933 2441 3987 talem
2473 3931 3072 3995 educare'meruisset,
3124 3930 3285 3985 talem
3317 3939 3371 3985 et
3397 3932 3503 3986 sibi

1906 4034 2208 4081 mereretur
2228 4024 2484 4080 destituta
2512 4031 2811 4094 pastorem,
2834 4023 2928 4093 qui
2954 4022 3118 4077 etiam
3152 4036 3252 4092 pro
3272 4022 3493 4077 modqu

1905 4119 2163 4174 divinitus
2184 4132 2443 4174 concesso
2466 4116 2808 4181 mortalibus,
2834 4114 2962 4170 illud
2987 4114 3224 4186 speciale
3270 4115 3397 4171 boni
3440 4122 3499 4170 et

1903 4210 2098 4265 summi
2151 4210 2384 4280 pastoris
2430 4210 2611 4264 dicere
2659 4217 2876 4277 posset:
2910 4204 3184 4278 Cognosce
3237 4223 3401 4271 meas,
3448 4216 3498 4262 et

1902 4310 2220 4371 cognoscunt
2267 4310 2349 4355 nte
2376 4317 2505 4355 atem
2540 4300 2724 4371 (Joan.
2755 4317 2811 4363 χ.
2841 4299 2957 4370 14).
2991 4298 3110 4353 Νοιι
3143 4314 3274 4355 vero
3300 4313 3397 4354 eos
3421 4298 3512 4353 la--

1904 4401 2043 4448 teret
2086 4394 2228 4463 quod
2258 4395 2456 4449 terreni
2511 4392 2772 4463 principis
2803 4393 2976 4463 pietas
3008 4392 3075 4446 nd
3114 4389 3319 4459 majora
3368 4406 3495 4446 eum

1903 4486 2100 4541 merito
2149 4484 2640 4554 consanguinitatis
2677 4493 2730 4539 et
2777 4484 3120 4553 complacita:
3156 4483 3232 4538 illi
3263 4497 3495 4538 conver-

1904 4578 2134 4633 sationis
2172 4585 2479 4647 promotum
2524 4576 2605 4631 ire
2645 4576 2996 4631 deliberaret.
3030 4575 3219 4645 Itaque
3260 4574 3304 4628 si
3350 4575 3513 4644 ipsos.

1904 4678 2028 4739 post
2065 4683 2125 4723 se
2155 4668 2454 4722 clamantes
2483 4667 2859 4721 exaudiendos
2891 4675 3168 4729 censeret,
3219 4664 3513 4720 coutinuis,

1904 4762 2157 4830 precibus
2188 4761 2257 4816 de
2286 4760 2494 4829 reliquo
2527 4759 2766 4815 caelestis
2815 4759 3160 4829 imperatoris
3188 4756 3497 4827 largitatem

1902 4853 2201 4921 pulsarent,
2255 4861 2314 4907 ut
2339 4852 2389 4905 ei
2422 4850 2699 4905 cmlestem
2755 4866 2819 4905 ac
2849 4858 3168 4905 terrestrem
3225 4859 3494 4905 uouerent

1905 4943 2293 5001 accumularet.
2322 4942 2380 4997 Si
2414 4950 2595 4996 autem
2626 4939 3051 4997 contemnendos
3076 4948 3321 5008 putaret,
3367 4941 3509 5009 quia-

1900 5036 2276 5093 eminentioris
2312 5032 2589 5104 dignitatis
2638 5033 2779 5104 apiei
2824 5029 3163 5086 saeculariter
3216 5030 3485 5092 initiaret,

1901 5130 2083 5184 divina
2128 5127 2358 5195 :rquitas
2389 5131 2738 5192 contemptus
2779 5121 2992 5178 illorum
3039 5120 3213 5176 ultrix
3235 5120 3317 5176 sic
3343 5137 3505 5176 acce-

1899 5220 2075 5284 deret,
2105 5226 2285 5271 utnec
2314 5216 2379 5270 ad
2411 5213 2560 5268 illum
2583 5216 2676 5271 cui
2702 5210 3039 5275 intendebat,
3065 5229 3172 5269 nec
3193 5210 3262 5266 ad
3297 5227 3501 5282 quem~

2093 5308 2216 5328 19η...
2248 5306 2386 5328 1.-..-

2397 5318 2508 5328 ...ΑΜ
2534 5303 2751 5328 ΑΙΞΑ----ῌ
2780 5306 2827 5328 ,Α
2868 5302 3192 5328 ΑηΑηηᾹ.-.ΑΑ.
