4010 5328
490 369 592 429 ιτε

1842 373 1901 431 S.
1942 372 2075 432 ι,Εο
2106 373 2173 430 IX
2211 371 2408 431 PAPA.

3646 364 3758 428 678

492 482 757 540 cauruico
798 494 1082 557 susceptis,
1134 486 1224 556 qui
1253 500 1363 558 pra:
1397 487 1480 544 sui
1518 486 1810 544 comitibus
1863 486 2074 544 itineris
2103 493 2150 550 Δ
2180 489 2394 559 Moyses
2425 489 2492 543 ad
2514 488 2873 558 principatum
2906 485 3166 542 divinitus
3199 493 3417 543 vocatus
3439 490 3770 555 excusat,et

496 576 704 631 alacres
732 585 787 629 et
815 576 1404 646 impigrt'exsecutores
1456 587 1619 633 tanta:
1643 578 1871 648 talisque
1901 595 2078 633 causa:

497 666 715 719 fuerant
760 665 1029 736 designati
1052 683 1081 720 a
1107 666 1255 723 clero
1279 678 1335 723 et
1361 668 1600 740 populis;
1636 670 1868 739 plurimo
1903 669 2079 722 variu-

498 773 607 828 que
649 773 907 813 curarum
943 768 1077 814 testu
1118 771 1349 830 uterque
1388 760 1743 825 adiciebatur,
1784 762 2081 830 imperator

496 851 708 904 scilicet
763 866 829 904 ae
869 851 1121 907 dominus
1168 850 1352 908 Bruno
1400 852 1576 908 eidem
1608 853 1982 907 char?ssimus.
2015 852 2081 905 Et

497 939 797 1007 imperator
836 939 1078 1010 quidem,
1130 942 1378 1010 quamvis
1413 940 1679 1011 gauderet
1701 940 2078 1004 dilectionem,

498 1047 662 1102 quam
676 1046 807 1104 erga
838 1032 1012 1103 ipsum
1039 1034 1405 1088 venerabilem
1447 1031 1758 1088 Brunonent
1792 1048 1998 1087 meram
2029 1040 2084 1086 et

501 1114 815 1196 germanam
846 1125 1028 1180 debito
1055 1124 1332 1181 aﬂinitatis
1354 1126 1901 1195 considerationeque
1939 1133 2080 1181 stre-

503 1215 727 1270 nuitatis
788 1214 908 1282 ejus
969 1216 1300 1285 possidebat,
1335 1216 1624 1271 multorum
1684 1216 1934 1271 laudibus
2001 1214 2083 1271 vel

500 1308 813 1364 testimonio
836 1309 1207 1363 connuendari
1247 1318 1305 1365 et
1325 1307 1634 1380 approbari,
1662 1324 1768 1363 non
1799 1308 2087 1363 mediocri-

501 1407 587 1455 ter
623 1409 800 1454 tamen
854 1400 1305 1466 contristabatur,
1353 1400 1479 1469 quia
1525 1400 1653 1454 illud
1688 1416 1843 1454 suum
1874 1400 2086 1455 deside-

504 1489 666 1554 rium,
694 1505 803 1558 quo
825 1488 1111 1559 appetebat
1138 1489 1283 1544 illius
1311 1490 1685 1559 temporaliter
1708 1489 2081 1544 sublimiorem

509 1580 851 1650 dignitatem.
884 1580 1152 1635 sentiebat
1183 1580 1489 1650 ptmpediri.
1524 1579 1773 1635 Tiuiebat
1822 1596 1891 1634 ne
1915 1579 2086 1634 Deum

501 1669 819 1735 offenderet,
846 1674 889 1726 si
912 1671 1172 1727 Ecclesia:
1212 1671 1328 1743 ejus
1351 1681 1457 1726 tam
1490 1671 1733 1727 unanimi
1782 1680 1904 1727 voto
1932 1688 2088 1742 repu-

502 1772 724 1834 gnaret;
759 1763 993 1828 dolebat,
1018 1766 1062 1818 si
1093 1773 1259 1819 tanta:
1305 1780 1553 1835 persunze
1605 1780 1704 1835 pro
1733 1765 1940 1820 meritis
1980 1780 2086 1819 non

2180 597 2237 636 se
2262 580 2559 649 postposito
2580 578 2744 633 alium
2788 578 3039 649 postulat,
3074 577 3331 633 dicendo:
3367 576 3615 639 Obsecro,
3648 577 3773 633 Do-

2181 672 2337 735 mine,
2362 672 2506 725 mitte
2552 688 2701 742 quem
2745 666 3002 725 missurus
3027 688 3080 724 es
3105 669 3300 742 (Exod.
3336 662 3410 733 tv,
3436 670 3563 741 l3);
3601 680 3775 741 atque

2179 762 2344 817 Isaias
2369 764 2435 816 a:l
2464 763 2723 817 nuditalis
2753 763 3103 832 ignominiam
3135 763 3597 831 multiplicemque
3641 777 3776 831 pas-

2181 856 2414 919 sionem,
2443 871 2543 911 nec
2572 856 2887 910 nominatim
2917 855 3255 927 designatus,
3296 856 3438 910 ultro
3467 869 3526 909 se
3566 854 3772 925 ingerit

2180 948 2564 1018 pret-laniando
2607 967 2619 1001 :
2676 948 2809 1002 Ecce
2851 965 2966 1020 ego,
2994 950 3140 1002 mitte
3166 965 3247 1002 me
3270 948 3407 1019 (Isu.
3442 965 3521 1013 Vl,
3551 947 3633 1017 8).
3676 947 3777 1002 [iis

2181 1056 2312 1110 ergo
2350 1050 2404 1096 et
2432 1041 2553 1095 aliis
2599 1042 2859 1094 virtutum
2912 1040 3283 1096 incitamentis
3335 1056 3659 1104 surcensus,
3711 1048 3777 1095 et

2183 1132 2305 1187 oleo
2335 1133 2529 1186 divina:
2548 1132 2737 1203 gratia:
2767 1131 3026 1201 repletus,
3058 1142 3221 1187 recta:
3254 1131 3574 1187 intentionis
3610 1130 3776 1185 ﬂante

2184 1236 2327 1276 mam
2364 1230 2513 1276 tanto
2548 1223 2836 1293 spargebat
2867 1222 3128 1288 alacrius,
3164 1231 3369 1293 quanto
3397 1221 3619 1279 ﬂatibus
3647 1238 3777 1278 car-

2186 1312 2384 1367 nalium
2414 1312 2761 1368 aﬂ’cctionnm
2809 1300 3188 1384 impellebatur
3217 1313 3416 1368 acrius.
3471 1313 3779 1382 Fiehatque

2188 1411 2247 1457 ut
2276 1402 2364 1456 illa
2412 1403 2747 1458 dissuasoria
2794 1419 2927 1457 aura
2969 1403 3231 1460 aCmsare
3281 1404 3505 1475 veniens
3547 1414 3606 1458 et
3653 1401 3782 1471 ejus

2186 1491 2308 1546 aula
2335 1493 2510 1575 magis
2536 1503 2914 1564 augmentaret
2940 1504 2997 1549 et
3017 1493 3358 1565 confoveret,
3389 1510 3553 1564 quam
3578 1509 3784 1549 conso-

2186 1584 2329 1654 piret
2374 1594 2468 1639 aut
2489 1587 2862 1657 exstingueret
2890 1588 3065 1657 ignem
3089 1586 3254 1641 divini
3287 1586 3546 1641 sacrificii
3570 1587 3783 1644 devotae

2186 1673 2385 1728 mentis
2410 1675 2461 1728 in
2490 1690 2604 1729 ara.
2633 1674 2817 1745 Itaque
2865 1675 3011 1729 illam
3061 1676 3199 1729 beati
3244 1675 3390 1729 Petri
3444 1676 3778 1731 sententiam

2189 1779 2294 1834 qua
2342 1766 2511 1821 dicit:
2554 1766 2929 1821 llumiliamini
2977 1767 3074 1820 sub
3129 1767 3328 1838 potenti
3371 1783 3534 1821 manu
3574 1767 3692 1830 Dei,
3718 1776 3782 1822 ut

501 1855 875 1923 responderet.
910 1854 1055 1921 Quid
1081 1856 1170 1910 hic
1197 1855 1381 1911 multis
1420 1856 1640 1911 hterco?
1671 1857 1723 1910 in
1751 1864 1900 1909 tanta
1928 1872 2081 1909 Inen-
2118 1856 2160 1914 Β
2188 1873 2274 1909 ros
2309 1857 2499 1911 erattet
2553 1858 2606 1913 in
2655 1868 2883 1928 tempore
2936 1857 3249 1912 uisitationis
3302 1855 3355 1928 (1
3400 1856 3550 1913 Patr.
3583 1873 3640 1923 ν,
3684 1856 3779 1929 6);

502 1948 575 2001 tis
611 1945 963 2001 ﬂuctuatione
1005 1949 1396 2017 deprehensus,
1446 1964 1544 2018 per
1586 1950 1793 2019 legatos
1840 1964 1872 2003 a
1917 1947 2086 2003 latere

502 2052 602 2094 suo
634 2038 892 2105 directos,
926 2039 1178 2093 omnibus
1225 2040 1457 2110 ingeniis
1501 2040 1628 2093 inde
1674 2037 1785 2106 jam
1813 2037 2085 2108 saepedicti

419 2132 423 2137 ‘
504 2128 710 2184 (lumini
742 2128 1012 2184 Brunonis
1045 2130 1398 2184 intentionem
1425 2144 1683 2185 revocare
1713 2138 1797 2184 est
1830 2136 2084 2194 conatus,

486 2221 670 2277 ‘mudo
716 2219 1150 2277 conﬂictationes
1203 2222 1565 2278 creberrimas
1607 2229 1769 2291 atque
1797 2220 2088 2292 depopula-

502 2315 682 2371 tiones
704 2314 848 2370 illius
879 2314 1134 2371 Ecclesia:
1186 2315 1689 2379 commemorando,
1716 2323 1772 2370 et
1796 2323 2088 2385 pauperta-

509 2416 619 2463 tem
648 2421 809 2477 supra
842 2409 1057 2461 modum
1084 2406 1497 2478 exaggerando;
1529 2405 1692 2462 modo
1726 2405 1869 2480 quod
1896 2406 1948 2461 in
1986 2421 2086 2461 ex-

508 2499 698 2554 tremis
731 2498 941 2569 imperii
965 2499 1047 2554 sui
1080 2498 1277 2553 ﬁnibus
1300 2497 1431 2554 urbs
1462 2497 1554 2552 illa
1594 2498 1794 2569 posita,
1820 2505 1916 2551 aut
1946 2513 2086 2552 nun-

509 2605 694 2658 quam,
725 2598 819 2643 aut
844 2589 1125 2644 rarissime
1177 2588 1542 2657 testimaretur
1591 2589 1754 2659 digna
1797 2587 2090 2658 imperato-

518 2695 637 2734 rum
663 2680 991 2746 diversorio;
1022 2681 1182 2736 modo
1205 2681 1349 2750 quod
1376 2681 1628 2737 eumdem
1651 2690 1903 2752 nepotem
1928 2698 2085 2737 suum

481 2794 486 2799 -
508 2770 610 2825 sibi
634 2784 732 2843 per
757 2772 939 2826 omnia
961 2772 1346 2837 cbai'issimum
1373 2773 1624 2842 nequiret
1660 2772 1906 2843 perferre
1932 2788 2090 2843 aequo

480 2866 693 2919 ‘animo
745 2864 1044 2935 disgregari
1082 2881 1110 2919 a
1147 2880 1203 2920 sc
1239 2876 1390 2921 tanto
1435 2874 1705 2922 terrarum
1736 2867 1934 2936 spatio.
1964 2867 2093 2921 Par-

505 2963 660 3009 ceret
690 2953 853 3025 igitur
877 2954 1225 3026 sibimetipsi,
1257 2969 1312 3009 et
1345 2967 1455 3011 tam
1482 2971 1595 3012 sua:
1626 2956 1846 3012 utilitati
1894 2972 2092 3013 consu-

476 3044 645 3099 ‘leret
675 3053 838 3115 atque
868 3045 1060 3114 quieti,
1110 3062 1271 3116 quam
1318 3047 1628 3102 medullitus
1679 3062 1804 3101 eum
1848 3048 2084 3102 amantis

480 3135 858 3204 'iuiperatoris
909 3135 1171 3191 voluntati
1202 3146 1255 3191 et
1299 3139 1725 3207 perturbationi:
1770 3139 1949 3208 potius
1977 3155 2092 3194 sur-

2187 1957 2468 2016 gi-atanter
2516 1948 2816 2019 amplexus,
2887 1948 3149 2018 disruptis
3220 1956 3435 2002 cuncta:
3497 1947 3783 2003 dilationis

2188 2042 2438 2107 nexibus,
2471 2041 2785 2113 imperatori
2814 2040 2991 2095 adhuc
3016 2039 3350 2095 dissuadenti
3384 2038 3581 2094 obtulit
3619 2040 3786 2112 sylla-

2186 2137 2285 2192 bas
2310 2135 2505 2189 missas
2530 2132 2632 2187 sibi
2669 2146 2697 2186 a
2730 2131 2876 2187 clero
2907 2140 2962 2185 et
3001 2130 3272 2201 plebibus,
3306 2120 3543 2199 ingenua
3575 2139 3781 2195 tamen,

2187 2225 2341 2280 utita
2369 2224 2548 2279 dicam
2603 2221 2847 2293 virgineo
2875 2220 3081 2291 pudore
3108 2236 3205 2274 ora
3260 2219 3498 2275 suffusus
3562 2219 3783 2291 \picum

2188 2326 2373 2371 autem
2407 2324 2596 2370 tenore
2634 2312 2973 2368 clarissimus
3012 2311 3264 2382 princeps
3305 2312 3552 2378 edoctus,
3599 2310 3669 2365 ad
3699 2316 3782 2365 ta-

2174 2422 2408 2479 ,crymas
2438 2414 2524 2462 est
2573 2413 2876 2475 permotus,
2925 2411 2978 2458 et
3027 2402 3321 2458 uberrimis
3374 2399 3595 2456 ﬂetibus
3644 2408 3789 2455 atte-

2188 2498 2478 2563 stantibus,
2502 2496 2844 2571 extrinsecus
2871 2493 3050 2565 palam
3094 2491 3221 2548 fecit
3247 2492 3433 2562 quanti
3456 2506 3583 2545 eum
3620 2491 3790 2547 habe-

2191 2598 2273 2646 ret
2294 2588 2643 2644 intrinsecus.
2663 2586 2887 2640 Demum
2909 2583 3188 2654 aliquanto
3221 2582 3510 2659 intcrjecto
3532 2580 3779 2647 silentio,

2190 2681 2431 2753 linguam
2482 2674 2684 2734 famine
2718 2664 2880 2734 solvit
2919 2678 2970 2731 in
3019 2672 3154 2732 isto:
3193 2694 3212 2728 ς
3250 2675 3422 2731 Meam
3445 2674 3780 2730 sententia-

2192 2786 2356 2842 super
2414 2772 2620 2826 honore
2685 2755 2800 2835 tito,
2848 2768 3163 2847 dulcissime
3202 2753 3288 2822 imi
3322 2758 3513 2837 nepes,
3551 2767 3666 2837 jam
3693 2767 3784 2823 diu

2192 2864 2572 2929 deliberatam,
2618 2876 2855 2932 superna
2906 2860 3065 2915 video
3119 2859 3390 2915 sententia
3442 2859 3786 2931 impugnari,

2192 2956 2304 3011 imo
2337 2955 2663 3027 expugnari;
2687 2953 2772 3009 cui
2803 2967 2970 3024 cogor
2996 2967 3190 3007 manus
3214 2950 3414 3015 dando,
3432 2950 3579 3004 sicut
3609 2949 3782 3005 debeo

2193 3046 2502 3119 suffragari,
2528 3046 2783 3117 quoniam
2809 3060 2918 3100 non
2954 3044 3073 3097 sine
3101 3041 3345 3113 pernicie
3384 3050 3632 3095 nostrum
3665 3055 3785 3094 am-

2194 3140 2385 3195 borum
2414 3149 2469 3193 et
2492 3137 2790 3213 multorum
2822 3150 3044 3213 possum
3085 3133 3290 3188 diutius
3344 3131 3632 3204 refragari.
3664 3131 3788 3185 Pie«-

510 3228 576 3280 da
600 3243 730 3281 aure
754 3226 875 3282 illos
899 3230 1226 3297 praeteriret,
1252 3231 1343 3300 qui
1375 3246 1532 3285 suam
1589 3231 1826 3301 ipsorum
1850 3233 2091 3287 necessi-
2120 3212 2165 3277 ο
2198 3241 2282 3288 tas
2331 3212 2729 3299 Omnipotentis
2770 3212 2889 3301 jam
2936 3241 3080 3281 nunc
3126 3224 3221 3279 tibi
3260 3224 3311 3278 in
3354 3224 3457 3278 hoc
3475 3222 3643 3288 adsit,
3668 3236 3789 3292 qua

522 3325 687 3372 tatem
714 3332 810 3372 seu
835 3318 1286 3383 consolationem,
1313 3334 1473 3388 quam
1492 3319 1621 3395 ejus
1636 3321 1866 3381 salutem
1899 3332 1955 3377 et
1994 3322 2095 3377 ho-

518 3424 706 3463 norem
747 3409 916 3478 pluris
957 3411 1288 3479 penderent;
1328 3411 1564 3467 maxime
1612 3412 1697 3466 cui
1742 3413 1855 3482 ipse
1910 3414 2098 3469 cundi-

526 3515 688 3569 gnam
735 3514 836 3554 suo
880 3502 1065 3569 generi
1109 3516 1173 3555 ac
1227 3501 1426 3557 merito
1477 3502 1798 3573 dignitatem
1833 3505 2099 3560 instanter

485 3618 493 3622 ν
522 3591 866 3663 prteviderct.
906 3591 1097 3647 Verum
1122 3594 1246 3663 quia
1273 3594 1435 3646 multa
1459 3594 1681 3649 consilia
1708 3596 1764 3649 in
1792 3596 1948 3650 corde
1976 3597 2096 3663 uiri,

486 3710 489 3715 ·
514 3682 758 3740 roluntas
784 3694 959 3738 autem
976 3684 1185 3739 Domini
1212 3683 1517 3756 lict-(Prov.
1545 3704 1658 3752 tux,
1688 3688 1811 3759 2|),
1848 3700 1908 3745 ut
1937 3688 2091 3745 Salo-

476 3788 650 3828 -mon
703 3775 799 3842 ait,
867 3774 1027 3846 longe
1076 3775 1237 3829 aliter
1297 3775 1602 3833 aﬂicicbant
1652 3780 1924 3835 subditum
1989 3782 2100 3838 Deo

516 3866 755 3921 animum
809 3866 1090 3922 reverendi
1140 3865 1409 3922 Brunonis
1456 3869 1740 3924 destinatae
1770 3870 1844 3925 illi
1881 3870 2100 3943 syllahrr

517 3957 585 4009 ab
599 3955 851 4013 Ecclesia:
876 3958 1120 4030 populis:
1145 3970 1375 4031 quarum
1393 3965 1634 4021 unanimi
1668 3975 1722 4020 et
1746 3966 1936 4021 humili
1962 3967 2101 4023 invi-

516 4052 721 4106 latione
749 4053 1018 4108 sentiebat
1045 4070 1105 4109 se
1125 4055 1191 4109 ad
1218 4056 1441 4112 humilia
1493 4058 1713 4113 invitari
1748 4059 1815 4113 ab
1840 4060 1958 4130 ipso
1979 4077 2097 4115 ma-

472 4180 475 4183 -
516 4143 689 4212 gistro
711 4145 1054 4209 humilitatis,
1094 4149 1183 4216 qui
1217 4148 1327 4203 Rex
1360 4150 1638 4206 hominum
1664 4153 1778 4207 fieri
1806 4152 2022 4223 refugit,
2045 4165 2100 4209 et

474 4269 481 4275 .
522 4232 664 4286 ultro
691 4235 758 4288 ad
796 4249 1012 4290 crucem
1062 4240 1229 4303 venit,
1261 4256 1362 4295 nec
1418 4242 1701 4297 immemor
1738 4244 1882 4300 illius
1908 4245 1985 4318 (9)
2015 4247 2095 4301 sui

472 4354 481 4359 -
518 4320 718 4393 prioris
736 4328 1017 4396 propositi,
1048 4345 1156 4398 quo
1212 4331 1442 4387 malebat
1467 4334 1671 4404 jugiter
1700 4336 1848 4391 omni
1876 4337 2098 4392 humili-

476 4450 481 4457 ι
520 4423 651 4481 tale,
679 4417 1629 4482 vilitateetextremitate,contentus
1650 4426 1872 4482 Christo
1924 4426 2100 4483 famu-

473 4536 482 4542 -
521 4506 646 4573 lari,
687 4524 850 4579 quam
901 4512 1270 4581 temporaliter
1299 4529 1423 4570 cum
1466 4515 1644 4586 aliqua
1678 4518 1979 4588 corruptela
2013 4518 2096 4573 in—

523 4604 689 4668 tegrte
706 4577 1072 4668 conscientiae,
1099 4603 1152 4658 id
1167 4612 1249 4659 est
1263 4607 1455 4674 quavis
1478 4577 2100 4684 venalitatesublimari,
2135 4577 2181 4631 υ

522 4705 684 4757 quam
714 4691 1000 4747 trimodam
1047 4703 1391 4764 compererat
1433 4697 1595 4752 dictis
1650 4699 1792 4753 beati
1832 4698 2100 4771 Gregorii,

474 4810 478 4825 ι
521 4782 732 4838 scilicet
767 4798 796 4835 a
822 4798 1005 4850 manu,
1045 4784 1117 4840 ab
1157 4786 1443 4856 obsequio,
1475 4804 1504 4842 a
1535 4787 1739 4844 favore.
1790 4788 1887 4845 liis
1916 4792 2105 4861 utique

477 4910 480 4915 -
524 4873 698 4929 tribus
724 4874 1061 4945 pedissequis
1094 4876 1398 4933 ambitiosae
1427 4878 1734 4935 venalitatis
1758 4881 2103 4939 animadver-

474 5006 477 5011 .
523 4973 644 5020 tcns
672 4966 1067 5023 ecclesiasticas
1094 4967 1381 5040 dignitates
1403 4968 1565 5024 nimis
1603 4970 1857 5025 confundi
1889 4986 1954 5026 ac
1981 4974 2106 5027 sub-

481 5098 488 5109 .
527 5056 636 5122 rui,
676 5074 776 5116 nec
819 5059 1226 5130 facilealiquem
1258 5060 1327 5116 ab
1351 5059 1530 5131 aliqua
1550 5059 1775 5116 istarum
1806 5061 2101 5118 immunem

472 5173 476 5177 -
528 5150 777 5217 reperiri,
799 5152 931 5207 nihil
953 5153 1055 5207 sibi
1078 5154 1244 5208 tutius
1272 5152 1384 5209 fore
1399 5152 1654 5218 credidit,
1671 5160 1834 5223 quam
1857 5153 2103 5225 populari

2200 3323 2333 3394 quid
2388 3322 2650 3376 ambobus
2698 3320 2858 3375 nobis
2907 3328 2964 3371 et
3015 3318 3269 3373 omnibus
3312 3317 3563 3385 expediat
3614 3315 3791 3383 magis

2197 3415 2369 3469 novit.
2402 3412 2531 3467 Mihi
2580 3428 2708 3482 ergo
2732 3412 2843 3482 jam
2892 3410 3046 3474 libet,
3100 3409 3242 3479 quod
3271 3409 3477 3463 evitare
3504 3422 3614 3462 non
3637 3406 3786 3463 licet.

2197 3503 2277 3558 Tu
2315 3513 2492 3558 tamen
2520 3502 2693 3573 gratia
2720 3502 2811 3556 Dei
2855 3508 3165 3565 contentus,
3192 3514 3301 3569 qua
3374 3497 3488 3553 sola
3533 3496 3783 3554 crederis

2196 3596 2262 3650 ad
2299 3594 2440 3648 illius
2467 3592 2723 3647 Ecclesiae
2749 3592 2991 3664 regimen
3034 3590 3356 3662 prmeleetus
3390 3589 3538 3646 nullo
3579 3590 3786 3646 venali-

2200 3687 2324 3740 tatis
2350 3684 2531 3750 modo,
2562 3699 2662 3738 nec
2712 3683 2881 3753 ipsius
2925 3679 3173 3752 conjugis
3220 3698 3376 3748 mete,
3408 3697 3509 3737 nec
3552 3681 3791 3751 cujusvis

2200 3776 2507 3831 mortalium
2539 3786 2646 3830 tua:
2675 3775 2813 3846 parti
2868 3774 3128 3830 concilies
3167 3771 3417 3839 affectus,
3447 3788 3515 3827 ne
3556 3773 3684 3829 hinc
3719 3789 3786 3829 ex

2199 3878 2252 3924 te
2297 3884 2393 3939 per
2423 3883 2614 3924 omnes
2665 3867 2759 3921 tibi
2809 3866 3111 3922 credendus
3139 3880 3271 3921 oves
3312 3875 3497 3936 serpat
3526 3864 3690 3935 hujus
3714 3866 3789 3921 si-

2197 3959 2461 4016 moniacte
2516 3957 2688 4029 pestis
2747 3972 2954 4012 naevus.
3013 3955 3212 4011 Procul
3269 3956 3434 4011 dubio
3486 3958 3632 4010 enim
3693 3956 3785 4027 qui

2198 4054 2365 4123 cmpit
2406 4053 2460 4107 in
2495 4061 2546 4109 te
2579 4053 2779 4109 bonum
2829 4067 2986 4122 opus,
3035 4052 3284 4123 perficiet
3334 4051 3683 4122 quantocius.
3728 4050 3785 4105 In

2198 4146 2369 4216 ipsius
2426 4153 2661 4214 gratuita
2710 4144 2913 4216 pietate
2957 4151 3108 4198 tuum
3155 4142 3304 4213 jacta
3367 4144 3686 4214 cogitatum,
3736 4154 3788 4197 et

2199 4237 2316 4308 ipse
2345 4245 2396 4292 te
2422 4236 2682 4299 enutriet,
2737 4235 3034 4290 secundum
3081 4233 3380 4311 veridicum
3433 4249 3545 4287 sua:
3593 4232 3789 4289 divina:

2201 4331 2484 4387 sententia:
2514 4324 2885 4402 promissum.
2929 4329 3005 4383 De
3057 4328 3227 4383 nostri
3256 4336 3439 4382 autem
3477 4326 3693 4382 consilii
3739 4335 3793 4381 et

2194 4424 2492 4498 juvaminis
2534 4422 2749 4489 solatio,
2800 4420 3202 4493 quantumlibet
3244 4419 3375 4474 illud
3433 4419 3527 4482 sit,
3570 4432 3637 4471 ne
3685 4417 3785 4472 tias

2206 4519 2316 4575 ullo
2354 4518 2516 4573 modo
2542 4516 2767 4582 dubius;
2800 4515 2923 4585 quia
2956 4528 3120 4583 super
3145 4527 3337 4567 omnes
3367 4510 3441 4564 tui
3465 4510 3698 4564 ordims.
3728 4509 3793 4562 de

2211 4620 2300 4667 tua
2361 4624 2421 4665 re
2468 4608 2835 4680 prosperanda
2890 4621 3104 4674 semper
3150 4619 3247 4660 ero
3296 4602 3580 4663 sollicitus,
3631 4616 3790 4671 quem

2211 4702 2368 4758 nobis
2412 4701 2756 4756 commendat
2791 4708 2847 4753 et
2905 4695 3209 4751 indefessus
3256 4693 3410 4748 labor
3461 4691 3637 4746 ﬂdelis
3664 4704 3791 4762 erga

2213 4810 2312 4849 nos
2361 4790 2691 4855 servimiuis,
2727 4800 2782 4844 et
2821 4787 3260 4857 consanguineus
3309 4783 3542 4838 invicem
3568 4779 3793 4835 aﬂ'ectus

2214 4885 2374 4939 avitte
2423 4874 2863 4954 propinquitatis.
2921 4879 3155 4934 Tantum
3198 4887 3383 4945 satage
3423 4869 3791 4942 Omnipoteuti

2217 4977 2449 5031 ﬁdeliter
2489 4975 2803 5036 deservire,
2842 4981 2898 5028 et
2945 4973 3210 5027 bonorum
3259 4982 3470 5023 morum
3524 4962 3790 5027 indolem,

2206 5086 2329 5139 quae
2379 5068 2432 5123 in
2458 5077 2510 5122 te
2536 5084 2566 5121 a
2592 5065 2878 5121 cunabulis
2921 5073 3029 5127 est,
3079 5062 3297 5117 studeas
3349 5063 3721 5129 augmentare.
3764 5069 3785 5105 ι

2209 5160 2305 5216 llis
2355 5160 2583 5226 aliisque
2634 5157 2814 5212 verbis
2864 5173 2895 5211 a
2950 5155 3116 5226 regali
3165 5153 3450 5209 dulcedine
3506 5148 3790 5204 roboratus
