4010 5328
268 288 401 347 477

1274 298 1568 357 PROLEC.
1607 328 1679 342 --
1718 296 1875 355 VITA
1916 298 1975 353 S.
2019 298 2282 357 LEONIS.
2319 333 2390 343 -—
2419 301 2540 358 LIB.
2577 302 2616 357 l.

3488 302 3591 359 ιη

248 408 397 460 ‘dil.
442 439 515 449 -
544 408 786 480 Adcptus
809 424 937 480 ergo
962 409 1158 465 donum
1188 414 1511 483 pontittcalis
1538 415 1809 479 culminis,
1837 415 1891 470 in
1921 415 1967 475 Α
1997 413 2211 486 quendo
2233 414 2449 486 quidem
2473 415 2614 469 ullus
2639 415 2687 469 ci
2719 415 2858 471 viam
2883 415 3387 480 incommodaverit.
3409 434 3476 473 ue
3496 434 3585 484 tne

272 514 413 553 non
465 502 700 557 minimo
746 502 960 573 reliquit
1004 505 1340 561 contribules
1381 507 1570 563 aulica:
1620 509 1905 579 potestatis

250 594 576 659 ano-rore,
625 595 719 665 qui
759 593 876 664 ejus
904 612 1119 668 semper
1146 598 1520 654 innitebantur
1549 600 1788 655 consiliis
1821 615 1909 655 sa-

270 679 608 748 lutaribus,
647 700 987 756 quorumque
1015 702 1207 742 causas
1251 688 1437 743 sedulo
1464 691 1789 759 procurabat
1820 689 1906 744 in-

277 783 602 833 terventor
631 788 907 835 strenuus.
938 780 1005 835 Et
1032 780 1160 837 licet
1204 782 1253 836 ei
1304 784 1814 855 eongratularcntur
1842 786 1909 839 de

274 871 584 926 attribute
616 871 843 927 honoris
870 873 1127 937 culmine,
1150 872 1251 929 sibi
1278 882 1458 930 tamen
1483 874 1735 931 dolebant
1764 876 1909 946 quod

252 954 259 958 ’
279 972 571 1017 carerent
596 961 718 1032 ejus
740 965 1141 1020 contubernalis
1167 964 1551 1021 familiaritatis
1567 976 1621 1022 et
1643 966 1909 1025 affatuinis

278 1051 576 1120 praedulci
610 1052 899 1110 solamine.
928 1055 1166 1125 Accepto
1196 1065 1376 1111 autem
1411 1058 1479 1111 ab
1510 1057 1777 1127 imperiali
1816 1074 1912 1129 po-

284 1150 513 1196 testate
557 1142 902 1214 digrediendi
951 1156 1278 1211 commeatu,
1312 1145 1632 1202 deferuntur
1659 1147 1736 1202 illi
1773 1164 1909 1203 nova

285 1236 667 1291 adversitatis
696 1238 883 1292 nuntia
909 1238 960 1291 in
988 1239 1108 1308 ipso
1134 1240 1346 1294 itineris
1367 1242 1675 1311 procinctu,
1701 1241 1914 1298 scilicet

288 1326 415 1380 nisi
452 1338 767 1397 praecaveat
812 1345 870 1384 se
913 1328 1028 1385 fore
1058 1345 1340 1401 passurum
1375 1333 1602 1389 insidias
1636 1349 1667 1388 a
1697 1332 1911 1405 Longo-

290 1415 501 1470 hardis
522 1417 1020 1490 patricnsibus,qui
1046 1435 1141 1489 per
1161 1420 1211 1474 id
1236 1421 1414 1479 adhuc
1439 1425 1701 1494 temporis
1721 1434 1909 1479 contra

293 1508 622 1579 Augustum
664 1511 915 1581 superbis
954 1512 1295 1568 rebellabant
1338 1515 1617 1571 cordibus.
1647 1517 1779 1571 Nam
1811 1517 1914 1572 illis

300 1599 455 1657 forte
494 1601 694 1658 diebus
725 1606 907 1675 regius
947 1607 1226 1661 exercitus
1260 1607 1462 1663 Orbam
1498 1609 1611 1679 (10)
1655 1609 1913 1664 Mediola-

304 1694 571 1749 nensium
603 1696 859 1766 oppidum
889 1698 1255 1771 oppugnabat,
1280 1700 1404 1770 quia
1435 1701 1567 1756 inibi
1604 1702 1752 1757 infidi
1784 1702 1907 1756 inti-

2007 507 2109 563 sibi
2125 506 2289 562 alium
2314 506 2619 577 alloquendi
2643 508 2937 563 necessitas
2964 509 3239 579 ingruerit.
3259 507 3380 564 Jam
3406 518 3586 562 autem

2004 585 2134 652 solis
2160 598 2367 667 sphaera
2398 599 2571 654 undas
2597 598 2889 654 irradiante
2913 597 3137 661 Oceani,
3166 600 3353 654 urbem
3386 600 3594 654 intrant

2007 689 2123 755 ejus
2154 690 2477 760 sequipech
2500 690 2730 745 comites
2757 698 2881 760 post
2918 700 3067 760 terga
3113 690 3313 752 relicti,
3356 703 3592 757 moxque

2006 781 2076 833 ab
2099 781 2353 835 omuibtts
2382 780 2702 836 insidiarum
2729 781 2950 835 latebris
2976 780 3303 844 accurritur,
3333 795 3396 835 ac
3425 780 3469 834 si
3502 779 3594 833 diu

2009 872 2232 941 quaesita
2261 887 2454 927 canum
2475 873 2655 942 prmda
2678 871 2945 926 violenter
2970 873 3271 940 rapiuntur,
3296 870 3347 926 iu
3373 878 3596 925 cuncto-

2012 980 2129 1017 rum
2188 964 2427 1020 vultibus
2480 964 2626 1020 solus
2679 964 2861 1019 Bruno
2913 964 3234 1034 requiritur,
3288 963 3385 1017 sed
3432 976 3594 1031 quem

2010 1055 2257 1111 Christus
2286 1064 2525 1121 eruerat,
2566 1055 2708 1111 inter
2737 1070 2929 1111 omnes
2963 1054 3110 1110 solus
3144 1054 3329 1109 Bruno
3372 1053 3594 1108 minime

2012 1151 2303 1218 reperitur.
2338 1147 2475 1203 Tuto
2499 1148 2673 1202 noctis
2701 1148 2880 1217 spatio
2910 1146 2968 1200 fit
2995 1147 3063 1201 de
3092 1161 3159 1201 eo
3188 1144 3418 1216 quaestio
3444 1144 3597 1199 abie-

2014 1241 2156 1298 ritne
2176 1257 2243 1294 an
2272 1240 2475 1305 veniat,
2505 1240 2600 1294 sed
2632 1239 2775 1294 nulla
2809 1238 2917 1294 veri
2950 1238 3087 1293 ratio
3115 1236 3231 1304 ejus
3258 1235 3457 1291 facturn
3500 1251 3601 1305 pu-

2011 1333 2198 1389 blicat.
2225 1331 2478 1387 Nascitur
2499 1331 2735 1402 suspicio
2762 1331 2904 1401 quod
2926 1329 3040 1399 jam
3073 1329 3281 1401 pridem
3318 1336 3597 1398 pertrans-

2015 1426 2169 1489 ierit;
2237 1426 2304 1480 ad
2373 1439 2533 1496 quem
2587 1423 2978 1493 insequendum
3037 1422 3243 1476 celeres
3297 1419 3608 1488 diriguntur

2016 1515 2302 1570 veredarii.
2334 1513 2439 1569 Sed
2479 1512 2707 1569 dilectus
2736 1511 2929 1581 praesul
2952 1512 3066 1581 jam
3097 1510 3164 1563 ad
3193 1517 3468 1563 extremos
3496 1506 3602 1560 lta-

2015 1606 2100 1661 lize
2142 1606 2275 1660 lines
2325 1612 2669 1673 pervenerat,
2717 1602 3002 1672 locumque
3030 1600 3122 1670 qui
3152 1599 3354 1654 dicitur
3398 1599 3465 1652 ad
3494 1595 3601 1651 Ca-

2017 1712 2227 1753 meram
2255 1696 2393 1767 (12),
2428 1695 2850 1758 subintraverat,
2900 1692 2991 1747 ubi
3028 1707 3150 1747 eum
3199 1687 3438 1745 mirabili
3472 1701 3604 1743 con-

270 1800 275 1803 ·
305 1784 558 1841 delitatis
583 1798 847 1858 apostataz
878 1770 1188 1861 imperatori
1215 1791 1604 1860 subiectionem
1632 1794 1910 1865 abnegan—
1943 1770 1988 1831 Β
2017 1789 2139 1843 silio
2159 1787 2336 1842 divina
2363 1786 2631 1857 protectio
2661 1784 2873 1841 liberat.
2898 1781 3033 1837 Nam
3066 1781 3148 1836 sui
3172 1780 3324 1851 pauci
3352 1778 3602 1841 comites.

311 1885 389 1930 tes
411 1875 510 1930 lati
522 1876 732 1932 labant.
750 1879 1136 1936 Commonetnr
1151 1899 1281 1953 ergo
1296 1900 1323 1937 a
1342 1883 1699 1939 familiaribus
1721 1884 1911 1940 borum

312 1964 572 2033 insidias,
626 1970 946 2026 divertcndo
998 1988 1330 2042 praecavere,
1376 1975 1747 2030 astrucntibus
1799 1975 1915 2031 fore

276 2076 279 2077 ν
312 2056 507 2112 utilius
536 2058 699 2112 aliam
729 2060 876 2133 viam
908 2061 1209 2128 quamlibet
1238 2062 1633 2134 longiusculam
1662 2074 1916 2135 expetere

308 2162 479 2216 quam
513 2148 732 2204 incaute
757 2160 976 2221 propter
1001 2152 1211 2208 itineris
1231 2155 1611 2225 compendium
1636 2154 1688 2209 in
1719 2170 1916 2211 manus

312 2256 511 2296 eorum
556 2242 820 2298 incidere.
848 2243 919 2296 At
956 2242 1044 2300 ille
1081 2260 1278 2316 expers
1323 2246 1535 2303 timoris
1579 2246 1734 2316 juxta
1784 2247 1914 2302 illttd

313 2330 731 2389 Salomonimtm
774 2334 1009 2391 :Justus
1061 2339 1215 2408 quasi
1261 2337 1342 2393 leo
1393 2338 1681 2408 conlidens,
1726 2338 1917 2409 absque

316 2437 522 2482 terrore
543 2427 641 2482 erit
668 2426 853 2500 (Prov.
880 2444 1074 2497 xxwu,
1106 2431 1181 2500 Ι),
1217 2438 1410 2486 «scuto
1458 2431 1580 2485 fidei
1628 2432 1919 2502 prmmtnti-

321 2523 429 2577 tus.
458 2514 629 2570 lorica
654 2514 883 2585 justitize
910 2517 1173 2588 galeaque
1196 2533 1309 2589 spet
1337 2518 1527 2574 salutis
1553 2519 1873 2584 adornatus,
1891 2535 1911 2569 θ

325 2604 510 2671 taliter
566 2618 624 2659 se
691 2621 722 2658 a
782 2614 931 2660 recto
1003 2606 1198 2661 itinere
1267 2606 1678 2663 dehortantibus
1744 2608 1915 2662 iniit:

328 2712 346 2744 ι
375 2692 780 2764 Omnipotentis
805 2696 1054 2751 manibus
1076 2703 1328 2751 cunctam
1370 2707 1570 2752 nostra:
1601 2696 1791 2752 salutis
1819 2714 1917 2753 cu-

324 2800 440 2839 ram
465 2785 893 2852 committamus,
923 2787 1048 2857 quia
1075 2802 1235 2842 nemo
1259 2788 1402 2843 valet
1430 2787 1503 2843 illi
1535 2804 1732 2845 nocere
1759 2805 1917 2861 quem

274 2878 279 2882 ’
324 2878 506 2932 divina
558 2877 796 2933 voluerit
843 2885 1111 2949 protectio
1164 2878 1468 2936 defensare.
1509 2878 1566 2935 Si
1617 2889 1797 2937 autem
1835 2890 1921 2937 me

324 2968 677 3023 destinaverit
708 2970 833 3040 igne
874 2968 1234 3025 tribulationis
1277 2986 1306 3024 a
1349 2980 1696 3040 peccatorum
1744 2972 1922 3027 scoria

276 3074 277 3077 ‘
327 3075 656 3130 espurgarc,
691 3076 797 3116 non
828 3062 1006 3117 abnuo
1037 3061 1300 3117 voluntati
1348 3062 1419 3134 pii
1453 3062 1694 3118 Artificis
1737 3080 1823 3119 me
1853 3064 1920 3117 ad

274 3162 280 3167 ‘
325 3151 726 3208 informandum
756 3155 1119 3220 committere,
1148 3157 1404 3227 quoniam
1446 3172 1545 3213 nec
1594 3157 1755 3213 debet
1814 3160 1918 3212 tli-

325 3253 604 3311 gmcntum
627 3246 674 3299 ei
702 3246 796 3315 qtti
823 3260 881 3300 se
909 3245 1270 3318 finxit,quare
1296 3262 1384 3302 me
1411 3248 1585 3303 fecisti
1616 3249 1713 3313 sic,
1753 3250 1923 3303 recla-

327 3338 525 3392 mando
555 3338 757 3393 dicere.
780 3358 799 3390 ι
838 3337 931 3393 Via
957 3340 1103 3408 regia
1127 3340 1333 3410 absque
1359 3339 1682 3395 diverticulo
1704 3341 1916 3412 gradia-

327 3440 471 3491 mur,
507 3438 561 3502 et
590 3427 852 3499 quidquid
878 3429 1033 3484 nobis
1057 3444 1324 3499 supernus
1351 3428 1557 3484 arbiter
1587 3430 1918 3500 prtcviderit,
1964 3452 1973 3455 -

328 3515 519 3571 libenti
565 3518 746 3572 animo
786 3517 1075 3587 patiamur.
1125 3517 1240 3572 Tali
1279 3518 1464 3589 itaque
1508 3519 1923 3574 commouitorio

328 3625 459 3664 suos
488 3610 757 3680 sagaciter
788 3610 1126 3674 adhortatus,
1159 3619 1396 3680 emptum
1442 3610 1691 3665 tendebat
1736 3611 1838 3666 iter
1857 3612 1923 3666 de

329 3701 540 3758 cmlesti
577 3701 782 3756 auxilio
805 3700 919 3770 jam
959 3716 1202 3757 securus.
1258 3700 1366 3757 Sed
1408 3704 1500 3772 qui
1546 3711 1668 3757 erat
1694 3718 1790 3757 vas
1822 3703 1925 3758 Int-

330 3790 577 3845 militatis
601 3791 842 3846 dicatum
873 3789 1006 3855 Deo,
1037 3805 1105 3846 ne
1129 3799 1412 3846 notaretur
1439 3792 1708 3863 superbia:
1732 3804 1923 3847 cante-
1961 3814 1967 3819 ·

330 3882 437 3947 rio,
489 3881 533 3935 si
575 3882 800 3936 omnino
848 3880 1110 3936 refutaret
1156 3882 1505 3937 familiarium
1551 3884 1628 3937 uti
1672 3884 1921 3951 consilio,

272 3970 275 3973 ’
332 3970 529 4042 partim
582 3972 850 4027 voluntati
904 3986 1094 4027 eorum
1148 3972 1489 4044 obsequitur,
1546 3975 1758 4030 scilicet
1803 3986 1921 4031 uta
1964 3996 1969 4001 ’

329 4077 499 4134 grege
527 4064 903 4119 comitantium
930 4081 1051 4119 cum
1080 4066 1263 4134 paucis
1286 4066 1595 4135 disparatus
1614 4083 1708 4122 eos
1732 4069 1926 4125 itinere

331 4157 555 4226 prteirct
579 4155 683 4210 diei
714 4156 896 4210 unius.
929 4155 1136 4209 lnterca
1179 4156 1232 4210 in
1267 4156 1479 4211 cunctis
1517 4172 1655 4227 pene
1685 4160 1923 4214 mansio-

333 4263 462 4302 num
512 4247 711 4303 abditis
756 4246 1238 4318 Longobardortnu
1293 4249 1645 4305 occultantur
1692 4252 1920 4315 insidiae,

329 4339 423 4392 ubi
466 4354 588 4407 spes
634 4349 755 4394 erat
793 4354 917 4394 eum
966 4355 1130 4394 causa
1179 4355 1376 4411 corpus
1411 4342 1690 4397 reficiendi
1729 4344 1926 4399 debere

266 4424 278 4429 ’
327 4438 677 4504 pernoctare,
703 4432 1045 4503 maximeque
1065 4433 1202 4503 apud
1228 4432 1494 4504 lporeium
1518 4434 1629 4505 (lt)
1651 4435 1924 4491 civitatem

332 4519 639 4591 hujusmodi
705 4524 1025 4597 insidiarum
1080 4533 1357 4596 parantur
1399 4525 1797 4583 fraudulentite.
1855 4527 1926 4582 At

264 4616 265 4623 “
332 4619 472 4691 ipse,
501 4625 559 4671 ut
586 4617 789 4673 dictum
819 4629 923 4682 est,
961 4618 1172 4688 paucis,
1200 4620 1304 4675 hoc
1333 4627 1436 4679 est.
1463 4634 1569 4673 non
1598 4620 1716 4689 plus
1759 4637 1921 4692 quant

332 4706 574 4782 quiaque
602 4709 1010 4767 comitantibus.
1046 4709 1151 4778 poli
1189 4724 1290 4764 axe
1314 4709 1441 4764 solis
1474 4709 1655 4764 calore
1674 4708 1787 4778 jam
1811 4712 1923 4769 fer-

332 4805 517 4861 vente,
560 4812 656 4867 per
684 4800 918 4856 medium
965 4798 1209 4869 ejusdem
1251 4800 1487 4856 civitatis
1517 4800 1820 4870 ingressus,
1849 4803 1923 4857 ita

264 4880 273 4885 ἢ
334 4902 550 4951 secure,
578 4888 670 4943 Dei
697 4899 973 4945 annuente
1001 4890 1196 4957 gratia,
1224 4906 1441 4944 omnem
1477 4888 1624 4944 illius
1650 4892 1799 4948 urbis
1826 4909 1923 4965 po-

336 4976 577 5044 pularem
625 4978 984 5052 frequentiam
1028 4980 1367 5049 pertransiit,
1423 4988 1479 5033 ul
1527 4993 1627 5034 nec
1681 4981 1737 5036 in
1790 4984 1923 5039 allo-

410 5132 835 5206 (10)rllollandus
864 5134 1165 5206 legendum
1212 5143 1362 5204 putat
1404 5134 1611 5206 Ortum,
1647 5151 1769 5192 cum
1801 5136 1919 5205 ejus
1958 5174 1964 5179 ι

338 5205 573 5280 nominis
606 5211 852 5280 oppidum
883 5205 1162 5264 habeatur
1190 5206 1242 5260 itt
1289 5222 1348 5261 ea
1391 5205 1611 5274 regione
1639 5208 1706 5261 ad
1741 5208 1918 5264 lacum
1964 5234 1968 5237 η

340 5275 432 5328 nui
464 5274 618 5328 etiam
641 5274 760 5328 UHA
794 5287 1060 5328 meatur.

2017 1877 2310 1949 longinquo
2336 1875 2611 1946 defatigati
2643 1875 2861 1939 itinere,
2893 1873 3092 1928 ibidem
3123 1870 3190 1925 ad
3240 1868 3597 1925 recreandum

2016 1970 2394 2040 disposuerant
2421 1967 2683 2022 residere.
2700 1964 2808 2021 Sed
2829 1964 2918 2019 ille
2940 1977 3218 2034 praesagus
3239 1969 3439 2025 mente,
3458 1957 3608 2013 solus

2016 2075 2124 2115 uno
2159 2066 2446 2115 contentus
2476 2065 2663 2126 portas
2692 2054 2986 2125 pertransit
3025 2052 3289 2113 Camerae,
3326 2055 3607 2119 exspecta-

2018 2159 2170 2206 turus
2195 2149 2372 2205 socios
2392 2163 2555 2219 parva
2581 2143 2960 2216 refocillandqs
2984 2143 3190 2215 requie.
3218 2142 3353 2196 Cum
3378 2156 3508 2194 vero
3533 2139 3602 2194 ab

2015 2242 2094 2297 eis
2128 2248 2274 2296 esset
2317 2238 2596 2309 ablegatus
2642 2236 2785 2291 intra
2832 2234 3065 2303 spatium
3116 2232 3349 2286 duorum
3395 2227 3604 2300 sagitta

2010 2330 2281 2402 jactuum,
2318 2329 2501 2386 subito
2548 2326 2795 2399 prtedicti
2846 2326 3182 2380 insecutores
3216 2320 3409 2377 anhelo
3439 2334 3603 2374 cursu

2018 2426 2337 2491 adveniunt,
2385 2420 2558 2477 lassos
2599 2420 2716 2490 ejus
2766 2418 2993 2473 comites
3031 2415 3143 2483 jam
3200 2411 3609 2469 discumbentes

2020 2516 2321 2588 reperiunt,
2367 2522 2553 2583 raptos
2603 2509 2922 2581 retrogrado
2975 2506 3171 2562 itinere
3211 2502 3461 2559 celeriter
3485 2499 3608 2569 lpo-

2018 2612 2188 2666 reium
2215 2609 2535 2681 perducunt,
2551 2612 2834 2677 sperantes
2858 2617 2917 2658 se
2943 2602 3031 2658 ditt
3060 2601 3342 2672 quaesitam
3369 2596 3607 2667 praadam

2019 2704 2305 2775 reperisse,
2336 2717 2474 2773 quos
2503 2696 2901 2768 Deusjucundo
2924 2693 3188 2749 miraculo
3210 2686 3609 2759 quodammodo

2020 2796 2189 2851 voluit
2228 2793 2506 2850 deludere.
2562 2789 2680 2845 Tali
2712 2789 2896 2857 itaque
2939 2784 3169 2841 consilio
3203 2781 3388 2836 divina
3432 2778 3611 2832 virtus

2022 2886 2285 2941 malorum
2325 2881 2622 2953 nequitiam
2651 2878 2871 2951 propria
2907 2891 3003 2946 spe
3030 2871 3369 2930 defraudavit
3396 2868 3609 2938 sibique

2025 2977 2235 3032 fidelem
2271 2976 2339 3030 ab
2370 2974 2611 3046 ipsorum
2646 2971 2797 3026 rabie
2828 2965 3102 3029 liberavit,
3144 2965 3229 3020 cui
3283 2962 3447 3018 etiam
3480 2973 3605 3013 mox

2024 3076 2216 3123 cuncta
2262 3082 2356 3122 sua
2404 3065 2471 3120 de
2515 3064 2724 3131 integro
2773 3059 2920 3115 salVa
2981 3055 3238 3119 restituit,
3270 3050 3611 3122 suppetiante

2027 3160 2144 3228 ejus
2172 3166 2424 3229 cognata,
2462 3163 2622 3224 nepte
2654 3150 2867 3207 Rodultl
2904 3149 3048 3219 regis
3081 3144 3348 3211 Jurensis,
3380 3140 3612 3211 conjuge

2025 3249 2105 3304 sui
2139 3246 2403 3320 germani,
2430 3247 2648 3299 nomine
2669 3240 2897 3298 Gcrardi
2921 3239 3030 3311 (ιῦ)
3047 3233 3408 3294 strenuissimi
3438 3241 3605 3301 atque

2024 3339 2410 3414 elegantissimi
2435 3337 2642 3392 militis.
3346 3414 3353 3419 1

2096 3434 2186 3489 Xl.
2217 3431 2427 3487 Tullum
2466 3429 2691 3485 advenit.
2739 3424 3073 3481 Mounstert’is
3127 3419 3480 3493 reformandi:
3533 3420 3611 3472 in-

2025 3524 2237 3580 cumbit.
2260 3552 2331 3563 —
2351 3520 2644 3589 Auspicato
2669 3531 2800 3587 ergo
2834 3530 2996 3571 cursu
3034 3521 3272 3583 coeptum
3322 3510 3427 3566 iter
3455 3524 3614 3565 exse-

2026 3618 2229 3688 quitur,
2260 3632 2288 3670 a
2320 3613 2533 3671 cunctis
2561 3605 3074 3683 prtetergrediendis
3103 3605 3327 3661 urbibus
3352 3619 3447 3674 per
3470 3603 3609 3656 viatu

1960 3724 1969 3731 ”
2024 3704 2386 3781 plausibiliter
2413 3696 2713 3778 excipitur:
2749 3720 2779 3758 a
2811 3701 3047 3773 propriis
3076 3700 3287 3754 civibus
3317 3699 3433 3767 ejus
3470 3696 3612 3755 desis

2028 3801 2180 3855 derio
2221 3799 2493 3853 itthianter
2534 3794 2783 3849 attonitis
2830 3789 3203 3846 favorabiliter
3242 3782 3605 3856 prtestolatur.

2029 3892 2374 3960 Tandemque
2419 3890 2505 3944 die
2534 3886 2822 3942 Dominiee
2873 3880 3230 3942 ascensionis,
3275 3876 3436 3931 tertio
3464 3874 3610 3928 deci-

2029 4000 2116 4038 mo
2147 3983 2255 4054 (14)
2289 3980 2555 4037 Kalendas
2594 3977 2761 4040 Junii,
2793 3975 3035 4029 omnium
3081 3968 3385 4041 inexplebili
3418 3967 3615 4038 gaudio

2028 4083 2331 4142 susceptus,
2363 4070 2719 4141 praesentibus
2747 4064 2960 4120 cunctis
3006 4062 3236 4132 Belgitite
3270 4058 3455 4113 Gallia:
3501 4056 3612 4126 pri-

2028 4167 2290 4228 moribus,
2344 4164 2551 4219 electus
2602 4175 2666 4214 ac
2713 4158 2985 4221 laudatus,
3043 4170 3072 4209 a
3136 4168 3234 4207 suo
3283 4148 3613 4206 consobrino

2028 4258 2248 4314 domino
2278 4255 2617 4311 Theoderico
2649 4250 2760 4323 (Ιὸ)
2799 4245 3334 4305 Mediomatricorum
3381 4238 3615 4313 praesule

2028 4357 2113 4405 est
2155 4345 2538 4420 pontificaliter
2589 4340 3005 4397 iuthrouizattts.
3055 4327 3265 4405 Quique
3318 4332 3499 4387 sciens
3557 4344 3620 4384 se

2029 4461 2150 4502 esse
2185 4444 2383 4499 debere
2424 4441 2477 4497 in
2504 4438 2666 4493 domo
2694 4436 2788 4492 Dei
2820 4435 3098 4489 lucernam
3136 4445 3241 4484 non
3271 4426 3372 4481 sub
3405 4422 3616 4480 celante

2034 4535 2235 4595 modio.
2286 4532 2379 4589 sed
2421 4546 2584 4600 super
2618 4526 2891 4598 refulgens
2922 4520 3308 4580 candelabrum
3343 4513 3615 4569 collocan-

2033 4628 2178 4692 dam,
2210 4623 2443 4680 sollicita
2473 4619 2693 4676 studuit
2719 4613 3001 4688 vigilantia
3027 4626 3149 4665 mox
3192 4617 3513 4676 expromere
3538 4600 3621 4692 dri-A-

2033 4690 2177 4772 vinze
2201 4713 2478 4785 religionis
2498 4706 2698 4781 ignem,
2715 4722 2824 4778 quo
2844 4717 3061 4772 semper
3082 4696 3403 4759 incaluerat,
3428 4690 3617 4785 aesibi

2036 4806 2280 4863 subditos
2303 4781 2562 4859 ardenter
2598 4799 2650 4853 in
2687 4808 2936 4867 supernae
2965 4789 3182 4844 virtutis
3212 4785 3329 4842 zelo
3357 4781 3539 4839 verbis
3566 4787 3624 4836 et

2035 4894 2298 4964 exemplis
2326 4890 2681 4949 accendebat.
2710 4887 2778 4941 Et
2823 4882 3001 4940 sicuti
3031 4879 3204 4934 fertur
3249 4872 3502 4944 exemplo
3531 4887 3629 4928 sa:-

2033 4986 2226 5052 cnlari,
2272 5001 2490 5058 quoque
2540 4979 2713 5050 magis
2760 4978 2960 5050 tegitur
3006 4980 3181 5028 tectus
3216 4969 3389 5039 magis
3433 4971 3630 5021 restant

2028 5138 2444 5209 Rt‘gnihaltltttu.
2480 5132 2754 5190 Et‘dttbio
2803 5126 2989 5209 procul
3039 5132 3198 5209 pater
3244 5122 3344 5205 fuit

2762 5185 2851 5274 qui
2871 5273 2876 5274 ν
2899 5185 3289 5274 utetttorautttn
3307 5194 3358 5247 in
3394 5185 3631 5274 cpistola

2028 5263 2138 5328 .14...
2165 5279 2380 5328 ιςηιιιηιει
2412 5263 2659 5328 (ἔιὸεονίἰ
2692 5263 2801 5328 Vtt'.
2828 5273 2919 5325 Iilt.
2947 5284 3003 5328 ιι,
3035 5267 3199 5328 epist.
3232 5263 3320 5319 tt.
3528 5268 3533 5275 '
