4010 5328
496 312 561 370 ’ῖ9
1818 322 1876 379 S.
1920 323 2038 380 πλευ

2142 325 2154 379 L
2195 327 2394 386 PAPA.

3624 342 3730 399 486

458 426 618 497 ignis,
652 425 725 481 ita
774 426 940 497 carpit
990 427 1041 480 in
1089 444 1154 483 eo
1183 428 1272 483 diu
1301 430 1525 487 clausus
1567 432 1806 489 etelcstis
1835 437 2038 491 amoris
2071 440 2119 500 Α
2149 442 2494 512 impossibilis
2533 459 2564 498 a
2605 445 2820 502 neruiue
2854 448 3118 504 servanda
3151 449 3554 518 continebatur,
3591 448 3737 509 scili-

458 518 641 572 fervor
687 518 958 585 inut-dere,
992 520 1137 576 sicut
1182 524 1270 590 qui
1316 517 1384 579 ab
1424 525 1593 594 ipsius
1635 520 1875 584 infantia:
1904 531 2044 586 bona

454 610 510 663 in
536 610 636 665 lule
676 610 868 666 solitus
913 621 1032 667 erat
1068 610 1270 669 Christi
1314 615 1670 685 inspiratione
1718 618 2043 677 fervescere.

455 699 625 754 Suum
661 701 845 772 itaque
883 714 1047 774 sagax
1081 706 1321 762 studium
1353 723 1518 778 super
1555 711 1737 767 omnia
1779 715 2049 770 convertit

454 792 509 845 in
536 794 881 862 prepaganda
922 796 1183 867 religione
1215 801 1534 865 monastica,
1558 814 1679 874 qua:
1708 814 1904 874 pneter
1929 823 2048 862 san-

454 883 526 936 cti
565 882 893 940 confessoris
923 885 1122 941 Christi
1152 888 1280 957 Apri
1313 892 1620 947 cmuoltinm
1666 896 1717 949 itt
1758 898 1905 953 omni
1948 914 2044 953 sua

455 973 702 1036 dioecesi,
714 974 827 1044 jatu
860 976 995 1045 prob
1020 977 1200 1032 dolor!
1233 979 1393 1051 longe
1417 992 1659 1052 tempore
1685 986 2042 1057 refriguerat;

438 1064 818 1123 Medianensis
847 1067 958 1139 (l6)
1010 1085 1242 1140 namque
1275 1087 1342 1127 ac
1384 1071 1571 1130 Sancti
1611 1076 1876 1134 Mansueti
1925 1096 2043 1136 mo-

448 1159 680 1213 nasterii
706 1160 981 1229 praelatos,
999 1161 1087 1229 qui
1112 1163 1421 1232 posthabito
1443 1168 1748 1224 animarum
1773 1171 1874 1227 sibi
1898 1188 2046 1230 com-

456 1247 749 1302 missarum
798 1250 1000 1315 studio,
1051 1250 1104 1305 in
1159 1253 1276 1308 solo
1314 1258 1648 1314 exteriorum
1678 1261 1957 1319 dominatu
1987 1280 2045 1321 se

455 1337 715 1407 putabant
744 1342 1086 1407 constitutos,
1116 1342 1366 1415 deposuit
1392 1348 1445 1402 in
1479 1349 1596 1420 ipso
1623 1366 1736 1407 sua:
1765 1352 2045 1411 electionis

453 1430 700 1495 exordio,
734 1441 897 1503 atque
919 1433 1119 1491 domno
1150 1440 1445 1495 venerabili
1475 1441 1752 1511 Gnidrico,
1788 1454 1916 1502 tunc
1946 1463 2045 1518 per

455 1520 509 1575 id
543 1524 801 1592 temporis
838 1527 1128 1596 prmposito
1177 1528 1387 1599 praefati
1438 1534 1673 1590 curnobii
1716 1536 1858 1592 beati
1886 1538 2040 1607 Apri,

455 1616 876 1681 commendavit,
932 1617 1087 1689 cujus
1122 1622 1431 1691 provisione
1470 1634 1527 1681 et
1554 1628 1739 1683 solerti
1784 1629 2042 1686 instantia

452 1702 589 1758 ordo
618 1708 973 1776 monasticus,
1006 1718 1063 1765 ιιι
1086 1712 1266 1768 adhuc
1292 1714 1347 1768 iu
1394 1718 1678 1788 prepatulo
1707 1728 1812 1787 est,
1843 1720 1895 1774 in
1934 1722 2043 1778 eis-

454 1795 578 1851 dem
608 1795 741 1853 locis
766 1797 1036 1857 ferventer
1065 1804 1313 1860 recaluit.

525 1885 640 1943 XII.
672 1888 806 1959 Ejus
828 1892 1093 1947 ordinatio
1122 1895 1311 1951 dilata.
1341 1898 1655 1956 Ordinatur.
1679 1933 1751 1944 --
1772 1902 2041 1962 Victorio-

456 1990 552 2032 sus
588 1992 719 2033 vero
749 1995 843 2034 rex
873 1981 1176 2052 Conradus,
1230 1989 1430 2044 auditis
1472 1990 1615 2046 fama
1649 1994 1898 2066 vulgante
1927 1996 2044 2065 ejus

453 2068 818 2128 landabilibus
836 2076 994 2144 actis,
1018 2076 1071 2131 in
1094 2077 1211 2133 dies
1234 2095 1364 2151 erga
1391 2082 1540 2137 illum
1571 2086 1744 2156 magis
1765 2091 2044 2158 magisque

457 2160 686 2217 ardebat
716 2163 998 2223 affectibus
1020 2169 1092 2239 pii
1119 2173 1343 2237 amoris,
1383 2178 1712 2247 praesagiens
1743 2179 1918 2248 ipsum
1946 2197 2043 2237 vas

456 2250 615 2307 fidele
653 2255 720 2308 ad
750 2254 1146 2314 reformandam
1182 2277 1353 2318 sacra:
1390 2265 1664 2337 religionis
1690 2285 1957 2338 normam,
1989 2282 2044 2327 et

455 2346 522 2400 ad
550 2352 1003 2416 augtnentandam
1033 2353 1146 2423 jam
1190 2356 1515 2414 defluentem
1566 2361 1866 2418 Romanam
1908 2381 2043 2419 rent-

455 2433 747 2503 pnblicam.
783 2437 845 2491 Et
881 2442 1135 2508 quoniam
1180 2447 1361 2501 causis
1405 2447 1737 2506 instantibus
1785 2469 1955 2524 usque
1987 2456 2040 2509 in

453 2529 702 2595 sequenti
739 2528 946 2586 Pascha
975 2533 1262 2590 distulerat
1300 2539 1403 2592 sibi
1435 2555 1466 2594 a
1508 2542 1707 2597 domno
1743 2545 2042 2614 apostolico

455 2618 645 2676 Romae
673 2623 905 2677 dandam
960 2625 1294 2696 imperialem
1341 2632 1808 2701 benedictionem;
1853 2637 2040 2692 itidem

453 2710 619 2764 etiam
650 2711 739 2766 isti
769 2713 999 2772 vinculis
1021 2720 1276 2787 perfecta:
1306 2723 1614 2781 dilectionis
1659 2730 1918 2785 astrictus
1940 2729 2041 2786 dif—

450 2798 583 2853 lerri
623 2798 864 2869 jusserat
905 2805 1024 2876 ejus
1071 2810 1428 2881 episcopalttn
1475 2815 1891 2887 ordinationem,
1950 2821 2041 2876 ubi

454 2889 614 2944 siuntl
641 2907 856 2963 unaque
886 2895 940 2949 in
963 2896 1183 2953 basilica
1206 2912 1489 2958 smnerent
1512 2907 1730 2976 utrique
1751 2907 1819 2963 ab
1847 2909 2039 2965 eodem

452 2978 578 3034 caeli
609 2979 876 3053 Clavigeri
920 2985 1126 3043 vicario
1166 2992 1534 3058 praedestinati
1563 2995 1721 3051 cilicii
1753 3013 2043 3054 consecra-

455 3070 676 3125 tionem.
705 3071 777 3126 At
803 3073 916 3143 ipse
941 3078 1358 3146 praedestinatus
1405 3084 1512 3139 Deo
1555 3088 1805 3143 amabilis
1829 3088 2036 3157 Bruno,

2148 541 2319 586 cetut
2362 534 2591 605 quisque
2622 546 2843 591 auorum
2873 537 3327 608 sulfraganeortnn
3372 540 3443 594 ab
3485 555 3554 596 eo
3581 544 3732 598 ordi-

2146 625 2358 679 nandtts
2384 626 2534 696 prius
2564 628 2664 683 sub
2691 628 2885 683 divina:
2907 630 3206 698 praesentiae
3231 632 3543 687 testimonio
3570 648 3736 702 spon—

2147 713 2275 768 dere
2297 715 2511 780 debeat,
2544 726 2811 786 quatenus
2835 720 2887 772 in
2927 719 3137 774 cunctis
3173 707 3333 774 rebus
3354 722 3581 791 agendis
3610 737 3733 777 eum

2146 805 2246 862 sibi
2274 806 2341 861 ad
2362 808 2642 862 consilium
2669 810 2944 876 adhibeat,
2968 811 3288 883 sublatoque
3312 814 3460 867 omni
3480 824 3733 883 excepto,

2147 897 2283 951 nihil
2322 908 2475 953 extra
2518 915 2675 955 suum
2719 910 3046 971 praeceptum
3099 911 3191 956 aut
3239 904 3395 964 velle.
3418 912 3533 958 aut.
3577 906 3733 972 quasi

2147 991 2365 1058 quidam
2397 1006 2607 1056 servus,
2652 1006 2813 1060 agere
2860 1002 3171 1060 prtrsumat.
3200 992 3408 1047 Memor
3436 996 3622 1062 itaque
3648 994 3732 1048 di-

2146 1080 2285 1134 vinae
2313 1080 2607 1151 Scriptura:
2637 1082 2808 1137 fidelis
2830 1081 3032 1149 Bruno,
3068 1083 3193 1153 quia
3226 1083 3478 1152 displicet
3510 1084 3623 1139 Deo
3648 1084 3733 1139 in-

2146 1172 2321 1229 fidelis
2361 1183 2416 1229 et
2448 1174 2610 1230 stulta
2660 1176 2981 1246 promissio;
3026 1177 3354 1231 omnimodis
3400 1192 3460 1232 se
3499 1177 3736 1248 abnegat

2146 1263 2307 1333 hujus
2348 1265 2659 1336 incongrua:
2702 1268 2929 1322 rationis
2979 1267 3095 1323 fore
3143 1282 3484 1339 sponsorem,
3529 1284 3601 1324 ne
3638 1284 3737 1339 per

2146 1354 2595 1426 impossibilitatis
2628 1357 2881 1415 effectum
2913 1360 3180 1415 mendacii
3225 1362 3529 1417 incurreret
3557 1361 3732 1416 oii’eu-

2145 1464 2284 1505 satn.
2320 1451 2586 1508 Diuturno
2626 1462 2805 1509 autem
2856 1454 3031 1524 spatio
3069 1453 3371 1523 lmjusmodi
3416 1456 3734 1511 alternatim

2143 1542 2385 1611 perstitit
2435 1543 2686 1613 litigium,
2734 1555 3089 1615 nostrumque
3136 1546 3482 1616 sarpedictutn
3524 1557 3733 1617 patrem

2144 1649 2203 1689 re
2230 1634 2425 1690 infecta
2450 1637 2674 1707 contigit
2701 1652 2731 1691 a
2759 1637 3000 1691 Treviris
3026 1637 3227 1692 habere
3255 1654 3587 1708 regressum.
3613 1639 3733 1707 Quo

2145 1730 2362 1798 cognito
2391 1729 2526 1783 diva:
2561 1730 2836 1784 memoriae
2862 1729 3143 1785 Conradus
3167 1741 3453 1801 augustus,
3482 1733 3551 1786 ad
3572 1746 3731 1786 suum

2069 1796 2119 1856 Β
2147 1796 2406 1887 palatium
2440 1820 2753 1875 Wormatiaa
2788 1829 3046 1890 utrosque
3089 1823 3408 1876 convocavit
3452 1822 3731 1886 concitus,

2144 1907 2418 1979 ipsiusque
2451 1910 2713 1966 innitente
2756 1912 3103 1978 auctoritate,
3136 1912 3352 1967 tandem
3386 1912 3517 1967 vicit
3552 1912 3732 1967 archi-

2143 1999 2453 2069 episcopum
2468 1998 2629 2069 justre
2650 2001 2876 2057 rationis
2900 2002 3353 2071 prtemonstratio,
3379 2010 3544 2073 atque
3564 2003 3730 2058 cessit

2145 2106 2174 2145 a
2191 2089 2478 2160 superﬂuo,
2505 2095 2646 2161 quod
2669 2092 2867 2164 injuste
2891 2093 3155 2163 exigebat,
3183 2094 3541 2164 professionis
3565 2105 3727 2162 voto;

2144 2195 2354 2241 tantum
2385 2188 2666 2257 requisivit
2689 2188 2758 2243 ab
2801 2203 2868 2243 eo
2909 2187 3160 2257 sponderi
3208 2189 3350 2258 quod
3380 2189 3432 2243 in
3470 2189 3729 2244 ecclesia-

2144 2279 2297 2334 sticis
2337 2279 2568 2349 negotiis
2609 2279 2834 2350 agendis
2876 2279 3043 2349 ipsius
3095 2287 3340 2334 uteretur
3397 2280 3732 2334 auctoritate

2144 2368 2375 2424 consilii.
2422 2368 2535 2423 [lac
2581 2384 2710 2439 ergo
2748 2379 2969 2440 accepta
3018 2370 3327 2440 sponsione,
3372 2369 3565 2440 quinto
3606 2369 3732 2425 ldus

2146 2461 2479 2530 Septembris
2523 2477 2643 2515 cum
2698 2478 2907 2516 summa
2969 2462 3209 2518 omnium
3253 2462 3614 2533 gratulatione
3671 2462 3732 2517 fit

2143 2558 2329 2604 sancta
2352 2549 2646 2614 ordinatio,
2668 2559 2832 2620 atque
2861 2551 3077 2605 demum
3104 2551 3317 2621 utrique
3343 2550 3730 2605 inviolabiiiter

2143 2642 2434 2711 perstitere
2467 2641 2520 2694 in
2558 2641 2811 2711 perfectze
2841 2644 3094 2698 amicitiae
3132 2644 3423 2699 soliditate.
3452 2643 3566 2699 Hoc
3596 2661 3729 2700 vero

2145 2730 2350 2785 idcirco
2401 2739 2507 2785 tam
2548 2746 2806 2801 expresse
2861 2733 3279 2803 perstrinximus
3329 2743 3390 2789 ut
3421 2732 3728 2807 cujusmodi

2144 2817 2308 2874 fuerit
2328 2820 2650 2875 humilitatis
2688 2823 2776 2876 hic
2807 2822 2892 2876 vir
2936 2822 3142 2894 liquido
3171 2824 3530 2895 pandet-emus
3560 2833 3637 2888 et,
3660 2825 3730 2879 ad

2143 2910 2454 2965 evitandum
2482 2911 2746 2966 mendacii
2779 2928 3003 2978 nervum,
3042 2925 3201 2984 prout
3224 2914 3432 2969 homini
3462 2914 3535 2969 sit
3557 2916 3729 2984 possi-

2145 3002 2272 3062 bile.
2303 3012 2565 3073 quantum
2597 3004 2865 3060 exstiterit
2895 3015 3105 3061 cautus.

2215 3092 2349 3147 Χιει.
2390 3092 2726 3148 Monastertis
2792 3096 3012 3165 pne/icit
3089 3094 3400 3151 Guidricum
3465 3097 3728 3152 abbatem.

453 3169 639 3216 custos
667 3177 808 3218 vera:
840 3166 1162 3225 humilitatis
1189 3180 1244 3225 et
1267 3177 1709 3234 servantissimus
1731 3192 2035 3252 praecepto-
2065 3151 2112 3215 Ο
2148 3181 2354 3236 Marum
2381 3182 2494 3253 ejus
2521 3185 2757 3238 comisas.
2798 3151 3059 3239 Muiicam
3082 3187 3256 3241 callet.
3288 3185 3421 3258 Ejus
3446 3189 3726 3258 patientia.

453 3266 575 3306 rum
599 3252 891 3310 Dominica:
910 3261 1271 3326 auctoritatis,
1288 3267 1503 3334 cognito
1523 3270 1648 3338 quia
1671 3272 1757 3327 hic
1786 3281 2039 3332 terrenus

456 3345 630 3402 honor
661 3348 763 3403 sibi
795 3350 863 3406 ab
884 3350 1127 3423 Augusto
1151 3357 1381 3415 collatus
1414 3363 1623 3433 aliquos
1666 3366 1850 3425 invido
1876 3371 2039 3427 dente

455 3442 761 3508 mordebat,
778 3448 1032 3519 quodque
1046 3451 1394 3511 Trevirorum
1410 3460 1762 3531 arcltipraesul
1780 3465 2041 3533 prolatio-

436 3545 524 3586 ne
536 3533 617 3587 sui
630 3535 912 3603 cujusdam
927 3543 1194 3615 prtvilegii
1223 3546 1349 3601 huic
1360 3549 1523 3620 regite
1536 3551 1801 3608 voluntati
1821 3555 1975 3611 obsta
1984 3572 2041 3614 re

451 3625 724 3694 cupiebat,
742 3629 829 3685 hic
844 3641 1029 3689 noster
1055 3650 1178 3691 mox
1203 3638 1335 3694 adiit
1349 3655 1532 3713 regem
1543 3643 1745 3702 obnixo
1768 3650 2038 3717 precami-

452 3730 541 3783 ne,
559 3727 657 3773 uta
671 3721 762 3775 tali
786 3723 1077 3781 desisteret
1095 3731 1400 3798 conamine,
1416 3735 1623 3792 malens
1642 3752 1701 3793 se
1718 3739 1924 3795 honore
1941 3742 2040 3796 hu-

445 3807 536 3875 jus
558 3808 950 3872 benedictionis
970 3831 1160 3875 carere
1172 3836 1338 3891 quam
1355 3824 1406 3878 in
1425 3824 1657 3895 alicujus
1672 3829 1896 3891 dissidio
1912 3846 2039 3887 cou-

453 3898 794 3958 tradictionis
823 3914 1010 3960 contra
1033 3923 1362 3979 quemquam
1396 3928 1696 3971 remanere.
1717 3915 1817 3972 Vix
1830 3933 1962 3989 ergo
1983 3928 2038 3976 et

448 4005 574 4045 cum
602 3992 798 4049 dillieili
827 3995 1012 4054 labore
1037 4001 1293 4062 domuum
1315 4002 1617 4076 Augustum
1645 4006 1714 4062 ab
1748 4023 1814 4063 ea
1839 4009 2035 4065 volun-

454 4091 565 4137 tate
592 4085 912 4156 resipiscere
960 4106 1183 4162 cogens,
1232 4109 1299 4150 ac
1342 4096 1508 4166 ipsius
1549 4099 1689 4155 dulci
1729 4112 2034 4158 commeatu

451 4169 719 4241 Belgicam
740 4176 1032 4234 Galliarum
1058 4194 1325 4253 repetens,
1348 4201 1380 4241 a
1403 4189 1598 4245 domno
1620 4192 2032 4265 archiepiscopo

453 4258 802 4318 Trevirorum
844 4266 1098 4338 Poppoue
1142 4273 1295 4345 (17),
1347 4277 1710 4344 pontificalem
1759 4258 2037 4340 humiliter

449 4352 698 4418 poposcit
738 4354 1166 4416 benedictionem
1190 4403 1207 4428 ,
1262 4373 1424 4434 atque
1465 4368 1609 4423 inter
1637 4386 1698 4426 se
1724 4379 2036 4433 statuerunt

451 4448 663 4509 tempus
693 4444 832 4501 hanc
860 4459 1106 4507 sanctam
1147 4452 1264 4509 fieri
1304 4456 1729 4516 ordinationem.
1764 4463 2030 4522 Trevirim

445 4545 580 4604 ergo
608 4536 843 4604 venitur,
871 4552 1161 4600 consuetus
1191 4547 1323 4603 ordo
1344 4551 1771 4609 consecrationis
1799 4548 2030 4625 inquiri-

442 4629 540 4677 tur
564 4640 580 4680 :
609 4626 699 4680 ubi
721 4629 888 4685 durus
910 4636 1221 4703 quaestionis
1243 4641 1528 4712 scrupulus
1551 4659 1769 4703 omnem
1800 4664 1912 4706 rem
1935 4666 2031 4722 pe-

442 4720 740 4812 ragendam
787 4724 990 4782 diutius
1035 4729 1274 4797 intricat,
1318 4733 1393 4789 ita
1424 4744 1483 4790 ut
1517 4740 1665 4793 omni
1714 4720 2031 4812 imperfecto

440 4804 630 4863 labore
653 4810 767 4880 jatn
791 4814 966 4872 dictus
985 4816 1161 4875 dulcis
1185 4814 1348 4879 Pater
1380 4824 1674 4887 frustratus
1700 4804 1916 4887 domum
1948 4850 2029 4889 re-

438 4899 591 4993 deat.
620 4902 755 4959 Nam
787 4923 816 4960 a
844 4908 1127 4977 praelibato
1152 4916 1538 4987 archipresnle
1563 4921 1832 4990 quoddam
1863 4926 2030 4993 privi~

439 4986 644 5066 legium
667 5001 1065 5072 promulgatur,
1093 5005 1148 5060 in
1176 5023 1285 5078 quo
1311 4986 1428 5066 haec
1455 5009 1544 5066 lex
1564 4986 1833 5084 superflua
1863 4986 2028 5087 atque

442 5223 459 5236 .
575 5152 629 5224 6)
654 5154 1037 5215 Monasterinm
1054 5159 1386 5239 Medianum,
1413 5166 1573 5239 vulgo
1589 5167 2025 5239 Mayenmoutier,

1190 5236 1411 5328 eras.-
1449 5232 1797 5328 eameam
1825 5232 2026 5328 sum:

449 5293 540 5328 Ιιῖιι
571 5293 840 5328 ψηηοηοῖο
873 5310 1160 5328 ..ιη-...ιηηιι
1200 5319 1321 5328 νει.--

2142 3303 2213 3314 -
2241 3273 2405 3345 igitur
2437 3276 2503 3329 ad
2538 3276 2721 3330 sedem
2745 3276 3019 3346 propriam
3052 3277 3314 3346 repedans
3349 3277 3471 3332 lazto
3495 3287 3729 3332 cuncto-

2144 3381 2262 3420 rum
2293 3366 2562 3435 excipitur
2593 3366 2846 3436 tripudio,
2894 3381 3127 3435 moxque
3177 3369 3251 3421 uti
3304 3382 3404 3423 sua
3441 3382 3572 3439 erga
3600 3382 3732 3422 san-

2143 3466 2290 3513 ctunt
2321 3474 2385 3513 ac
2409 3458 2703 3529 gloriosum
2736 3460 2938 3529 Aprum
2967 3458 3141 3529 major
3167 3468 3288 3514 erat
3311 3460 3545 3522 devotio,
3569 3460 3727 3514 dom-

2143 3568 2271 3606 nutn
2327 3553 2590 3622 religiosa:
2625 3553 2746 3607 vita:
2794 3561 2848 3607 et
2903 3553 3335 3608 conversationis
3384 3553 3563 3606 virum
3608 3551 3724 3622 jatn

2143 3641 2345 3698 dictum
2369 3640 2705 3708 Gaidticnm,
2738 3642 2838 3698 sub
2868 3643 3085 3697 nomine
3117 3643 3328 3697 abbatis
3361 3642 3538 3697 eidem
3580 3657 3725 3712 pne-

2142 3734 2269 3790 fecit
2290 3736 2559 3800 cmnobio,
2583 3736 2860 3790 voluntate
2905 3743 2959 3790 et
2990 3735 3160 3805 petitu
3210 3733 3414 3789 domini
3446 3731 3725 3788 Guillelmi

2142 3828 2255 3899 (l8)
2297 3826 2467 3897 ipsius
2515 3826 2615 3882 loci
2673 3836 2800 3882 tunc
2848 3827 3105 3895 temporis
3141 3823 3466 3881 venerabilis
3508 3824 3719 3895 patris:

2141 3922 2294 3993 cujus
2323 3931 2509 3976 sancta
2550 3920 2694 3976 fama
2722 3921 2803 3976 cis
2835 3935 2986 3975 mare
3016 3936 3112 3990 per
3135 3927 3360 3973 cunctos
3403 3917 3540 3973 lines
3569 3915 3722 3970 orbis

2139 4014 2348 4068 exstitit
2377 4011 2761 4068 memorabilis.
2806 4011 2975 4082 linjns
2999 4008 3241 4080 prazsulis
3263 4007 3455 4062 solatio
3485 4022 3595 4060 non
3622 4004 3722 4059 tui-

2141 4106 2346 4161 nitnutn
2379 4103 2594 4159 sudavit
2641 4102 2953 4172 praelibatus
2994 4109 3148 4170 pater
3180 4098 3470 4153 Guidricus
3513 4096 3567 4149 in
3599 4111 3719 4149 ant-

2141 4197 2358 4267 pliando
2387 4196 2468 4250 sui
2496 4192 2729 4249 coenobii
2756 4193 2987 4258 decore;
3032 4190 3175 4265 quod
3210 4189 3323 4261 jam
3365 4201 3503 4257 pene
3531 4185 3722 4239 labens

2140 4286 2364 4357 inempit
2386 4301 2416 4341 a
2449 4283 2815 4341 fundamentis
2850 4282 3141 4346 instruere,
3176 4281 3262 4335 cui
3292 4279 3432 4333 idem
3474 4272 3722 4346 pontifex

2141 4381 2364 4453 triginta
2411 4379 2669 4435 librarum
2701 4378 3137 4449 supplementum
3167 4389 3264 4430 sua
3288 4370 3516 4428 contulit
3557 4368 3723 4438 largi-

2141 4481 2270 4527 tate.
2293 4469 2554 4526 Eumdem
2589 4469 2754 4526 etiam
2786 4469 2981 4538 delegit
3026 4467 3275 4523 abbatem
3315 4477 3478 4534 supra
3500 4475 3719 4532 praeno-

2139 4564 2371 4619 minatas
2401 4560 2763 4619 Medianensis
2803 4559 3101 4629 Sanctique
3143 4554 3406 4611 Mansueti
3447 4551 3718 4615 abbatias,

2138 4656 2334 4726 quibus
2364 4655 2430 4709 ad
2460 4656 2918 4724 augmentandum
2977 4652 3030 4706 in
3073 4651 3154 4705 eis
3196 4656 3398 4704 sanctzc
3442 4642 3719 4716 religionis

2136 4755 2360 4810 statum,
2394 4744 2678 4801 nonnullas
2711 4743 2900 4799 tribuit
2934 4741 3213 4798 ecclesias.
3242 4738 3382 4807 Quin
3412 4746 3467 4792 et
3502 4735 3558 4789 iu
3580 4732 3717 4787 Por-

2137 4850 2224 4895 tus
2251 4838 2435 4895 suavis
2459 4837 2570 4909 (l9)
2598 4834 2848 4891 coenobio
2876 4850 2905 4888 a
2934 4849 3032 4888 suo
3054 4831 3474 4903 pmdeeessore.
3495 4839 3560 4880 ex
3586 4838 3718 4891 pon-

2137 4931 2424 4990 tilicalibns
2450 4928 2743 4999 stipendiis
2770 4927 3046 4991 inchoato,
3078 4922 3173 4980 sed
3205 4938 3235 4978 a
3265 4936 3323 4976 se
3351 4919 3595 4977 studioso
3634 4916 3713 4969 la-

2135 5025 2265 5081 bore
2297 5022 2540 5080 adificiis
2584 5031 2641 5077 et
2685 5018 2989 5090 sumptibus
3033 5015 3102 5071 ad
3153 5027 3383 5085 unguem
3424 5009 3710 5072 adornata,

2134 5176 2387 5250 substitui
2410 5174 2641 5250 curavit.
3157 5241 3170 5250 ,
3329 5237 3396 5250 ,,,
3593 5246 3604 5250 Α
3657 5235 3669 5247 .

2134 5317 2155 5328 -
2208 5248 2318 5319 (l9)
2344 5246 2863 5328 .(Jteatobiumprope
2894 5241 3289 5328 Mir'ecnrtinm,
3322 5237 3709 5328 tilirrrottrt,_i.tt
