4010 5328
193 258 282 312 εει

1152 248 1448 306 ῐιιιοιίεθ,
1475 276 1547 289 --
1588 246 1748 302 VITA
1790 246 1847 303 S.
1891 248 2155 305 LEONIS.
2200 251 2416 307 κοιλίη.
2449 251 2487 307 Ι.

3344 251 3454 308 ιεδι

194 370 439 425 devotam
479 358 950 419 sanctimonalium
983 361 1264 414 constituit
1292 359 1765 430 congregationem
1796 374 1841 429 Α
1871 360 1989 428 ejus
2013 363 2116 432 pia:
2141 364 2387 435 religioni
2425 366 2599 422 modis
2627 369 2879 424 omnibus
2917 367 3192 424 contraire
3223 367 3457 437 nititur;

195 470 278 528 atq
292 472 347 511 te
375 454 580 509 nobilis
626 451 840 521 generis
871 450 1102 520 vitteque
1142 449 1428 504 laudabilis
1454 450 1770 520 quamdam,

196 547 405 605 nomine
450 544 782 599 Berrennam
826 540 961 612 (20),
992 540 1092 611 ipsi
1142 542 1307 596 (ιαηυί
1354 551 1581 597 matrem
1619 542 1771 597 ordi-

196 641 369 704 navit;
403 636 564 706 rujus
594 633 818 690 instanti
855 633 1220 689 sollicitudine
1251 633 1420 687 divini
1448 633 1629 688 fervor
1659 648 1773 689 scr-

198 732 301 786 vitii
331 728 535 785 ibidem
579 725 915 782 florescendo
940 726 1134 791 crevit,
1159 735 1235 790 et,
1265 726 1446 780 divina
1477 724 1774 796 opitulante

199 824 381 895 gratia,
412 822 468 874 in
497 819 688 890 longas
713 828 836 889 post
861 818 1241 890 generationes
1274 818 1571 873 crescendo
1610 817 1773 873 flore-

198 916 286 971 bit.
322 913 507 968 Inerat
546 925 762 982 quoque
806 910 856 965 ei
910 910 1179 966 mirabilis
1203 920 1258 966 et
1285 912 1511 967 honesta
1559 926 1770 967 morum

208 1006 470 1076 elegantia
512 1005 651 1059 adeo
698 1012 759 1057 ut
786 1018 907 1057 cum
947 1002 1230 1073 splendido
1268 1003 1512 1073 corporis
1548 1004 1778 1067 decore,

199 1112 348 1166 quem
379 1094 452 1149 illi
485 1109 653 1165 super
675 1100 903 1149 cunctos
926 1092 1073 1149 illius
1103 1093 1362 1164 temporis
1386 1093 1616 1150 contulit
1644 1092 1778 1150 0m-

200 1186 480 1258 nipotentis
506 1184 902 1251 munificentia,
936 1184 1199 1254 quidquid
1227 1184 1423 1255 agebat
1453 1195 1776 1241 cunctorum

198 1280 381 1334 animis
400 1278 793 1349 complaceret,
808 1277 1071 1348 quidquid
1091 1276 1331 1343 dicebat,
1346 1277 1591 1332 omnium
1614 1276 1779 1332 corda

202 1371 378 1426 intimo
421 1370 633 1426 amoris
678 1368 873 1426 effectu
922 1367 1241 1425 delectaret.
1289 1367 1426 1425 Cum
1464 1368 1778 1438 serpentiua

205 1464 390 1517 astutia
418 1471 636 1517 tantum
667 1461 906 1534 pollebat
939 1459 993 1516 in
1018 1475 1083 1516 eo
1105 1458 1414 1516 columbina
1436 1459 1778 1531 simplicitas,

201 1565 254 1611 ut
287 1556 352 1611 ab
398 1555 571 1626 hujus
621 1553 807 1611 saeculi
838 1553 1195 1625 prudentibus
1224 1551 1467 1608 omnium
1504 1552 1781 1607 videretur

202 1647 436 1719 superior
459 1648 518 1702 in
561 1646 879 1717 prudentia,
917 1653 975 1701 et
1009 1660 1041 1700 a
1070 1644 1248 1701 divina
1276 1642 1615 1715 sapientibus
1645 1642 1780 1696 mire

1878 461 1933 509 et
1960 453 2088 509 licet
2116 469 2223 509 non
2255 456 2429 527 possit
2453 473 2577 512 eum
2602 474 2992 531 usquequaque
3018 476 3048 515 a
3072 469 3222 516 recto
3244 460 3467 518 deviare

1878 546 2115 611 tramite,
2142 555 2321 603 tamen
2345 563 2443 619 per
2456 564 2583 605 suos
2597 553 2792 621 satagit
2815 552 3079 609 satellites
3101 555 3463 609 teutationum

1877 645 1933 692 et
1952 638 2342 693 adversitatum
2366 640 2587 710 spiculis
2605 657 2636 695 a
2658 652 2848 698 sancto
2868 644 3143 715 proposito
3164 645 3462 700 deterrere.

1878 726 2013 783 Nam
2040 730 2262 800 quidam
2304 731 2465 803 hujus
2508 734 2775 803 primores
2804 736 2996 806 patria:
3024 752 3150 791 eum
3179 736 3467 807 sapientiae

1879 820 1998 877 luce
2019 819 2226 892 fulgere
2246 832 2533 879 cernentes
2564 834 2619 877 et
2643 824 2696 879 in
2721 826 3070 896 disponendis
3104 828 3253 899 regni
3288 827 3468 882 cousi-

1882 915 1969 970 liis
1991 916 2132 986 apud
2156 915 2489 987 imperiafem
2535 917 2874 988 majestatem
2905 937 3071 992 super
3093 931 3319 977 cunctos
3349 921 3470 991 pol-

1881 1005 1995 1062 lere
2025 1006 2349 1071 invidentes,
2381 1008 2506 1062 dum
2543 1009 2684 1079 apud
2711 1009 2940 1075 aulicos,
2979 1026 3117 1081 quos
3140 1025 3333 1066 omnes
3362 1010 3467 1065 sibi

1880 1098 2049 1153 nimio
2071 1112 2259 1154 amore
2281 1098 2620 1166 devinxerat,
2647 1111 2923 1173 nequeunt
2942 1102 2992 1158 ei
3019 1103 3194 1159 moliri
3218 1103 3466 1168 insidias,

1881 1191 2023 1261 apud
2052 1201 2272 1246 exteros
2299 1199 2491 1247 contra
2517 1207 2642 1246 eum
2671 1202 2908 1249 tractant
2951 1192 3277 1250 artificiosas
3321 1192 3472 1249 calli-

1881 1280 2110 1337 ditstum
2145 1281 2446 1336 machinas.
2479 1282 2667 1351 Itaque
2690 1281 2935 1340 Odonem
2961 1284 3074 1355 (ἓξ)
3102 1284 3293 1339 vicinae
3319 1299 3472 1340 com-

1883 1369 2139 1424 marcbite
2176 1369 2506 1426 Francorum
2548 1372 2826 1438 comitem,
2860 1373 2915 1427 iu
2946 1373 3161 1428 beatum
3188 1373 3474 1444 pra'sufem

1881 1461 2186 1523 concitant,
2217 1475 2451 1530 eumque
2476 1461 2753 1532 multiplici
2782 1462 3167 1517 adversitatum
3200 1464 3476 1517 molimine

1881 1552 1950 1607 ab
1974 1552 2270 1621 imperialis
2296 1553 2420 1608 fidei
2442 1554 2739 1609 stabilitate
2759 1554 2991 1623 dejicere
3019 1555 3287 1610 laborant.
3314 1557 3471 1611 Vide-

1884 1659 1972 1700 res
1997 1644 2155 1701 fidem
2211 1647 2263 1701 in
2288 1663 2399 1702 uno
2441 1648 2694 1704 Brunone
2722 1657 2911 1704 contra
2933 1649 3222 1704 multorum
3253 1648 3473 1705 fraudes

203 1740 463 1793 coleretur
488 1754 594 1809 pro
618 1751 770 1808 purae
799 1736 998 1792 mentis
1043 1733 1373 1790 innocentia.
1408 1733 1582 1788 Tanta
1611 1732 1778 1804 largi-
1811 1728 1856 1788 li
1888 1736 2116 1791 viriliter
2148 1736 2536 1803 decertantem,
2588 1740 2835 1794 miranda
2877 1741 3136 1811 patientia
3177 1740 3470 1795 multorum

205 1831 319 1886 tatis
344 1831 663 1887 abundabat
683 1830 972 1896 cbaritate,
987 1838 1047 1884 ut
1071 1843 1209 1899 pene
1231 1835 1428 1883 cuncta
1451 1826 1786 1882 distribuens

203 1926 477 1981 indiscrete
536 1924 596 1979 in
648 1922 877 1979 aliorum
933 1921 1241 1993 opulentia,
1272 1920 1451 1992 ipsum
1507 1918 1786 1975 multoties

203 2016 538 2087 contingeret
582 2014 853 2086 indigere.
898 2011 1383 2084 Eleemosynarum
1429 2010 1619 2066 virtuti
1657 2018 1785 2066 ante

204 2105 369 2160 omnia
395 2113 449 2160 et
478 2119 649 2175 super
671 2102 856 2159 omnia
887 2101 1199 2166 insudabat,
1225 2116 1326 2156 nec
1348 2114 1448 2170 pro
1481 2098 1594 2154 ullo
1612 2113 1788 2154 saecu-

206 2198 296 2253 lari
331 2199 725 2269 impedimento
772 2209 1098 2267 quemquam
1129 2194 1273 2249 diem
1318 2193 1611 2251 omittebat
1654 2191 1784 2262 quin

205 2289 337 2344 omni
360 2302 522 2344 mane
555 2287 674 2358 ipse
704 2302 801 2358 per
828 2300 889 2341 se
930 2298 1225 2356 pauperum
1265 2283 1438 2339 turba:
1462 2283 1784 2350 deserviret,

207 2396 263 2436 ac
288 2381 567 2437 Dominico
614 2378 865 2449 exemplo
899 2392 1088 2432 eorum
1133 2375 1357 2446 vestigia
1390 2374 1662 2430 abluendo
1707 2374 1785 2429 vi-

207 2480 336 2524 ctum
367 2468 733 2525 sufficientem
765 2468 1051 2523 tribueret.
1081 2465 1380 2521 Devotionc
1409 2466 1634 2520 contriti
1666 2480 1788 2521 cor-

208 2560 282 2613 dis
308 2567 359 2613 et
392 2558 818 2629 compunctione
845 2557 1273 2628 lacrymosornm
1300 2555 1598 2626 gemituum
1628 2554 1788 2609 inun-

207 2652 353 2707 dabat
380 2651 713 2707 mirabiliter
739 2650 874 2705 adeo
902 2658 961 2704 ut
996 2649 1131 2704 nihil
1155 2663 1323 2703 sacra:
1346 2648 1637 2714 orationis,
1667 2646 1789 2701 nqu

207 2742 305 2797 h'un
336 2743 504 2798 divini
536 2741 874 2797 sacrificium
902 2738 1063 2796 officii
1085 2754 1321 2810 superno
1349 2739 1519 2793 vultui
1549 2752 1788 2808 pra-sen-

209 2844 338 2891 taret
365 2837 496 2908 quin
536 2835 801 2892 continuo
838 2833 1203 2903 lacrymarum
1240 2831 1462 2886 flumine
1498 2830 1691 2886 faciem
1730 2839 1789 2886 et

207 2941 381 3001 pectus
405 2930 686 2998 irrigaret.
716 2927 833 2982 Tali
859 2943 917 2982 se
945 2925 1263 2982 holocausto
1293 2924 1348 2978 in
1372 2932 1671 2994 conspectu
1700 2922 1786 2977 di-

207 3038 333 3076 vina:
359 3021 668 3090 majestatis
694 3020 969 3074 mactabat
995 3018 1233 3082 assidue,
1275 3017 1456 3072 sciens
1484 3017 1788 3072 certissime

214 3132 230 3164 ι
263 3084 588 3169 ωςιῗὶιίξείιηυ
617 3120 835 3183 gratum
874 3110 986 3165 Deo
1017 3109 1269 3180 spiritum
1307 3107 1732 3164 contribulatum
1763 3127 1781 3159 ι
1817 3084 1857 3143 C

213 3205 335 3261 fore.
381 3204 671 3276 Sapientia
718 3202 1024 3256 divinarum
1073 3201 1543 3268 humanarumque
1589 3200 1787 3252 artium

220 3298 267 3351 in
293 3314 357 3353 eo
384 3297 694 3367 refulgebat
737 3294 1090 3364 amplissima,
1135 3290 1371 3361 maxime
1391 3290 1529 3343 artis
1556 3288 1791 3343 delecta-

217 3387 330 3442 bilis
357 3388 582 3443 musica:
631 3384 847 3454 peritia,
883 3398 990 3453 qua
1040 3381 1281 3450 antiquis
1329 3379 1641 3434 auctoribus
1682 3393 1789 3432 non

214 3481 360 3537 modo
392 3480 726 3552 :equiparari
748 3484 979 3549 poterat,
1013 3476 1122 3531 imo
1153 3476 1205 3529 in
1231 3472 1480 3529 melhflca
1509 3470 1793 3528 dulcedine

215 3574 497 3629 nonnullos.
520 3586 712 3628 eorum
747 3569 1107 3640 praecellebat.
1145 3568 1280 3623 Nam
1323 3580 1654 3637 componens
1680 3578 1794 3620 res-

216 3671 453 3736 ponsoria
469 3669 522 3723 in
546 3665 1127 3735 venerationegloriosi
1151 3665 1409 3736 martyris
1426 3663 1636 3735 Cyriaci
1653 3662 1790 3735 (2f),
1813 3670 1828 3680 ‘

216 3761 486 3832 sanctique
521 3759 725 3815 llidulfi
755 3758 1102 3813 Trevirorum
1131 3756 1663 3827 archiepiscopi,nec
1683 3770 1793 3810 non

215 3850 372 3907 beata:
419 3850 612 3908 0dilia:
661 3849 919 3920 virginis,
968 3857 1132 3918 atque
1166 3847 1452 3903 venerandi
1499 3846 1792 3917 Anglorum

218 3946 432 4017 apostoli
461 3944 714 4017 Gregorii
745 3942 1005 4005 doctoris,
1036 3940 1201 3995 divini
1243 3940 1428 3996 laudes
1457 3940 1663 3994 servitii
1696 3938 1795 3992 mi-

220 4038 360 4092 rifico
398 4038 596 4092 decore
623 4032 930 4103 ampliavit.
961 4030 1299 4085 Humilitatis
1342 4042 1559 4099 quoque
1588 4044 1653 4084 ac
1698 4043 1797 4098 pa-

219 4131 410 4187 tientia:
430 4131 633 4186 donum
667 4129 741 4183 ita
781 4127 833 4180 in
861 4141 925 4181 eo
951 4125 1146 4179 eaituit
1174 4132 1251 4188 ut,
1282 4123 1325 4179 si
1355 4123 1538 4178 forsan
1559 4122 1793 4191 aliquem

220 4220 572 4290 snbjeetorum
607 4235 709 4290 pro
736 4234 847 4272 sua:
877 4216 1049 4286 culpae
1090 4230 1230 4269 noxa
1273 4214 1600 4284 increparet,
1629 4221 1796 4283 utque

222 4313 327 4368 fieri
349 4314 512 4380 solet,
540 4313 628 4369 ille
660 4310 1008 4380 impatientize
1029 4317 1209 4372 motus
1251 4306 1372 4361 felle
1396 4305 1564 4360 multa
1596 4307 1796 4375 impro-

220 4406 480 4474 periorum
521 4403 770 4461 convicia
815 4398 1062 4469 arguenti
1097 4397 1312 4469 praesuli
1343 4397 1645 4466 irrogaret;
1691 4395 1794 4451 iste

224 4512 314 4566 pro
353 4500 639 4555 verborum
687 4494 898 4565 injuriis
945 4506 1053 4546 non
1103 4490 1352 4554 verbera,
1391 4489 1491 4543 sed
1527 4486 1795 4558 lacrymas

227 4589 544 4645 condolendo
580 4585 945 4657 impenderet.

294 4678 425 4734 XIV.
456 4679 673 4734 Invida:
693 4676 914 4748 patitur.
949 4672 1017 4726 In
1040 4669 1274 4725 morbum
1306 4668 1512 4722 incidit.
1543 4668 1585 4721 Α
1615 4676 1798 4721 sancto

230 4769 401 4826 Blasio
431 4783 673 4827 sanatur.
705 4799 778 4810 ——
802 4768 897 4823 llis
944 4780 1075 4837 ergo
1114 4764 1341 4833 aliisque
1385 4763 1542 4817 bonis
1590 4762 1801 4817 actibus

230 4864 544 4935 perspiciens
578 4879 704 4920 eum
730 4861 911 4917 cluere
947 4858 1164 4915 humani
1191 4856 1404 4929 generis
1433 4856 1798 4924 adversarius,
1826 4886 1833 4890 ν

299 4997 405 5069 (20)
454 4998 585 5069 Boil.
632 4989 1377 5069 Berseunam.“Joamtcs'de
1416 4989 1598 5061 Bayon
1640 4974 1835 5058 supra

236 5062 468 5138 laudatus
496 5068 817 5123 Berlmmam
842 5062 1101 5134 appellat.

303 5135 410 5200 (ill
451 5141 507 5195 S.
541 5139 803 5199 Cvriaeus
834 5127 1099 5200 patronus
1146 5142 1231 5187 est
1281 5129 1592 5187 monasterii
1620 5127 1805 5184 Altor-

1886 1828 2093 1900 spicula
2132 1830 2374 1886 hostium
2409 1831 2790 1901 :rquanimiter
2824 1833 3208 1902 perferentem,
3240 1848 3474 1904 prtecer-

1887 1921 2019 1976 diali
2049 1922 2426 1993 compassione
2464 1923 2805 1978 subditorum
2850 1922 2953 1976 sibi
2980 1922 3261 1991 diSpendia
3290 1921 3474 1976 dolen-

1886 2020 1994 2067 tem
2018 2053 2033 2079 ,
2059 2012 2191 2083 ipsis
2233 2012 2467 2068 inimicis
2512 2011 2801 2068 affectuosa
2840 2012 3107 2068 charitate
3135 2027 3295 2082 quam
3324 2010 3475 2066 facile

1888 2102 2014 2158 lime
2044 2104 2437 2174 indulgentem.
2468 2103 2573 2160 Sed
2597 2119 2703 2159 non
2747 2114 2832 2159 est
2870 2118 3096 2159 necesse
3134 2118 3271 2173 quos
3310 2102 3479 2158 bello-

1886 2210 2006 2249 rum
2035 2205 2235 2261 motus,
2267 2209 2405 2265 quas
2436 2195 2692 2276 Ecclesia:
2740 2196 2841 2251 sibi
2882 2196 3191 2251 commissae
3230 2196 3483 2263 devasta;

1887 2287 2086 2350 tiones,
2120 2287 2350 2357 praedas,
2400 2287 2647 2342 incendia
2693 2287 2975 2357 pertulerit
3009 2301 3316 2353 recensere,
3347 2287 3476 2341 dum

1889 2376 2289 2447 Omnipotentis
2319 2376 2514 2447 gratia,
2544 2377 2609 2432 de
2647 2374 2860 2431 cunctis
2902 2375 3022 2446 ejus
3052 2375 3262 2430 aemulis
3295 2375 3349 2428 in
3383 2390 3479 2430 ne-

1886 2468 2054 2538 quitia
2099 2467 2379 2532 radicatis,
2415 2467 2582 2522 citum
2610 2467 2828 2537 dignata
2874 2475 2962 2521 est
2996 2465 3158 2520 finem
3199 2466 3507 2537 imponere

1888 2574 1952 2615 ac
2012 2558 2115 2613 sibi
2183 2558 2395 2614 fidelem
2463 2558 2723 2613 famulum
2781 2559 2869 2628 pia
2931 2556 3304 2612 consolatione
3381 2570 3477 2625 per

1885 2652 2065 2707 visum
2092 2651 2263 2705 voluit
2296 2650 2553 2705 relevare.
2590 2649 2869 2719 Siquidem
2892 2650 3018 2703 dum
3067 2648 3245 2703 adlmc
3275 2646 3469 2701 adver-

1887 2744 2107 2799 sititum
2151 2741 2446 2811 angoribus
2487 2749 2811 2803 arctaretur,
2839 2738 3074 2809 quadam
3115 2745 3276 2792 nocte
3297 2736 3478 2790 multi-

1888 2836 2087 2907 plicum
2137 2833 2562 2889 sollicitudinum
2614 2832 2789 2887 fessus
2852 2831 3147 2894 laboribus,
3200 2828 3476 2883 miseriam

1888 2931 1989 2987 sibi
2039 2927 2265 2996 subjecti
2316 2926 2498 2998 populi
2556 2925 2907 2990 revnlvcmlo,
2950 2920 3479 2993 laerymabiliterqne

1891 3020 2004 3075 suis
2039 3034 2161 3074 eam
2217 3018 2516 3087 reputando
2555 3014 2897 3079 criminibus,
2925 3019 3212 3083 soporatur
3233 3026 3299 3065 ac
3335 3008 3482 3065 videt

1892 3113 1945 3168 in
1991 3112 2198 3167 somnis
2240 3109 2527 3180 quemdam
2587 3106 2817 3178 angelici
2859 3105 3040 3159 vultus
3075 3102 3335 3172 prmferre
3373 3102 3477 3156 sibi

1892 3204 2158 3274 sphzeram
2187 3216 2349 3271 supra
2391 3199 2522 3253 solis
2561 3195 2902 3267 splendorem
2949 3193 3228 3263 fulgidam,
3261 3206 3381 3260 qua:
3405 3190 3484 3244 vi-

1892 3294 2122 3347 debatur
2157 3292 2210 3345 in
2249 3306 2307 3345 se
2331 3291 2495 3344 totius
2533 3287 2717 3341 mundi
2773 3284 3007 3339 retinere
3049 3280 3377 3341 machinam.
3428 3278 3481 3332 in

1892 3400 1996 3456 qua
2027 3386 2189 3439 etiam
2223 3382 2538 3453 specialiter
2560 3380 2609 3434 ei
2631 3377 3060 3433 ostendebantur
3076 3374 3183 3430 duo
3209 3372 3485 3444 praeclara!

1894 3479 2080 3534 formae
2107 3475 2374 3530 homines.
2402 3470 2643 3539 Quorum
2665 3469 2790 3523 dum
2814 3467 3031 3520 nomina
3059 3477 3248 3518 eorum
3271 3462 3483 3516 discere

1893 3576 2132 3641 cuperet.
2162 3564 2466 3633 huiusmodi
2496 3578 2600 3617 vox
2621 3576 2747 3617 suas
2771 3557 3019 3631 pervenit
3045 3556 3111 3611 ad
3140 3568 3300 3610 aures
3327 3570 3342 3609 :
3374 3552 3483 3611 llos

1894 3638 2117 3717 Mariam
2176 3657 2568 3729 Magdalenam,
2629 3653 3030 3720 Galienumque
3088 3646 3305 3703 noveris
3363 3638 3483 3700 csSe

1894 3756 2230 3826 episcopum,
2258 3763 2488 3820 quorum
2518 3745 2794 3801 consortio
2824 3752 2876 3798 te
2910 3741 3014 3795 frui
3047 3740 3099 3795 in
3129 3739 3310 3793 futuro
3334 3736 3485 3791 laeta-

1893 3844 2059 3902 beris.
2081 3845 2331 3913 Dumque
2360 3840 2606 3895 eamdem
2644 3838 2912 3907 sphaeram
2961 3831 3299 3887 laetabundus
3334 3829 3481 3884 acci-

1892 3939 2050 4009 piens
2070 3933 2321 3989 manibus
2352 3931 2454 3986 sibi
2504 3931 2556 3984 in
2589 3930 2765 3984 sinum
2799 3926 2958 3981 vellet
2987 3937 3212 3995 ponere,
3240 3936 3482 3991 praesago

1896 4026 2201 4081 futurorum
2223 4031 2307 4077 est
2332 4028 2683 4090 experrectus
2711 4029 2924 4085 Sapore.
2958 4012 3069 4068 Nec
3113 4011 3309 4065 mirum
3339 4011 3483 4063 hunc

1896 4119 2068 4172 beata:
2112 4114 2294 4169 Mariae
2338 4113 2442 4168 dici
2482 4111 2596 4165 fore
2644 4115 2976 4170 consortem,
3040 4118 3163 4159 cum
3210 4116 3306 4173 par
3353 4116 3480 4170 erga

1899 4212 2065 4266 Deum
2096 4206 2399 4264 dilectionis
2427 4203 2679 4266 affectus,
2710 4210 2764 4256 et
2794 4198 3087 4255 continuus
3116 4193 3480 4265 laerymarum

1897 4303 2042 4359 velut
2068 4301 2412 4355 fontanarum
2435 4311 2697 4366 aquarum
2723 4293 3003 4353 decursus,
3028 4285 3145 4355 ejus
3166 4284 3483 4340 meritorum

1901 4393 2046 4449 illum
2077 4389 2368 4447 reddiderit
2394 4387 2732 4458 participem.

1975 4483 2232 4551 Quamvis
2257 4490 2437 4536 autem
2474 4495 2502 4533 a
2529 4479 2683 4534 nobis
2714 4477 2889 4532 adhuc
2913 4474 3212 4544 ignoretur,
3236 4467 3358 4539 quis
3385 4468 3487 4522 iste

1903 4575 2159 4631 Galicuus
2207 4572 2496 4637 exstiterit,
2552 4586 2657 4624 non
2689 4577 2773 4624 est
2820 4577 2999 4623 tamen
3044 4561 3264 4617 dubium
3306 4552 3485 4627 magni

1901 4686 2022 4727 esse
2042 4685 2165 4725 cum
2192 4666 2392 4734 meriti,
2417 4681 2576 4736 quem
2614 4662 2794 4717 divina
2836 4673 2934 4712 vox
2984 4662 3146 4710 tantae
3178 4647 3489 4736 laudis-viro

1903 4758 2283 4831 comquaverit.
2340 4734 2513 4825 Quam
2556 4752 2819 4808 visionem
2853 4750 3140 4804 subsecuta
3179 4745 3262 4794 est
3294 4734 3488 4831 efficax

1904 4826 2100 4906 divinae
2121 4849 2308 4922 gratim
2338 4846 2654 4906 consolatio,
2703 4840 2926 4915 praefato
2958 4834 3144 4892 Odone
3169 4826 3367 4886 comite
3389 4837 3488 4894 per

1912 4986 2181 5042 monacho
2222 4978 2558 5039 Medianeusi
2588 5015 2603 5035 .
2655 4975 2749 5029 ulzi
2789 4972 2953 5029 etiam
2989 4978 3148 5042 vetns
3184 4956 3493 5042 oratorium:

1914 5037 2279 5126 gifire—gorii,
2309 5037 2452 5109 anno
2484 5044 2643 5109 10M,
2687 5041 2984 5116 composita
3019 5037 3185 5093 fuisse
3231 5039 3505 5091 memorat.

1910 5125 2152 5200 Joannes
2175 5127 2241 5179 de
2271 5125 2500 5200 Βίιγοιι.⁸
2710 5188 2722 5200 _
2830 5187 2841 5198 _
3018 5189 3235 5200 um.“
3285 5169 3495 5200 mm“-
