4010 5328
457 215 564 272 483

1822 216 1879 273 S.
1923 216 2053 274 LEO
2094 217 2162 277 IX
2202 216 2404 278 PAPA.

3632 222 3740 283 ιει

453 327 769 383 bellicosum
800 334 996 384 nostrae
1025 327 1211 399 patriae
1237 328 1429 384 ducem
1462 326 1774 384 Goziloactn
1818 330 2047 400 turpiter
2077 336 2122 396 Α
2154 333 2433 388 votionum
2491 332 2782 400 serenitas,
2830 341 3032 403 quanta
3077 348 3248 404 usque
3274 336 3340 390 ad
3384 336 3740 393 novissimum

456 419 618 474 morti
650 419 872 484 tradito,
903 434 967 474 ac
1004 435 1138 490 pace
1185 436 1282 492 per
1327 422 1470 476 lnmc
1508 420 1725 476 beatum
1757 420 2041 490 praesulem

457 514 730 579 rcstitn:a,
805 532 911 570 non
963 517 1137 571 solum
1191 518 1557 589 Lotharingiae
1606 534 1795 588 regno,
1855 531 2043 573 verum

414 668 418 672 _
456 604 621 658 etiam
649 603 1023 672 adjaccntihus
1052 607 1347 676 provinciis
1392 607 1595 663 Christi
1626 615 1898 660 annuente
1934 607 2046 661 suf-

454 694 650 765 fragio.
682 695 817 750 Nam
849 696 965 767 ejus
999 699 1395 753 intercurrente
1444 699 1733 768 sapientia,
1782 697 2048 768 legatione

454 797 512 843 et
531 787 775 852 consilio,
810 799 895 843 est
924 789 1167 845 lloinano
1194 790 1509 858 adjunctum
1552 800 1606 844 et
1633 791 2045 845 corroboratum

455 881 684 951 imperio
715 895 940 948 regnum
970 882 1285 944 Austrasiae,
1317 881 1462 950 quod
1497 881 1698 935 dudum
1732 881 1802 934 ab
1835 880 2047 950 origine

454 973 676 1028 tenebat
726 970 1106 1028 Rodulfusrex
1157 971 1404 1028 Jurensis
1449 971 1869 1041 Burguudiae,et
1903 971 2044 1027 idem

446 1063 559 1132 jam
592 1064 769 1118 dictus
808 1064 1049 1134 pontifex
1096 1074 1180 1119 est
1221 1065 1461 1119 directus
1504 1064 1707 1135 legatus
1746 1078 1844 1133 pro
1899 1062 2047 1131 pacis

454 1158 743 1211 concordia
772 1157 916 1211 inter
945 1156 1283 1226 suprafatum
1334 1154 2044 1211 Cotlradum'Romauorum

453 1247 751 1317 principem
778 1262 843 1301 ac
877 1246 1168 1300 liohcrtum
1199 1245 1446 1300 Franciae
1476 1260 1677 1315 regem.
1705 1244 1876 1310 Quam
1900 1244 2046 1314 lega-

454 1340 656 1393 tionem
679 1352 838 1407 quam
872 1337 1096 1391 honeste
1150 1335 1521 1405 compleverit.
1572 1343 1656 1388 est
1696 1335 1848 1389 testis
1875 1332 2045 1388 Fran-

453 1447 560 1492 cta,
589 1446 708 1499 qua:
757 1431 933 1483 adhuc
983 1430 1137 1498 quasi
1168 1443 1366 1482 novum
1411 1428 1598 1492 refert,
1638 1436 1840 1496 quanta
1885 1425 1937 1479 in
1979 1439 2046 1479 eo

454 1520 853 1589 resplendnerit
897 1517 1185 1587 sapientia,
1227 1533 1346 1586 qua:
1396 1515 1698 1578 humilitas,
1727 1529 1849 1585 qua:
1902 1513 2048 1568 deui-

451 1628 559 1681 quc
588 1628 642 1665 ιιι
672 1622 883 1666 cunctis
929 1621 1123 1679 CthlIS
1153 1608 1425 1673 eﬂicacia;
1466 1622 1628 1677 quant
1669 1607 1902 1661 decorus
1932 1606 2045 1661 fue-

2149 422 2506 492 quadrantem
2546 423 3011 497 eleemosynarum
3042 424 3283 496 largitas,
3326 441 3492 495 quam
3534 425 3743 483 diutina

2148 513 2202 567 in
2226 513 2423 568 divinis
2459 514 2827 576 orationibus,
2879 514 3079 584 vigiliis
3092 514 3422 585 jejuniisque
3458 516 3739 579 instantia,

2146 620 2308 675 quam
2342 605 2665 676 longanimis
2695 606 2747 659 in
2778 606 2958 661 carnis
3003 608 3368 663 maceratione
3390 608 3744 678 paenitentia,

2147 712 2253 752 non
2278 705 2363 751 est
2388 696 2547 752 facile
2583 702 2843 767 promere
2861 698 3062 761 verbis,
3099 714 3222 754 cum
3256 701 3371 769 ipse
3406 700 3533 755 ﬁnis
3555 701 3613 756 in
3636 717 3744 771 quo

2146 790 2323 843 omnis
2371 790 2489 845 laus
2545 790 2761 845 canitur
2827 806 3019 846 secure
3076 792 3364 848 manifeste
3415 795 3745 863 prodiderit,

2149 879 2426 950 Siquidem
2471 881 2523 934 in
2569 891 2772 937 tantam
2820 883 3216 953 corpulentiam
3261 885 3524 955 superﬂui
3576 887 3746 942 abun-

2147 969 2329 1025 dantia
2362 972 2605 1027 humoris
2651 972 2771 1042 ejus
2800 974 3045 1042 corporis
3081 975 3359 1043 quantitas
3389 985 3742 1041 excreverat,

2149 1069 2203 1113 ut
2238 1062 2323 1114 vix
2366 1062 2530 1116 rlieda
2568 1071 2751 1132 posset
2797 1065 2917 1119 vehi
2946 1082 3054 1134 quo
3078 1068 3454 1137 opportunitas
3494 1084 3744 1124 commo-

2150 1153 2331 1206 nebat.
2371 1151 2501 1219 Quae
2525 1155 2764 1224 gravitas
2795 1158 3062 1227 corporis,
3093 1159 3348 1227 quoniam
3375 1161 3479 1216 sibi
3520 1163 3745 1217 videba-

2151 1251 2238 1296 tur
2285 1241 2665 1310 iutolcrabilis,
2716 1245 2990 1301 multoties
3019 1245 3221 1302 Christi
3263 1250 3496 1319 gratiam
3550 1250 3743 1322 profu-

2148 1332 2225 1388 sis
2253 1334 2498 1389 exoravit
2528 1334 2802 1407 lacrymis,
2827 1346 2886 1391 ut
2910 1338 3050 1393 sicut
3071 1340 3232 1393 unius
3258 1342 3448 1395 matris
3474 1357 3601 1395 eam
3626 1358 3749 1413 pro-

2151 1423 2272 1479 tulit
2314 1424 2468 1481 alvus
2499 1425 2722 1491 nmudo,
2769 1428 2843 1482 ita
2898 1429 3058 1484 utrius
3105 1432 3350 1487 mulieris
3395 1432 3540 1488 ulnis
3577 1437 3748 1503 possit

2152 1524 2367 1571 terreno
2427 1517 2671 1571 mamlari
2716 1517 2985 1588 sepulcro.
3018 1518 3185 1575 Cuius
3231 1536 3417 1577 vocem
3463 1525 3747 1579 exaudivit

2149 1606 2345 1665 Oriens
2369 1625 2437 1664 ex
2472 1611 2606 1665 alto.
2658 1610 2790 1666 Nam
2827 1614 3023 1669 diutini
3053 1618 3419 1673 maceratione
3465 1617 3747 1686 languoris

451 1703 729 1768 rit.hahitu
755 1702 952 1757 mentis
975 1710 1030 1755 et
1049 1701 1316 1771 corporis,
1355 1716 1519 1770 quam
1569 1714 1843 1770 congruus
1866 1698 1918 1752 in
1958 1698 2040 1753 iu-
2074 1696 2114 1755 Β
2149 1699 2221 1753 ita
2243 1698 2311 1753 ad
2335 1698 2581 1753 ultimum
2615 1700 2719 1755 fuit
2740 1710 2981 1771 tenuata,
3015 1713 3074 1759 ut
3103 1718 3239 1775 pene
3281 1715 3479 1761 cuncto
3514 1714 3746 1763 humore

451 1796 690 1853 ferendis
742 1795 924 1868 verbis
969 1794 1273 1865 legationis.
1304 1792 1475 1860 Quem
1503 1792 1687 1848 cuncti
1731 1801 1791 1846 ut
1828 1800 2036 1862 patrem

450 1888 620 1943 nimio
647 1902 833 1941 amore
861 1884 1247 1955 suscipiebant,
1279 1898 1441 1954 quem
1467 1898 1659 1938 omnes
1701 1890 1760 1936 ιιι
1789 1890 2038 1937 sanctum

450 1993 661 2033 summa
690 1976 1037 2031 veneratione
1063 1973 1404 2029 excolebant.
1447 1973 1639 2042 Itaque
1686 1980 1836 2027 tanta
1878 1970 2041 2025 firmi-

450 2077 560 2124 tate
581 2082 769 2138 paccm
798 2074 851 2121 et
880 2065 1224 2120 concordiam
1255 2066 1400 2121 inter
1420 2074 1648 2133 utraque
1675 2078 1841 2134 regna
1872 2063 2041 2118 stabi—

449 2159 591 2226 livit,
618 2168 678 2214 ut
730 2158 907 2228 quoad
968 2158 1217 2211 vixerunt
1278 2156 1677 2226 pnememorati
1735 2155 2037 2228 principes,

449 2231 574 2307 cum
619 2251 721 2306 sibi
744 2249 1164 2305 succedentibus
1197 2248 1324 2304 liliis
1351 2249 1595 2318 utrisque
1624 2246 1875 2303 llenricis
1903 2247 2040 2319 (9.3),

450 2346 628 2401 nullus
655 2353 1138 2415 quantumcunque
1171 2342 1513 2397 fraudulenta
1541 2352 1660 2396 arte
1710 2342 2040 2398 discordiam

453 2439 593 2491 inter
613 2435 719 2491 duo
745 2450 908 2506 regna
936 2448 1118 2488 serere
1148 2433 1400 2489 valuerit.
1446 2433 1551 2487 Sed
1578 2432 1794 2487 invidus
1820 2432 2040 2488 humani

448 2528 666 2599 generis
700 2527 870 2581 hostis
896 2523 1237 2596 perpendens
1282 2540 1343 2579 se
1394 2523 1764 2595 neqmreejus
1800 2523 2045 2578 devotio—

450 2631 575 2673 nem
605 2632 701 2687 per
731 2630 859 2670 suos
878 2613 1141 2669 satellites
1177 2628 1207 2666 a
1241 2620 1390 2669 recto
1420 2611 1639 2675 tramite
1661 2611 1914 2677 deviare;
1943 2624 2043 2680 per

448 2723 509 2764 se
535 2707 586 2762 in
612 2706 760 2761 illum
789 2705 972 2761 divino
999 2704 1269 2774 permissu
1317 2703 1626 2774 insurgens,
1657 2702 1824 2757 nimio
1855 2715 2045 2770 corpo-

452 2798 530 2853 ris
550 2805 800 2867 aggravat
828 2810 1097 2867 tanguorc
1133 2794 1488 2848 continuatim
1523 2793 1742 2848 anuuali
1776 2800 2037 2863 tempore.

449 2890 654 2945 Aderat
687 2886 1103 2963 totaalugubris
1171 2884 1343 2955 plebis
1409 2883 1737 2950 multitudo,
1789 2883 1856 2939 de
1924 2881 2044 2952 ejus

454 2983 715 3051 sospitate
735 2978 1061 3049 desperans;
1104 2977 1292 3032 aderat
1312 2975 1476 3031 etiam
1513 2987 1686 3032 cactus
1709 2976 2040 3032 medicorum

2147 1789 2332 1843 carnis
2371 1788 2670 1855 exsiccalo,
2703 1790 2817 1845 sola
2862 1806 3004 1856 ossa,
3038 1802 3161 1848 cute
3193 1803 3248 1849 et
3294 1797 3477 1851 nervis
3518 1812 3643 1852 sese
3664 1808 3747 1853 tes

2144 1876 2416 1942 uentibus,
2446 1879 2762 1934 viderentur
2809 1884 3189 1939 tantummodo
3228 1885 3581 1941 cohaerentia.
3636 1887 3742 1940 ltaa

2141 1981 2248 2035 que
2318 1968 2387 2021 ad
2445 1978 2748 2023 extremam
2794 1969 2920 2025 vitae
2969 1982 3168 2027 metam
3228 1975 3474 2040 veniens,
3530 1978 3746 2030 cunctis

2142 2056 2448 2113 distributis
2474 2074 2598 2128 quae
2639 2060 2753 2129 ipsa
2789 2076 2887 2131 per
2915 2076 2994 2127 se,
3027 2064 3270 2135 exceptis
3298 2065 3480 2120 mariti
3523 2066 3747 2122 redditi-

2143 2147 2265 2216 bus,
2309 2163 2373 2204 ex
2422 2151 2645 2222 proprio
2693 2163 2914 2223 sumptu
2963 2155 3016 2209 in
3057 2170 3188 2211 usus
3215 2172 3513 2226 pauperum
3544 2172 3749 2229 expen-

2143 2240 2321 2307 dendo
2366 2243 2609 2313 quotidie
2669 2254 3081 2316 aggregaverat,
3124 2261 3280 2301 sacra
3318 2248 3637 2303 imtuctione
3679 2265 3745 2301 ac

2142 2332 2371 2388 vivilicae
2435 2334 2832 2390 communionis
2883 2336 3301 2407 participatione
3372 2339 3601 2404 munita,
3652 2340 3745 2394 diu

2141 2422 2408 2477 exanimis
2432 2431 2491 2477 et
2540 2422 2747 2493 absque
2774 2423 2884 2480 ullo
2936 2425 3083 2480 vitali
3134 2425 3263 2481 ﬂatu
3296 2426 3497 2496 jacuit,
3545 2438 3740 2483 cuncta

2141 2509 2411 2589 ejulante_
2441 2510 2651 2569 familia
2701 2530 2826 2570 cum
2885 2531 3183 2587 pauperum
3235 2519 3524 2573 viduarum
3580 2529 3744 2589 atque

2141 2585 2510 2673 orphanorum
2548 2605 2807 2661 catervis.
2840 2585 2971 2675 Quae
2994 2585 3194 2664 subito
3227 2619 3509 2679 resumpto
3546 2585 3741 2680 spiritu

2144 2698 2375 2760 rediens,
2404 2713 2470 2753 ac
2498 2697 2785 2755 confusum
2808 2700 3209 2772 deplorandum
3236 2702 3534 2758 clamorem
3559 2702 3741 2758 sedari

2143 2788 2483 2857 praecipiens,
2512 2804 2704 2845 omnes
2737 2790 2898 2846 domo
2923 2791 3192 2848 eliminari
3233 2793 3409 2865 jubet.
3455 2794 3739 2863 solamque

2141 2876 2504 2950 Regelwidem
2533 2878 2708 2949 [Βοιι.
2735 2881 2811 2935 al.
2868 2880 3208 2953 Regilindam
3239 2886 3250 2903 '
3274 2885 3510 2940 cannobi't
3538 2893 3743 2940 saneta:

2142 2969 2336 3025 Crucis
2388 2970 2721 3028 abbatissam
2778 2987 2903 3028 cum
2957 2975 3179 3045 proprio
3262 2976 3462 3031 retinet
3522 2975 3737 3030 marito.

451 3072 691 3127 dolorem
733 3066 1086 3139 desperativis
1136 3066 1316 3121 verbis
1358 3072 1745 3136 augineutans;
1795 3078 2037 3119 omnium
2068 3058 2113 3119 ι]
2144 3058 2352 3127 Quibus
2379 3074 2502 3116 cum
2528 3060 2658 3117 fletu
2680 3061 3099 3132 admirantibus,
3127 3065 3257 3135 quid
3281 3064 3385 3120 sibi
3418 3065 3582 3121 vellet
3626 3066 3741 3120 ait:

450 3160 707 3232 rigabant
750 3174 846 3212 ora
901 3157 1177 3228 lacrymae,
1229 3155 1330 3226 ipsi
1371 3155 1717 3227 quoquejam
1764 3156 2041 3212 defecerat

452 3266 578 3320 spes
617 3250 761 3302 vitae.
794 3246 947 3302 Tune
993 3246 1177 3302 divino
1221 3247 1532 3300 admonitus
1579 3245 1860 3311 instinctu,
1888 3246 2044 3316 jubet

457 3358 517 3397 se
557 3337 862 3396 nocturnali
911 3337 1044 3392 hora
1081 3346 1208 3392 ante
1251 3337 1426 3391 sancti
1464 3335 1625 3391 Blasii
1666 3335 1838 3391 altare
1888 3336 2042 3401 ferri,

453 3435 691 3493 confisus
726 3449 784 3491 se
807 3433 925 3504 ejus
968 3431 1145 3502 dignis
1188 3430 1394 3486 meritis
1439 3445 1468 3483 a
1494 3430 1745 3500 praesenti
1792 3431 2042 3500 angustia
2078 3490 2079 3493 η

446 3526 712 3584 citissime
757 3523 994 3579 liberari.
1027 3523 1211 3591 Itaque
1251 3521 1450 3575 ibidem
1489 3530 1674 3591 raptus
1707 3520 1761 3575 in
1808 3521 2038 3585 cxstasi,

453 3634 562 3675 non
590 3617 708 3673 dico
734 3629 829 3686 per
883 3630 1157 3677 somnum,
1180 3611 1270 3681 qui
1321 3627 1445 3665 eum
1472 3610 1695 3665 omnino
1741 3610 2042 3680 aufugerat,

456 3708 605 3764 videt
634 3706 788 3777 quasi
820 3712 1069 3759 sanctum
1109 3701 1348 3757 Blasium
1390 3700 1458 3753 ab
1499 3700 1659 3754 altari
1697 3715 2043 3770 progressum

453 3816 574 3856 sese
630 3798 950 3853 invisentem
1001 3804 1168 3863 atque
1226 3790 1446 3847 niojum
1503 3789 1781 3860 languoris
1818 3806 2044 3859 compa-

454 3892 653 3945 tienter
700 3888 1101 3957 exquirentem,
1148 3881 1467 3950 cunctisque
1513 3880 1626 3935 suis
1669 3879 2046 3951 languentibus

453 3983 767 4054 praecordiis
795 3978 1015 4050 apertis,
1050 3976 1215 4031 veluti
1244 3977 1359 4046 ipse
1384 3992 1446 4029 ea
1485 3975 1916 4045 conspicaretur,
1947 3975 2047 4029 mi-

454 4072 716 4129 sericordi
754 4062 925 4123 manu
964 4067 1271 4121 abluentem
1317 4081 1380 4119 ac
1408 4063 1766 4119 medicamine
1799 4063 2047 4120 refoven-

460 4175 591 4229 tem,
618 4160 979 4226 omnibnsque
1006 4171 1104 4210 suo
1130 4156 1249 4210 loco
1280 4154 1563 4217 restitutis,
1598 4170 1662 4209 eo
1690 4170 1796 4224 quo
1826 4163 2050 4211 venerat

458 4254 796 4309 redeuutem.
860 4248 937 4301 De
984 4262 1087 4315 qua
1133 4245 1335 4299 exstasi
1365 4260 1678 4315 regressus,
1739 4260 1926 4315 sospes
1982 4246 2049 4299 de

457 4344 602 4399 lecto
632 4354 881 4410 surgens,
922 4337 1342 4390 circumstantes
1376 4336 1627 4399 advocat,
1668 4334 1930 4390 visionem
1960 4334 2049 4390 lae-

2149 3168 2168 3200 ι
2198 3147 2315 3203 Νοιι
2344 3164 2431 3205 me
2460 3147 2689 3219 lugeatis
2718 3153 2875 3221 quasi
2907 3153 3249 3217 morituram,
3304 3154 3561 3223 quoniam
3598 3171 3741 3210 nunc

2143 3243 2277 3298 mihi
2326 3243 2498 3299 adfuit
2542 3245 2786 3315 piissima
2826 3246 2919 3302 Dei
2960 3247 3197 3317 genitrix
3245 3246 3417 3302 Maria
3496 3263 3622 3318 quae
3652 3263 3737 3303 itte

2145 3334 2455 3391 dulcissima
2506 3334 2828 3392 affabilitate
2880 3346 3192 3399 consolans.
3253 3340 3508 3409 promisit
3554 3355 3740 3394 secum

2143 3427 2470 3483 aeternaliter
2494 3429 2763 3485 victuram
2789 3439 2845 3485 et
2875 3430 2930 3485 in
2969 3433 3297 3503 sempiterna
3315 3431 3743 3503 gloriafeliciter

2145 3528 2622 3589 conregnaturam.
2656 3520 2830 3576 Unum
2871 3537 3003 3594 ergo
3029 3532 3101 3587 te,
3139 3538 3173 3579 ο
3212 3523 3590 3579 amantissime
3613 3539 3744 3579 con-

2138 3609 2258 3678 ἕως,
2312 3611 2629 3682 suppliciter
2671 3626 2770 3667 oro
2813 3629 2883 3668 ne
2918 3629 3052 3670 meae
3096 3614 3369 3685 petitionis
3408 3616 3574 3671 verba
3622 3631 3743 3686 quae

2146 3700 2356 3773 dictura
2412 3717 2532 3756 sum
2578 3703 2812 3759 molesto
2862 3702 3008 3760 feras
3058 3706 3258 3760 animo.
3298 3724 3319 3758 ι
3372 3706 3619 3778 Cumque
3657 3707 3743 3763 ille

2147 3794 2366 3865 ignarus
2387 3797 2689 3860 futurorum
2713 3808 2993 3869 gratanter
3041 3814 3101 3856 se
3130 3799 3482 3872 impleturum
3505 3803 3745 3871 sponde-

2148 3892 2251 3949 ret,
2278 3902 2616 3956 quaecunque
2657 3886 2748 3941 illa
2778 3903 2846 3942 ex
2876 3899 3125 3960 prompta
3179 3890 3459 3945 voluntate
3499 3890 3739 3959 juberet,

2148 3977 2252 4031 ait:
2294 3996 2311 4027 ι
2345 3976 2479 4032 Peto
2507 3986 2565 4032 ut
2592 3977 2735 4033 sicut
2762 3980 2905 4033 nuda
2930 3995 3151 4051 egressa
3174 3996 3294 4035 sum
3327 3981 3392 4036 dc
3422 3991 3579 4037 utero
3627 3998 3745 4036 sna-

2150 4067 2247 4122 tris
2290 4082 2444 4135 meae,
2478 4068 2553 4122 ita
2585 4084 2673 4123 me
2700 4069 2898 4124 nudatur
2945 4070 2998 4124 in
3036 4070 3245 4125 tumulo
3292 4072 3553 4141 suscipiat
3591 4072 3744 4127 alvus

2151 4167 2338 4225 terrae;
2385 4168 2441 4213 et
2488 4160 2751 4229 quidquid
2789 4164 3098 4217 ornamenti
3145 4164 3214 4217 ad
3259 4163 3739 4233 consepeliendum

2151 4251 2280 4305 mihi
2312 4266 2630 4321 pararet-as,
2676 4252 2730 4306 in
2770 4269 2898 4307 usus
2925 4270 3222 4325 pauperum
3251 4254 3488 4310 fideliter
3514 4270 3743 4326 erogare

2151 4342 2391 4397 studeas.
2424 4360 2443 4395 ι
2501 4340 2669 4398 Cuius
2722 4344 2971 4413 petitioni
3024 4361 3334 4416 quanquam
3390 4347 3593 4402 invitus
3625 4346 3742 4416 jam

457 4442 548 4490 tus
573 4430 759 4503 pandit
780 4442 942 4498 quam
974 4426 1185 4480 viderat
1204 4440 1289 4490 ac,
1316 4425 1473 4480 sicuti
1503 4425 1811 4497 praelibatus
1842 4435 2049 4500 martyr
2079 4420 2126 4478 Ι)
2152 4433 2411 4505 praefatus
2461 4450 2695 4506 sponsus
2720 4440 2941 4502 annuit,
2977 4452 3207 4508 eamque
3232 4454 3356 4494 cum
3398 4455 3609 4495 summa
3637 4441 3745 4494 ala-

447 4522 709 4597 iusserat,
766 4517 1200 4589 responsorium:
1260 4514 1390 4582 Quis
1444 4515 1586 4572 Deus
1647 4533 1867 4589 magnus
1910 4519 2045 4574 sicut

458 4616 600 4672 Deus
640 4622 815 4668 noster
855 4607 1394 4681 (Psal.t.xxvl,14),
1435 4626 1557 4664 cum
1609 4611 1965 4680 praesentibus
1992 4613 2045 4666 in

460 4720 594 4762 voce
618 4700 954 4776 jubilationis
982 4700 1241 4765 concinuit,
1265 4709 1321 4755 et
1358 4701 1638 4756 nocturnis
1664 4700 1897 4771 impletis
1924 4702 2042 4758 olli-

458 4787 580 4861 cii's,
598 4793 823 4865 pedibus
851 4790 1086 4861 propriis
1117 4790 1301 4845 alacer
1327 4790 1544 4846 domum
1578 4792 1755 4851 rediit.

532 4890 647 4947 XV.
689 4888 957 4943 Brunoms
1002 4889 1186 4941 matris
1220 4891 1408 4959 pietas.
1448 4887 1576 4957 ρυω
1612 4890 1938 4963 inmorbum
1966 4890 2044 4942 in-

460 4983 610 5037 cidit.
682 4972 820 5034 Petit
852 4989 908 5033 ut
954 4979 1068 5033 sine
1106 4989 1296 5033 ornatu
1333 4980 1634 5052 sepeliatur.
1676 4978 1819 5034 Obit.
1849 5010 1922 5020 ——
1945 4977 2049 5035 Ve-

2152 4527 2347 4583 critate
2370 4529 2565 4583 mentis
2593 4530 2865 4584 hominem
2892 4541 3113 4587 erutam
3137 4533 3297 4588 modo
3316 4548 3424 4603 quo
3446 4534 3743 4589 constitue.

2153 4627 2239 4673 rat
2269 4618 2560 4690 sepultura:
2592 4621 2834 4676 tradidit.
2886 4621 3015 4677 Haec
3059 4633 3240 4679 autem
3289 4625 3410 4680 ideo
3462 4635 3573 4679 tam
3628 4635 3740 4682 stu.

2154 4711 2303 4766 diose
2327 4711 2482 4766 retuli
2513 4722 2570 4766 ut
2598 4728 2658 4783 pa
2670 4720 2842 4767 tescat
2864 4714 3222 4782 praesentibus
3244 4724 3299 4769 ct
3340 4717 3537 4771 futuris
3564 4732 3738 4786 quan-

2156 4812 2222 4858 tae
2254 4803 2377 4858 fidei
2398 4814 2454 4859 et
2477 4804 2784 4859 devotionis
2808 4806 2924 4861 haec
2947 4806 3143 4862 mulier
3161 4808 3765 4879 exstiterinquamque,

2156 4892 2367 4948 fervens
2446 4893 2498 4948 iu
2577 4893 3048 4966 eleemusynarum
3109 4896 3358 4970 largitate
3386 4897 3573 4955 fuerit.
3632 4900 3736 4955 Sed

2151 4995 2449 5052 congruum
2476 4983 2690 5037 videtur
2713 4985 2800 5039 hic
2821 4986 3120 5041 anchoram
3137 4988 3305 5042 nostri
3331 4989 3528 5055 navigii
3555 4990 3759 5062 figere,

461 5091 581 5128 rum
613 5072 869 5141 quoniam
903 5071 1107 5139 majora
1137 5086 1296 5126 erarat
1311 5086 1368 5127 re
1389 5073 1560 5145 stylus
1600 5084 1876 5144 properat,
1902 5071 2053 5129 vide-
2151 5081 2419 5145 quateuus
2454 5074 2847 5146 aliquantulum
2893 5078 3235 5148 respirando,
3265 5082 3531 5149 reparatis
3559 5096 3729 5138 arma-
