4010 5328
199 196 314 258 885

1177 183 1472 241 Ριιοιεο.
1511 214 1578 228 -ο
1619 183 1775 240 \‘lTA
1819 183 1878 239 S.
1923 182 2188 240 LEONIS.
2227 214 2299 226 -ο
2337 182 2464 241 LIB.
2490 183 2552 240 II.

3400 178 3505 243 488

199 334 272 347 -—
296 299 572 370 Suscepti
606 310 802 352 munus
823 294 1003 364 operis
1035 293 1236 350 Christi
1257 294 1514 365 suffragio
1549 302 1823 349 annuente
1852 305 1897 361 Α
1930 291 2110 349 finisse
2140 294 2304 348 vitam
2337 295 2387 348 in
2435 293 2694 365 principis
2741 293 3106 365 apostolorum
3156 294 3395 351 servitio.
3437 295 3515 354 De

201 391 572 467 prosecuturi
625 386 930 458 etqualitcr
979 386 1047 440 ad
1096 384 1448 455 apostolicam
1496 385 1813 456 dignitatem

202 482 538 557 pervenerit
565 481 650 535 vir
671 480 863 534 beatus
910 492 1140 547 qumque
1164 476 1214 530 ei
1248 475 1445 531 ibidem
1469 474 1816 546 contigerint,

204 577 316 633 imo
351 587 487 636 quae
517 588 617 643 per
643 586 765 626 eum
795 569 1017 638 ejusque
1041 569 1375 638 temporibus
1417 568 1675 623 Dominus
1708 566 1822 621 elli—

204 680 333 721 cere
360 663 613 718 voluerit
638 660 1011 726 monstratnri,
1034 666 1398 729 opportunum
1433 658 1646 712 videtur
1684 672 1822 727 prm-

206 757 476 812 eedentes
505 770 705 811 causas
733 753 799 807 ad
824 753 876 807 id
903 751 1234 822 pertinentes
1265 751 1575 817 ostendere,
1605 760 1659 804 et
1688 764 1823 821 quo-

207 847 373 901 modo
423 860 676 915 superna
705 844 874 913 gratia
919 842 967 897 ei
999 851 1229 895 ventura
1283 840 1604 895 revelaverit
1645 840 1823 894 notiti-

211 953 357 994 care.
420 937 660 990 Summa
694 936 873 988 inerat
912 932 960 986 ei
1006 931 1221 986 devorio
1266 931 1500 1000 primum
1552 941 1821 1001 pastorem

211 1029 561 1099 clavigerum
615 1027 736 1082 coeli
789 1040 971 1080 annuo
1036 1024 1275 1078 revisere
1322 1039 1571 1089 recursu,
1620 1032 1674 1077 et
1728 1039 1825 1094 pro

214 1120 409 1173 ovibus
458 1134 492 1172 a
540 1117 654 1171 Deo
691 1116 792 1171 sibi
844 1115 1066 1171 creditis
1127 1113 1245 1183 ejus
1291 1115 1545 1186 juvamen
1596 1116 1824 1185 supplici

214 1224 453 1264 exorare
532 1215 779 1277 precatu.
850 1204 1036 1276 Itaque
1080 1203 1312 1274 quodam
1386 1213 1627 1273 tempore
1693 1204 1825 1258 soll-

217 1309 329 1354 tum
375 1312 683 1368 aggressus
734 1296 869 1361 iter,
934 1294 1228 1350 comitante
1277 1303 1422 1347 casto
1478 1293 1824 1357 clericorum,

217 1404 381 1449 nec,
423 1404 541 1444 non
639 1387 942 1450 laicorum,
1028 1384 1443 1455 quingentorum
1530 1399 1824 1453 ⁸ιιιιιιιυιιιιιι

220 1480 648 1552 summatim",
716 1478 806 1547 qui
872 1491 970 1546 pro
1026 1476 1197 1546 ipsius
1261 1474 1578 1529 meriturum
1646 1474 1825 1544 digni-

225 1579 370 1634 tate,
467 1567 831 1631 affabilitate,
912 1566 1242 1629 sanctitate,
1319 1564 1643 1618 indivulsum
1710 1562 1825 1631 ejus

1924 386 2027 441 hoc
2089 387 2230 440 intra
2290 401 2349 441 se
2401 386 2614 440 miranti
2648 427 2662 449 .
2712 385 2876 442 veluti
2945 386 3508 459 emiornmmlaviger

1921 479 2111 534 beatus
2149 478 2341 533 Petrus
2398 477 2851 547 superveniebat,
2903 489 2957 533 et
3006 479 3151 534 illam
3211 480 3513 535 multitudi-

1924 586 2044 625 nem
2106 579 2293 626 sancta
2343 570 2723 625 communione
2790 569 2907 640 ejus
2981 573 3229 629 manibus
3284 574 3513 645 partici-

1922 671 2167 730 paturam
2242 676 2361 716 ess:
2431 661 2632 715 aiebat.
2716 659 2888 728 Quam
2960 662 3345 729 pontificaliter
3422 664 3510 720 iu-

1924 754 2107 808 dutam
2192 752 2340 825 [ed.,
2402 751 2639 820 Quem...
2713 753 3016 827 indictum]
3101 755 3243 810 idem
3314 757 3509 812 beatus

1924 843 2279 910 Pctrus,eum
2309 852 2708 915 protomartyrc
2739 843 3034 913 Stephano,
3058 845 3123 898 ad
3160 844 3331 901 altare
3371 863 3511 917 prce-

1926 936 2085 991 dictae
2139 936 2382 992 ecclesim
2443 952 2565 992 cum
2622 935 2877 992 ineffabili
2933 948 3124 993 cantus
3162 937 3391 994 melodia
3426 939 3517 995 de-

1926 1028 2216 1093 ducebant,
2244 1037 2297 1082 et
2323 1028 2492 1084 sacris
2533 1029 2768 1099 peractis
2809 1026 3019 1096 officiis,
3059 1042 3248 1083 omnes
3290 1029 3355 1084 de
3404 1027 3523 1098 ejus

1931 1119 2180 1175 manibus
2203 1118 2477 1174 vivificum
2507 1134 2701 1174 munus
2728 1118 3121 1189 percipicbzut.
3154 1119 3344 1176 Visum
3387 1136 3522 1189 quo—

1928 1226 2033 1281 quc
2063 1212 2111 1267 ei
2144 1209 2320 1265 fuerat
2359 1212 2502 1281 quod
2540 1220 2661 1281 post
2704 1227 2915 1267 sacram
2952 1212 3387 1269 communionem
3417 1213 3521 1284 ipsi

1929 1311 2153 1358 sanctus
2174 1301 2369 1356 Petrus
2392 1302 2631 1371 quinque
2653 1302 2851 1357 calices
2879 1316 3071 1357 aureos
3091 1302 3358 1358 conferret
3383 1301 3518 1375 (25),

1930 1396 2083 1452 alteri
2108 1405 2286 1450 autem
2310 1410 2369 1450 se
2397 1396 2754 1466 subsequenti
2795 1405 2929 1463 tres,
2975 1396 3138 1452 tertio
3178 1412 3306 1451 vero
3354 1413 3520 1452 unum

1928 1490 2153 1547 calicem
2187 1488 2469 1544 tribueret.
2511 1488 2635 1543 llaec
2682 1503 2813 1557 ergo
2843 1489 2955 1543 suis
2990 1488 3349 1544 fluniliaribns
3382 1491 3525 1545 refe-

1932 1598 2080 1648 rens,
2114 1582 2243 1654 quid
2274 1580 2659 1651 portenderent
2686 1595 2870 1635 secum
2904 1580 3233 1643 mirabatur;
3267 1580 3361 1635 sed
3398 1580 3522 1651 quis

226 1658 604 1728 sequebantur
637 1655 991 1720 comitatum;
1032 1654 1242 1709 eunetis
1263 1653 1536 1723 subrepsit
1565 1652 1825 1743 luesrdira
1860 1667 1903 1725 Β
1931 1652 2314 1732 comm‘fucril
2343 1673 2522 1729 exitus
2551 1672 2602 1727 in
2634 1671 2988 1743 sequentibus
3014 1687 3114 1727 suo
3142 1670 3259 1727 loco
3289 1671 3522 1727 djcclur.

226 1748 393 1804 Italici
427 1747 789 1817 corruptione
817 1746 985 1811 aeris,
1014 1744 1085 1799 ita
1110 1753 1169 1798 ιιι
1194 1743 1326 1798 nulli
1346 1743 1448 1799 hac
1478 1743 1599 1797 tabe
1625 1742 1826 1797 infecto

226 1849 367 1893 esset
395 1852 531 1908 spes
568 1838 623 1892 in
651 1836 952 1892 crastinum
998 1834 1308 1890 differenda:
1356 1834 1567 1888 mortis.
1599 1832 1695 1888 Vir
1732 1849 1827 1887 an-

231 1940 334 1984 tem
378 1929 601 1984 Domini
648 1927 936 1983 immodice
987 1935 1214 1982 mtcstus
1262 1925 1329 1981 dc
1372 1923 1663 1980 afflictione
1707 1939 1829 1979 sese

228 2020 551 2076 comitantis
575 2020 769 2086 turbm,
795 2017 1051 2074 festiuum
1081 2016 1281 2087 reperit
1307 2016 1825 2082 remedium,divina

231 2113 400 2183 gratia
450 2120 852 2181 prmeurrente.
920 2107 1056 2164 Nam
1109 2117 1448 2172 sanctorum,
1486 2122 1606 2177 qua:
1643 2122 1827 2162 secmn

231 2200 510 2263 vehebat,
579 2200 800 2270 propria
846 2214 1011 2254 manu
1064 2198 1247 2252 tinctis
1297 2212 1427 2251 vmo
1474 2196 1829 2267 pignoribus,

237 2292 588 2361 maximeque
609 2290 784 2346 sancti
808 2291 936 2360 Apri
968 2288 1236 2354 articulis,
1281 2289 1365 2343 cui
1397 2302 1456 2343 se
1485 2287 1834 2342 commcnda-

236 2380 324 2436 bat
354 2381 638 2447 devotius,
660 2381 969 2451 quicunque
1003 2378 1309 2449 hujusmodi
1354 2377 1606 2447 poculum
1656 2391 1831 2447 quan-

239 2472 634 2540 tulumcunque
679 2471 925 2535 libasset,
951 2484 1074 2523 mox
1097 2467 1540 2532 convalescebat,
1578 2477 1834 2536 plantus-

241 2576 451 2638 eunque
489 2565 729 2635 languor
767 2562 1078 2626 invasisset,
1109 2560 1154 2615 si
1195 2567 1402 2614 tantum
1434 2558 1660 2628 liquoris
1690 2557 1835 2612 illius

242 2672 491 2727 saporem
533 2664 762 2727 gustare
806 2652 1084 2707 valuisset.
1136 2650 1255 2721 Ipse
1285 2649 1449 2704 etiam
1489 2663 1622 2716 pene
1647 2644 1835 2701 dietim

241 2759 355 2806 toto
381 2749 587 2805 itinere
651 2746 809 2803 livini
863 2744 1193 2801 sacramenti
1225 2741 1501 2797 victimam
1537 2739 1833 2803 oﬂ‘erendo,

245 2851 297 2897 et
346 2842 495 2896 inter
555 2853 844 2895 nussarum
901 2835 1163 2892 solemnia
1213 2833 1442 2903 populos
1490 2838 1733 2886 astantes
1770 2830 1836 2883 ad

243 2932 641 2988 correctionem
667 2944 901 2993 morum,
925 2926 1409 2997 pmnitentiamquc
1421 2920 1836 2986 commonendo,

1928 1768 2050 1823 Alio
2083 1766 2268 1822 itidem
2300 1774 2546 1835 tempore
2597 1762 2671 1817 illi
2704 1778 2803 1834 per
2834 1762 3008 1819 somni
3042 1764 3277 1833 quietem
3310 1762 3527 1818 videba-

1931 1868 2038 1923 tur,
2065 1859 2209 1929 qnod
2260 1856 2415 1926 quasi
2463 1870 2694 1926 persona
2728 1854 3009 1926 cujusdam
3044 1854 3302 1910 deformis
3331 1853 3526 1909 vetulae

1930 1963 2052 2004 eum
2083 1948 2391 2019 importune
2441 1946 2751 2016 impeteret,
2789 1953 2838 2001 et
2885 1944 3050 1999 veluti
3103 1943 3385 2009 familiari,
3425 1946 3523 2001 sed

1936 2048 2113 2094 t:nnen
2181 2040 2395 2094 sincero
2444 2035 2714 2106 colloquio
2757 2035 2860 2091 sibi
2911 2034 3130 2107 adjungi
3185 2044 3522 2106 exposceret.

1933 2130 2063 2199 Quae
2112 2139 2216 2184 tam
2271 2129 2524 2185 horrendi
2557 2128 2736 2182 vultus
2762 2169 2776 2192 ,
2811 2127 3053 2183 discissae
3083 2128 3271 2193 vestis,
3300 2127 3526 2183 hirsutis

1931 2221 2141 2291 capillis
2164 2231 2325 2290 atque
2349 2219 2581 2291 turpiter
2603 2219 2802 2275 erectis
2832 2218 3139 2286 videbatur,
3164 2228 3220 2275 ιιι
3251 2220 3338 2273 vix
3365 2217 3522 2291 quid-

1935 2327 2097 2381 quam
2129 2312 2378 2366 humanm
2409 2310 2596 2366 formm
2646 2311 2700 2365 in
2759 2325 2823 2365 ea
2883 2318 3319 2381 recognosceret.
3360 2309 3531 2380 Cujus

1936 2404 2300 2460 deformitatis
2342 2403 2570 2458 horrore
2611 2401 2837 2457 nimium
2872 2400 3175 2473 perculsus,
3213 2416 3332 2457 eam
3356 2401 3527 2472 pluri-

1937 2512 2084 2551 mum
2112 2495 2325 2551 volebat
2353 2495 2580 2559 evitare,
2606 2492 2697 2548 sed
2726 2490 2844 2563 ipsa
2869 2500 3021 2547 tanto
3044 2492 3218 2563 magis
3269 2491 3343 2546 illi
3391 2490 3528 2547 nite-

1939 2584 2099 2640 batur
2121 2585 2396 2641 insistere.
2449 2584 2562 2651 Qua
2597 2581 3005 2652 importunitate
3032 2582 3206 2637 victus
3234 2582 3314 2637 vir
3349 2581 3530 2637 Domi—

1940 2679 2015 2745 ni,
2051 2678 2099 2731 ei
2125 2677 2338 2748 signum
2367 2675 2545 2730 crucis
2592 2674 2645 2729 in
2702 2672 2894 2728 faciem
2942 2673 3321 2742 imprimebat;
3358 2671 3528 2726 atilla

1940 2770 2005 2824 ad
2035 2780 2236 2823 terram
2270 2767 2431 2821 veluti
2463 2775 2671 2821 mortua
2717 2778 3005 2835 proruens,
3057 2762 3111 2816 in
3154 2762 3527 2817 admirabilun

1940 2862 2398 2934 pulehritmlinem
2458 2859 2637 2915 denuo
2690 2856 3028 2927 resurgebat.
3096 2853 3261 2924 Cujus
3304 2853 3531 2910 visionis

1946 2962 2155 3008 terrore
2186 2960 2562 3021 experrectus,
2591 2948 2658 3004 ad
2690 2955 2982 3002 nocturnas
3009 2944 3246 3001 surrexit
3293 2944 3528 3014 vigilias,

245 3035 464 3079 θ¹¹¹¹⁰¹⁰δ
495 3023 605 3094 piis
630 3020 939 3113 δονίίῗίίίκμξ
974 3018 1043 3073 ad
1084 3030 1321 3113 59W"?
1358 3013 1691 3113 cf‘pesscnf'a
1725 3014 1842 3067 “"i‘
1870 3039 1913 3099 C
1946 3044 2229 3113 denuoque
2259 3043 2311 3096 in
2349 3039 2511 3110 hujus
2545 3039 2621 3094 rei
2663 3037 3023 3094 admiratione
3068 3036 3249 3106 sopori
3300 3013 3533 3091 reddidit

250 3115 411 3168 mavit
440 3124 498 3168 et
539 3115 608 3167 ab
634 3108 971 3166 imminentis
994 3107 1188 3162 mortis
1212 3104 1446 3161 articulo
1471 3104 1676 3159 sanctis
1715 3118 1840 3174 pre-

251 3204 400 3260 cibus
426 3203 703 3258 liberavit.
747 3200 936 3270 Itaque
977 3207 1090 3254 toto
1129 3196 1306 3252 noctis
1344 3194 1638 3249 interstitio
1682 3196 1838 3250 turba

250 3298 502 3352 comitum
527 3306 585 3351 et
623 3294 1000 3366 patriensium,
1045 3306 1278 3362 quorum
1318 3288 1618 3345 necessitas
1674 3290 1842 3344 inter-

256 3395 403 3453 erat,
436 3388 506 3442 ad
538 3384 655 3454 ejus
685 3384 976 3455 hospitium
1021 3396 1145 3437 eum
1195 3379 1551 3434 lmninaribus
1584 3380 1843 3435 excubias

252 3478 617 3543 celebrabant,
648 3495 712 3534 ac
762 3492 923 3532 mane
974 3491 1076 3547 per
1121 3483 1437 3529 sanctormn
1463 3474 1679 3539 merita,
1724 3474 1842 3544 ejus

255 3581 522 3627 annuente
537 3568 815 3640 suffragio,
846 3568 1111 3637 integram
1136 3565 1452 3634 sospitatem
1469 3564 1840 3635 reportabant.

323 3657 418 3713 llis
446 3674 581 3729 ergo
610 3658 796 3712 causis
825 3671 922 3726 per
951 3662 1177 3710 cunctas
1207 3653 1490 3708 Romaniae
1522 3661 1707 3723 partes
1755 3669 1845 3708 ee-

259 3748 469 3807 lerrime
497 3750 811 3821 divulgatis,
846 3750 931 3803 vir
968 3749 1177 3803 Domini
1228 3764 1440 3804 summa
1494 3748 1844 3804 veneratione

261 3841 539 3907 excolitur,
563 3842 789 3912 ejusque
810 3839 1029 3895 dilectio
1049 3839 1294 3894 omnium
1320 3838 1578 3894 cordibus
1605 3837 1846 3893 funditus

263 3931 577 3988 incnlcatur.
628 3932 729 3987 llic
775 3942 954 3985 autem
1002 3945 1132 3987 suus
1181 3939 1303 3985 erat
1353 3944 1472 3985 mos
1511 3929 1761 3984 assiduus
1786 3936 1845 3982 ut

268 4033 541 4080 nocturnae
563 4022 736 4095 quieti
767 4022 1007 4077 membra
1042 4021 1358 4083 traditurus,
1407 4028 1719 4074 sanctorqu
1766 4018 1842 4089 pi-

267 4116 517 4183 gnoribus
544 4131 665 4193 sese
696 4115 960 4185 attentius
1002 4113 1433 4177 commendaret,
1472 4120 1529 4167 et
1565 4127 1594 4165 a
1626 4110 1845 4166 sarcula-

270 4207 412 4263 ribus
436 4209 721 4265 absolutus
750 4208 898 4264 curis
929 4208 982 4262 in
1025 4214 1213 4262 sancta
1246 4203 1702 4275 contemplatione
1729 4204 1848 4259 ani—

273 4312 410 4355 mum
438 4301 713 4356 relaxaret
742 4310 904 4370 atque
943 4300 995 4353 in
1041 4298 1155 4369 ipsa
1211 4296 1559 4352 meditatione
1594 4310 1847 4352 necessa-

1941 3136 2183 3190 membra
2216 3149 2230 3187 :
2261 3133 2345 3188 cui
2372 3130 2653 3187 videbatur
2690 3130 2741 3185 in
2765 3128 2969 3184 somnis
2994 3128 3184 3182 adesse
3204 3124 3532 3181 venerabilis

1941 3226 2113 3281 abbas
2135 3223 2313 3289 Odilo,
2365 3238 2525 3293 quem
2577 3222 2731 3292 quasi
2796 3215 3019 3291 rogabat
3046 3218 3146 3273 sibi
3188 3216 3538 3289 portendere,

1941 3336 2060 3391 qure
2086 3328 2229 3375 esset
2262 3316 2420 3386 hujus
2452 3316 2684 3371 visionis
2704 3313 3053 3383 significatio.
3087 3311 3188 3380 Qui
3221 3311 3535 3366 lartissimus

1942 3411 1991 3466 ei
2018 3410 2109 3464 tali
2138 3408 2415 3480 respondit
2447 3405 2672 3461 oraculo
2705 3423 2719 3459 :
2749 3403 2947 3459 Beatus
2973 3416 3032 3459 es
3076 3411 3151 3469 tu,
3205 3410 3260 3457 et
3314 3410 3366 3454 tu
3418 3400 3536 3453 ani-

1945 3498 2088 3557 mam
2116 3498 2232 3569 ejus
2257 3498 2325 3554 de
2380 3508 2556 3553 morte
2592 3496 2862 3552 liberasti.
2919 3492 3044 3548 Ilzee
3094 3508 3200 3547 non
3247 3506 3367 3547 esse
3410 3488 3536 3543 ficta

1945 3591 2141 3662 probat
2172 3589 2366 3644 idonea
2397 3588 2639 3642 virorum
2672 3601 2737 3640 ac
2773 3580 3166 3640 venérabilium
3202 3580 3536 3636 testificatio.

1945 3680 2129 3736 domui
2154 3679 2406 3734 videlicet
2435 3676 2663 3733 Waltcri
2695 3676 2997 3730 Leucorum
3048 3672 3272 3727 claustri
3321 3669 3537 3734 decani,

1946 3791 2045 3831 nec
2086 3790 2190 3829 non
2240 3774 2415 3828 intimi
2457 3769 2846 3826 eonsecrctalis
2898 3766 3013 3836 ejus
3043 3764 3387 3831 Warncheri,
3444 3761 3549 3841 qui

1948 3873 2201 3921 asserunt
2229 3880 2287 3919 sc
2318 3862 2535 3918 audisse
2564 3863 2690 3916 talia
2719 3877 2841 3916 cum
2883 3860 3136 3931 lacrymis
3183 3858 3252 3912 ab
3309 3855 3402 3912 illo
3446 3869 3538 3909 re-

1948 3953 2099 4022 ferri,
2149 3963 2204 4009 et
2254 3953 2381 4024 quid
2428 3952 2704 4022 signarent
2757 3948 3213 4020 quamplurimum
3254 3944 3537 4001 admirari.

1948 4047 2058 4103 Nec
2087 4044 2405 4102 incredibile
2437 4059 2558 4099 esse
2589 4043 2823 4108 videtur,
2857 4040 2982 4095 talia
3010 4039 3058 4096 ei
3087 4055 3118 4093 a
3139 4053 3352 4094 summa
3388 4036 3532 4092 divi-

1949 4141 2117 4196 nitate
2144 4146 2557 4210 prmmonstrata
2584 4135 2774 4203 fuisse,
2802 4150 2924 4192 cum
2963 4133 3156 4189 crebro
3183 4140 3447 4187 nocturna
3481 4131 3537 4184 in

1949 4234 2092 4290 lecto
2121 4231 2376 4303 suspiria,
2406 4238 2461 4285 ct
2492 4227 2805 4299 frequentes
2848 4226 3086 4298 pectoris
3136 4224 3421 4279 tunsiones
3475 4235 3540 4276 ac

1953 4335 2155 4383 stratus
2178 4338 2320 4393 saepe
2351 4338 2380 4376 a
2410 4322 2666 4377 veridicis
2694 4319 3053 4377 cubiculariis
3079 4325 3327 4387 repertus
3351 4314 3544 4385 irriga-

275 4400 403 4488 ."l‘m
427 4392 639 4488 Ῡθφοτί
666 4404 919 4488 “imm”
972 4388 1293 4488 suseipcre‘f
1348 4387 1402 4440 In
1443 4390 1548 4441 hac
1595 4400 1724 4487 ,8an
1762 4385 1847 4488 pii}
1881 4391 1928 4451 D
1958 4430 2041 4474 tus
2073 4385 2357 4488 lacryniis,
2399 4414 2692 4469 ostendunt
2738 4413 2884 4467 illum
2920 4409 3099 4467 divina
3130 4385 3341 4464 visione
3377 4404 3543 4459 fuisse

277 4475 556 4535 intentione
585 4480 820 4551 quadam
870 4488 1029 4533 nocte
1078 4485 1390 4547 separatus,
1418 4489 1514 4544 per
1554 4477 1730 4530 visum
1778 4476 1847 4530 ad

278 4570 609 4644 principalem
674 4569 960 4624 ecclesiam
1005 4569 1154 4623 urbis
1194 4567 1559 4638 Wangionum
1607 4565 1722 4635 (24)
1768 4576 1851 4621 cst

281 4659 546 4726 adductus,
604 4661 693 4714 ubi
758 4659 1229 4727 contemplabatur
1263 4657 1417 4727 quasi
1465 4656 1849 4711 consistentem

283 4747 543 4808 infinitam
567 4752 970 4807 multitudinem
1016 4749 1344 4813 albatorum,
1398 4764 1630 4819 quorum
1682 4747 1855 4816 major

264 4853 399 4907 .pars
446 4846 731 4900 videbatur
770 4858 892 4898 esse
928 4842 1296 4907 sacerdotum,
1324 4842 1465 4895 inter
1507 4857 1643 4910 quos
1684 4856 1850 4894 unum

288 4936 685 5004 recognoscebat
740 4934 1016 5006 quondam
1045 4932 1144 4988 sibi
1187 4930 1509 4986 familiarem
1540 4931 1850 4988 Belclinutn

290 5025 728 5093 arebidiaconmn,
759 5027 853 5098 qui
886 5025 1003 5095 ejus
1036 5040 1220 5080 comes
1260 5025 1312 5080 in
1361 5024 1607 5079 Romano
1659 5024 1852 5079 itinere

292 5129 495 5175 exuerat
556 5118 846 5176 hominem.
904 5117 1075 5184 Quem
1130 5118 1478 5188 interrogans
1541 5132 1660 5188 quae
1708 5124 1854 5171 esset

298 5214 426 5263 tanta
472 5210 747 5268 multitudo
778 5254 792 5278 ,
848 5207 1057 5264 audivit
1120 5210 1218 5264 bos
1272 5222 1460 5264 omnes
1521 5208 1850 5265 mundanam

1952 4509 2194 4581 (lignum.
2242 4502 2382 4559 Nulli
2437 4512 2617 4557 autem
2682 4502 2905 4558 dubium
2962 4507 3049 4555 est
3087 4497 3214 4569 quid
3276 4493 3538 4565 significet

1955 4598 2245 4671 praelibatze
2277 4595 2522 4650 mulieris
2548 4593 2702 4654 visio,
2745 4593 3057 4663 quicunque
3106 4588 3235 4660 legit
3281 4600 3418 4653 pene
3464 4584 3541 4637 s2-

1958 4689 2082 4743 milc
2122 4687 2394 4742 somnium
2447 4684 2623 4756 Magni
2669 4681 3008 4740 Constantini
3064 4694 3162 4750 pro
3208 4677 3543 4733 restituenda

1959 4783 2092 4837 urbe
2157 4778 2418 4851 Byzantio
2473 4776 2609 4848 (‘26).
2646 4774 2781 4829 Nam
2818 4782 3027 4829 certum
3079 4781 3156 4825 est
3212 4767 3546 4823 borribilitcr

1957 4872 2267 4929 extabuisse
2302 4887 2398 4941 per
2423 4866 2668 4925 diversas
2712 4867 2861 4923 orbis
2889 4870 3073 4934 partes
3115 4860 3547 4919 ecclesiasticum

1956 4966 2225 5030 dccorcm,
2256 4965 2365 5019 imo
2397 4960 2769 5016 Christianam
2814 4956 3155 5026 religionem.
3185 4963 3246 5010 et
3282 4969 3381 5024 per
3400 4972 3551 5020 eum,

1956 5054 2157 5112 Christi
2187 5051 2613 5110 adminiculante
2640 5037 2929 5118 suﬂ‘ragio,’
2966 5046 3036 5101 ad
3080 5046 3370 5119 pristinum
3394 5049 3557 5103 redu-

1958 5157 2100 5202 ctam
2131 5161 2249 5201 esse
2272 5146 2555 5200 honorem.
3076 5162 3099 5177 ο

2029 5234 2096 5290 Il.
2147 5233 2215 5290 1η
2275 5240 2527 5289 conventu
2587 5216 2904 5285 Wormatia:
2962 5245 3102 5300 papa
3154 5227 3387 5300 eligitur.
3443 5229 3557 5285 Sub
