4010 5328
408 292 511 358 187

1762 297 1822 357 S.
1861 298 1995 358 LEO
2028 298 2102 355 IX
2137 298 2338 356 PAPA.

3594 302 3713 364 ιω

406 415 667 490 peregrini
706 415 888 470 habitu
930 414 1149 468 Romam
1179 396 1326 484 petit.
1379 409 1553 467 Flavii
1596 411 1994 468 exuberantiam
2025 423 2071 479 Λ
2100 411 2387 469 multitudo
2426 411 2787 484 undequaque
2835 414 3337 484 supervenientium
3378 415 3708 472 comitatur.

407 508 723 579 corrtprimit.
755 506 979 561 Romam
1009 505 1242 560 advenit.
1290 503 1553 558 Cauonire
1596 504 1654 558 in
1704 504 2002 575 ponti/irem

408 600 639 671 eligitur.
686 628 757 641 —
809 597 1022 653 Interea
1071 596 1213 666 apud
1240 594 1608 665 Wangionum
1652 595 1841 650 urbem
1877 604 2004 649 ante

406 691 754 762 praesentiant
794 689 1017 761 gloriosi
1068 686 1294 743 Henrici
1355 686 1577 743 secundi
1632 685 2001 741 Romanorum

407 780 634 853 Augusti
671 778 729 833 ﬂt
761 777 1076 849 pontificum
1099 777 1545 847 reliquorumque
1577 791 1867 846 procerum
1894 791 2002 831 non

404 866 658 926 modicus
695 877 1016 924 conventus.
1060 867 1209 922 Inter
1236 882 1373 937 quos
1422 867 1512 922 hic
1561 865 1781 922 Christo
1812 866 2006 937 dignus

409 963 609 1035 praesul
634 968 967 1017 convocatur
998 977 1010 1014 :
1044 959 1244 1030 quippe
1266 960 1383 1015 sine
1413 957 1569 1029 cujus
1594 956 1829 1012 consilio
1858 957 2001 1012 intra

412 1048 748 1126 ituperialem
805 1054 1014 1109 curiam
1073 1054 1207 1109 nihil
1256 1052 1435 1124 magni
1483 1052 1890 1121 disponebalur.
1939 1050 2007 1105 Et

409 1154 654 1218 repente,
681 1145 770 1200 illo
804 1142 935 1199 nihil
962 1143 1068 1199 tale
1092 1144 1429 1213 suspicante,
1458 1142 1524 1196 rd
1554 1157 1695 1196 onus
1717 1140 2003 1212 apostolici

408 1238 633 1294 honoris
666 1237 1068 1308 suscipiemlmn
1101 1236 1319 1306 eligitur
1345 1250 1374 1289 a
1410 1234 1642 1290 CllllCllS.
1680 1233 1835 1301 Quod
1865 1247 2007 1288 onus

403 1323 724 1385 humilitate
774 1333 1156 1382 coma-.onenle
1192 1323 1498 1379 diutissime
1537 1322 1844 1394 refugiens,
1879 1321 2006 1377 dum

410 1419 586 1492 magis
612 1435 676 1473 ac
704 1417 879 1489 magis
932 1416 1172 1486 cogitur,
1202 1414 1512 1469 triduanum
1553 1413 1869 1469 consulendi
1910 1412 2006 1467 de-

410 1511 592 1583 poscit
621 1509 875 1579 spatium,
912 1508 1098 1578 inquo
1126 1504 1354 1575 jejuniis
1385 1520 1586 1561 vacans
1642 1514 1699 1559 et
1742 1504 2009 1559 orationi-

411 1601 514 1658 bus
537 1601 758 1658 omnino
794 1599 913 1655 sine
957 1600 1080 1654 cibo
1133 1608 1373 1669 potaque
1424 1596 1741 1667 permansit.
1766 1596 2011 1665 Cumque

413 1692 592 1748 denuo
637 1698 1027 1763 repurgaretur
1076 1689 1143 1744 ad
1196 1687 1520 1745 obedientire
1570 1686 2008 1757 eompletionem,

2106 503 2250 558 Inter
2278 517 2414 573 quos
2444 503 2693 573 quaedam
2725 502 2991 574 religiosa:
3014 504 3143 560 vitae
3166 504 3360 561 ancilla
3391 505 3489 561 Dei
3529 505 3579 560 ei
3608 506 3715 562 ad.

2105 599 2300 663 lueret,
2323 612 2444 668 qua:
2472 612 2596 653 eum
2625 596 2822 653 talibus
2847 612 2910 652 ex
2943 607 3211 667 praecepto
3237 598 3423 653 divino
3446 600 3713 655 admonet

2107 688 2288 744 verbis
2317 707 2332 744 :
2360 686 2482 744 Mox
2512 696 2572 743 ut
2591 688 2775 758 prima
2807 689 3037 759 vestigia
3066 688 3207 743 intra
3239 688 3426 744 valvas
3456 689 3712 745 ecclesia:

2107 780 2370 853 principis
2392 780 2762 851 apostolorum
2791 781 3060 850 pOSIICI'lS,
3102 797 3170 837 ne
3197 782 3273 836 sis
3301 782 3594 836 immemor
3620 781 3712 839 his

2108 870 2306 927 divinis
2335 871 2412 925 uti
2449 870 2629 927 verbis
2660 888 2673 924 :
2712 869 2829 925 Pax
2863 872 2987 925 huic
3016 872 3197 927 domui
3228 872 3447 944 (Matth.
3478 888 3536 936 Χ,
3575 873 3708 944 12),

2107 968 2165 1016 et
2210 961 2466 1016 omnibus
2505 959 2876 1017 habitantibus
2923 962 2975 1016 in
3010 976 3096 1017 ea.
3142 962 3317 1029 Quam
3362 962 3707 1019 Dominicam

2099 1050 2405 1122 jussionem
2424 1059 2481 1105 et
2501 1049 2780 1106 humiliter
2801 1051 3059 1122 suscepit,
3081 1061 3137 1107 et
3152 1052 3344 1109 devote
3366 1053 3704 1123 adimplevit.

2181 1140 2344 1198 Venit
2378 1155 2511 1213 ergo
2556 1156 2679 1197 cum
2723 1151 2876 1197 tanto
2916 1143 3176 1197 comitatu
3224 1158 3391 1213 super
3430 1142 3705 1198 Terouem

2109 1232 2331 1289 ﬂuvium
2374 1234 2519 1303 (29),
2563 1234 2653 1303 qui
2696 1233 2769 1287 ita
2812 1234 3111 1289 crescendo
3152 1236 3432 1305 pr0prium
3483 1221 3711 1304 przeter-

2110 1340 2330 1396 gressus
2369 1334 2489 1379 erat
2532 1323 2747 1380 alveum
2787 1332 2846 1380 ut
2881 1340 2980 1395 per
3006 1334 3214 1397 septem
3246 1327 3362 1382 dies
3407 1336 3583 1381 totum
3634 1327 3710 1382 ibi

2110 1420 2330 1483 cogeret
2374 1414 2637 1469 remorari
2669 1413 2947 1484 populum.
2991 1414 3089 1469 Vir
3122 1426 3302 1469 autem
3351 1416 3609 1480 Domini,
3644 1419 3712 1470 de

2111 1502 2399 1559 aﬂlietione
2443 1503 2619 1574 plebis
2662 1504 2755 1558 diu
2801 1517 2983 1559 secum
3028 1505 3390 1574 exspectantis
3416 1546 3432 1571 ,
3479 1516 3712 1562 mmstns

2112 1596 2337 1652 cmleste
2364 1597 2625 1652 auxilium
2667 1598 2881 1653 invocat
2908 1614 2973 1654 ac
2998 1599 3431 1655 benedictionem
3461 1602 3713 1658 ecclesia:

2113 1686 2289 1741 sancti
2334 1684 2561 1742 Joannis
2610 1687 2664 1741 in
2706 1688 2885 1744 vicino
2934 1698 3262 1745 constructa.-
3311 1692 3549 1747 inchoat.
3604 1692 3714 1747 Sed

413 1793 718 1855 spontanee
740 1797 924 1837 coram
951 1780 1205 1835 omnibus
1244 1794 1397 1835 suam
1427 1777 1562 1833 dixit
1584 1776 2002 1839 confessionem,
2034 1780 2081 1840 B
2110 1786 2397 1847 antequam
2446 1777 2686 1832 divinum
2724 1787 2870 1833 esset
2901 1789 3183 1849 peractum
3232 1778 3467 1835 oﬂieium
3517 1791 3715 1853 coepta

413 1885 641 1931 conatus
668 1874 823 1946 quasi
852 1873 1086 1943 quadarn
1109 1887 1331 1927 suorum
1360 1870 1687 1926 enormitate
1711 1869 2003 1933 scelerum,

414 1978 761 2021 communem
836 1970 1148 2033 permutare
1217 1960 1565 2016 electionem.
1629 1958 1760 2026 Quis
1822 1967 2006 2012 autem

413 2066 579 2129 queat
604 2055 725 2127 ejus
777 2054 1154 2111 inundantium
1203 2055 1424 2109 ﬂetuum
1481 2052 1705 2117 referre,
1758 2064 1896 2121 quos
1953 2049 2006 2105 iu

411 2149 629 2222 publica
681 2146 1024 2203 confessione
1078 2145 1303 2210 emisit,
1366 2159 1489 2198 eum
1547 2144 1711 2198 etiam
1766 2140 2009 2197 omnium

414 2239 642 2296 affectus
683 2238 737 2293 in
769 2236 966 2292 nimias
1006 2234 1277 2308 lacrymas
1304 2234 1661 2290 excitaverit?
1690 2232 1845 2288 Unde
1875 2246 2011 2286 una-

412 2330 638 2385 nimiter
700 2335 1018 2382 cunctorum
1076 2340 1174 2381 ore
1227 2325 1344 2379 haec
1387 2323 1476 2394 pia
1524 2338 1628 2378 vox
1680 2321 2006 2377 resonabat:

414 2420 563 2477 Nolit
591 2423 733 2477 Deus
771 2428 831 2474 ut
861 2417 1004 2472 filius
1053 2425 1331 2471 tantarum
1387 2415 1749 2485 lacrytnarum
1800 2423 2007 2485 pereat.

411 2515 617 2569 ‘v'idens
644 2527 772 2584 ergo
796 2510 942 2565 nullo
974 2509 1134 2564 modo
1157 2523 1216 2563 se
1247 2522 1407 2579 posse
1444 2504 1686 2575 effugere
1732 2504 2013 2576 imperiale

414 2613 742 2678 praeceptum
806 2612 862 2658 et
919 2615 1209 2658 commune
1254 2600 1496 2655 omnium
1537 2599 1892 2664 desiderium,
1922 2613 2012 2653 eo-

413 2711 570 2753 aetus
607 2696 848 2765 suscepit
887 2692 1191 2762 injunctum
1248 2689 1515 2752 olﬁcium,
1553 2689 1910 2760 prtcscntibus
1933 2687 2013 2741 le-

416 2790 559 2858 gatis
587 2787 977 2850 Romanorum,
1019 2799 1081 2837 ea
1107 2782 1437 2848 conditione,
1488 2782 1532 2836 si
1585 2783 1800 2835 audiret
1843 2781 2013 2835 totius

417 2883 548 2938 cieri
581 2896 647 2936 ac
679 2878 907 2934 Romani
937 2876 1115 2947 populi
1146 2890 1487 2930 comnmnem
1532 2890 1655 2930 esse
1690 2874 1807 2930 sine
1848 2875 2014 2929 dubio

417 2987 768 3030 consensum.
811 2970 1011 3037 Sicque
1042 2970 1108 3021 ad
1139 2965 1415 3036 propriam
1462 2963 1766 3018 Leucorum
1808 2962 2015 3018 scilicet

418 3065 602 3120 sedem
627 3062 911 3132 repedans,
948 3074 1071 3114 cum
1109 3072 1322 3112 summa
1348 3055 1634 3110 devotione
1671 3056 1869 3110 ibidem
1911 3056 2014 3109 Do-

416 3157 554 3214 mini
603 3155 900 3211 celebravit
961 3150 1203 3205 Natalem
1244 3165 1367 3204 cum
1415 3149 1721 3205 coesseutia
1774 3156 2011 3218 quatuor

416 3246 759 3320 pontiﬁcum,
789 3243 1030 3315 Ilugonis
1052 3241 1260 3297 scilicet
1289 3241 1355 3294 de
1386 3239 1511 3295 Cisa
1536 3239 1649 3310 (‘27)
1687 3240 1819 3294 urbe
1850 3238 2009 3292 Italo-

419 3357 567 3405 rum,
598 3338 757 3409 lcgati
808 3336 1180 3391 Romanorum
1222 3339 1278 3386 et
1316 3329 1574 3385 Everardi
1619 3329 2011 3400 archiepiscopi

420 3433 825 3492 Treverorum,
881 3425 1238 3484 Adalberonis
1287 3438 1504 3493 quoque
1559 3421 1815 3477 Mctensis
1851 3431 2013 3491 atque

422 3521 743 3578 Theoderici
802 3518 934 3590 [ed.,
992 3512 1288 3585 Theodori]
1339 3510 1695 3567 Virdunensis
1744 3510 2010 3580 prmsulis.

418 3613 553 3672 lude
576 3611 878 3669 humilitate
900 3606 1182 3678 magistra,
1209 3614 1400 3660 contra
1424 3603 1664 3657 omnium
1694 3602 2015 3672 apostolico-

422 3722 544 3761 rum
583 3717 812 3767 morem,
844 3705 1060 3766 sumpto
1087 3694 1200 3765 (28)
1237 3692 1523 3765 peregrino
1554 3691 1779 3757 habitu,
1812 3691 2012 3746 Roma-

423 3812 555 3851 num
580 3792 809 3862 arripuit
863 3789 986 3853 iter,
1038 3784 1306 3840 indefesse
1348 3784 1520 3838 sacris
1563 3783 1902 3837 orationiLus
1952 3797 2014 3837 ac

425 3885 622 3941 divina:
643 3895 841 3937 vacans
870 3874 1348 3944 contemplationi,
1382 3889 1487 3928 non
1536 3881 1647 3928 tam
1697 3889 1795 3943 pro
1832 3888 2014 3927 rerum

418 3977 841 4034 commissarum
867 3971 990 4033 sibi,
1021 3984 1183 4038 quam
1206 3983 1303 4038 pro
1328 3982 1456 4022 cura
1479 3965 1803 4030 animarum,
1831 3965 2016 4019 nimia:

427 4073 670 4127 intentus
704 4062 1077 4121 sollicitudini.
1109 4061 1163 4115 In
1200 4076 1304 4131 qua
1356 4059 1709 4115 meditatione
1748 4060 1891 4129 apud
1927 4074 2019 4113 ur-

422 4159 550 4214 bem
578 4157 879 4226 Augustam
929 4166 1245 4222 suspensus,
1293 4150 1530 4206 divinam
1571 4152 2018 4221 promeruitton-

426 4246 772 4310 sblatiouem,
830 4245 955 4296 dum
1023 4243 1077 4295 in
1134 4240 1460 4295 revelationc
1518 4240 1723 4294 audivit
1776 4239 2018 4310 angelica

426 4353 562 4396 voce
614 4350 872 4393 resonare
914 4333 1286 4388 barmonicam
1345 4331 1765 4386 modulationem
1817 4330 2020 4385 dulcis-

427 4434 569 4489 sime
596 4436 983 4486 consonantem
1013 4444 1027 4481 :
1054 4425 1195 4480 Dicit
1217 4424 1500 4486 Dominus,
1525 4439 1625 4495 ego
1666 4422 1846 4493 cogito
1875 4423 2020 4494 cogi-

430 4523 667 4579 tationes
691 4522 838 4590 pacis
866 4528 921 4574 et
945 4534 1049 4572 non
1075 4515 1409 4580 aﬂlictionis;
1460 4515 1781 4570 invocabitis
1827 4529 1913 4569 me
1962 4526 2017 4569 et
2048 4487 2096 4547 D

420 4629 531 4683 ego
603 4611 893 4666 exaudiam
962 4623 1110 4671 vos,
1185 4615 1241 4659 et
1319 4606 1570 4658 reducam
1647 4602 2016 4673 captivitatem

427 4714 668 4760 vestram
738 4703 805 4755 de
862 4698 1073 4755 cunctis
1142 4695 1295 4750 locis.
1353 4694 1470 4762 Qua
1519 4695 1604 4764 pia
1653 4693 2019 4750 consolatione

430 4796 726 4854 animatus,
785 4801 837 4845 ct
904 4793 969 4845 de
1032 4803 1267 4857 superno
1319 4786 1587 4854 adjutorio
1652 4788 1854 4843 certior
1908 4787 2017 4857 jazn

432 4888 639 4952 factus,
679 4892 914 4953 emptum
967 4881 1070 4933 iter
1118 4876 1381 4948 perficere
1445 4877 1794 4949 aggreditur,
1856 4888 2020 4949 utque

431 4979 571 5031 tanti
660 4972 838 5027 meriti
920 4982 1208 5039 personam
1270 4965 1537 5032 decebat,
1610 4982 1734 5023 eum
1816 4968 2023 5024 inﬁnita

515 5149 617 5164 aA-\
651 5148 704 5164 ις·
770 5147 784 5164 Ι
845 5148 855 5164 I
890 5154 928 5164 ,ι
969 5159 1016 5164 --
1047 5143 1126 5164 Ι-..
1153 5141 1495 5164 η----ε-2-...--
1529 5151 1571 5164 Α.
1608 5140 1692 5164 -‘3,’
1728 5161 1749 5164 ν
1783 5159 1825 5164 -,
1894 5161 1961 5164 ,._,
2008 5146 2023 5162 I

2106 1866 2576 1932 consecrationis,
2631 1868 2704 1922 ita
2755 1867 2952 1923 ﬂuvius
3000 1878 3084 1925 est
3133 1871 3412 1943 mitigatus
3457 1874 3714 1928 demissis

2107 1958 2360 2023 undis,ut
2386 1973 2512 2013 mox
2541 1974 2795 2014 securum
2823 1959 2929 2014 iter
2954 1960 3102 2015 omni
3134 1962 3550 2033 transgredienti
3575 1978 3718 2033 pra:-

2109 2049 2310 2106 buerit.
2345 2048 2500 2117 Quod
2544 2050 2725 2105 omnis
2760 2065 2999 2121 praesens
3040 2050 3326 2106 multitudo
3368 2050 3531 2122 hujus
3570 2054 3714 2110 beati

2108 2142 2211 2198 viri
2249 2141 2462 2198 meritis
2500 2142 2796 2214 contigisse
2826 2142 3136 2199 allinnavit.
3179 2145 3582 2216 Omnipotentis
3622 2147 3717 2218 igi-

2112 2242 2201 2289 tur
2227 2234 2516 2289 roboratus
2552 2235 2840 2301 solamine,
2880 2235 3108 2291 Romam
3140 2238 3442 2308 apprOpiat.
3483 2238 3573 2292 eui
3604 2248 3714 2294 tota

2113 2324 2246 2379 urbs
2270 2339 2393 2379 cum
2421 2324 2734 2396 hymnidico
2758 2334 3027 2381 concentu
3054 2327 3268 2382 obviam
3300 2327 3380 2382 ire
3405 2339 3591 2398 parat;
3619 2329 3715 2385 sed

2112 2415 2227 2486 ipse
2255 2416 2420 2486 pedes
2458 2416 2750 2487 longinquo
2790 2417 2987 2474 itinere
3032 2420 3189 2475 nudis
3233 2420 3432 2491 plantis
3466 2421 3714 2489 incedit,

2112 2513 2170 2561 et
2201 2506 2376 2575 magis
2402 2505 2469 2560 ad
2498 2508 2695 2562 mentis
2716 2508 3059 2565 devotionem
3089 2525 3251 2581 quam
3283 2512 3351 2567 ad
3378 2511 3599 2568 laudmn
3624 2514 3717 2569 de-

2112 2598 2458 2653 lectationem
2498 2602 2740 2655 animum
2772 2601 3017 2657 inﬂectit.
3051 2602 3183 2670 Quis
3219 2613 3403 2660 autem
3434 2605 3553 2677 ejus
3583 2621 3715 2661 con-

2115 2689 2227 2743 triti
2254 2690 2438 2744 cordis
2462 2690 2516 2744 in
2542 2690 2736 2745 devota
2765 2693 3013 2747 oratione
3045 2692 3296 2761 aﬂ‘ectus,
3326 2696 3450 2768 quis
3478 2696 3716 2771 denique

2115 2782 2323 2835 referre
2359 2791 2526 2850 queat
2554 2783 2843 2838 continuos
2885 2783 3250 2857 lacrymarum
3296 2785 3442 2841 velut
3474 2787 3714 2842 rivorum

2115 2872 2409 2935 decursus,
2437 2887 2561 2926 cum
2598 2872 2796 2928 nullius
2825 2875 3082 2944 cogitatui
3116 2876 3187 2930 sit
3215 2878 3584 2948 penetrabile,
3621 2894 3720 2935 ne-

2117 2963 2245 3018 dum
2291 2962 2472 3019 verbis
2519 2962 2770 3019 elfabile?
2816 2964 3107 3036 Postquam
3146 2983 3275 3039 ergo
3311 2969 3616 3025 diutissime
3656 2985 3716 3027 se

2122 3051 2302 3108 taliter
2341 3053 2558 3109 Christo
2602 3055 2857 3109 mactavit
2886 3053 2940 3109 in
2978 3056 3159 3112 cordis
3193 3059 3371 3125 altari,
3427 3060 3713 3115 «hostiam

2116 3142 2294 3197 vivam
2320 3182 2334 3207 ,
2383 3151 2631 3198 sanctam
2658 3183 2674 3209 ,
2722 3144 2834 3200 Deo
2870 3143 3203 3215 placentem,
3235 3165 3255 3199 ι
3303 3150 3469 3204 etiam
3512 3151 3715 3205 astanti

2116 3236 2266 3293 clero
2297 3247 2354 3291 et
2387 3237 2604 3307 populo,
2636 3237 2898 3305 divinam,
2943 3254 3049 3310 qua
3084 3240 3375 3310 plurimum
3419 3240 3672 3297 aﬂluebat
3697 3283 3714 3308 ,

2118 3328 2417 3399 ingreditur
2441 3328 3158 3399 proferreexhortationem.
3189 3331 3532 3403 lmperialem
3560 3333 3630 3390 de
3654 3349 3715 3389 se

2116 3418 2434 3473 electionem
2479 3420 2533 3473 in
2582 3428 2691 3474 tam
2729 3419 3003 3477 laborioso
3044 3420 3221 3477 oﬂicio
3264 3425 3410 3479 brevi
3460 3439 3715 3479 sermun-

2116 3510 2241 3565 culo
2281 3510 2625 3584 promulgat,
2673 3527 2864 3568 eorum
2908 3514 3242 3569 voluntatem
3269 3557 3283 3581 ,
3324 3516 3715 3589 qualiscunque

2118 3618 2244 3674 erga
2295 3619 2354 3659 se
2396 3605 2505 3669 sit,
2542 3605 2783 3675 pandere
2828 3607 3163 3678 expostulat;
3211 3608 3345 3663 dicit
3388 3609 3712 3665 electionem

2119 3695 2249 3750 clcri
2283 3704 2337 3749 et
2368 3696 2548 3767 populi
2588 3698 2888 3753 eanonicali
2921 3699 3247 3756 auctoritate
3274 3700 3502 3755 aliorum
3533 3702 3716 3772 dispo-

2119 3786 2369 3841 sitionem
2396 3788 2627 3856 praeire;
2665 3788 2899 3845 aﬂirmat
2932 3805 2991 3845 se
3028 3792 3260 3864 gratanti
3309 3794 3492 3847 animo
3532 3794 3585 3848 in
3620 3809 3716 3865 pa-

2123 3880 2283 3934 trium
2343 3881 2677 3947 rediturum,
2719 3882 2822 3937 nisi
2876 3882 2969 3937 llat
3030 3883 3225 3939 electio
3275 3883 3393 3954 ejus
3439 3888 3711 3942 communi

2121 3969 2363 4025 omnium
2401 3968 2589 4035 laude;
2621 3971 2856 4026 ostendit
2884 3985 2943 4027 se
2981 3982 3231 4028 coactum
3268 3975 3337 4029 ad
3373 3982 3482 4029 tam
3510 3976 3713 4047 grande

2119 4076 2258 4118 onus
2288 4060 2690 4130 suscipiendum
2730 4063 2965 4118 venisse.
2996 4062 3242 4134 Cmnque
3273 4065 3480 4121 videret
3525 4068 3716 4122 unani-

2124 4169 2265 4209 mem
2293 4155 2535 4209 omnium
2564 4154 3013 4212 acclamationem
3032 4199 3047 4223 ,
3077 4159 3142 4214 ad
3173 4162 3567 4216 correctionem
3590 4163 3712 4216 vine

2121 4254 2354 4316 emptam
2388 4246 2585 4315 repetit
2619 4245 3086 4312 exhortationem,
3132 4250 3353 4321 supplex
3391 4263 3712 4308 cunctorum

2122 4336 2331 4406 expetit
2356 4338 2656 4393 orationem
2685 4347 2850 4408 atque
2874 4340 3293 4396 absolutionem.

2195 4427 2401 4496 Itaque,
2438 4429 2619 4484 divina
2652 4427 2867 4485 favente
2900 4432 3073 4502 gratia
3093 4472 3108 4499 ,
3146 4433 3356 4489 cunctis
3382 4433 3712 4505 applauden-

2126 4521 2291 4590 tibus,
2321 4533 2673 4579 consecratur
2702 4539 2765 4579 ac
2798 4526 3075 4582 Dominica
3100 4530 3580 4602 quadragesimalis
3607 4534 3712 4588 ini-

2128 4616 2228 4679 tii,
2289 4617 2461 4687 pridie
2517 4617 2642 4672 ldus
2700 4617 3024 4685 Februarii,
3080 4621 3386 4691 apostolicae
3441 4627 3713 4681 cathedra:

2126 4704 2543 4761 inthronizatur.
2599 4704 2843 4773 Quantus
2895 4724 3024 4764 vero
3073 4710 3254 4766 fervor
3293 4713 3593 4771 devotionis
3641 4716 3710 4770 ad

2127 4796 2525 4868 Omnipotentis
2566 4798 2846 4853 servitium
2890 4799 2942 4855 in
2985 4816 3051 4856 eo
3115 4805 3460 4870 cxcreverit,
3508 4817 3711 4878 quanto

2129 4887 2363 4943 solerti:e
2410 4888 2596 4958 vigore
2651 4889 2718 4942 ad
2770 4903 2855 4944 res
2908 4890 3305 4949 ecclesiasticas
3353 4896 3709 4966 disponendas

2125 4978 2406 5043 enituerit,
2435 4978 2557 5047 quis
2585 4978 2734 5033 brevi
2760 4979 3036 5050 explicare
3061 4982 3256 5048 valeat,
3292 4999 3413 5039 cum
3444 5000 3581 5055 pene
3609 5002 3707 5041 nec

2208 5151 2307 5162 manu
2344 5151 2382 5162 κ
