  <div class='ocr_page' id='page_1' title='image "/cluster/home/n/w/nwhite01/storage/ocr_20150623/143/hvd.32044015471816/248.png"; bbox 0 0 4010 5328; ppageno 0'>
   <div class='ocr_carea' id='block_1_1' title="bbox 191 284 293 343">
    <p class='ocr_par' dir='ltr' id='par_1_1' title="bbox 191 284 293 343">
     <span class='ocr_line' id='line_1_1' title="bbox 191 284 293 343; baseline 0 -2"><span class='ocrx_word' id='word_1_1' title='bbox 191 284 293 343; x_wconf 77' lang='lat' dir='ltr'><strong>tso</strong></span> 
     </span>
    </p>
   </div>
   <div class='ocr_carea' id='block_1_2' title="bbox 1105 275 2471 343">
    <p class='ocr_par' dir='ltr' id='par_1_2' title="bbox 1105 275 2471 343">
     <span class='ocr_line' id='line_1_2' title="bbox 1105 275 2471 343; baseline 0.001 -9"><span class='ocrx_word' id='word_1_2' title='bbox 1105 277 1397 343; x_wconf 79' lang='lat' dir='ltr'><strong>PROLEG.</strong></span> <span class='ocrx_word' id='word_1_3' title='bbox 1451 314 1507 326; x_wconf 73' lang='grc' dir='ltr'><strong>ο-</strong></span> <span class='ocrx_word' id='word_1_4' title='bbox 1539 279 1700 337; x_wconf 63' lang='lat' dir='ltr'><strong>“TA</strong></span> <span class='ocrx_word' id='word_1_5' title='bbox 1737 280 1795 335; x_wconf 61' lang='grc' dir='ltr'><strong>δᾳ</strong></span> <span class='ocrx_word' id='word_1_6' title='bbox 1840 275 2104 335; x_wconf 62' lang='grc' dir='ltr'><strong>ιείικιε.</strong></span> <span class='ocrx_word' id='word_1_7' title='bbox 2140 310 2210 323; x_wconf 86' lang='lat'><strong>-—</strong></span> <span class='ocrx_word' id='word_1_8' title='bbox 2243 279 2371 336; x_wconf 74' lang='lat' dir='ltr'><strong>LIB.</strong></span> <span class='ocrx_word' id='word_1_9' title='bbox 2409 281 2471 335; x_wconf 88' lang='lat' dir='ltr'><strong>ll.</strong></span> 
     </span>
    </p>
   </div>
   <div class='ocr_carea' id='block_1_3' title="bbox 3342 285 3447 343">
    <p class='ocr_par' dir='ltr' id='par_1_3' title="bbox 3342 285 3447 343">
     <span class='ocr_line' id='line_1_3' title="bbox 3342 285 3447 343; baseline 0.019 -2"><span class='ocrx_word' id='word_1_10' title='bbox 3342 285 3447 343; x_wconf 69' lang='grc' dir='ltr'><strong>ιω</strong></span> 
     </span>
    </p>
   </div>
   <div class='ocr_carea' id='block_1_4' title="bbox 193 393 3448 468">
    <p class='ocr_par' dir='ltr' id='par_1_4' title="bbox 193 393 3448 468">
     <span class='ocr_line' id='line_1_4' title="bbox 193 393 3448 468; baseline 0 -10"><span class='ocrx_word' id='word_1_11' title='bbox 193 411 333 458; x_wconf 84' lang='lat' dir='ltr'><strong>totus</strong></span> <span class='ocrx_word' id='word_1_12' title='bbox 359 396 597 455; x_wconf 70' lang='lat' dir='ltr'><strong>mundus</strong></span> <span class='ocrx_word' id='word_1_13' title='bbox 634 395 701 450; x_wconf 76' lang='lat' dir='ltr'><strong>ad</strong></span> <span class='ocrx_word' id='word_1_14' title='bbox 722 394 1189 453; x_wconf 63' lang='lat' dir='ltr'><strong>.batcenarranda</strong></span> <span class='ocrx_word' id='word_1_15' title='bbox 1224 395 1495 453; x_wconf 71' lang='lat' dir='ltr'><strong>sufﬁciat?</strong></span> <span class='ocrx_word' id='word_1_16' title='bbox 1522 393 1636 450; x_wconf 77' lang='lat' dir='ltr'><strong>Non</strong></span> <span class='ocrx_word' id='word_1_17' title='bbox 1672 410 1769 450; x_wconf 85' lang='lat' dir='ltr'><strong>au-</strong></span> <span class='ocrx_word' id='word_1_18' title='bbox 1798 404 1844 458; x_wconf 66' lang='grc' dir='ltr'>Α</span> <span class='ocrx_word' id='word_1_19' title='bbox 1871 402 2082 447; x_wconf 89' lang='lat' dir='ltr'><strong>ctorum</strong></span> <span class='ocrx_word' id='word_1_20' title='bbox 2116 393 2233 463; x_wconf 82' lang='lat' dir='ltr'><strong>ejus</strong></span> <span class='ocrx_word' id='word_1_21' title='bbox 2260 394 2520 453; x_wconf 88' lang='lat' dir='ltr'><strong>comitum</strong></span> <span class='ocrx_word' id='word_1_22' title='bbox 2550 393 2720 465; x_wconf 60' lang='lat' dir='ltr'><strong>plenae</strong></span> <span class='ocrx_word' id='word_1_23' title='bbox 2742 396 2955 467; x_wconf 56' lang='lat' dir='ltr'><strong>.delata:</strong></span> <span class='ocrx_word' id='word_1_24' title='bbox 2990 412 3302 468; x_wconf 74' lang='lat' dir='ltr'><strong>crumenm;</strong></span> <span class='ocrx_word' id='word_1_25' title='bbox 3342 418 3448 457; x_wconf 89' lang='lat' dir='ltr'><strong>non</strong></span> 
     </span>
    </p>
   </div>
   <div class='ocr_carea' id='block_1_5' title="bbox 196 485 1766 557">
    <p class='ocr_par' dir='ltr' id='par_1_5' title="bbox 196 485 1766 557">
     <span class='ocr_line' id='line_1_5' title="bbox 196 485 1766 557; baseline -0.004 -6"><span class='ocrx_word' id='word_1_26' title='bbox 196 504 297 551; x_wconf 78' lang='lat' dir='ltr'><strong>teni</strong></span> <span class='ocrx_word' id='word_1_27' title='bbox 322 491 429 547; x_wconf 80' lang='lat' dir='ltr'><strong>sub</strong></span> <span class='ocrx_word' id='word_1_28' title='bbox 468 488 607 547; x_wconf 82' lang='lat' dir='ltr'><strong>clavi</strong></span> <span class='ocrx_word' id='word_1_29' title='bbox 640 487 837 544; x_wconf 76' lang='lat' dir='ltr'><strong>silentii</strong></span> <span class='ocrx_word' id='word_1_30' title='bbox 867 485 1219 543; x_wconf 83' lang='lat' dir='ltr'><strong>occulendnm</strong></span> <span class='ocrx_word' id='word_1_31' title='bbox 1261 489 1472 543; x_wconf 73' lang='lat' dir='ltr'><strong>mstimo</strong></span> <span class='ocrx_word' id='word_1_32' title='bbox 1510 495 1766 557; x_wconf 80' lang='lat' dir='ltr'><strong>quantam</strong></span> 
     </span>
    </p>
   </div>
   <div class='ocr_carea' id='block_1_6' title="bbox 194 578 1770 651">
    <p class='ocr_par' dir='ltr' id='par_1_6' title="bbox 194 578 1770 651">
     <span class='ocr_line' id='line_1_6' title="bbox 194 578 1770 651; baseline -0.004 -9"><span class='ocrx_word' id='word_1_33' title='bbox 194 583 579 650; x_wconf 63' lang='lat' dir='ltr'><strong>indulgentiam</strong></span> <span class='ocrx_word' id='word_1_34' title='bbox 602 578 717 649; x_wconf 81' lang='lat' dir='ltr'><strong>ejus</strong></span> <span class='ocrx_word' id='word_1_35' title='bbox 742 579 919 651; x_wconf 89' lang='lat' dir='ltr'><strong>dignis</strong></span> <span class='ocrx_word' id='word_1_36' title='bbox 945 579 1195 650; x_wconf 89' lang='lat' dir='ltr'><strong>precibus</strong></span> <span class='ocrx_word' id='word_1_37' title='bbox 1223 580 1430 650; x_wconf 79' lang='lat' dir='ltr'><strong>llngoni</strong></span> <span class='ocrx_word' id='word_1_38' title='bbox 1456 581 1626 650; x_wconf 82' lang='lat' dir='ltr'><strong>ipsius</strong></span> <span class='ocrx_word' id='word_1_39' title='bbox 1649 595 1770 649; x_wconf 87' lang='lat' dir='ltr'><strong>ger-</strong></span> 
     </span>
    </p>
   </div>
   <div class='ocr_carea' id='block_1_7' title="bbox 194 667 1768 737">
    <p class='ocr_par' dir='ltr' id='par_1_7' title="bbox 194 667 1768 737">
     <span class='ocr_line' id='line_1_7' title="bbox 194 667 1768 737; baseline -0.003 -10"><span class='ocrx_word' id='word_1_40' title='bbox 194 685 347 727; x_wconf 81' lang='lat' dir='ltr'><strong>mano</strong></span> <span class='ocrx_word' id='word_1_41' title='bbox 381 670 566 725; x_wconf 81' lang='lat' dir='ltr'><strong>divina</strong></span> <span class='ocrx_word' id='word_1_42' title='bbox 604 668 892 723; x_wconf 84' lang='lat' dir='ltr'><strong>contulerit</strong></span> <span class='ocrx_word' id='word_1_43' title='bbox 921 668 1219 723; x_wconf 72' lang='lat' dir='ltr'><strong>miseratio.</strong></span> <span class='ocrx_word' id='word_1_44' title='bbox 1263 668 1397 723; x_wconf 79' lang='lat' dir='ltr'><strong>Nam</strong></span> <span class='ocrx_word' id='word_1_45' title='bbox 1425 667 1539 737; x_wconf 89' lang='lat' dir='ltr'><strong>jam</strong></span> <span class='ocrx_word' id='word_1_46' title='bbox 1567 668 1768 723; x_wconf 89' lang='lat' dir='ltr'><strong>dudum</strong></span> 
     </span>
    </p>
   </div>
   <div class='ocr_carea' id='block_1_8' title="bbox 195 757 1768 829">
    <p class='ocr_par' dir='ltr' id='par_1_8' title="bbox 195 757 1768 829">
     <span class='ocr_line' id='line_1_8' title="bbox 195 757 1768 829; baseline -0.002 -14"><span class='ocrx_word' id='word_1_47' title='bbox 195 769 310 815; x_wconf 85' lang='lat' dir='ltr'><strong>ante</strong></span> <span class='ocrx_word' id='word_1_48' title='bbox 335 760 456 829; x_wconf 77' lang='lat' dir='ltr'><strong>ejus</strong></span> <span class='ocrx_word' id='word_1_49' title='bbox 493 760 561 813; x_wconf 87' lang='lat' dir='ltr'><strong>ad</strong></span> <span class='ocrx_word' id='word_1_50' title='bbox 602 758 962 827; x_wconf 65' lang='lat' dir='ltr'><strong>apostolatui!)</strong></span> <span class='ocrx_word' id='word_1_51' title='bbox 990 757 1310 812; x_wconf 83' lang='lat' dir='ltr'><strong>electionem</strong></span> <span class='ocrx_word' id='word_1_52' title='bbox 1338 769 1565 813; x_wconf 79' lang='lat' dir='ltr'><strong>exuerat</strong></span> <span class='ocrx_word' id='word_1_53' title='bbox 1591 759 1768 813; x_wconf 82' lang='lat' dir='ltr'><strong>homi-</strong></span> 
     </span>
    </p>
   </div>
   <div class='ocr_carea' id='block_1_9' title="bbox 194 851 1773 920">
    <p class='ocr_par' dir='ltr' id='par_1_9' title="bbox 194 851 1773 920">
     <span class='ocr_line' id='line_1_9' title="bbox 194 851 1773 920; baseline 0.001 -12"><span class='ocrx_word' id='word_1_54' title='bbox 194 866 341 915; x_wconf 87' lang='lat' dir='ltr'><strong>nem.</strong></span> <span class='ocrx_word' id='word_1_55' title='bbox 369 861 538 920; x_wconf 81' lang='lat' dir='ltr'><strong>atque</strong></span> <span class='ocrx_word' id='word_1_56' title='bbox 568 851 659 905; x_wconf 86' lang='lat' dir='ltr'><strong>hic</strong></span> <span class='ocrx_word' id='word_1_57' title='bbox 688 851 898 909; x_wconf 83' lang='lat' dir='ltr'><strong>beatus.</strong></span> <span class='ocrx_word' id='word_1_58' title='bbox 916 866 1077 904; x_wconf 86' lang='lat' dir='ltr'><strong>causa</strong></span> <span class='ocrx_word' id='word_1_59' title='bbox 1114 853 1382 920; x_wconf 62' lang='lat' dir='ltr'><strong>prmdicta:</strong></span> <span class='ocrx_word' id='word_1_60' title='bbox 1411 852 1773 910; x_wconf 85' lang='lat' dir='ltr'><strong>ordinationis</strong></span> 
     </span>
    </p>
   </div>
   <div class='ocr_carea' id='block_1_10' title="bbox 193 939 1772 1013">
    <p class='ocr_par' dir='ltr' id='par_1_10' title="bbox 193 939 1772 1013">
     <span class='ocr_line' id='line_1_10' title="bbox 193 939 1772 1013; baseline 0.002 -18"><span class='ocrx_word' id='word_1_61' title='bbox 193 940 410 997; x_wconf 80' lang='lat' dir='ltr'><strong>Romam</strong></span> <span class='ocrx_word' id='word_1_62' title='bbox 433 940 687 1009; x_wconf 88' lang='lat' dir='ltr'><strong>tendens,</strong></span> <span class='ocrx_word' id='word_1_63' title='bbox 708 939 1019 1010; x_wconf 83' lang='lat' dir='ltr'><strong>Populeium</strong></span> <span class='ocrx_word' id='word_1_64' title='bbox 1040 941 1158 1013; x_wconf 74' lang='lat'><strong>(50)</strong></span> <span class='ocrx_word' id='word_1_65' title='bbox 1182 942 1494 1008; x_wconf 72' lang='lat' dir='ltr'><strong>advenerat;</strong></span> <span class='ocrx_word' id='word_1_66' title='bbox 1519 941 1608 996; x_wconf 83' lang='lat' dir='ltr'><strong>ubi</strong></span> <span class='ocrx_word' id='word_1_67' title='bbox 1630 941 1772 1011; x_wconf 84' lang='lat' dir='ltr'><strong>ejus—</strong></span> 
     </span>
    </p>
   </div>
   <div class='ocr_carea' id='block_1_11' title="bbox 194 1032 1771 1102">
    <p class='ocr_par' dir='ltr' id='par_1_11' title="bbox 194 1032 1771 1102">
     <span class='ocr_line' id='line_1_11' title="bbox 194 1032 1771 1102; baseline 0.001 -15"><span class='ocrx_word' id='word_1_68' title='bbox 194 1033 309 1087; x_wconf 96' lang='lat' dir='ltr'><strong>dem</strong></span> <span class='ocrx_word' id='word_1_69' title='bbox 353 1033 783 1102; x_wconf 72' lang='lat' dir='ltr'><strong>przenominatus</strong></span> <span class='ocrx_word' id='word_1_70' title='bbox 830 1032 1000 1087; x_wconf 88' lang='lat' dir='ltr'><strong>frater</strong></span> <span class='ocrx_word' id='word_1_71' title='bbox 1039 1034 1253 1087; x_wconf 82' lang='lat' dir='ltr'><strong>cuidam</strong></span> <span class='ocrx_word' id='word_1_72' title='bbox 1303 1032 1428 1089; x_wconf 85' lang='lat' dir='ltr'><strong>boni</strong></span> <span class='ocrx_word' id='word_1_73' title='bbox 1482 1034 1771 1089; x_wconf 80' lang='lat' dir='ltr'><strong>testimonii</strong></span> 
     </span>
    </p>
   </div>
   <div class='ocr_carea' id='block_1_12' title="bbox 190 1123 1771 1195">
    <p class='ocr_par' dir='ltr' id='par_1_12' title="bbox 190 1123 1771 1195">
     <span class='ocr_line' id='line_1_12' title="bbox 190 1123 1771 1195; baseline 0.001 -18"><span class='ocrx_word' id='word_1_74' title='bbox 190 1123 383 1179; x_wconf 85' lang='lat' dir='ltr'><strong>clerico</strong></span> <span class='ocrx_word' id='word_1_75' title='bbox 403 1138 502 1195; x_wconf 88' lang='lat' dir='ltr'><strong>per</strong></span> <span class='ocrx_word' id='word_1_76' title='bbox 524 1123 701 1177; x_wconf 82' lang='lat' dir='ltr'><strong>visum</strong></span> <span class='ocrx_word' id='word_1_77' title='bbox 724 1124 996 1192; x_wconf 87' lang='lat' dir='ltr'><strong>apparuit,</strong></span> <span class='ocrx_word' id='word_1_78' title='bbox 1024 1123 1272 1193; x_wconf 83' lang='lat' dir='ltr'><strong>illiusque</strong></span> <span class='ocrx_word' id='word_1_79' title='bbox 1294 1123 1609 1194; x_wconf 79' lang='lat' dir='ltr'><strong>suﬂ&#39;ragium</strong></span> <span class='ocrx_word' id='word_1_80' title='bbox 1631 1123 1771 1194; x_wconf 87' lang='lat' dir='ltr'><strong>apud</strong></span> 
     </span>
    </p>
   </div>
   <div class='ocr_carea' id='block_1_13' title="bbox 193 1213 1767 1285">
    <p class='ocr_par' dir='ltr' id='par_1_13' title="bbox 193 1213 1767 1285">
     <span class='ocr_line' id='line_1_13' title="bbox 193 1213 1767 1285; baseline 0.001 -16"><span class='ocrx_word' id='word_1_81' title='bbox 193 1216 435 1269; x_wconf 67' lang='lat' dir='ltr'><strong>domuum</strong></span> <span class='ocrx_word' id='word_1_82' title='bbox 473 1214 834 1283; x_wconf 76' lang='lat' dir='ltr'><strong>apostolicum</strong></span> <span class='ocrx_word' id='word_1_83' title='bbox 870 1213 1096 1284; x_wconf 86' lang='lat' dir='ltr'><strong>supplici</strong></span> <span class='ocrx_word' id='word_1_84' title='bbox 1140 1215 1387 1270; x_wconf 82' lang='lat' dir='ltr'><strong>orantine</strong></span> <span class='ocrx_word' id='word_1_85' title='bbox 1434 1216 1767 1285; x_wconf 77' lang='lat' dir='ltr'><strong>depoposcit.</strong></span> 
     </span>
    </p>
   </div>
   <div class='ocr_carea' id='block_1_14' title="bbox 195 1304 1771 1376">
    <p class='ocr_par' dir='ltr' id='par_1_14' title="bbox 195 1304 1771 1376">
     <span class='ocr_line' id='line_1_14' title="bbox 195 1304 1771 1376; baseline 0.001 -17"><span class='ocrx_word' id='word_1_86' title='bbox 195 1304 462 1374; x_wconf 87' lang='lat' dir='ltr'><strong>Siquidem</strong></span> <span class='ocrx_word' id='word_1_87' title='bbox 517 1306 808 1359; x_wconf 71' lang='lat' dir='ltr'><strong>videbatur</strong></span> <span class='ocrx_word' id='word_1_88' title='bbox 860 1314 1161 1359; x_wconf 87' lang='lat' dir='ltr'><strong>memorato</strong></span> <span class='ocrx_word' id='word_1_89' title='bbox 1214 1305 1412 1360; x_wconf 85' lang='lat' dir='ltr'><strong>clerico</strong></span> <span class='ocrx_word' id='word_1_90' title='bbox 1460 1306 1771 1376; x_wconf 66' lang='lat' dir='ltr'><strong>prtelibatus</strong></span> 
     </span>
    </p>
   </div>
   <div class='ocr_carea' id='block_1_15' title="bbox 194 1393 1772 1464">
    <p class='ocr_par' dir='ltr' id='par_1_15' title="bbox 194 1393 1772 1464">
     <span class='ocr_line' id='line_1_15' title="bbox 194 1393 1772 1464; baseline -0.001 -14"><span class='ocrx_word' id='word_1_91' title='bbox 194 1396 356 1464; x_wconf 77' lang='lat' dir='ltr'><strong>litigo,</strong></span> <span class='ocrx_word' id='word_1_92' title='bbox 379 1395 431 1449; x_wconf 90' lang='lat' dir='ltr'><strong>in</strong></span> <span class='ocrx_word' id='word_1_93' title='bbox 463 1395 589 1450; x_wconf 91' lang='lat' dir='ltr'><strong>loco</strong></span> <span class='ocrx_word' id='word_1_94' title='bbox 610 1393 867 1450; x_wconf 71' lang='lat' dir='ltr'><strong>ineffabili</strong></span> <span class='ocrx_word' id='word_1_95' title='bbox 899 1395 1216 1450; x_wconf 73' lang='lat' dir='ltr'><strong>antmnitate</strong></span> <span class='ocrx_word' id='word_1_96' title='bbox 1238 1393 1458 1463; x_wconf 85' lang='lat' dir='ltr'><strong>referto,</strong></span> <span class='ocrx_word' id='word_1_97' title='bbox 1483 1410 1605 1450; x_wconf 90' lang='lat' dir='ltr'><strong>cum</strong></span> <span class='ocrx_word' id='word_1_98' title='bbox 1633 1395 1772 1451; x_wconf 80' lang='lat' dir='ltr'><strong>mul-</strong></span> 
     </span>
    </p>
   </div>
   <div class='ocr_carea' id='block_1_16' title="bbox 195 1486 1771 1551">
    <p class='ocr_par' dir='ltr' id='par_1_16' title="bbox 195 1486 1771 1551">
     <span class='ocr_line' id='line_1_16' title="bbox 195 1486 1771 1551; baseline 0.001 -10"><span class='ocrx_word' id='word_1_99' title='bbox 195 1487 255 1541; x_wconf 89' lang='lat' dir='ltr'><strong>tis</strong></span> <span class='ocrx_word' id='word_1_100' title='bbox 294 1487 699 1542; x_wconf 69' lang='lat' dir='ltr'><strong>collzetantibus</strong></span> <span class='ocrx_word' id='word_1_101' title='bbox 731 1488 783 1540; x_wconf 91' lang='lat' dir='ltr'><strong>in</strong></span> <span class='ocrx_word' id='word_1_102' title='bbox 814 1487 986 1543; x_wconf 87' lang='lat' dir='ltr'><strong>curuli</strong></span> <span class='ocrx_word' id='word_1_103' title='bbox 1034 1486 1163 1541; x_wconf 80' lang='lat' dir='ltr'><strong>sella</strong></span> <span class='ocrx_word' id='word_1_104' title='bbox 1197 1488 1466 1551; x_wconf 84' lang='lat' dir='ltr'><strong>residere,</strong></span> <span class='ocrx_word' id='word_1_105' title='bbox 1514 1487 1608 1543; x_wconf 86' lang='lat' dir='ltr'><strong>sed</strong></span> <span class='ocrx_word' id='word_1_106' title='bbox 1634 1490 1771 1544; x_wconf 78' lang='lat' dir='ltr'><strong>sine</strong></span> 
     </span>
    </p>
   </div>
   <div class='ocr_carea' id='block_1_17' title="bbox 113 1576 1767 1647">
    <p class='ocr_par' dir='ltr' id='par_1_17' title="bbox 113 1576 1767 1647">
     <span class='ocr_line' id='line_1_17' title="bbox 113 1576 1767 1647; baseline 0.004 -17"><span class='ocrx_word' id='word_1_107' title='bbox 113 1592 128 1607; x_wconf 76' lang='grc' dir='ltr'><strong><em>ο</em></strong></span> <span class='ocrx_word' id='word_1_108' title='bbox 193 1576 529 1645; x_wconf 85' lang='lat' dir='ltr'><strong>soppcdaneo</strong></span> <span class='ocrx_word' id='word_1_109' title='bbox 571 1576 813 1632; x_wconf 85' lang='lat' dir='ltr'><strong>scabello</strong></span> <span class='ocrx_word' id='word_1_110' title='bbox 848 1577 1015 1647; x_wconf 84' lang='lat' dir='ltr'><strong>pedes</strong></span> <span class='ocrx_word' id='word_1_111' title='bbox 1051 1578 1118 1631; x_wconf 91' lang='lat' dir='ltr'><strong>ad</strong></span> <span class='ocrx_word' id='word_1_112' title='bbox 1155 1578 1263 1632; x_wconf 87' lang='lat' dir='ltr'><strong>ima</strong></span> <span class='ocrx_word' id='word_1_113' title='bbox 1298 1577 1593 1647; x_wconf 79' lang='lat' dir='ltr'><strong>pendentes</strong></span> <span class='ocrx_word' id='word_1_114' title='bbox 1635 1580 1767 1636; x_wconf 84' lang='lat' dir='ltr'><strong>reti-</strong></span> 
     </span>
    </p>
   </div>
   <div class='ocr_carea' id='block_1_18' title="bbox 192 1667 1768 1739">
    <p class='ocr_par' dir='ltr' id='par_1_18' title="bbox 192 1667 1768 1739">
     <span class='ocr_line' id='line_1_18' title="bbox 192 1667 1768 1739; baseline 0.003 -19"><span class='ocrx_word' id='word_1_115' title='bbox 192 1681 330 1721; x_wconf 81' lang='lat' dir='ltr'><strong>nere.</strong></span> <span class='ocrx_word' id='word_1_116' title='bbox 359 1667 533 1732; x_wconf 78' lang='lat' dir='ltr'><strong>Quem</strong></span> <span class='ocrx_word' id='word_1_117' title='bbox 562 1682 689 1721; x_wconf 90' lang='lat' dir='ltr'><strong>cum</strong></span> <span class='ocrx_word' id='word_1_118' title='bbox 712 1667 1002 1737; x_wconf 63' lang='lat' dir='ltr'><strong>praedictus</strong></span> <span class='ocrx_word' id='word_1_119' title='bbox 1031 1668 1331 1737; x_wconf 81' lang='lat' dir='ltr'><strong>requireret</strong></span> <span class='ocrx_word' id='word_1_120' title='bbox 1354 1667 1584 1735; x_wconf 74' lang='lat' dir='ltr'><strong>clericus</strong></span> <span class='ocrx_word' id='word_1_121' title='bbox 1606 1684 1768 1739; x_wconf 87' lang='lat' dir='ltr'><strong>super</strong></span> 
     </span>
    </p>
   </div>
   <div class='ocr_carea' id='block_1_19' title="bbox 1867 482 3448 557">
    <p class='ocr_par' dir='ltr' id='par_1_19' title="bbox 1867 482 3448 557">
     <span class='ocr_line' id='line_1_19' title="bbox 1867 482 3448 557; baseline 0.008 -21"><span class='ocrx_word' id='word_1_122' title='bbox 1867 490 1985 536; x_wconf 81' lang='lat' dir='ltr'><strong>erat</strong></span> <span class='ocrx_word' id='word_1_123' title='bbox 2020 482 2126 537; x_wconf 89' lang='lat' dir='ltr'><strong>ulla</strong></span> <span class='ocrx_word' id='word_1_124' title='bbox 2165 496 2289 552; x_wconf 83' lang='lat' dir='ltr'><strong>spes</strong></span> <span class='ocrx_word' id='word_1_125' title='bbox 2320 484 2474 553; x_wconf 84' lang='lat' dir='ltr'><strong>opis,</strong></span> <span class='ocrx_word' id='word_1_126' title='bbox 2519 485 2620 539; x_wconf 87' lang='lat' dir='ltr'><strong>nisi</strong></span> <span class='ocrx_word' id='word_1_127' title='bbox 2658 488 2904 557; x_wconf 84' lang='lat' dir='ltr'><strong>proprias</strong></span> <span class='ocrx_word' id='word_1_128' title='bbox 2946 499 3120 544; x_wconf 82' lang='lat' dir='ltr'><strong>restes</strong></span> <span class='ocrx_word' id='word_1_129' title='bbox 3162 492 3229 546; x_wconf 86' lang='lat' dir='ltr'><strong>ad</strong></span> <span class='ocrx_word' id='word_1_130' title='bbox 3264 493 3448 551; x_wconf 80' lang='lat' dir='ltr'><strong>minus</strong></span> 
     </span>
    </p>
   </div>
   <div class='ocr_carea' id='block_1_20' title="bbox 1870 570 3452 644">
    <p class='ocr_par' dir='ltr' id='par_1_20' title="bbox 1870 570 3452 644">
     <span class='ocr_line' id='line_1_20' title="bbox 1870 570 3452 644; baseline 0.009 -21"><span class='ocrx_word' id='word_1_131' title='bbox 1870 570 2102 641; x_wconf 80' lang='lat' dir='ltr'><strong>pretium</strong></span> <span class='ocrx_word' id='word_1_132' title='bbox 2141 573 2398 633; x_wconf 85' lang='lat' dir='ltr'><strong>vendere.</strong></span> <span class='ocrx_word' id='word_1_133' title='bbox 2435 583 2491 628; x_wconf 88' lang='lat' dir='ltr'><strong>et</strong></span> <span class='ocrx_word' id='word_1_134' title='bbox 2524 589 2847 644; x_wconf 83' lang='lat' dir='ltr'><strong>quacunque</strong></span> <span class='ocrx_word' id='word_1_135' title='bbox 2889 588 3096 634; x_wconf 85' lang='lat' dir='ltr'><strong>secreta</strong></span> <span class='ocrx_word' id='word_1_136' title='bbox 3144 591 3261 634; x_wconf 86' lang='lat' dir='ltr'><strong>arte</strong></span> <span class='ocrx_word' id='word_1_137' title='bbox 3299 581 3452 637; x_wconf 81' lang='lat' dir='ltr'><strong>beni-</strong></span> 
     </span>
    </p>
   </div>
   <div class='ocr_carea' id='block_1_21' title="bbox 1869 660 3447 738">
    <p class='ocr_par' dir='ltr' id='par_1_21' title="bbox 1869 660 3447 738">
     <span class='ocr_line' id='line_1_21' title="bbox 1869 660 3447 738; baseline 0.009 -26"><span class='ocrx_word' id='word_1_138' title='bbox 1869 660 2188 728; x_wconf 83' lang='lat' dir='ltr'><strong>gnissimum</strong></span> <span class='ocrx_word' id='word_1_139' title='bbox 2230 670 2441 730; x_wconf 76' lang='lat' dir='ltr'><strong>patrem</strong></span> <span class='ocrx_word' id='word_1_140' title='bbox 2493 662 2547 716; x_wconf 92' lang='lat' dir='ltr'><strong>in</strong></span> <span class='ocrx_word' id='word_1_141' title='bbox 2594 665 2822 732; x_wconf 85' lang='lat' dir='ltr'><strong>patriam</strong></span> <span class='ocrx_word' id='word_1_142' title='bbox 2872 666 3124 738; x_wconf 85' lang='lat' dir='ltr'><strong>fugiendo</strong></span> <span class='ocrx_word' id='word_1_143' title='bbox 3168 670 3447 728; x_wconf 69' lang='lat' dir='ltr'><strong>reducere.</strong></span> 
     </span>
    </p>
   </div>
   <div class='ocr_carea' id='block_1_22' title="bbox 1870 749 3449 826">
    <p class='ocr_par' dir='ltr' id='par_1_22' title="bbox 1870 749 3449 826">
     <span class='ocr_line' id='line_1_22' title="bbox 1870 749 3449 826; baseline 0.01 -23"><span class='ocrx_word' id='word_1_144' title='bbox 1870 749 2109 816; x_wconf 83' lang='lat' dir='ltr'><strong>Quorum</strong></span> <span class='ocrx_word' id='word_1_145' title='bbox 2133 754 2418 809; x_wconf 89' lang='lat' dir='ltr'><strong>reuiteudo</strong></span> <span class='ocrx_word' id='word_1_146' title='bbox 2440 755 2691 823; x_wconf 89' lang='lat' dir='ltr'><strong>consilio,</strong></span> <span class='ocrx_word' id='word_1_147' title='bbox 2717 757 2801 811; x_wconf 86' lang='lat' dir='ltr'><strong>vir</strong></span> <span class='ocrx_word' id='word_1_148' title='bbox 2824 758 3091 826; x_wconf 71' lang='lat' dir='ltr'><strong>beatusju</strong></span> <span class='ocrx_word' id='word_1_149' title='bbox 3114 760 3296 819; x_wconf 76' lang='lat' dir='ltr'><strong>divino</strong></span> <span class='ocrx_word' id='word_1_150' title='bbox 3317 779 3449 819; x_wconf 86' lang='lat' dir='ltr'><strong>con-</strong></span> 
     </span>
    </p>
   </div>
   <div class='ocr_carea' id='block_1_23' title="bbox 1870 839 3452 914">
    <p class='ocr_par' dir='ltr' id='par_1_23' title="bbox 1870 839 3452 914">
     <span class='ocr_line' id='line_1_23' title="bbox 1870 839 3452 914; baseline 0.009 -19"><span class='ocrx_word' id='word_1_151' title='bbox 1870 839 2038 896; x_wconf 69' lang='lat' dir='ltr'><strong>fiJere</strong></span> <span class='ocrx_word' id='word_1_152' title='bbox 2072 842 2266 898; x_wconf 85' lang='lat' dir='ltr'><strong>solatio</strong></span> <span class='ocrx_word' id='word_1_153' title='bbox 2294 845 2564 914; x_wconf 74' lang='lat' dir='ltr'><strong>sagaciter</strong></span> <span class='ocrx_word' id='word_1_154' title='bbox 2597 846 2961 914; x_wconf 87' lang='lat' dir='ltr'><strong>admonebat;</strong></span> <span class='ocrx_word' id='word_1_155' title='bbox 2993 853 3087 905; x_wconf 89' lang='lat' dir='ltr'><strong>sed</strong></span> <span class='ocrx_word' id='word_1_156' title='bbox 3125 861 3303 907; x_wconf 88' lang='lat' dir='ltr'><strong>tamen</strong></span> <span class='ocrx_word' id='word_1_157' title='bbox 3335 855 3452 910; x_wconf 62' lang='lat' dir='ltr'><strong>illa-</strong></span> 
     </span>
    </p>
   </div>
   <div class='ocr_carea' id='block_1_24' title="bbox 1870 931 3453 1003">
    <p class='ocr_par' dir='ltr' id='par_1_24' title="bbox 1870 931 3453 1003">
     <span class='ocr_line' id='line_1_24' title="bbox 1870 931 3453 1003; baseline 0.011 -18"><span class='ocrx_word' id='word_1_158' title='bbox 1870 948 1991 986; x_wconf 87' lang='lat' dir='ltr'><strong>rum</strong></span> <span class='ocrx_word' id='word_1_159' title='bbox 2018 931 2292 990; x_wconf 80' lang='lat' dir='ltr'><strong>alB.ctioni</strong></span> <span class='ocrx_word' id='word_1_160' title='bbox 2324 937 2658 993; x_wconf 85' lang='lat' dir='ltr'><strong>misericordi</strong></span> <span class='ocrx_word' id='word_1_161' title='bbox 2690 939 2885 994; x_wconf 86' lang='lat' dir='ltr'><strong>affectu</strong></span> <span class='ocrx_word' id='word_1_162' title='bbox 2915 956 2987 996; x_wconf 73' lang='lat' dir='ltr'><strong>ex</strong></span> <span class='ocrx_word' id='word_1_163' title='bbox 3019 943 3220 999; x_wconf 78' lang='lat' dir='ltr'><strong>intimis</strong></span> <span class='ocrx_word' id='word_1_164' title='bbox 3256 947 3453 1003; x_wconf 76' lang='lat' dir='ltr'><strong>conda-</strong></span> 
     </span>
    </p>
   </div>
   <div class='ocr_carea' id='block_1_25' title="bbox 1869 1020 3451 1106">
    <p class='ocr_par' dir='ltr' id='par_1_25' title="bbox 1869 1020 3451 1106">
     <span class='ocr_line' id='line_1_25' title="bbox 1869 1020 3451 1106; baseline 0.01 -31"><span class='ocrx_word' id='word_1_165' title='bbox 1869 1020 2033 1076; x_wconf 85' lang='lat' dir='ltr'><strong>lebat.</strong></span> <span class='ocrx_word' id='word_1_166' title='bbox 2085 1023 2324 1080; x_wconf 79' lang='lat' dir='ltr'><strong>Instanze</strong></span> <span class='ocrx_word' id='word_1_167' title='bbox 2356 1038 2537 1081; x_wconf 88' lang='lat' dir='ltr'><strong>autem</strong></span> <span class='ocrx_word' id='word_1_168' title='bbox 2586 1029 2673 1084; x_wconf 87' lang='lat' dir='ltr'><strong>die</strong></span> <span class='ocrx_word' id='word_1_169' title='bbox 2723 1045 2831 1099; x_wconf 84' lang='lat' dir='ltr'><strong>quo</strong></span> <span class='ocrx_word' id='word_1_170' title='bbox 2859 1032 3038 1086; x_wconf 88' lang='lat' dir='ltr'><strong>cuncti</strong></span> <span class='ocrx_word' id='word_1_171' title='bbox 3076 1035 3304 1090; x_wconf 81' lang='lat' dir='ltr'><strong>comites</strong></span> <span class='ocrx_word' id='word_1_172' title='bbox 3333 1037 3451 1106; x_wconf 77' lang='lat' dir='ltr'><strong>ejus</strong></span> 
     </span>
    </p>
   </div>
   <div class='ocr_carea' id='block_1_26' title="bbox 1871 1111 3451 1194">
    <p class='ocr_par' dir='ltr' id='par_1_26' title="bbox 1871 1111 3451 1194">
     <span class='ocr_line' id='line_1_26' title="bbox 1871 1111 3451 1194; baseline 0.008 -28"><span class='ocrx_word' id='word_1_173' title='bbox 1871 1111 2246 1181; x_wconf 66' lang='lat' dir='ltr'><strong>disposuerant</strong></span> <span class='ocrx_word' id='word_1_174' title='bbox 2283 1116 2526 1171; x_wconf 91' lang='lat' dir='ltr'><strong>clanculo</strong></span> <span class='ocrx_word' id='word_1_175' title='bbox 2561 1120 2847 1181; x_wconf 86' lang='lat' dir='ltr'><strong>recedere.</strong></span> <span class='ocrx_word' id='word_1_176' title='bbox 2895 1135 3023 1176; x_wconf 86' lang='lat' dir='ltr'><strong>ecce</strong></span> <span class='ocrx_word' id='word_1_177' title='bbox 3063 1121 3258 1177; x_wconf 86' lang='lat' dir='ltr'><strong>adsunt</strong></span> <span class='ocrx_word' id='word_1_178' title='bbox 3291 1124 3451 1194; x_wconf 73' lang='lat' dir='ltr'><strong>legati</strong></span> 
     </span>
    </p>
   </div>
   <div class='ocr_carea' id='block_1_27' title="bbox 1869 1203 3451 1280">
    <p class='ocr_par' dir='ltr' id='par_1_27' title="bbox 1869 1203 3451 1280">
     <span class='ocr_line' id='line_1_27' title="bbox 1869 1203 3451 1280; baseline 0.008 -22"><span class='ocrx_word' id='word_1_179' title='bbox 1869 1203 2128 1259; x_wconf 89' lang='lat' dir='ltr'><strong>nobilium</strong></span> <span class='ocrx_word' id='word_1_180' title='bbox 2161 1206 2553 1264; x_wconf 74' lang='lat' dir='ltr'><strong>Beneventanzc</strong></span> <span class='ocrx_word' id='word_1_181' title='bbox 2587 1212 2909 1280; x_wconf 68' lang='lat' dir='ltr'><strong>provinciae,</strong></span> <span class='ocrx_word' id='word_1_182' title='bbox 2947 1213 3252 1270; x_wconf 85' lang='lat' dir='ltr'><strong>deferentes</strong></span> <span class='ocrx_word' id='word_1_183' title='bbox 3295 1217 3451 1271; x_wconf 63' lang='lat' dir='ltr'><strong>xenia</strong></span> 
     </span>
    </p>
   </div>
   <div class='ocr_carea' id='block_1_28' title="bbox 1869 1294 3454 1371">
    <p class='ocr_par' dir='ltr' id='par_1_28' title="bbox 1869 1294 3454 1371">
     <span class='ocr_line' id='line_1_28' title="bbox 1869 1294 3454 1371; baseline 0.009 -24"><span class='ocrx_word' id='word_1_184' title='bbox 1869 1294 2178 1364; x_wconf 76' lang='lat' dir='ltr'><strong>apostolica:</strong></span> <span class='ocrx_word' id='word_1_185' title='bbox 2204 1312 2440 1368; x_wconf 84' lang='lat' dir='ltr'><strong>congrua</strong></span> <span class='ocrx_word' id='word_1_186' title='bbox 2470 1299 2739 1369; x_wconf 86' lang='lat' dir='ltr'><strong>dignitati,</strong></span> <span class='ocrx_word' id='word_1_187' title='bbox 2768 1301 2884 1371; x_wconf 83' lang='lat' dir='ltr'><strong>ejus</strong></span> <span class='ocrx_word' id='word_1_188' title='bbox 2915 1302 3342 1360; x_wconf 87' lang='lat' dir='ltr'><strong>benedictionem</strong></span> <span class='ocrx_word' id='word_1_189' title='bbox 3372 1314 3454 1362; x_wconf 84' lang='lat' dir='ltr'><strong>at-</strong></span> 
     </span>
    </p>
   </div>
   <div class='ocr_carea' id='block_1_29' title="bbox 1868 1387 3451 1466">
    <p class='ocr_par' dir='ltr' id='par_1_29' title="bbox 1868 1387 3451 1466">
     <span class='ocr_line' id='line_1_29' title="bbox 1868 1387 3451 1466; baseline 0.008 -26"><span class='ocrx_word' id='word_1_190' title='bbox 1868 1399 1975 1455; x_wconf 82' lang='lat' dir='ltr'><strong>que</strong></span> <span class='ocrx_word' id='word_1_191' title='bbox 2033 1387 2286 1443; x_wconf 83' lang='lat' dir='ltr'><strong>solatium</strong></span> <span class='ocrx_word' id='word_1_192' title='bbox 2350 1391 2664 1460; x_wconf 77' lang='lat' dir='ltr'><strong>suppliciter</strong></span> <span class='ocrx_word' id='word_1_193' title='bbox 2718 1394 3074 1464; x_wconf 87' lang='lat' dir='ltr'><strong>deposcentes</strong></span> <span class='ocrx_word' id='word_1_194' title='bbox 3125 1398 3451 1466; x_wconf 74' lang='lat' dir='ltr'><strong>promereri.</strong></span> 
     </span>
    </p>
   </div>
   <div class='ocr_carea' id='block_1_30' title="bbox 1866 1475 3453 1550">
    <p class='ocr_par' dir='ltr' id='par_1_30' title="bbox 1866 1475 3453 1550">
     <span class='ocr_line' id='line_1_30' title="bbox 1866 1475 3453 1550; baseline 0.008 -20"><span class='ocrx_word' id='word_1_195' title='bbox 1866 1475 2016 1543; x_wconf 73' lang='lat' dir='ltr'><strong>Quos</strong></span> <span class='ocrx_word' id='word_1_196' title='bbox 2048 1479 2157 1533; x_wconf 86' lang='lat' dir='ltr'><strong>Deo</strong></span> <span class='ocrx_word' id='word_1_197' title='bbox 2194 1480 2388 1549; x_wconf 86' lang='lat' dir='ltr'><strong>dignus</strong></span> <span class='ocrx_word' id='word_1_198' title='bbox 2423 1480 2647 1550; x_wconf 69' lang='lat' dir='ltr'><strong>praesul,</strong></span> <span class='ocrx_word' id='word_1_199' title='bbox 2687 1491 2744 1536; x_wconf 89' lang='lat' dir='ltr'><strong>ut</strong></span> <span class='ocrx_word' id='word_1_200' title='bbox 2776 1497 2935 1537; x_wconf 86' lang='lat' dir='ltr'><strong>suam</strong></span> <span class='ocrx_word' id='word_1_201' title='bbox 2966 1484 3193 1541; x_wconf 85' lang='lat' dir='ltr'><strong>decebat</strong></span> <span class='ocrx_word' id='word_1_202' title='bbox 3230 1488 3453 1543; x_wconf 86' lang='lat' dir='ltr'><strong>honori-</strong></span> 
     </span>
    </p>
   </div>
   <div class='ocr_carea' id='block_1_31' title="bbox 1868 1565 3450 1641">
    <p class='ocr_par' dir='ltr' id='par_1_31' title="bbox 1868 1565 3450 1641">
     <span class='ocr_line' id='line_1_31' title="bbox 1868 1565 3450 1641; baseline 0.008 -21"><span class='ocrx_word' id='word_1_203' title='bbox 1868 1565 2143 1622; x_wconf 84' lang='lat' dir='ltr'><strong>ficentiam</strong></span> <span class='ocrx_word' id='word_1_204' title='bbox 2170 1608 2186 1632; x_wconf 90' lang='lat'><strong>,</strong></span> <span class='ocrx_word' id='word_1_205' title='bbox 2228 1569 2493 1638; x_wconf 88' lang='lat' dir='ltr'><strong>suscepit,</strong></span> <span class='ocrx_word' id='word_1_206' title='bbox 2532 1584 2685 1626; x_wconf 88' lang='lat' dir='ltr'><strong>sacra</strong></span> <span class='ocrx_word' id='word_1_207' title='bbox 2730 1571 3104 1629; x_wconf 84' lang='lat' dir='ltr'><strong>benedictione</strong></span> <span class='ocrx_word' id='word_1_208' title='bbox 3139 1575 3450 1641; x_wconf 80' lang='lat' dir='ltr'><strong>roboravit,</strong></span> 
     </span>
    </p>
   </div>
   <div class='ocr_carea' id='block_1_32' title="bbox 1869 1658 3452 1734">
    <p class='ocr_par' dir='ltr' id='par_1_32' title="bbox 1869 1658 3452 1734">
     <span class='ocr_line' id='line_1_32' title="bbox 1869 1658 3452 1734; baseline 0.007 -23"><span class='ocrx_word' id='word_1_209' title='bbox 1869 1672 1977 1713; x_wconf 85' lang='lat' dir='ltr'><strong>non</strong></span> <span class='ocrx_word' id='word_1_210' title='bbox 2010 1666 2119 1712; x_wconf 82' lang='lat' dir='ltr'><strong>tant</strong></span> <span class='ocrx_word' id='word_1_211' title='bbox 2143 1658 2296 1713; x_wconf 78' lang='lat' dir='ltr'><strong>laetus</strong></span> <span class='ocrx_word' id='word_1_212' title='bbox 2324 1659 2680 1730; x_wconf 78' lang='lat' dir='ltr'><strong>deloblatione</strong></span> <span class='ocrx_word' id='word_1_213' title='bbox 2708 1678 2987 1717; x_wconf 83' lang='lat' dir='ltr'><strong>munerum</strong></span> <span class='ocrx_word' id='word_1_214' title='bbox 3005 1706 3018 1728; x_wconf 92' lang='lat'><strong>,</strong></span> <span class='ocrx_word' id='word_1_215' title='bbox 3045 1680 3206 1734; x_wconf 83' lang='lat' dir='ltr'><strong>quam</strong></span> <span class='ocrx_word' id='word_1_216' title='bbox 3229 1665 3338 1721; x_wconf 88' lang='lat' dir='ltr'><strong>Deo</strong></span> <span class='ocrx_word' id='word_1_217' title='bbox 3364 1682 3452 1722; x_wconf 83' lang='lat' dir='ltr'><strong>re-</strong></span> 
     </span>
    </p>
   </div>
   <div class='ocr_carea' id='block_1_33' title="bbox 196 1738 3453 1826">
    <p class='ocr_par' dir='ltr' id='par_1_33' title="bbox 196 1738 3453 1826">
     <span class='ocr_line' id='line_1_33' title="bbox 196 1738 3453 1826; baseline 0.008 -40"><span class='ocrx_word' id='word_1_218' title='bbox 196 1753 438 1823; x_wconf 58' lang='lat' dir='ltr'><strong>quapme</strong></span> <span class='ocrx_word' id='word_1_219' title='bbox 476 1755 562 1809; x_wconf 64' lang='lat' dir='ltr'><strong>sui</strong></span> <span class='ocrx_word' id='word_1_220' title='bbox 601 1765 811 1820; x_wconf 55' lang='lat' dir='ltr'><strong>smus,</strong></span> <span class='ocrx_word' id='word_1_221' title='bbox 847 1757 1209 1826; x_wconf 58' lang='lat' dir='ltr'><strong>mswndcba;</strong></span> <span class='ocrx_word' id='word_1_222' title='bbox 1243 1760 1382 1812; x_wconf 65' lang='lat' dir='ltr'><strong>bene</strong></span> <span class='ocrx_word' id='word_1_223' title='bbox 1417 1757 1519 1813; x_wconf 61' lang='lat' dir='ltr'><strong>sibi</strong></span> <span class='ocrx_word' id='word_1_224' title='bbox 1556 1738 1683 1814; x_wconf 45' lang='lat' dir='ltr'><strong>esse</strong></span> <span class='ocrx_word' id='word_1_225' title='bbox 1714 1760 1768 1814; x_wconf 65' lang='lat' dir='ltr'><strong>in</strong></span> <span class='ocrx_word' id='word_1_226' title='bbox 1798 1738 1842 1799; x_wconf 82' lang='grc' dir='ltr'><strong><em>Β</em></strong></span> <span class='ocrx_word' id='word_1_227' title='bbox 1865 1750 2105 1821; x_wconf 87' lang='lat' dir='ltr'><strong>pendens</strong></span> <span class='ocrx_word' id='word_1_228' title='bbox 2153 1761 2335 1823; x_wconf 85' lang='lat' dir='ltr'><strong>grates</strong></span> <span class='ocrx_word' id='word_1_229' title='bbox 2378 1752 2444 1806; x_wconf 87' lang='lat' dir='ltr'><strong>de</strong></span> <span class='ocrx_word' id='word_1_230' title='bbox 2488 1753 2777 1808; x_wconf 79' lang='lat' dir='ltr'><strong>devotione</strong></span> <span class='ocrx_word' id='word_1_231' title='bbox 2823 1754 3082 1810; x_wconf 85' lang='lat' dir='ltr'><strong>fidelium.</strong></span> <span class='ocrx_word' id='word_1_232' title='bbox 3133 1757 3336 1813; x_wconf 85' lang='lat' dir='ltr'><strong>Dehinc</strong></span> <span class='ocrx_word' id='word_1_233' title='bbox 3383 1758 3453 1812; x_wconf 85' lang='lat' dir='ltr'><strong>ad</strong></span> 
     </span>
    </p>
   </div>
   <div class='ocr_carea' id='block_1_34' title="bbox 195 1845 1772 1921">
    <p class='ocr_par' dir='ltr' id='par_1_34' title="bbox 195 1845 1772 1921">
     <span class='ocr_line' id='line_1_34' title="bbox 195 1845 1772 1921; baseline 0.006 -22"><span class='ocrx_word' id='word_1_234' title='bbox 195 1845 469 1910; x_wconf 74' lang='lat' dir='ltr'><strong>cantibus,</strong></span> <span class='ocrx_word' id='word_1_235' title='bbox 516 1847 625 1900; x_wconf 87' lang='lat' dir='ltr'><strong>nisi</strong></span> <span class='ocrx_word' id='word_1_236' title='bbox 668 1847 815 1916; x_wconf 90' lang='lat' dir='ltr'><strong>quod</strong></span> <span class='ocrx_word' id='word_1_237' title='bbox 862 1848 929 1901; x_wconf 88' lang='lat' dir='ltr'><strong>ad</strong></span> <span class='ocrx_word' id='word_1_238' title='bbox 976 1848 1160 1902; x_wconf 89' lang='lat' dir='ltr'><strong>infima</strong></span> <span class='ocrx_word' id='word_1_239' title='bbox 1204 1848 1471 1906; x_wconf 75' lang='lat' dir='ltr'><strong>laboriose</strong></span> <span class='ocrx_word' id='word_1_240' title='bbox 1514 1853 1772 1921; x_wconf 76' lang='lat' dir='ltr'><strong>penderet</strong></span> 
     </span>
    </p>
   </div>
   <div class='ocr_carea' id='block_1_35' title="bbox 195 1939 1768 2011">
    <p class='ocr_par' dir='ltr' id='par_1_35' title="bbox 195 1939 1768 2011">
     <span class='ocr_line' id='line_1_35' title="bbox 195 1939 1768 2011; baseline 0.006 -20"><span class='ocrx_word' id='word_1_241' title='bbox 195 1953 290 1999; x_wconf 82' lang='lat' dir='ltr'><strong>non</strong></span> <span class='ocrx_word' id='word_1_242' title='bbox 324 1939 493 1993; x_wconf 73' lang='lat' dir='ltr'><strong>lit-aiis</strong></span> <span class='ocrx_word' id='word_1_243' title='bbox 526 1939 777 2009; x_wconf 83' lang='lat' dir='ltr'><strong>pedibus.</strong></span> <span class='ocrx_word' id='word_1_244' title='bbox 814 1940 1036 1995; x_wconf 82' lang='lat' dir='ltr'><strong>Petebat</strong></span> <span class='ocrx_word' id='word_1_245' title='bbox 1080 1957 1296 2011; x_wconf 90' lang='lat' dir='ltr'><strong>quoque</strong></span> <span class='ocrx_word' id='word_1_246' title='bbox 1327 1953 1387 1998; x_wconf 89' lang='lat' dir='ltr'><strong>ut</strong></span> <span class='ocrx_word' id='word_1_247' title='bbox 1430 1944 1571 2000; x_wconf 84' lang='lat' dir='ltr'><strong>idem</strong></span> <span class='ocrx_word' id='word_1_248' title='bbox 1606 1945 1768 2001; x_wconf 51' lang='lat' dir='ltr'><strong>cieri.</strong></span> 
     </span>
    </p>
   </div>
   <div class='ocr_carea' id='block_1_36' title="bbox 198 2028 1771 2103">
    <p class='ocr_par' dir='ltr' id='par_1_36' title="bbox 198 2028 1771 2103">
     <span class='ocr_line' id='line_1_36' title="bbox 198 2028 1771 2103; baseline 0.006 -22"><span class='ocrx_word' id='word_1_249' title='bbox 198 2043 284 2091; x_wconf 77' lang='lat' dir='ltr'><strong>eus</strong></span> <span class='ocrx_word' id='word_1_250' title='bbox 313 2028 535 2085; x_wconf 77' lang='lat' dir='ltr'><strong>fratrem</strong></span> <span class='ocrx_word' id='word_1_251' title='bbox 566 2044 726 2085; x_wconf 84' lang='lat' dir='ltr'><strong>suum</strong></span> <span class='ocrx_word' id='word_1_252' title='bbox 753 2029 895 2085; x_wconf 87' lang='lat' dir='ltr'><strong>hunc</strong></span> <span class='ocrx_word' id='word_1_253' title='bbox 922 2030 1138 2086; x_wconf 85' lang='lat' dir='ltr'><strong>beatum</strong></span> <span class='ocrx_word' id='word_1_254' title='bbox 1169 2034 1238 2088; x_wconf 89' lang='lat' dir='ltr'><strong>ad</strong></span> <span class='ocrx_word' id='word_1_255' title='bbox 1261 2035 1613 2103; x_wconf 84' lang='lat' dir='ltr'><strong>apostolicam</strong></span> <span class='ocrx_word' id='word_1_256' title='bbox 1637 2052 1771 2091; x_wconf 69' lang='lat' dir='ltr'><strong>cano</strong></span> 
     </span>
    </p>
   </div>
   <div class='ocr_carea' id='block_1_37' title="bbox 198 2120 1769 2194">
    <p class='ocr_par' dir='ltr' id='par_1_37' title="bbox 198 2120 1769 2194">
     <span class='ocr_line' id='line_1_37' title="bbox 198 2120 1769 2194; baseline 0.007 -23"><span class='ocrx_word' id='word_1_257' title='bbox 198 2126 293 2171; x_wconf 82' lang='lat' dir='ltr'><strong>tem</strong></span> <span class='ocrx_word' id='word_1_258' title='bbox 325 2120 797 2174; x_wconf 83' lang='lat' dir='ltr'><strong>consecrationem</strong></span> <span class='ocrx_word' id='word_1_259' title='bbox 831 2131 1111 2188; x_wconf 87' lang='lat' dir='ltr'><strong>cxoraret,</strong></span> <span class='ocrx_word' id='word_1_260' title='bbox 1159 2137 1426 2194; x_wconf 87' lang='lat' dir='ltr'><strong>quatenus</strong></span> <span class='ocrx_word' id='word_1_261' title='bbox 1456 2128 1508 2179; x_wconf 93' lang='lat' dir='ltr'><strong>in</strong></span> <span class='ocrx_word' id='word_1_262' title='bbox 1548 2126 1769 2182; x_wconf 89' lang='lat' dir='ltr'><strong>introitu</strong></span> 
     </span>
    </p>
   </div>
   <div class='ocr_carea' id='block_1_38' title="bbox 197 2209 1772 2285">
    <p class='ocr_par' dir='ltr' id='par_1_38' title="bbox 197 2209 1772 2285">
     <span class='ocr_line' id='line_1_38' title="bbox 197 2209 1772 2285; baseline 0.009 -25"><span class='ocrx_word' id='word_1_263' title='bbox 197 2209 457 2265; x_wconf 73' lang='lat' dir='ltr'><strong>valvarum</strong></span> <span class='ocrx_word' id='word_1_264' title='bbox 488 2211 740 2268; x_wconf 72' lang='lat' dir='ltr'><strong>ecclesiae</strong></span> <span class='ocrx_word' id='word_1_265' title='bbox 771 2212 1038 2284; x_wconf 85' lang='lat' dir='ltr'><strong>Principis</strong></span> <span class='ocrx_word' id='word_1_266' title='bbox 1064 2216 1432 2285; x_wconf 87' lang='lat' dir='ltr'><strong>apostolorum</strong></span> <span class='ocrx_word' id='word_1_267' title='bbox 1465 2217 1547 2272; x_wconf 86' lang='lat' dir='ltr'><strong>sui</strong></span> <span class='ocrx_word' id='word_1_268' title='bbox 1581 2220 1772 2274; x_wconf 86' lang='lat' dir='ltr'><strong>memi-</strong></span> 
     </span>
    </p>
   </div>
   <div class='ocr_carea' id='block_1_39' title="bbox 196 2288 1768 2376">
    <p class='ocr_par' dir='ltr' id='par_1_39' title="bbox 196 2288 1768 2376">
     <span class='ocr_line' id='line_1_39' title="bbox 196 2288 1768 2376; baseline 0.01 -26"><span class='ocrx_word' id='word_1_269' title='bbox 196 2299 374 2365; x_wconf 87' lang='lat' dir='ltr'><strong>nisset,</strong></span> <span class='ocrx_word' id='word_1_270' title='bbox 402 2302 598 2356; x_wconf 88' lang='lat' dir='ltr'><strong>dicens</strong></span> <span class='ocrx_word' id='word_1_271' title='bbox 626 2304 770 2373; x_wconf 89' lang='lat' dir='ltr'><strong>quod</strong></span> <span class='ocrx_word' id='word_1_272' title='bbox 798 2288 916 2374; x_wconf 82' lang='lat' dir='ltr'><strong>ejus</strong></span> <span class='ocrx_word' id='word_1_273' title='bbox 957 2306 1209 2375; x_wconf 88' lang='lat' dir='ltr'><strong>precibus</strong></span> <span class='ocrx_word' id='word_1_274' title='bbox 1234 2307 1415 2360; x_wconf 87' lang='lat' dir='ltr'><strong>divina</strong></span> <span class='ocrx_word' id='word_1_275' title='bbox 1462 2308 1636 2376; x_wconf 88' lang='lat' dir='ltr'><strong>pietas</strong></span> <span class='ocrx_word' id='word_1_276' title='bbox 1666 2310 1768 2365; x_wconf 89' lang='lat' dir='ltr'><strong>sibi</strong></span> 
     </span>
    </p>
   </div>
   <div class='ocr_carea' id='block_1_40' title="bbox 196 2390 1769 2469">
    <p class='ocr_par' dir='ltr' id='par_1_40' title="bbox 196 2390 1769 2469">
     <span class='ocr_line' id='line_1_40' title="bbox 196 2390 1769 2469; baseline 0.007 -26"><span class='ocrx_word' id='word_1_277' title='bbox 196 2390 575 2461; x_wconf 79' lang='lat' dir='ltr'><strong>indulgentiam</strong></span> <span class='ocrx_word' id='word_1_278' title='bbox 618 2397 969 2451; x_wconf 64' lang='lat' dir='ltr'><strong>concederet.</strong></span> <span class='ocrx_word' id='word_1_279' title='bbox 1004 2396 1179 2462; x_wconf 78' lang='lat' dir='ltr'><strong>Quam</strong></span> <span class='ocrx_word' id='word_1_280' title='bbox 1210 2397 1470 2452; x_wconf 84' lang='lat' dir='ltr'><strong>visionem</strong></span> <span class='ocrx_word' id='word_1_281' title='bbox 1514 2398 1769 2469; x_wconf 74' lang='lat' dir='ltr'><strong>prasfatus</strong></span> 
     </span>
    </p>
   </div>
   <div class='ocr_carea' id='block_1_41' title="bbox 198 2479 1768 2555">
    <p class='ocr_par' dir='ltr' id='par_1_41' title="bbox 198 2479 1768 2555">
     <span class='ocr_line' id='line_1_41' title="bbox 198 2479 1768 2555; baseline 0.01 -23"><span class='ocrx_word' id='word_1_282' title='bbox 198 2479 410 2537; x_wconf 73' lang='lat' dir='ltr'><strong>clericus</strong></span> <span class='ocrx_word' id='word_1_283' title='bbox 455 2492 651 2539; x_wconf 83' lang='lat' dir='ltr'><strong>sancto</strong></span> <span class='ocrx_word' id='word_1_284' title='bbox 690 2486 929 2555; x_wconf 80' lang='lat' dir='ltr'><strong>pontifici</strong></span> <span class='ocrx_word' id='word_1_285' title='bbox 960 2487 1165 2552; x_wconf 90' lang='lat' dir='ltr'><strong>retulit,</strong></span> <span class='ocrx_word' id='word_1_286' title='bbox 1197 2502 1263 2542; x_wconf 89' lang='lat' dir='ltr'><strong>ac</strong></span> <span class='ocrx_word' id='word_1_287' title='bbox 1300 2504 1424 2543; x_wconf 80' lang='lat' dir='ltr'><strong>eum</strong></span> <span class='ocrx_word' id='word_1_288' title='bbox 1461 2491 1529 2543; x_wconf 88' lang='lat' dir='ltr'><strong>ad</strong></span> <span class='ocrx_word' id='word_1_289' title='bbox 1570 2489 1768 2546; x_wconf 90' lang='lat' dir='ltr'><strong>Christi</strong></span> 
     </span>
    </p>
   </div>
   <div class='ocr_carea' id='block_1_42' title="bbox 198 2573 1769 2649">
    <p class='ocr_par' dir='ltr' id='par_1_42' title="bbox 198 2573 1769 2649">
     <span class='ocr_line' id='line_1_42' title="bbox 198 2573 1769 2649; baseline 0.009 -26"><span class='ocrx_word' id='word_1_290' title='bbox 198 2573 405 2641; x_wconf 80' lang='lat' dir='ltr'><strong>gratiam</strong></span> <span class='ocrx_word' id='word_1_291' title='bbox 439 2591 543 2645; x_wconf 87' lang='lat' dir='ltr'><strong>pro</strong></span> <span class='ocrx_word' id='word_1_292' title='bbox 576 2576 751 2630; x_wconf 85' lang='lat' dir='ltr'><strong>salute</strong></span> <span class='ocrx_word' id='word_1_293' title='bbox 779 2577 965 2632; x_wconf 81' lang='lat' dir='ltr'><strong>fratris</strong></span> <span class='ocrx_word' id='word_1_294' title='bbox 990 2578 1321 2633; x_wconf 76' lang='lat' dir='ltr'><strong>exorandam</strong></span> <span class='ocrx_word' id='word_1_295' title='bbox 1357 2580 1639 2636; x_wconf 83' lang='lat' dir='ltr'><strong>animavit.</strong></span> <span class='ocrx_word' id='word_1_296' title='bbox 1667 2582 1769 2649; x_wconf 85' lang='lat' dir='ltr'><strong>Qui</strong></span> 
     </span>
    </p>
   </div>
   <div class='ocr_carea' id='block_1_43' title="bbox 195 2668 1769 2745">
    <p class='ocr_par' dir='ltr' id='par_1_43' title="bbox 195 2668 1769 2745">
     <span class='ocr_line' id='line_1_43' title="bbox 195 2668 1769 2745; baseline 0.009 -29"><span class='ocrx_word' id='word_1_297' title='bbox 195 2668 523 2733; x_wconf 67' lang='lat' dir='ltr'><strong>postiizoitum</strong></span> <span class='ocrx_word' id='word_1_298' title='bbox 566 2682 665 2737; x_wconf 88' lang='lat' dir='ltr'><strong>per</strong></span> <span class='ocrx_word' id='word_1_299' title='bbox 693 2668 865 2725; x_wconf 87' lang='lat' dir='ltr'><strong>visum</strong></span> <span class='ocrx_word' id='word_1_300' title='bbox 891 2670 1068 2724; x_wconf 86' lang='lat' dir='ltr'><strong>eidem</strong></span> <span class='ocrx_word' id='word_1_301' title='bbox 1113 2670 1313 2726; x_wconf 87' lang='lat' dir='ltr'><strong>domno</strong></span> <span class='ocrx_word' id='word_1_302' title='bbox 1346 2673 1645 2741; x_wconf 87' lang='lat' dir='ltr'><strong>apostolico</strong></span> <span class='ocrx_word' id='word_1_303' title='bbox 1673 2690 1769 2745; x_wconf 86' lang='lat' dir='ltr'><strong>ap-</strong></span> 
     </span>
    </p>
   </div>
   <div class='ocr_carea' id='block_1_44' title="bbox 198 2755 1772 2833">
    <p class='ocr_par' dir='ltr' id='par_1_44' title="bbox 198 2755 1772 2833">
     <span class='ocr_line' id='line_1_44' title="bbox 198 2755 1772 2833; baseline 0.01 -27"><span class='ocrx_word' id='word_1_304' title='bbox 198 2767 397 2823; x_wconf 79' lang='lat' dir='ltr'><strong>parens,</strong></span> <span class='ocrx_word' id='word_1_305' title='bbox 433 2755 598 2810; x_wconf 77' lang='lat' dir='ltr'><strong>hetns</strong></span> <span class='ocrx_word' id='word_1_306' title='bbox 627 2756 947 2814; x_wconf 88' lang='lat' dir='ltr'><strong>innumeras</strong></span> <span class='ocrx_word' id='word_1_307' title='bbox 983 2759 1214 2815; x_wconf 84' lang='lat' dir='ltr'><strong>reddidit</strong></span> <span class='ocrx_word' id='word_1_308' title='bbox 1246 2762 1472 2831; x_wconf 79' lang='lat' dir='ltr'><strong>gratias,</strong></span> <span class='ocrx_word' id='word_1_309' title='bbox 1500 2763 1626 2833; x_wconf 86' lang='lat' dir='ltr'><strong>quia</strong></span> <span class='ocrx_word' id='word_1_310' title='bbox 1653 2763 1772 2833; x_wconf 81' lang='lat' dir='ltr'><strong>ejus</strong></span> 
     </span>
    </p>
   </div>
   <div class='ocr_carea' id='block_1_45' title="bbox 200 2845 1772 2916">
    <p class='ocr_par' dir='ltr' id='par_1_45' title="bbox 200 2845 1772 2916">
     <span class='ocr_line' id='line_1_45' title="bbox 200 2845 1772 2916; baseline 0.012 -20"><span class='ocrx_word' id='word_1_311' title='bbox 200 2845 390 2898; x_wconf 82' lang='lat' dir='ltr'><strong>meritis</strong></span> <span class='ocrx_word' id='word_1_312' title='bbox 428 2862 673 2916; x_wconf 84' lang='lat' dir='ltr'><strong>superna</strong></span> <span class='ocrx_word' id='word_1_313' title='bbox 705 2847 993 2904; x_wconf 88' lang='lat' dir='ltr'><strong>clementia</strong></span> <span class='ocrx_word' id='word_1_314' title='bbox 1019 2865 1051 2904; x_wconf 88' lang='lat' dir='ltr'><strong>a</strong></span> <span class='ocrx_word' id='word_1_315' title='bbox 1093 2851 1304 2907; x_wconf 89' lang='lat' dir='ltr'><strong>cunctis</strong></span> <span class='ocrx_word' id='word_1_316' title='bbox 1333 2867 1455 2909; x_wconf 89' lang='lat' dir='ltr'><strong>eum</strong></span> <span class='ocrx_word' id='word_1_317' title='bbox 1496 2853 1772 2915; x_wconf 81' lang='lat' dir='ltr'><strong>laboribus</strong></span> 
     </span>
    </p>
   </div>
   <div class='ocr_carea' id='block_1_46' title="bbox 200 2934 503 2990">
    <p class='ocr_par' dir='ltr' id='par_1_46' title="bbox 200 2934 503 2990">
     <span class='ocr_line' id='line_1_46' title="bbox 200 2934 503 2990; baseline 0.017 -5"><span class='ocrx_word' id='word_1_318' title='bbox 200 2934 503 2990; x_wconf 78' lang='lat' dir='ltr'><strong>absolverat.</strong></span> 
     </span>
    </p>
   </div>
   <div class='ocr_carea' id='block_1_47' title="bbox 262 3025 1769 3101">
    <p class='ocr_par' dir='ltr' id='par_1_47' title="bbox 262 3025 1769 3101">
     <span class='ocr_line' id='line_1_47' title="bbox 262 3025 1769 3101; baseline 0.011 -23"><span class='ocrx_word' id='word_1_319' title='bbox 262 3025 339 3079; x_wconf 90' lang='lat' dir='ltr'><strong>lll.</strong></span> <span class='ocrx_word' id='word_1_320' title='bbox 377 3026 572 3081; x_wconf 81' lang='lat' dir='ltr'><strong>Leonis</strong></span> <span class='ocrx_word' id='word_1_321' title='bbox 621 3046 811 3085; x_wconf 80' lang='lat' dir='ltr'><strong>nomen</strong></span> <span class='ocrx_word' id='word_1_322' title='bbox 860 3033 1092 3101; x_wconf 74' lang='lat' dir='ltr'><strong>stucipil.</strong></span> <span class='ocrx_word' id='word_1_323' title='bbox 1141 3032 1277 3089; x_wconf 70' lang='lat' dir='ltr'><strong>Mira</strong></span> <span class='ocrx_word' id='word_1_324' title='bbox 1324 3035 1544 3092; x_wconf 78' lang='lat' dir='ltr'><strong>dilatur.</strong></span> <span class='ocrx_word' id='word_1_325' title='bbox 1596 3035 1769 3095; x_wconf 72' lang='lat' dir='ltr'><strong>Fama</strong></span> 
     </span>
    </p>
   </div>
   <div class='ocr_carea' id='block_1_48' title="bbox 197 3113 1772 3192">
    <p class='ocr_par' dir='ltr' id='par_1_48' title="bbox 197 3113 1772 3192">
     <span class='ocr_line' id='line_1_48' title="bbox 197 3113 1772 3192; baseline 0.012 -25"><span class='ocrx_word' id='word_1_326' title='bbox 197 3113 300 3183; x_wconf 72' lang='lat' dir='ltr'><strong>ejus</strong></span> <span class='ocrx_word' id='word_1_327' title='bbox 326 3119 842 3192; x_wconf 73' lang='lat' dir='ltr'><strong>pervolal.—lgitnr</strong></span> <span class='ocrx_word' id='word_1_328' title='bbox 873 3123 962 3177; x_wconf 90' lang='lat' dir='ltr'><strong>hic</strong></span> <span class='ocrx_word' id='word_1_329' title='bbox 981 3122 1091 3178; x_wconf 88' lang='lat' dir='ltr'><strong>Deo</strong></span> <span class='ocrx_word' id='word_1_330' title='bbox 1115 3124 1494 3181; x_wconf 86' lang='lat' dir='ltr'><strong>devotissimus</strong></span> <span class='ocrx_word' id='word_1_331' title='bbox 1518 3142 1698 3183; x_wconf 88' lang='lat' dir='ltr'><strong>mores</strong></span> <span class='ocrx_word' id='word_1_332' title='bbox 1716 3142 1772 3186; x_wconf 90' lang='lat' dir='ltr'><strong>et</strong></span> 
     </span>
    </p>
   </div>
   <div class='ocr_carea' id='block_1_49' title="bbox 205 3207 1773 3280">
    <p class='ocr_par' dir='ltr' id='par_1_49' title="bbox 205 3207 1773 3280">
     <span class='ocr_line' id='line_1_49' title="bbox 205 3207 1773 3280; baseline 0.012 -25"><span class='ocrx_word' id='word_1_333' title='bbox 205 3207 348 3259; x_wconf 85' lang='lat' dir='ltr'><strong>vitam</strong></span> <span class='ocrx_word' id='word_1_334' title='bbox 378 3207 559 3276; x_wconf 76' lang='lat' dir='ltr'><strong>Magni</strong></span> <span class='ocrx_word' id='word_1_335' title='bbox 588 3209 789 3265; x_wconf 89' lang='lat' dir='ltr'><strong>Leonis</strong></span> <span class='ocrx_word' id='word_1_336' title='bbox 818 3211 1077 3279; x_wconf 83' lang='lat' dir='ltr'><strong>imitatus,</strong></span> <span class='ocrx_word' id='word_1_337' title='bbox 1105 3212 1259 3280; x_wconf 81' lang='lat' dir='ltr'><strong>cujus</strong></span> <span class='ocrx_word' id='word_1_338' title='bbox 1287 3225 1342 3268; x_wconf 88' lang='lat' dir='ltr'><strong>et</strong></span> <span class='ocrx_word' id='word_1_339' title='bbox 1375 3217 1631 3271; x_wconf 86' lang='lat' dir='ltr'><strong>vocabulo</strong></span> <span class='ocrx_word' id='word_1_340' title='bbox 1657 3217 1773 3275; x_wconf 87' lang='lat' dir='ltr'><strong>fue-</strong></span> 
     </span>
    </p>
   </div>
   <div class='ocr_carea' id='block_1_50' title="bbox 204 3297 1774 3377">
    <p class='ocr_par' dir='ltr' id='par_1_50' title="bbox 204 3297 1774 3377">
     <span class='ocr_line' id='line_1_50' title="bbox 204 3297 1774 3377; baseline 0.011 -31"><span class='ocrx_word' id='word_1_341' title='bbox 204 3305 276 3347; x_wconf 81' lang='lat' dir='ltr'><strong>rat</strong></span> <span class='ocrx_word' id='word_1_342' title='bbox 305 3297 624 3368; x_wconf 79' lang='lat' dir='ltr'><strong>insignitus,</strong></span> <span class='ocrx_word' id='word_1_343' title='bbox 660 3301 770 3361; x_wconf 85' lang='lat' dir='ltr'><strong>imo</strong></span> <span class='ocrx_word' id='word_1_344' title='bbox 797 3300 1036 3356; x_wconf 84' lang='lat' dir='ltr'><strong>Leonem</strong></span> <span class='ocrx_word' id='word_1_345' title='bbox 1067 3303 1133 3357; x_wconf 88' lang='lat' dir='ltr'><strong>de</strong></span> <span class='ocrx_word' id='word_1_346' title='bbox 1163 3304 1305 3358; x_wconf 80' lang='lat' dir='ltr'><strong>tribu</strong></span> <span class='ocrx_word' id='word_1_347' title='bbox 1330 3304 1469 3360; x_wconf 80' lang='lat' dir='ltr'><strong>Juda</strong></span> <span class='ocrx_word' id='word_1_348' title='bbox 1495 3323 1592 3376; x_wconf 90' lang='lat' dir='ltr'><strong>pro</strong></span> <span class='ocrx_word' id='word_1_349' title='bbox 1619 3322 1774 3377; x_wconf 83' lang='lat' dir='ltr'><strong>posse</strong></span> 
     </span>
    </p>
   </div>
   <div class='ocr_carea' id='block_1_51' title="bbox 205 3391 1768 3466">
    <p class='ocr_par' dir='ltr' id='par_1_51' title="bbox 205 3391 1768 3466">
     <span class='ocr_line' id='line_1_51' title="bbox 205 3391 1768 3466; baseline 0.012 -29"><span class='ocrx_word' id='word_1_350' title='bbox 205 3396 437 3456; x_wconf 77' lang='lat' dir='ltr'><strong>secutus,</strong></span> <span class='ocrx_word' id='word_1_351' title='bbox 484 3391 747 3445; x_wconf 78' lang='lat' dir='ltr'><strong>ontuibns</strong></span> <span class='ocrx_word' id='word_1_352' title='bbox 788 3393 1092 3463; x_wconf 71' lang='lat' dir='ltr'><strong>exemplum</strong></span> <span class='ocrx_word' id='word_1_353' title='bbox 1134 3395 1270 3451; x_wconf 83' lang='lat' dir='ltr'><strong>bene</strong></span> <span class='ocrx_word' id='word_1_354' title='bbox 1309 3396 1521 3452; x_wconf 86' lang='lat' dir='ltr'><strong>vivendi</strong></span> <span class='ocrx_word' id='word_1_355' title='bbox 1565 3400 1768 3466; x_wconf 82' lang='lat' dir='ltr'><strong>fiebat;</strong></span> 
     </span>
    </p>
   </div>
   <div class='ocr_carea' id='block_1_52' title="bbox 210 3475 1774 3559">
    <p class='ocr_par' dir='ltr' id='par_1_52' title="bbox 210 3475 1774 3559">
     <span class='ocr_line' id='line_1_52' title="bbox 210 3475 1774 3559; baseline 0.011 -31"><span class='ocrx_word' id='word_1_356' title='bbox 210 3492 226 3525; x_wconf 75' lang='grc' dir='ltr'>ι</span> <span class='ocrx_word' id='word_1_357' title='bbox 252 3475 457 3533; x_wconf 85' lang='lat' dir='ltr'><strong>lucerna</strong></span> <span class='ocrx_word' id='word_1_358' title='bbox 484 3481 688 3534; x_wconf 83' lang='lat' dir='ltr'><strong>ardens</strong></span> <span class='ocrx_word' id='word_1_359' title='bbox 710 3492 765 3535; x_wconf 91' lang='lat' dir='ltr'><strong>et</strong></span> <span class='ocrx_word' id='word_1_360' title='bbox 786 3480 994 3548; x_wconf 80' lang='lat' dir='ltr'><strong>lucens,</strong></span> <span class='ocrx_word' id='word_1_361' title='bbox 1015 3500 1120 3537; x_wconf 90' lang='lat' dir='ltr'><strong>non</strong></span> <span class='ocrx_word' id='word_1_362' title='bbox 1144 3485 1245 3538; x_wconf 86' lang='lat' dir='ltr'><strong>sub</strong></span> <span class='ocrx_word' id='word_1_363' title='bbox 1271 3487 1469 3553; x_wconf 84' lang='lat' dir='ltr'><strong>modio,</strong></span> <span class='ocrx_word' id='word_1_364' title='bbox 1493 3489 1587 3543; x_wconf 89' lang='lat' dir='ltr'><strong>sed</strong></span> <span class='ocrx_word' id='word_1_365' title='bbox 1612 3504 1774 3559; x_wconf 84' lang='lat' dir='ltr'><strong>super</strong></span> 
     </span>
    </p>
   </div>
   <div class='ocr_carea' id='block_1_53' title="bbox 199 3572 1771 3650">
    <p class='ocr_par' dir='ltr' id='par_1_53' title="bbox 199 3572 1771 3650">
     <span class='ocr_line' id='line_1_53' title="bbox 199 3572 1771 3650; baseline 0.009 -27"><span class='ocrx_word' id='word_1_366' title='bbox 199 3572 569 3646; x_wconf 77' lang='lat' dir='ltr'><strong>candelabrum</strong></span> <span class='ocrx_word' id='word_1_367' title='bbox 592 3593 610 3626; x_wconf 72' lang='grc' dir='ltr'><strong><em>ι</em></strong></span> <span class='ocrx_word' id='word_1_368' title='bbox 645 3576 1054 3645; x_wconf 67' lang='lat' dir='ltr'><strong>prrecminebat,</strong></span> <span class='ocrx_word' id='word_1_369' title='bbox 1086 3586 1252 3648; x_wconf 82' lang='lat' dir='ltr'><strong>utque</strong></span> <span class='ocrx_word' id='word_1_370' title='bbox 1296 3594 1459 3635; x_wconf 88' lang='lat' dir='ltr'><strong>verus</strong></span> <span class='ocrx_word' id='word_1_371' title='bbox 1481 3581 1560 3635; x_wconf 84' lang='lat' dir='ltr'><strong>sal</strong></span> <span class='ocrx_word' id='word_1_372' title='bbox 1590 3590 1771 3650; x_wconf 78' lang='lat' dir='ltr'><strong>teme,</strong></span> 
     </span>
    </p>
   </div>
   <div class='ocr_carea' id='block_1_54' title="bbox 208 3664 1773 3738">
    <p class='ocr_par' dir='ltr' id='par_1_54' title="bbox 208 3664 1773 3738">
     <span class='ocr_line' id='line_1_54' title="bbox 208 3664 1773 3738; baseline 0.01 -25"><span class='ocrx_word' id='word_1_373' title='bbox 208 3664 597 3719; x_wconf 84' lang='lat' dir='ltr'><strong>condimentum</strong></span> <span class='ocrx_word' id='word_1_374' title='bbox 633 3681 887 3735; x_wconf 71' lang='lat' dir='ltr'><strong>supernae</strong></span> <span class='ocrx_word' id='word_1_375' title='bbox 915 3668 1197 3738; x_wconf 72' lang='lat' dir='ltr'><strong>sapientia:</strong></span> <span class='ocrx_word' id='word_1_376' title='bbox 1227 3682 1544 3726; x_wconf 90' lang='lat' dir='ltr'><strong>cunctorum</strong></span> <span class='ocrx_word' id='word_1_377' title='bbox 1578 3674 1773 3728; x_wconf 77' lang='lat' dir='ltr'><strong>menti—</strong></span> 
     </span>
    </p>
   </div>
   <div class='ocr_carea' id='block_1_55' title="bbox 209 3749 1770 3834">
    <p class='ocr_par' dir='ltr' id='par_1_55' title="bbox 209 3749 1770 3834">
     <span class='ocr_line' id='line_1_55' title="bbox 209 3749 1770 3834; baseline 0.01 -31"><span class='ocrx_word' id='word_1_378' title='bbox 209 3749 296 3805; x_wconf 86' lang='lat' dir='ltr'><strong>bus</strong></span> <span class='ocrx_word' id='word_1_379' title='bbox 320 3753 657 3810; x_wconf 74' lang='lat' dir='ltr'><strong>infundebat.</strong></span> <span class='ocrx_word' id='word_1_380' title='bbox 689 3756 906 3824; x_wconf 82' lang='lat' dir='ltr'><strong>Vernm,</strong></span> <span class='ocrx_word' id='word_1_381' title='bbox 924 3756 1049 3812; x_wconf 89' lang='lat' dir='ltr'><strong>licet</strong></span> <span class='ocrx_word' id='word_1_382' title='bbox 1068 3758 1309 3813; x_wconf 88' lang='lat' dir='ltr'><strong>omnium</strong></span> <span class='ocrx_word' id='word_1_383' title='bbox 1338 3761 1596 3815; x_wconf 82' lang='lat' dir='ltr'><strong>virtutum</strong></span> <span class='ocrx_word' id='word_1_384' title='bbox 1620 3778 1770 3834; x_wconf 88' lang='lat' dir='ltr'><strong>gem-</strong></span> 
     </span>
    </p>
   </div>
   <div class='ocr_carea' id='block_1_56' title="bbox 208 3845 1773 3922">
    <p class='ocr_par' dir='ltr' id='par_1_56' title="bbox 208 3845 1773 3922">
     <span class='ocr_line' id='line_1_56' title="bbox 208 3845 1773 3922; baseline 0.01 -29"><span class='ocrx_word' id='word_1_385' title='bbox 208 3845 296 3896; x_wconf 84' lang='lat' dir='ltr'><strong>mis</strong></span> <span class='ocrx_word' id='word_1_386' title='bbox 323 3846 515 3901; x_wconf 70' lang='lat' dir='ltr'><strong>Christi</strong></span> <span class='ocrx_word' id='word_1_387' title='bbox 559 3849 848 3901; x_wconf 83' lang='lat' dir='ltr'><strong>deeoraret</strong></span> <span class='ocrx_word' id='word_1_388' title='bbox 878 3848 1123 3904; x_wconf 86' lang='lat' dir='ltr'><strong>diadema</strong></span> <span class='ocrx_word' id='word_1_389' title='bbox 1149 3888 1165 3915; x_wconf 96' lang='lat'><strong>,</strong></span> <span class='ocrx_word' id='word_1_390' title='bbox 1210 3851 1293 3904; x_wconf 82' lang='lat' dir='ltr'><strong>ha:</strong></span> <span class='ocrx_word' id='word_1_391' title='bbox 1324 3862 1504 3906; x_wconf 90' lang='lat' dir='ltr'><strong>tamen</strong></span> <span class='ocrx_word' id='word_1_392' title='bbox 1540 3853 1773 3922; x_wconf 73' lang='lat' dir='ltr'><strong>splendi~</strong></span> 
     </span>
    </p>
   </div>
   <div class='ocr_carea' id='block_1_57' title="bbox 202 3934 1770 4015">
    <p class='ocr_par' dir='ltr' id='par_1_57' title="bbox 202 3934 1770 4015">
     <span class='ocr_line' id='line_1_57' title="bbox 202 3934 1770 4015; baseline 0.011 -31"><span class='ocrx_word' id='word_1_393' title='bbox 202 3934 313 3989; x_wconf 86' lang='lat' dir='ltr'><strong>dius</strong></span> <span class='ocrx_word' id='word_1_394' title='bbox 353 3938 404 3992; x_wconf 93' lang='lat' dir='ltr'><strong>in</strong></span> <span class='ocrx_word' id='word_1_395' title='bbox 445 3954 510 3994; x_wconf 90' lang='lat' dir='ltr'><strong>eo</strong></span> <span class='ocrx_word' id='word_1_396' title='bbox 555 3939 873 3995; x_wconf 82' lang='lat' dir='ltr'><strong>relucebant.</strong></span> <span class='ocrx_word' id='word_1_397' title='bbox 910 3958 925 3995; x_wconf 87' lang='lat'><strong><em>:</em></strong></span> <span class='ocrx_word' id='word_1_398' title='bbox 965 3942 1337 3998; x_wconf 86' lang='lat' dir='ltr'><strong>misericordia</strong></span> <span class='ocrx_word' id='word_1_399' title='bbox 1381 3955 1435 3999; x_wconf 90' lang='lat' dir='ltr'><strong>et</strong></span> <span class='ocrx_word' id='word_1_400' title='bbox 1469 3947 1770 4015; x_wconf 82' lang='lat' dir='ltr'><strong>patientia,</strong></span> 
     </span>
    </p>
   </div>
   <div class='ocr_carea' id='block_1_58' title="bbox 207 4025 1773 4104">
    <p class='ocr_par' dir='ltr' id='par_1_58' title="bbox 207 4025 1773 4104">
     <span class='ocr_line' id='line_1_58' title="bbox 207 4025 1773 4104; baseline 0.01 -27"><span class='ocrx_word' id='word_1_401' title='bbox 207 4025 335 4079; x_wconf 79' lang='lat' dir='ltr'><strong>celer</strong></span> <span class='ocrx_word' id='word_1_402' title='bbox 362 4044 485 4100; x_wconf 84' lang='lat' dir='ltr'><strong>erga</strong></span> <span class='ocrx_word' id='word_1_403' title='bbox 523 4029 904 4099; x_wconf 88' lang='lat' dir='ltr'><strong>delinquentes</strong></span> <span class='ocrx_word' id='word_1_404' title='bbox 931 4029 984 4084; x_wconf 94' lang='lat' dir='ltr'><strong>in</strong></span> <span class='ocrx_word' id='word_1_405' title='bbox 1027 4030 1202 4086; x_wconf 90' lang='lat' dir='ltr'><strong>danda</strong></span> <span class='ocrx_word' id='word_1_406' title='bbox 1239 4032 1603 4104; x_wconf 77' lang='lat' dir='ltr'><strong>indulgentia,</strong></span> <span class='ocrx_word' id='word_1_407' title='bbox 1634 4038 1773 4095; x_wconf 84' lang='lat' dir='ltr'><strong>mira</strong></span> 
     </span>
    </p>
   </div>
   <div class='ocr_carea' id='block_1_59' title="bbox 207 4121 1776 4194">
    <p class='ocr_par' dir='ltr' id='par_1_59' title="bbox 207 4121 1776 4194">
     <span class='ocr_line' id='line_1_59' title="bbox 207 4121 1776 4194; baseline 0.01 -27"><span class='ocrx_word' id='word_1_408' title='bbox 207 4122 561 4185; x_wconf 85' lang='lat' dir='ltr'><strong>compassione</strong></span> <span class='ocrx_word' id='word_1_409' title='bbox 584 4121 982 4192; x_wconf 84' lang='lat' dir='ltr'><strong>collacrymans</strong></span> <span class='ocrx_word' id='word_1_410' title='bbox 1004 4124 1220 4194; x_wconf 88' lang='lat' dir='ltr'><strong>propria</strong></span> <span class='ocrx_word' id='word_1_411' title='bbox 1247 4125 1629 4183; x_wconf 88' lang='lat' dir='ltr'><strong>confitentibus</strong></span> <span class='ocrx_word' id='word_1_412' title='bbox 1654 4141 1776 4182; x_wconf 87' lang='lat' dir='ltr'><strong>sce-</strong></span> 
     </span>
    </p>
   </div>
   <div class='ocr_carea' id='block_1_60' title="bbox 208 4194 1771 4286">
    <p class='ocr_par' dir='ltr' id='par_1_60' title="bbox 208 4194 1771 4286">
     <span class='ocr_line' id='line_1_60' title="bbox 208 4194 1771 4286; baseline 0.01 -30"><span class='ocrx_word' id='word_1_413' title='bbox 208 4204 304 4260; x_wconf 86' lang='lat' dir='ltr'><strong>lera</strong></span> <span class='ocrx_word' id='word_1_414' title='bbox 329 4248 343 4272; x_wconf 86' lang='lat'><strong>,</strong></span> <span class='ocrx_word' id='word_1_415' title='bbox 386 4208 438 4262; x_wconf 91' lang='lat' dir='ltr'><strong>in</strong></span> <span class='ocrx_word' id='word_1_416' title='bbox 481 4194 954 4281; x_wconf 42' lang='lat' dir='ltr'><strong>eteemos‘ynarum</strong></span> <span class='ocrx_word' id='word_1_417' title='bbox 1001 4213 1254 4283; x_wconf 84' lang='lat' dir='ltr'><strong>largitate</strong></span> <span class='ocrx_word' id='word_1_418' title='bbox 1294 4214 1456 4269; x_wconf 86' lang='lat' dir='ltr'><strong>etiam</strong></span> <span class='ocrx_word' id='word_1_419' title='bbox 1498 4231 1666 4286; x_wconf 87' lang='lat' dir='ltr'><strong>usque</strong></span> <span class='ocrx_word' id='word_1_420' title='bbox 1703 4216 1771 4272; x_wconf 90' lang='lat' dir='ltr'><strong>ad</strong></span> 
     </span>
    </p>
   </div>
   <div class='ocr_carea' id='block_1_61' title="bbox 208 4296 1773 4374">
    <p class='ocr_par' dir='ltr' id='par_1_61' title="bbox 208 4296 1773 4374">
     <span class='ocr_line' id='line_1_61' title="bbox 208 4296 1773 4374; baseline 0.011 -27"><span class='ocrx_word' id='word_1_421' title='bbox 208 4296 278 4348; x_wconf 89' lang='lat' dir='ltr'><strong>sui</strong></span> <span class='ocrx_word' id='word_1_422' title='bbox 331 4298 680 4368; x_wconf 81' lang='lat' dir='ltr'><strong>indigentiam</strong></span> <span class='ocrx_word' id='word_1_423' title='bbox 720 4302 1012 4358; x_wconf 85' lang='lat' dir='ltr'><strong>indiscrete</strong></span> <span class='ocrx_word' id='word_1_424' title='bbox 1055 4317 1364 4374; x_wconf 75' lang='lat' dir='ltr'><strong>przerogans</strong></span> <span class='ocrx_word' id='word_1_425' title='bbox 1414 4305 1616 4359; x_wconf 87' lang='lat' dir='ltr'><strong>omnia.</strong></span> <span class='ocrx_word' id='word_1_426' title='bbox 1665 4306 1773 4364; x_wconf 87' lang='lat' dir='ltr'><strong>Sed</strong></span> 
     </span>
    </p>
   </div>
   <div class='ocr_carea' id='block_1_62' title="bbox 208 4388 1774 4454">
    <p class='ocr_par' dir='ltr' id='par_1_62' title="bbox 208 4388 1774 4454">
     <span class='ocr_line' id='line_1_62' title="bbox 208 4388 1774 4454; baseline 0.011 -19"><span class='ocrx_word' id='word_1_427' title='bbox 208 4388 440 4454; x_wconf 85' lang='lat' dir='ltr'><strong>quoniam</strong></span> <span class='ocrx_word' id='word_1_428' title='bbox 490 4391 706 4445; x_wconf 88' lang='lat' dir='ltr'><strong>cunctis</strong></span> <span class='ocrx_word' id='word_1_429' title='bbox 757 4391 938 4446; x_wconf 89' lang='lat' dir='ltr'><strong>divino</strong></span> <span class='ocrx_word' id='word_1_430' title='bbox 986 4391 1313 4450; x_wconf 76' lang='lat' dir='ltr'><strong>instantibus</strong></span> <span class='ocrx_word' id='word_1_431' title='bbox 1363 4395 1584 4452; x_wconf 84' lang='lat' dir='ltr'><strong>servitio</strong></span> <span class='ocrx_word' id='word_1_432' title='bbox 1635 4396 1774 4452; x_wconf 88' lang='lat' dir='ltr'><strong>solet</strong></span> 
     </span>
    </p>
   </div>
   <div class='ocr_carea' id='block_1_63' title="bbox 208 4468 1848 4553">
    <p class='ocr_par' dir='ltr' id='par_1_63' title="bbox 208 4468 1848 4553">
     <span class='ocr_line' id='line_1_63' title="bbox 208 4468 1848 4553; baseline 0.011 -25"><span class='ocrx_word' id='word_1_433' title='bbox 208 4477 436 4534; x_wconf 86' lang='lat' dir='ltr'><strong>stimulus</strong></span> <span class='ocrx_word' id='word_1_434' title='bbox 486 4482 844 4553; x_wconf 84' lang='lat' dir='ltr'><strong>supervenire</strong></span> <span class='ocrx_word' id='word_1_435' title='bbox 892 4483 1277 4551; x_wconf 85' lang='lat' dir='ltr'><strong>adversitatis,</strong></span> <span class='ocrx_word' id='word_1_436' title='bbox 1328 4486 1511 4543; x_wconf 87' lang='lat' dir='ltr'><strong>divina</strong></span> <span class='ocrx_word' id='word_1_437' title='bbox 1561 4468 1848 4545; x_wconf 67' lang='lat' dir='ltr'><strong>scilicet”</strong></span> 
     </span>
    </p>
   </div>
   <div class='ocr_carea' id='block_1_64' title="bbox 208 4571 1768 4651">
    <p class='ocr_par' dir='ltr' id='par_1_64' title="bbox 208 4571 1768 4651">
     <span class='ocr_line' id='line_1_64' title="bbox 208 4571 1768 4651; baseline 0.009 -31"><span class='ocrx_word' id='word_1_438' title='bbox 208 4571 455 4638; x_wconf 83' lang='lat' dir='ltr'><strong>probatio,</strong></span> <span class='ocrx_word' id='word_1_439' title='bbox 482 4588 606 4643; x_wconf 75' lang='lat' dir='ltr'><strong>qua:</strong></span> <span class='ocrx_word' id='word_1_440' title='bbox 641 4572 882 4628; x_wconf 75' lang='lat' dir='ltr'><strong>OStendit</strong></span> <span class='ocrx_word' id='word_1_441' title='bbox 910 4574 1062 4645; x_wconf 84' lang='lat' dir='ltr'><strong>cujus</strong></span> <span class='ocrx_word' id='word_1_442' title='bbox 1088 4576 1314 4632; x_wconf 80' lang='lat' dir='ltr'><strong>fervoris</strong></span> <span class='ocrx_word' id='word_1_443' title='bbox 1339 4578 1409 4632; x_wconf 89' lang='lat' dir='ltr'><strong>sit</strong></span> <span class='ocrx_word' id='word_1_444' title='bbox 1444 4594 1571 4651; x_wconf 86' lang='lat' dir='ltr'><strong>erga</strong></span> <span class='ocrx_word' id='word_1_445' title='bbox 1598 4579 1768 4635; x_wconf 88' lang='lat' dir='ltr'><strong>Deum</strong></span> 
     </span>
    </p>
   </div>
   <div class='ocr_carea' id='block_1_65' title="bbox 210 4657 1768 4738">
    <p class='ocr_par' dir='ltr' id='par_1_65' title="bbox 210 4657 1768 4738">
     <span class='ocr_line' id='line_1_65' title="bbox 210 4657 1768 4738; baseline 0.01 -28"><span class='ocrx_word' id='word_1_446' title='bbox 210 4657 558 4734; x_wconf 84' lang='lat' dir='ltr'><strong>cujuscunque</strong></span> <span class='ocrx_word' id='word_1_447' title='bbox 585 4665 787 4719; x_wconf 76' lang='lat' dir='ltr'><strong>ruentis</strong></span> <span class='ocrx_word' id='word_1_448' title='bbox 820 4664 1058 4731; x_wconf 76' lang='lat' dir='ltr'><strong>affectio;</strong></span> <span class='ocrx_word' id='word_1_449' title='bbox 1090 4666 1179 4721; x_wconf 89' lang='lat' dir='ltr'><strong>hic</strong></span> <span class='ocrx_word' id='word_1_450' title='bbox 1210 4678 1365 4738; x_wconf 89' lang='lat' dir='ltr'><strong>pater</strong></span> <span class='ocrx_word' id='word_1_451' title='bbox 1400 4671 1768 4738; x_wconf 81' lang='lat' dir='ltr'><strong>venerandus,</strong></span> 
     </span>
    </p>
   </div>
   <div class='ocr_carea' id='block_1_66' title="bbox 210 4751 1766 4833">
    <p class='ocr_par' dir='ltr' id='par_1_66' title="bbox 210 4751 1766 4833">
     <span class='ocr_line' id='line_1_66' title="bbox 210 4751 1766 4833; baseline 0.01 -28"><span class='ocrx_word' id='word_1_452' title='bbox 210 4751 322 4807; x_wconf 89' lang='lat' dir='ltr'><strong>dum</strong></span> <span class='ocrx_word' id='word_1_453' title='bbox 351 4756 403 4809; x_wconf 88' lang='lat' dir='ltr'><strong>iu</strong></span> <span class='ocrx_word' id='word_1_454' title='bbox 434 4757 594 4813; x_wconf 86' lang='lat' dir='ltr'><strong>initio</strong></span> <span class='ocrx_word' id='word_1_455' title='bbox 624 4759 707 4813; x_wconf 91' lang='lat' dir='ltr'><strong>sui</strong></span> <span class='ocrx_word' id='word_1_456' title='bbox 742 4757 1004 4813; x_wconf 86' lang='lat' dir='ltr'><strong>adventus</strong></span> <span class='ocrx_word' id='word_1_457' title='bbox 1038 4759 1221 4815; x_wconf 77' lang='lat' dir='ltr'><strong>[tenue</strong></span> <span class='ocrx_word' id='word_1_458' title='bbox 1249 4772 1633 4833; x_wconf 86' lang='lat' dir='ltr'><strong>commoratur,</strong></span> <span class='ocrx_word' id='word_1_459' title='bbox 1676 4765 1766 4820; x_wconf 82' lang='lat' dir='ltr'><strong>ali-</strong></span> 
     </span>
    </p>
   </div>
   <div class='ocr_carea' id='block_1_67' title="bbox 208 4849 1769 4925">
    <p class='ocr_par' dir='ltr' id='par_1_67' title="bbox 208 4849 1769 4925">
     <span class='ocr_line' id='line_1_67' title="bbox 208 4849 1769 4925; baseline 0.01 -31"><span class='ocrx_word' id='word_1_460' title='bbox 208 4852 393 4910; x_wconf 85' lang='lat' dir='ltr'><strong>quanto</strong></span> <span class='ocrx_word' id='word_1_461' title='bbox 438 4849 707 4916; x_wconf 69' lang='lat' dir='ltr'><strong>angustiae</strong></span> <span class='ocrx_word' id='word_1_462' title='bbox 753 4855 805 4901; x_wconf 90' lang='lat' dir='ltr'><strong>et</strong></span> <span class='ocrx_word' id='word_1_463' title='bbox 846 4849 1098 4903; x_wconf 73' lang='lat' dir='ltr'><strong>numeris</strong></span> <span class='ocrx_word' id='word_1_464' title='bbox 1139 4849 1322 4906; x_wconf 90' lang='lat' dir='ltr'><strong>dolore</strong></span> <span class='ocrx_word' id='word_1_465' title='bbox 1367 4854 1769 4925; x_wconf 85' lang='lat' dir='ltr'><strong>perstringitur.</strong></span> 
     </span>
    </p>
   </div>
   <div class='ocr_carea' id='block_1_68' title="bbox 209 4930 1768 5019">
    <p class='ocr_par' dir='ltr' id='par_1_68' title="bbox 209 4930 1768 5019">
     <span class='ocr_line' id='line_1_68' title="bbox 209 4930 1768 5019; baseline 0.01 -33"><span class='ocrx_word' id='word_1_466' title='bbox 209 4930 329 4987; x_wconf 79' lang='lat' dir='ltr'><strong>Nam</strong></span> <span class='ocrx_word' id='word_1_467' title='bbox 347 4937 545 4992; x_wconf 90' lang='lat' dir='ltr'><strong>ibidem</strong></span> <span class='ocrx_word' id='word_1_468' title='bbox 563 4939 877 5008; x_wconf 85' lang='lat' dir='ltr'><strong>adveniens,</strong></span> <span class='ocrx_word' id='word_1_469' title='bbox 903 4941 1033 4995; x_wconf 92' lang='lat' dir='ltr'><strong>nihil</strong></span> <span class='ocrx_word' id='word_1_470' title='bbox 1057 4941 1440 5019; x_wconf 82' lang='lat' dir='ltr'><strong>pontificalium</strong></span> <span class='ocrx_word' id='word_1_471' title='bbox 1461 4957 1768 5016; x_wconf 88' lang='lat' dir='ltr'><strong>sumptuum</strong></span> 
     </span>
    </p>
   </div>
   <div class='ocr_carea' id='block_1_69' title="bbox 210 5022 1771 5100">
    <p class='ocr_par' dir='ltr' id='par_1_69' title="bbox 210 5022 1771 5100">
     <span class='ocr_line' id='line_1_69' title="bbox 210 5022 1771 5100; baseline 0.011 -24"><span class='ocrx_word' id='word_1_472' title='bbox 210 5022 515 5093; x_wconf 85' lang='lat' dir='ltr'><strong>invenerat;</strong></span> <span class='ocrx_word' id='word_1_473' title='bbox 551 5029 667 5100; x_wconf 83' lang='lat' dir='ltr'><strong>jam</strong></span> <span class='ocrx_word' id='word_1_474' title='bbox 700 5031 844 5085; x_wconf 87' lang='lat' dir='ltr'><strong>enim</strong></span> <span class='ocrx_word' id='word_1_475' title='bbox 871 5042 1029 5086; x_wconf 86' lang='lat' dir='ltr'><strong>erant</strong></span> <span class='ocrx_word' id='word_1_476' title='bbox 1075 5032 1127 5086; x_wconf 90' lang='lat' dir='ltr'><strong>in</strong></span> <span class='ocrx_word' id='word_1_477' title='bbox 1156 5034 1478 5090; x_wconf 89' lang='lat' dir='ltr'><strong>domesticos</strong></span> <span class='ocrx_word' id='word_1_478' title='bbox 1509 5052 1637 5092; x_wconf 86' lang='lat' dir='ltr'><strong>usus</strong></span> <span class='ocrx_word' id='word_1_479' title='bbox 1671 5039 1771 5094; x_wconf 88' lang='lat' dir='ltr'><strong>ah-</strong></span> 
     </span>
    </p>
   </div>
   <div class='ocr_carea' id='block_1_70' title="bbox 213 5124 1741 5156">
    <p class='ocr_par' dir='ltr' id='par_1_70' title="bbox 213 5124 1741 5156">
     <span class='ocr_line' id='line_1_70' title="bbox 213 5124 1741 5156; baseline 0 0"><span class='ocrx_word' id='word_1_480' title='bbox 213 5131 405 5156; x_wconf 57' lang='grc' dir='ltr'><strong>ωιτη-ιιι-</strong></span> <span class='ocrx_word' id='word_1_481' title='bbox 460 5125 570 5156; x_wconf 51' lang='lat' dir='ltr'><strong>{una</strong></span> <span class='ocrx_word' id='word_1_482' title='bbox 598 5126 655 5156; x_wconf 66' lang='grc' dir='ltr'><strong>ίιι</strong></span> <span class='ocrx_word' id='word_1_483' title='bbox 682 5124 1141 5156; x_wconf 64' lang='lat' dir='ltr'><strong>n&#39;anaunaunnma-n</strong></span> <span class='ocrx_word' id='word_1_484' title='bbox 1172 5129 1616 5156; x_wconf 57' lang='grc' dir='ltr'><strong>,ληίην-..Ααιιιέηὲιιι--η</strong></span> <span class='ocrx_word' id='word_1_485' title='bbox 1645 5145 1741 5156; x_wconf 69' lang='grc' dir='ltr'><strong>Α...-</strong></span> 
     </span>
    </p>
   </div>
   <div class='ocr_carea' id='block_1_71' title="bbox 1871 1845 3455 1917">
    <p class='ocr_par' dir='ltr' id='par_1_71' title="bbox 1871 1845 3455 1917">
     <span class='ocr_line' id='line_1_71' title="bbox 1871 1845 3455 1917; baseline 0.004 -20"><span class='ocrx_word' id='word_1_486' title='bbox 1871 1852 2164 1912; x_wconf 75' lang='lat' dir='ltr'><strong>prmsentes</strong></span> <span class='ocrx_word' id='word_1_487' title='bbox 2212 1859 2323 1915; x_wconf 58' lang='lat' dir='ltr'><strong>pra</strong></span> <span class='ocrx_word' id='word_1_488' title='bbox 2369 1845 2532 1900; x_wconf 86' lang='lat' dir='ltr'><strong>nimia</strong></span> <span class='ocrx_word' id='word_1_489' title='bbox 2578 1847 2859 1901; x_wconf 80' lang='lat' dir='ltr'><strong>anxietate.</strong></span> <span class='ocrx_word' id='word_1_490' title='bbox 2899 1848 3107 1917; x_wconf 83' lang='lat' dir='ltr'><strong>pridem</strong></span> <span class='ocrx_word' id='word_1_491' title='bbox 3152 1849 3455 1904; x_wconf 81' lang='lat' dir='ltr'><strong>didideutes</strong></span> 
     </span>
    </p>
   </div>
   <div class='ocr_carea' id='block_1_72' title="bbox 1870 1936 3456 2009">
    <p class='ocr_par' dir='ltr' id='par_1_72' title="bbox 1870 1936 3456 2009">
     <span class='ocr_line' id='line_1_72' title="bbox 1870 1936 3456 2009; baseline 0.006 -22"><span class='ocrx_word' id='word_1_492' title='bbox 1870 1948 2197 1999; x_wconf 85' lang='lat' dir='ltr'><strong>conversus,</strong></span> <span class='ocrx_word' id='word_1_493' title='bbox 2227 1936 2487 1990; x_wconf 92' lang='lat' dir='ltr'><strong>continuo</strong></span> <span class='ocrx_word' id='word_1_494' title='bbox 2516 1937 2838 1992; x_wconf 86' lang='lat' dir='ltr'><strong>charitativa</strong></span> <span class='ocrx_word' id='word_1_495' title='bbox 2876 1938 3244 2009; x_wconf 83' lang='lat' dir='ltr'><strong>increpatione</strong></span> <span class='ocrx_word' id='word_1_496' title='bbox 3275 1940 3329 1995; x_wconf 92' lang='lat' dir='ltr'><strong>in</strong></span> <span class='ocrx_word' id='word_1_497' title='bbox 3358 1956 3456 1996; x_wconf 85' lang='lat' dir='ltr'><strong>eos</strong></span> 
     </span>
    </p>
   </div>
   <div class='ocr_carea' id='block_1_73' title="bbox 1869 2022 3455 2101">
    <p class='ocr_par' dir='ltr' id='par_1_73' title="bbox 1869 2022 3455 2101">
     <span class='ocr_line' id='line_1_73' title="bbox 1869 2022 3455 2101; baseline 0.005 -23"><span class='ocrx_word' id='word_1_498' title='bbox 1869 2022 2162 2090; x_wconf 89' lang='lat' dir='ltr'><strong>invehitur,</strong></span> <span class='ocrx_word' id='word_1_499' title='bbox 2195 2033 2250 2081; x_wconf 88' lang='lat' dir='ltr'><strong>et</strong></span> <span class='ocrx_word' id='word_1_500' title='bbox 2279 2027 2345 2080; x_wconf 91' lang='lat' dir='ltr'><strong>de</strong></span> <span class='ocrx_word' id='word_1_501' title='bbox 2384 2027 2474 2080; x_wconf 86' lang='lat' dir='ltr'><strong>Dei</strong></span> <span class='ocrx_word' id='word_1_502' title='bbox 2515 2028 2887 2083; x_wconf 81' lang='lat' dir='ltr'><strong>misericordia</strong></span> <span class='ocrx_word' id='word_1_503' title='bbox 2919 2046 3190 2100; x_wconf 88' lang='lat' dir='ltr'><strong>nunquam</strong></span> <span class='ocrx_word' id='word_1_504' title='bbox 3222 2032 3455 2101; x_wconf 81' lang='lat' dir='ltr'><strong>amplius</strong></span> 
     </span>
    </p>
   </div>
   <div class='ocr_carea' id='block_1_74' title="bbox 1869 2113 3454 2184">
    <p class='ocr_par' dir='ltr' id='par_1_74' title="bbox 1869 2113 3454 2184">
     <span class='ocr_line' id='line_1_74' title="bbox 1869 2113 3454 2184; baseline 0.006 -15"><span class='ocrx_word' id='word_1_505' title='bbox 1869 2113 2161 2184; x_wconf 85' lang='lat' dir='ltr'><strong>desperare</strong></span> <span class='ocrx_word' id='word_1_506' title='bbox 2189 2131 2287 2171; x_wconf 89' lang='lat' dir='ltr'><strong>nec</strong></span> <span class='ocrx_word' id='word_1_507' title='bbox 2315 2115 2557 2172; x_wconf 63' lang='lat' dir='ltr'><strong>diuidere</strong></span> <span class='ocrx_word' id='word_1_508' title='bbox 2578 2119 2914 2174; x_wconf 88' lang='lat' dir='ltr'><strong>cohortatur.</strong></span> <span class='ocrx_word' id='word_1_509' title='bbox 2943 2120 3154 2176; x_wconf 81' lang='lat' dir='ltr'><strong>Extunc</strong></span> <span class='ocrx_word' id='word_1_510' title='bbox 3183 2123 3322 2177; x_wconf 88' lang='lat' dir='ltr'><strong>beati</strong></span> <span class='ocrx_word' id='word_1_511' title='bbox 3350 2123 3454 2178; x_wconf 87' lang='lat' dir='ltr'><strong>viri</strong></span> 
     </span>
    </p>
   </div>
   <div class='ocr_carea' id='block_1_75' title="bbox 1869 2203 3457 2283">
    <p class='ocr_par' dir='ltr' id='par_1_75' title="bbox 1869 2203 3457 2283">
     <span class='ocr_line' id='line_1_75' title="bbox 1869 2203 3457 2283; baseline 0.006 -24"><span class='ocrx_word' id='word_1_512' title='bbox 1869 2203 2011 2267; x_wconf 82' lang='lat' dir='ltr'><strong>fama</strong></span> <span class='ocrx_word' id='word_1_513' title='bbox 2043 2207 2347 2279; x_wconf 82' lang='lat' dir='ltr'><strong>divulgatur</strong></span> <span class='ocrx_word' id='word_1_514' title='bbox 2376 2224 2472 2278; x_wconf 89' lang='lat' dir='ltr'><strong>per</strong></span> <span class='ocrx_word' id='word_1_515' title='bbox 2509 2210 2733 2280; x_wconf 83' lang='lat' dir='ltr'><strong>populos</strong></span> <span class='ocrx_word' id='word_1_516' title='bbox 2772 2220 2829 2267; x_wconf 86' lang='lat' dir='ltr'><strong>et</strong></span> <span class='ocrx_word' id='word_1_517' title='bbox 2861 2226 3029 2283; x_wconf 85' lang='lat' dir='ltr'><strong>usque</strong></span> <span class='ocrx_word' id='word_1_518' title='bbox 3064 2212 3134 2267; x_wconf 90' lang='lat' dir='ltr'><strong>ad</strong></span> <span class='ocrx_word' id='word_1_519' title='bbox 3168 2214 3350 2269; x_wconf 87' lang='lat' dir='ltr'><strong>nutndi</strong></span> <span class='ocrx_word' id='word_1_520' title='bbox 3390 2214 3457 2269; x_wconf 79' lang='lat' dir='ltr'><strong>fi-</strong></span> 
     </span>
    </p>
   </div>
   <div class='ocr_carea' id='block_1_76' title="bbox 1872 2301 3453 2375">
    <p class='ocr_par' dir='ltr' id='par_1_76' title="bbox 1872 2301 3453 2375">
     <span class='ocr_line' id='line_1_76' title="bbox 1872 2301 3453 2375; baseline 0.006 -24"><span class='ocrx_word' id='word_1_521' title='bbox 1872 2312 2013 2363; x_wconf 89' lang='lat' dir='ltr'><strong>nes,</strong></span> <span class='ocrx_word' id='word_1_522' title='bbox 2068 2309 2401 2370; x_wconf 86' lang='lat' dir='ltr'><strong>cunctasque</strong></span> <span class='ocrx_word' id='word_1_523' title='bbox 2446 2312 2638 2371; x_wconf 81' lang='lat' dir='ltr'><strong>gentes</strong></span> <span class='ocrx_word' id='word_1_524' title='bbox 2688 2301 2804 2371; x_wconf 78' lang='lat' dir='ltr'><strong>ejus</strong></span> <span class='ocrx_word' id='word_1_525' title='bbox 2855 2314 3179 2375; x_wconf 78' lang='lat' dir='ltr'><strong>pervagatur</strong></span> <span class='ocrx_word' id='word_1_526' title='bbox 3228 2321 3453 2372; x_wconf 82' lang='lat' dir='ltr'><strong>rumor;</strong></span> 
     </span>
    </p>
   </div>
   <div class='ocr_carea' id='block_1_77' title="bbox 1870 2389 3454 2464">
    <p class='ocr_par' dir='ltr' id='par_1_77' title="bbox 1870 2389 3454 2464">
     <span class='ocr_line' id='line_1_77' title="bbox 1870 2389 3454 2464; baseline 0.005 -19"><span class='ocrx_word' id='word_1_527' title='bbox 1870 2389 2074 2450; x_wconf 86' lang='lat' dir='ltr'><strong>Christi</strong></span> <span class='ocrx_word' id='word_1_528' title='bbox 2106 2390 2304 2462; x_wconf 86' lang='lat' dir='ltr'><strong>ubique</strong></span> <span class='ocrx_word' id='word_1_529' title='bbox 2348 2393 2677 2463; x_wconf 69' lang='lat' dir='ltr'><strong>prcedicatur</strong></span> <span class='ocrx_word' id='word_1_530' title='bbox 2706 2395 2875 2464; x_wconf 87' lang='lat' dir='ltr'><strong>gloria</strong></span> <span class='ocrx_word' id='word_1_531' title='bbox 2914 2395 2967 2449; x_wconf 91' lang='lat' dir='ltr'><strong>in</strong></span> <span class='ocrx_word' id='word_1_532' title='bbox 3014 2410 3113 2453; x_wconf 88' lang='lat' dir='ltr'><strong>suo</strong></span> <span class='ocrx_word' id='word_1_533' title='bbox 3148 2397 3454 2453; x_wconf 81' lang='lat' dir='ltr'><strong>admirabili</strong></span> 
     </span>
    </p>
   </div>
   <div class='ocr_carea' id='block_1_78' title="bbox 1870 2479 3454 2557">
    <p class='ocr_par' dir='ltr' id='par_1_78' title="bbox 1870 2479 3454 2557">
     <span class='ocr_line' id='line_1_78' title="bbox 1870 2479 3454 2557; baseline 0.006 -24"><span class='ocrx_word' id='word_1_534' title='bbox 1870 2479 2103 2546; x_wconf 86' lang='lat' dir='ltr'><strong>famulo,</strong></span> <span class='ocrx_word' id='word_1_535' title='bbox 2136 2499 2329 2538; x_wconf 82' lang='lat' dir='ltr'><strong>nomen</strong></span> <span class='ocrx_word' id='word_1_536' title='bbox 2362 2500 2511 2554; x_wconf 62' lang='lat' dir='ltr'><strong>papae</strong></span> <span class='ocrx_word' id='word_1_537' title='bbox 2544 2483 2740 2540; x_wconf 88' lang='lat' dir='ltr'><strong>Leonis</strong></span> <span class='ocrx_word' id='word_1_538' title='bbox 2768 2502 3092 2557; x_wconf 83' lang='lat' dir='ltr'><strong>quocunque</strong></span> <span class='ocrx_word' id='word_1_539' title='bbox 3119 2487 3250 2542; x_wconf 87' lang='lat' dir='ltr'><strong>orbe</strong></span> <span class='ocrx_word' id='word_1_540' title='bbox 3282 2496 3454 2543; x_wconf 67' lang='lat' dir='ltr'><strong>terrao</strong></span> 
     </span>
    </p>
   </div>
   <div class='ocr_carea' id='block_1_79' title="bbox 1873 2573 3456 2634">
    <p class='ocr_par' dir='ltr' id='par_1_79' title="bbox 1873 2573 3456 2634">
     <span class='ocr_line' id='line_1_79' title="bbox 1873 2573 3456 2634; baseline 0.006 -10"><span class='ocrx_word' id='word_1_541' title='bbox 1873 2586 1990 2625; x_wconf 89' lang='lat' dir='ltr'><strong>rum</strong></span> <span class='ocrx_word' id='word_1_542' title='bbox 2018 2573 2209 2634; x_wconf 73' lang='lat' dir='ltr'><strong>reboat</strong></span> <span class='ocrx_word' id='word_1_543' title='bbox 2245 2588 2341 2629; x_wconf 91' lang='lat' dir='ltr'><strong>ore</strong></span> <span class='ocrx_word' id='word_1_544' title='bbox 2379 2589 2642 2629; x_wconf 86' lang='lat' dir='ltr'><strong>consono.</strong></span> <span class='ocrx_word' id='word_1_545' title='bbox 2684 2574 2793 2631; x_wconf 86' lang='lat' dir='ltr'><strong>Nec</strong></span> <span class='ocrx_word' id='word_1_546' title='bbox 2824 2577 3126 2633; x_wconf 87' lang='lat' dir='ltr'><strong>mirandum</strong></span> <span class='ocrx_word' id='word_1_547' title='bbox 3164 2578 3456 2633; x_wconf 87' lang='lat' dir='ltr'><strong>rationabi-</strong></span> 
     </span>
    </p>
   </div>
   <div class='ocr_carea' id='block_1_80' title="bbox 1872 2659 3452 2737">
    <p class='ocr_par' dir='ltr' id='par_1_80' title="bbox 1872 2659 3452 2737">
     <span class='ocr_line' id='line_1_80' title="bbox 1872 2659 3452 2737; baseline 0.007 -22"><span class='ocrx_word' id='word_1_548' title='bbox 1872 2659 1976 2716; x_wconf 88' lang='lat' dir='ltr'><strong>lem</strong></span> <span class='ocrx_word' id='word_1_549' title='bbox 2005 2674 2310 2720; x_wconf 87' lang='lat' dir='ltr'><strong>creaturam</strong></span> <span class='ocrx_word' id='word_1_550' title='bbox 2342 2666 2395 2721; x_wconf 91' lang='lat' dir='ltr'><strong>iu</strong></span> <span class='ocrx_word' id='word_1_551' title='bbox 2429 2668 2549 2735; x_wconf 84' lang='lat' dir='ltr'><strong>ejus</strong></span> <span class='ocrx_word' id='word_1_552' title='bbox 2585 2683 2839 2722; x_wconf 87' lang='lat' dir='ltr'><strong>resonare</strong></span> <span class='ocrx_word' id='word_1_553' title='bbox 2870 2669 3104 2737; x_wconf 85' lang='lat' dir='ltr'><strong>tandem,</strong></span> <span class='ocrx_word' id='word_1_554' title='bbox 3136 2687 3258 2725; x_wconf 89' lang='lat' dir='ltr'><strong>eum</strong></span> <span class='ocrx_word' id='word_1_555' title='bbox 3284 2672 3452 2726; x_wconf 88' lang='lat' dir='ltr'><strong>etiam</strong></span> 
     </span>
    </p>
   </div>
   <div class='ocr_carea' id='block_1_81' title="bbox 1876 2751 3453 2830">
    <p class='ocr_par' dir='ltr' id='par_1_81' title="bbox 1876 2751 3453 2830">
     <span class='ocr_line' id='line_1_81' title="bbox 1876 2751 3453 2830; baseline 0.005 -23"><span class='ocrx_word' id='word_1_556' title='bbox 1876 2751 2273 2809; x_wconf 87' lang='lat' dir='ltr'><strong>irrationabilia</strong></span> <span class='ocrx_word' id='word_1_557' title='bbox 2304 2757 2592 2824; x_wconf 74' lang='lat' dir='ltr'><strong>animalia,</strong></span> <span class='ocrx_word' id='word_1_558' title='bbox 2632 2759 2827 2813; x_wconf 89' lang='lat' dir='ltr'><strong>mirum</strong></span> <span class='ocrx_word' id='word_1_559' title='bbox 2864 2760 3040 2815; x_wconf 85' lang='lat' dir='ltr'><strong>dictu!</strong></span> <span class='ocrx_word' id='word_1_560' title='bbox 3079 2760 3219 2815; x_wconf 84' lang='lat' dir='ltr'><strong>ilius</strong></span> <span class='ocrx_word' id='word_1_561' title='bbox 3253 2762 3453 2830; x_wconf 67' lang='lat' dir='ltr'><strong>praedi-</strong></span> 
     </span>
    </p>
   </div>
   <div class='ocr_carea' id='block_1_82' title="bbox 1870 2842 3455 2916">
    <p class='ocr_par' dir='ltr' id='par_1_82' title="bbox 1870 2842 3455 2916">
     <span class='ocr_line' id='line_1_82' title="bbox 1870 2842 3455 2916; baseline 0.006 -18"><span class='ocrx_word' id='word_1_562' title='bbox 1870 2842 2045 2898; x_wconf 86' lang='lat' dir='ltr'><strong>cando</strong></span> <span class='ocrx_word' id='word_1_563' title='bbox 2069 2858 2263 2899; x_wconf 88' lang='lat' dir='ltr'><strong>nomen</strong></span> <span class='ocrx_word' id='word_1_564' title='bbox 2285 2844 2572 2901; x_wconf 88' lang='lat' dir='ltr'><strong>humanam</strong></span> <span class='ocrx_word' id='word_1_565' title='bbox 2600 2847 2895 2903; x_wconf 81' lang='lat' dir='ltr'><strong>formarent</strong></span> <span class='ocrx_word' id='word_1_566' title='bbox 2921 2849 3299 2916; x_wconf 78' lang='lat' dir='ltr'><strong>vocem.Nam,</strong></span> <span class='ocrx_word' id='word_1_567' title='bbox 3311 2850 3455 2907; x_wconf 65' lang='lat' dir='ltr'><strong>sicut</strong></span> 
     </span>
    </p>
   </div>
   <div class='ocr_carea' id='block_1_83' title="bbox 1873 2933 3451 3008">
    <p class='ocr_par' dir='ltr' id='par_1_83' title="bbox 1873 2933 3451 3008">
     <span class='ocr_line' id='line_1_83' title="bbox 1873 2933 3451 3008; baseline 0.006 -22"><span class='ocrx_word' id='word_1_568' title='bbox 1873 2948 1904 2986; x_wconf 90' lang='lat' dir='ltr'><strong>a</strong></span> <span class='ocrx_word' id='word_1_569' title='bbox 1954 2933 2206 2989; x_wconf 89' lang='lat' dir='ltr'><strong>veridicis</strong></span> <span class='ocrx_word' id='word_1_570' title='bbox 2258 2933 2430 2990; x_wconf 81' lang='lat' dir='ltr'><strong>fertur</strong></span> <span class='ocrx_word' id='word_1_571' title='bbox 2478 2937 2840 3003; x_wconf 73' lang='lat' dir='ltr'><strong>relator-ibus,</strong></span> <span class='ocrx_word' id='word_1_572' title='bbox 2891 2938 3031 3008; x_wconf 88' lang='lat' dir='ltr'><strong>apud</strong></span> <span class='ocrx_word' id='word_1_573' title='bbox 3084 2939 3451 2996; x_wconf 87' lang='lat' dir='ltr'><strong>Beneventum</strong></span> 
     </span>
    </p>
   </div>
   <div class='ocr_carea' id='block_1_84' title="bbox 1877 3022 3449 3100">
    <p class='ocr_par' dir='ltr' id='par_1_84' title="bbox 1877 3022 3449 3100">
     <span class='ocr_line' id='line_1_84' title="bbox 1877 3022 3449 3100; baseline 0.007 -24"><span class='ocrx_word' id='word_1_574' title='bbox 1877 3022 2049 3093; x_wconf 77' lang='lat' dir='ltr'><strong>gallus</strong></span> <span class='ocrx_word' id='word_1_575' title='bbox 2084 3023 2357 3095; x_wconf 79' lang='lat' dir='ltr'><strong>frequenti</strong></span> <span class='ocrx_word' id='word_1_576' title='bbox 2388 3042 2518 3082; x_wconf 87' lang='lat' dir='ltr'><strong>voce</strong></span> <span class='ocrx_word' id='word_1_577' title='bbox 2553 3026 2668 3095; x_wconf 84' lang='lat' dir='ltr'><strong>ejus</strong></span> <span class='ocrx_word' id='word_1_578' title='bbox 2697 3045 2893 3084; x_wconf 88' lang='lat' dir='ltr'><strong>nomen</strong></span> <span class='ocrx_word' id='word_1_579' title='bbox 2934 3032 3238 3100; x_wconf 87' lang='lat' dir='ltr'><strong>repetebat,</strong></span> <span class='ocrx_word' id='word_1_580' title='bbox 3269 3041 3326 3087; x_wconf 90' lang='lat' dir='ltr'><strong>et</strong></span> <span class='ocrx_word' id='word_1_581' title='bbox 3358 3047 3449 3086; x_wconf 66' lang='lat' dir='ltr'><strong>nso</strong></span> 
     </span>
    </p>
   </div>
   <div class='ocr_carea' id='block_1_85' title="bbox 1796 3105 3453 3195">
    <p class='ocr_par' dir='ltr' id='par_1_85' title="bbox 1796 3105 3453 3195">
     <span class='ocr_line' id='line_1_85' title="bbox 1796 3105 3453 3195; baseline 0.007 -27"><span class='ocrx_word' id='word_1_582' title='bbox 1796 3105 1841 3168; x_wconf 90' lang='lat' dir='ltr'><strong>C</strong></span> <span class='ocrx_word' id='word_1_583' title='bbox 1874 3115 2100 3169; x_wconf 88' lang='lat' dir='ltr'><strong>turalem</strong></span> <span class='ocrx_word' id='word_1_584' title='bbox 2127 3117 2427 3172; x_wconf 82' lang='lat' dir='ltr'><strong>emissurus</strong></span> <span class='ocrx_word' id='word_1_585' title='bbox 2460 3133 2676 3185; x_wconf 86' lang='lat' dir='ltr'><strong>vocem,</strong></span> <span class='ocrx_word' id='word_1_586' title='bbox 2713 3122 2922 3175; x_wconf 87' lang='lat' dir='ltr'><strong>cunctis</strong></span> <span class='ocrx_word' id='word_1_587' title='bbox 2951 3122 3274 3178; x_wconf 88' lang='lat' dir='ltr'><strong>mirantibus</strong></span> <span class='ocrx_word' id='word_1_588' title='bbox 3309 3122 3453 3195; x_wconf 76' lang='lat'><strong>(51),</strong></span> 
     </span>
    </p>
   </div>
   <div class='ocr_carea' id='block_1_86' title="bbox 1873 3201 2484 3272">
    <p class='ocr_par' dir='ltr' id='par_1_86' title="bbox 1873 3201 2484 3272">
     <span class='ocr_line' id='line_1_86' title="bbox 1873 3201 2484 3272; baseline 0.011 -17"><span class='ocrx_word' id='word_1_589' title='bbox 1873 3219 2011 3272; x_wconf 83' lang='lat' dir='ltr'><strong>papa</strong></span> <span class='ocrx_word' id='word_1_590' title='bbox 2038 3201 2144 3258; x_wconf 88' lang='lat' dir='ltr'><strong>Leo</strong></span> <span class='ocrx_word' id='word_1_591' title='bbox 2176 3205 2484 3263; x_wconf 86' lang='lat' dir='ltr'><strong>insonabat.</strong></span> 
     </span>
    </p>
   </div>
   <div class='ocr_carea' id='block_1_87' title="bbox 1942 3314 3451 3399">
    <p class='ocr_par' dir='ltr' id='par_1_87' title="bbox 1942 3314 3451 3399">
     <span class='ocr_line' id='line_1_87' title="bbox 1942 3314 3451 3399; baseline 0.011 -31"><span class='ocrx_word' id='word_1_592' title='bbox 1942 3314 2030 3369; x_wconf 83' lang='lat' dir='ltr'><strong>IV.</strong></span> <span class='ocrx_word' id='word_1_593' title='bbox 2073 3314 2232 3371; x_wconf 77' lang='lat' dir='ltr'><strong>Canis</strong></span> <span class='ocrx_word' id='word_1_594' title='bbox 2260 3317 2511 3389; x_wconf 80' lang='lat' dir='ltr'><strong>loquitur.</strong></span> <span class='ocrx_word' id='word_1_595' title='bbox 2542 3319 2646 3377; x_wconf 83' lang='lat' dir='ltr'><strong>Leo</strong></span> <span class='ocrx_word' id='word_1_596' title='bbox 2669 3322 2845 3379; x_wconf 67' lang='lat' dir='ltr'><strong>oblata</strong></span> <span class='ocrx_word' id='word_1_597' title='bbox 2873 3326 2972 3381; x_wconf 79' lang='lat' dir='ltr'><strong>sibi</strong></span> <span class='ocrx_word' id='word_1_598' title='bbox 2995 3329 3311 3399; x_wconf 75' lang='lat' dir='ltr'><strong>pauperibus</strong></span> <span class='ocrx_word' id='word_1_599' title='bbox 3336 3330 3451 3384; x_wconf 71' lang='lat' dir='ltr'><strong>dat.</strong></span> 
     </span>
    </p>
   </div>
   <div class='ocr_carea' id='block_1_88' title="bbox 1872 3403 3453 3487">
    <p class='ocr_par' dir='ltr' id='par_1_88' title="bbox 1872 3403 3453 3487">
     <span class='ocr_line' id='line_1_88' title="bbox 1872 3403 3453 3487; baseline 0.013 -30"><span class='ocrx_word' id='word_1_600' title='bbox 1872 3403 2108 3459; x_wconf 80' lang='lat' dir='ltr'><strong>Concilio</strong></span> <span class='ocrx_word' id='word_1_601' title='bbox 2134 3409 2289 3476; x_wconf 83' lang='lat' dir='ltr'><strong>cogit.</strong></span> <span class='ocrx_word' id='word_1_602' title='bbox 2316 3406 2586 3465; x_wconf 83' lang='lat' dir='ltr'><strong>Coloniam</strong></span> <span class='ocrx_word' id='word_1_603' title='bbox 2613 3415 2977 3471; x_wconf 78' lang='lat' dir='ltr'><strong>venit.-—Tum</strong></span> <span class='ocrx_word' id='word_1_604' title='bbox 3004 3418 3193 3475; x_wconf 77' lang='lat' dir='ltr'><strong>Remos</strong></span> <span class='ocrx_word' id='word_1_605' title='bbox 3209 3461 3224 3487; x_wconf 93' lang='lat'><strong>,</strong></span> <span class='ocrx_word' id='word_1_606' title='bbox 3250 3423 3339 3476; x_wconf 81' lang='lat' dir='ltr'><strong>ubi</strong></span> <span class='ocrx_word' id='word_1_607' title='bbox 3363 3439 3453 3477; x_wconf 76' lang='lat' dir='ltr'><strong>ec-</strong></span> 
     </span>
    </p>
   </div>
   <div class='ocr_carea' id='block_1_89' title="bbox 1872 3492 3455 3570">
    <p class='ocr_par' dir='ltr' id='par_1_89' title="bbox 1872 3492 3455 3570">
     <span class='ocr_line' id='line_1_89' title="bbox 1872 3492 3455 3570; baseline 0.015 -24"><span class='ocrx_word' id='word_1_608' title='bbox 1872 3492 2085 3549; x_wconf 68' lang='lat' dir='ltr'><strong>clesiam</strong></span> <span class='ocrx_word' id='word_1_609' title='bbox 2114 3494 2174 3551; x_wconf 89' lang='lat' dir='ltr'><strong>S.</strong></span> <span class='ocrx_word' id='word_1_610' title='bbox 2206 3496 2430 3570; x_wconf 83' lang='lat' dir='ltr'><strong>Remigii</strong></span> <span class='ocrx_word' id='word_1_611' title='bbox 2467 3516 2753 3559; x_wconf 75' lang='lat' dir='ltr'><strong>consecrat.</strong></span> <span class='ocrx_word' id='word_1_612' title='bbox 2794 3506 3086 3565; x_wconf 77' lang='lat' dir='ltr'><strong>Concilium</strong></span> <span class='ocrx_word' id='word_1_613' title='bbox 3126 3512 3455 3570; x_wconf 68' lang='lat' dir='ltr'><strong>celebrat.—</strong></span> 
     </span>
    </p>
   </div>
   <div class='ocr_carea' id='block_1_90' title="bbox 1873 3585 3454 3673">
    <p class='ocr_par' dir='ltr' id='par_1_90' title="bbox 1873 3585 3454 3673">
     <span class='ocr_line' id='line_1_90' title="bbox 1873 3585 3454 3673; baseline 0.015 -34"><span class='ocrx_word' id='word_1_614' title='bbox 1873 3585 2083 3641; x_wconf 90' lang='lat' dir='ltr'><strong>Dicitur</strong></span> <span class='ocrx_word' id='word_1_615' title='bbox 2103 3589 2266 3644; x_wconf 86' lang='lat' dir='ltr'><strong>etiam</strong></span> <span class='ocrx_word' id='word_1_616' title='bbox 2292 3591 2396 3647; x_wconf 90' lang='lat' dir='ltr'><strong>illis</strong></span> <span class='ocrx_word' id='word_1_617' title='bbox 2418 3596 2748 3664; x_wconf 88' lang='lat' dir='ltr'><strong>temporibus</strong></span> <span class='ocrx_word' id='word_1_618' title='bbox 2771 3598 2823 3652; x_wconf 93' lang='lat' dir='ltr'><strong>in</strong></span> <span class='ocrx_word' id='word_1_619' title='bbox 2854 3597 3047 3656; x_wconf 72' lang='lat' dir='ltr'><strong>duilius</strong></span> <span class='ocrx_word' id='word_1_620' title='bbox 3069 3603 3274 3673; x_wconf 70' lang='lat' dir='ltr'><strong>Apuliae</strong></span> <span class='ocrx_word' id='word_1_621' title='bbox 3296 3607 3454 3663; x_wconf 77' lang='lat' dir='ltr'><strong>canis</strong></span> 
     </span>
    </p>
   </div>
   <div class='ocr_carea' id='block_1_91' title="bbox 1872 3679 3451 3754">
    <p class='ocr_par' dir='ltr' id='par_1_91' title="bbox 1872 3679 3451 3754">
     <span class='ocr_line' id='line_1_91' title="bbox 1872 3679 3451 3754; baseline 0.013 -21"><span class='ocrx_word' id='word_1_622' title='bbox 1872 3679 2170 3742; x_wconf 85' lang='lat' dir='ltr'><strong>exstitisse.</strong></span> <span class='ocrx_word' id='word_1_623' title='bbox 2202 3682 2293 3751; x_wconf 82' lang='lat' dir='ltr'><strong>qui</strong></span> <span class='ocrx_word' id='word_1_624' title='bbox 2327 3682 2576 3741; x_wconf 89' lang='lat' dir='ltr'><strong>latrando</strong></span> <span class='ocrx_word' id='word_1_625' title='bbox 2605 3688 2797 3745; x_wconf 90' lang='lat' dir='ltr'><strong>solitus</strong></span> <span class='ocrx_word' id='word_1_626' title='bbox 2841 3700 2959 3746; x_wconf 88' lang='lat' dir='ltr'><strong>erat</strong></span> <span class='ocrx_word' id='word_1_627' title='bbox 2988 3693 3240 3751; x_wconf 87' lang='lat' dir='ltr'><strong>humanis</strong></span> <span class='ocrx_word' id='word_1_628' title='bbox 3268 3699 3451 3754; x_wconf 89' lang='lat' dir='ltr'><strong>verbis</strong></span> 
     </span>
    </p>
   </div>
   <div class='ocr_carea' id='block_1_92' title="bbox 1872 3768 3451 3844">
    <p class='ocr_par' dir='ltr' id='par_1_92' title="bbox 1872 3768 3451 3844">
     <span class='ocr_line' id='line_1_92' title="bbox 1872 3768 3451 3844; baseline 0.013 -21"><span class='ocrx_word' id='word_1_629' title='bbox 1872 3768 2015 3825; x_wconf 80' lang='lat' dir='ltr'><strong>Deus</strong></span> <span class='ocrx_word' id='word_1_630' title='bbox 2068 3788 2212 3827; x_wconf 80' lang='lat' dir='ltr'><strong>meus</strong></span> <span class='ocrx_word' id='word_1_631' title='bbox 2265 3774 2579 3831; x_wconf 80' lang='lat' dir='ltr'><strong>inclamare.</strong></span> <span class='ocrx_word' id='word_1_632' title='bbox 2627 3779 2744 3834; x_wconf 77' lang='lat' dir='ltr'><strong>Non</strong></span> <span class='ocrx_word' id='word_1_633' title='bbox 2784 3792 2961 3836; x_wconf 85' lang='lat' dir='ltr'><strong>autem</strong></span> <span class='ocrx_word' id='word_1_634' title='bbox 3004 3794 3083 3840; x_wconf 89' lang='lat' dir='ltr'><strong>est</strong></span> <span class='ocrx_word' id='word_1_635' title='bbox 3136 3787 3451 3844; x_wconf 81' lang='lat' dir='ltr'><strong>incredibile</strong></span> 
     </span>
    </p>
   </div>
   <div class='ocr_carea' id='block_1_93' title="bbox 1872 3858 3449 3947">
    <p class='ocr_par' dir='ltr' id='par_1_93' title="bbox 1872 3858 3449 3947">
     <span class='ocr_line' id='line_1_93' title="bbox 1872 3858 3449 3947; baseline 0.011 -33"><span class='ocrx_word' id='word_1_636' title='bbox 1872 3858 2090 3914; x_wconf 79' lang='lat' dir='ltr'><strong>brutum</strong></span> <span class='ocrx_word' id='word_1_637' title='bbox 2114 3861 2309 3916; x_wconf 82' lang='lat' dir='ltr'><strong>animal</strong></span> <span class='ocrx_word' id='word_1_638' title='bbox 2335 3864 2387 3918; x_wconf 88' lang='lat' dir='ltr'><strong>in</strong></span> <span class='ocrx_word' id='word_1_639' title='bbox 2414 3880 2473 3919; x_wconf 90' lang='lat' dir='ltr'><strong>ea</strong></span> <span class='ocrx_word' id='word_1_640' title='bbox 2499 3868 2717 3937; x_wconf 80' lang='lat' dir='ltr'><strong>regione</strong></span> <span class='ocrx_word' id='word_1_641' title='bbox 2743 3869 2835 3923; x_wconf 86' lang='lat' dir='ltr'><strong>Dei</strong></span> <span class='ocrx_word' id='word_1_642' title='bbox 2862 3872 3284 3930; x_wconf 83' lang='lat' dir='ltr'><strong>misericordiam</strong></span> <span class='ocrx_word' id='word_1_643' title='bbox 3314 3893 3449 3947; x_wconf 87' lang='lat' dir='ltr'><strong>quo-</strong></span> 
     </span>
    </p>
   </div>
   <div class='ocr_carea' id='block_1_94' title="bbox 1873 3954 3450 4023">
    <p class='ocr_par' dir='ltr' id='par_1_94' title="bbox 1873 3954 3450 4023">
     <span class='ocr_line' id='line_1_94' title="bbox 1873 3954 3450 4023; baseline 0.013 -21"><span class='ocrx_word' id='word_1_644' title='bbox 1873 3963 2087 4019; x_wconf 88' lang='lat' dir='ltr'><strong>cunque</strong></span> <span class='ocrx_word' id='word_1_645' title='bbox 2114 3954 2273 4007; x_wconf 75' lang='lat' dir='ltr'><strong>moJo</strong></span> <span class='ocrx_word' id='word_1_646' title='bbox 2300 3954 2600 4022; x_wconf 83' lang='lat' dir='ltr'><strong>invocasse,</strong></span> <span class='ocrx_word' id='word_1_647' title='bbox 2633 3957 2760 4013; x_wconf 89' lang='lat' dir='ltr'><strong>dum</strong></span> <span class='ocrx_word' id='word_1_648' title='bbox 2790 3971 3000 4015; x_wconf 74' lang='lat' dir='ltr'><strong>cet-him</strong></span> <span class='ocrx_word' id='word_1_649' title='bbox 3030 3974 3113 4019; x_wconf 81' lang='lat' dir='ltr'><strong>est</strong></span> <span class='ocrx_word' id='word_1_650' title='bbox 3132 3965 3328 4021; x_wconf 80' lang='lat' dir='ltr'><strong>(Ihristi</strong></span> <span class='ocrx_word' id='word_1_651' title='bbox 3362 3985 3450 4023; x_wconf 84' lang='lat' dir='ltr'><strong>rc-</strong></span> 
     </span>
    </p>
   </div>
   <div class='ocr_carea' id='block_1_95' title="bbox 1872 4037 3450 4129">
    <p class='ocr_par' dir='ltr' id='par_1_95' title="bbox 1872 4037 3450 4129">
     <span class='ocr_line' id='line_1_95' title="bbox 1872 4037 3450 4129; baseline 0.015 -38"><span class='ocrx_word' id='word_1_652' title='bbox 1872 4037 2127 4110; x_wconf 86' lang='lat' dir='ltr'><strong>ligionem</strong></span> <span class='ocrx_word' id='word_1_653' title='bbox 2155 4042 2355 4099; x_wconf 69' lang='lat' dir='ltr'><strong>ibidem</strong></span> <span class='ocrx_word' id='word_1_654' title='bbox 2383 4060 2520 4114; x_wconf 88' lang='lat' dir='ltr'><strong>pene</strong></span> <span class='ocrx_word' id='word_1_655' title='bbox 2546 4050 2766 4105; x_wconf 85' lang='lat' dir='ltr'><strong>omnino</strong></span> <span class='ocrx_word' id='word_1_656' title='bbox 2802 4051 3097 4120; x_wconf 85' lang='lat' dir='ltr'><strong>deperisse.</strong></span> <span class='ocrx_word' id='word_1_657' title='bbox 3127 4058 3450 4129; x_wconf 82' lang='lat' dir='ltr'><strong>accolasque</strong></span> 
     </span>
    </p>
   </div>
   <div class='ocr_carea' id='block_1_96' title="bbox 1875 4130 3453 4214">
    <p class='ocr_par' dir='ltr' id='par_1_96' title="bbox 1875 4130 3453 4214">
     <span class='ocr_line' id='line_1_96' title="bbox 1875 4130 3453 4214; baseline 0.015 -30"><span class='ocrx_word' id='word_1_658' title='bbox 1875 4130 2016 4186; x_wconf 91' lang='lat' dir='ltr'><strong>illius</strong></span> <span class='ocrx_word' id='word_1_659' title='bbox 2056 4134 2246 4202; x_wconf 74' lang='lat' dir='ltr'><strong>patria:</strong></span> <span class='ocrx_word' id='word_1_660' title='bbox 2284 4134 2473 4190; x_wconf 77' lang='lat' dir='ltr'><strong>aliena:</strong></span> <span class='ocrx_word' id='word_1_661' title='bbox 2499 4140 2751 4207; x_wconf 86' lang='lat' dir='ltr'><strong>potestati</strong></span> <span class='ocrx_word' id='word_1_662' title='bbox 2784 4141 2895 4213; x_wconf 74' lang='lat'><strong>(32)</strong></span> <span class='ocrx_word' id='word_1_663' title='bbox 2937 4145 3179 4201; x_wconf 83' lang='lat' dir='ltr'><strong>subditus</strong></span> <span class='ocrx_word' id='word_1_664' title='bbox 3208 4162 3358 4214; x_wconf 76' lang='lat' dir='ltr'><strong>esse,</strong></span> <span class='ocrx_word' id='word_1_665' title='bbox 3391 4163 3453 4207; x_wconf 92' lang='lat' dir='ltr'><strong>ut</strong></span> 
     </span>
    </p>
   </div>
   <div class='ocr_carea' id='block_1_97' title="bbox 1873 4221 3450 4298">
    <p class='ocr_par' dir='ltr' id='par_1_97' title="bbox 1873 4221 3450 4298">
     <span class='ocr_line' id='line_1_97' title="bbox 1873 4221 3450 4298; baseline 0.013 -23"><span class='ocrx_word' id='word_1_666' title='bbox 1873 4221 1942 4275; x_wconf 79' lang='lat' dir='ltr'><strong>ad</strong></span> <span class='ocrx_word' id='word_1_667' title='bbox 1987 4221 2382 4280; x_wconf 76' lang='lat' dir='ltr'><strong>invocationem</strong></span> <span class='ocrx_word' id='word_1_668' title='bbox 2428 4231 2646 4298; x_wconf 88' lang='lat' dir='ltr'><strong>superni</strong></span> <span class='ocrx_word' id='word_1_669' title='bbox 2689 4233 2872 4287; x_wconf 80' lang='lat' dir='ltr'><strong>auxilii</strong></span> <span class='ocrx_word' id='word_1_670' title='bbox 2921 4235 3109 4291; x_wconf 85' lang='lat' dir='ltr'><strong>saltem</strong></span> <span class='ocrx_word' id='word_1_671' title='bbox 3156 4239 3450 4295; x_wconf 82' lang='lat' dir='ltr'><strong>irrationa-</strong></span> 
     </span>
    </p>
   </div>
   <div class='ocr_carea' id='block_1_98' title="bbox 1872 4311 3451 4398">
    <p class='ocr_par' dir='ltr' id='par_1_98' title="bbox 1872 4311 3451 4398">
     <span class='ocr_line' id='line_1_98' title="bbox 1872 4311 3451 4398; baseline 0.015 -33"><span class='ocrx_word' id='word_1_672' title='bbox 1872 4311 1996 4369; x_wconf 88' lang='lat' dir='ltr'><strong>bilis</strong></span> <span class='ocrx_word' id='word_1_673' title='bbox 2040 4314 2263 4384; x_wconf 83' lang='lat' dir='ltr'><strong>pecudis</strong></span> <span class='ocrx_word' id='word_1_674' title='bbox 2306 4318 2674 4377; x_wconf 88' lang='lat' dir='ltr'><strong>excitarentur</strong></span> <span class='ocrx_word' id='word_1_675' title='bbox 2720 4338 2870 4380; x_wconf 83' lang='lat' dir='ltr'><strong>voce.</strong></span> <span class='ocrx_word' id='word_1_676' title='bbox 2917 4326 3082 4382; x_wconf 85' lang='lat' dir='ltr'><strong>Fama</strong></span> <span class='ocrx_word' id='word_1_677' title='bbox 3126 4331 3296 4398; x_wconf 71' lang='lat' dir='ltr'><strong>igitur</strong></span> <span class='ocrx_word' id='word_1_678' title='bbox 3330 4333 3451 4388; x_wconf 56' lang='lat' dir='ltr'><strong>exi-</strong></span> 
     </span>
    </p>
   </div>
   <div class='ocr_carea' id='block_1_99' title="bbox 1874 4405 3452 4492">
    <p class='ocr_par' dir='ltr' id='par_1_99' title="bbox 1874 4405 3452 4492">
     <span class='ocr_line' id='line_1_99' title="bbox 1874 4405 3452 4492; baseline 0.013 -35"><span class='ocrx_word' id='word_1_679' title='bbox 1874 4405 1995 4461; x_wconf 69' lang='lat' dir='ltr'><strong>mite</strong></span> <span class='ocrx_word' id='word_1_680' title='bbox 2044 4405 2219 4461; x_wconf 81' lang='lat' dir='ltr'><strong>laudis</strong></span> <span class='ocrx_word' id='word_1_681' title='bbox 2270 4405 2408 4476; x_wconf 89' lang='lat' dir='ltr'><strong>ejus,</strong></span> <span class='ocrx_word' id='word_1_682' title='bbox 2462 4426 2850 4485; x_wconf 82' lang='lat' dir='ltr'><strong>usquequaque</strong></span> <span class='ocrx_word' id='word_1_683' title='bbox 2902 4418 3174 4488; x_wconf 77' lang='lat' dir='ltr'><strong>propalata</strong></span> <span class='ocrx_word' id='word_1_684' title='bbox 3207 4462 3220 4487; x_wconf 95' lang='lat'><strong>,</strong></span> <span class='ocrx_word' id='word_1_685' title='bbox 3253 4433 3452 4492; x_wconf 61' lang='lat' dir='ltr'><strong>praeter</strong></span> 
     </span>
    </p>
   </div>
   <div class='ocr_carea' id='block_1_100' title="bbox 1873 4494 3453 4581">
    <p class='ocr_par' dir='ltr' id='par_1_100' title="bbox 1873 4494 3453 4581">
     <span class='ocr_line' id='line_1_100' title="bbox 1873 4494 3453 4581; baseline 0.012 -33"><span class='ocrx_word' id='word_1_686' title='bbox 1873 4494 2090 4549; x_wconf 88' lang='lat' dir='ltr'><strong>solitum</strong></span> <span class='ocrx_word' id='word_1_687' title='bbox 2117 4497 2313 4552; x_wconf 78' lang='lat' dir='ltr'><strong>ntultos</strong></span> <span class='ocrx_word' id='word_1_688' title='bbox 2336 4499 2608 4556; x_wconf 88' lang='lat' dir='ltr'><strong>animabat</strong></span> <span class='ocrx_word' id='word_1_689' title='bbox 2647 4504 2715 4558; x_wconf 89' lang='lat' dir='ltr'><strong>ad</strong></span> <span class='ocrx_word' id='word_1_690' title='bbox 2753 4504 2971 4562; x_wconf 85' lang='lat' dir='ltr'><strong>visenda</strong></span> <span class='ocrx_word' id='word_1_691' title='bbox 3003 4512 3196 4564; x_wconf 84' lang='lat' dir='ltr'><strong>summi</strong></span> <span class='ocrx_word' id='word_1_692' title='bbox 3237 4522 3453 4581; x_wconf 85' lang='lat' dir='ltr'><strong>aposte-</strong></span> 
     </span>
    </p>
   </div>
   <div class='ocr_carea' id='block_1_101' title="bbox 1875 4585 3446 4664">
    <p class='ocr_par' dir='ltr' id='par_1_101' title="bbox 1875 4585 3446 4664">
     <span class='ocr_line' id='line_1_101' title="bbox 1875 4585 3446 4664; baseline 0.01 -24"><span class='ocrx_word' id='word_1_693' title='bbox 1875 4585 2049 4642; x_wconf 90' lang='lat' dir='ltr'><strong>lorum</strong></span> <span class='ocrx_word' id='word_1_694' title='bbox 2074 4588 2337 4659; x_wconf 85' lang='lat' dir='ltr'><strong>principis</strong></span> <span class='ocrx_word' id='word_1_695' title='bbox 2360 4589 2570 4657; x_wconf 86' lang='lat' dir='ltr'><strong>limina,</strong></span> <span class='ocrx_word' id='word_1_696' title='bbox 2611 4595 2705 4663; x_wconf 90' lang='lat' dir='ltr'><strong>qui</strong></span> <span class='ocrx_word' id='word_1_697' title='bbox 2749 4610 2939 4651; x_wconf 90' lang='lat' dir='ltr'><strong>omnes</strong></span> <span class='ocrx_word' id='word_1_698' title='bbox 2970 4599 3086 4664; x_wconf 84' lang='lat' dir='ltr'><strong>ejus</strong></span> <span class='ocrx_word' id='word_1_699' title='bbox 3119 4602 3446 4656; x_wconf 72' lang='lat' dir='ltr'><strong>recreabar:-</strong></span> 
     </span>
    </p>
   </div>
   <div class='ocr_carea' id='block_1_102' title="bbox 1876 4681 3449 4757">
    <p class='ocr_par' dir='ltr' id='par_1_102' title="bbox 1876 4681 3449 4757">
     <span class='ocr_line' id='line_1_102' title="bbox 1876 4681 3449 4757; baseline 0.008 -25"><span class='ocrx_word' id='word_1_700' title='bbox 1876 4687 1964 4732; x_wconf 91' lang='lat' dir='ltr'><strong>tur</strong></span> <span class='ocrx_word' id='word_1_701' title='bbox 2008 4681 2378 4736; x_wconf 85' lang='lat' dir='ltr'><strong>consolatione</strong></span> <span class='ocrx_word' id='word_1_702' title='bbox 2424 4694 2478 4736; x_wconf 90' lang='lat' dir='ltr'><strong>ct</strong></span> <span class='ocrx_word' id='word_1_703' title='bbox 2527 4686 2922 4741; x_wconf 81' lang='lat' dir='ltr'><strong>rol:orab:mtur</strong></span> <span class='ocrx_word' id='word_1_704' title='bbox 2964 4688 3371 4757; x_wconf 85' lang='lat' dir='ltr'><strong>benedictione;</strong></span> <span class='ocrx_word' id='word_1_705' title='bbox 3403 4693 3449 4745; x_wconf 89' lang='lat' dir='ltr'><strong>si</strong></span> 
     </span>
    </p>
   </div>
   <div class='ocr_carea' id='block_1_103' title="bbox 1874 4769 3448 4850">
    <p class='ocr_par' dir='ltr' id='par_1_103' title="bbox 1874 4769 3448 4850">
     <span class='ocr_line' id='line_1_103' title="bbox 1874 4769 3448 4850; baseline 0.009 -29"><span class='ocrx_word' id='word_1_706' title='bbox 1874 4769 2071 4837; x_wconf 84' lang='lat' dir='ltr'><strong>quibus</strong></span> <span class='ocrx_word' id='word_1_707' title='bbox 2091 4782 2273 4826; x_wconf 79' lang='lat' dir='ltr'><strong>autem</strong></span> <span class='ocrx_word' id='word_1_708' title='bbox 2303 4773 2554 4828; x_wconf 84' lang='lat' dir='ltr'><strong>obstabat</strong></span> <span class='ocrx_word' id='word_1_709' title='bbox 2600 4775 3012 4844; x_wconf 78' lang='lat' dir='ltr'><strong>impossibilitas</strong></span> <span class='ocrx_word' id='word_1_710' title='bbox 3034 4781 3157 4849; x_wconf 82' lang='lat' dir='ltr'><strong>ejus</strong></span> <span class='ocrx_word' id='word_1_711' title='bbox 3181 4779 3284 4833; x_wconf 84' lang='lat' dir='ltr'><strong>frui</strong></span> <span class='ocrx_word' id='word_1_712' title='bbox 3313 4797 3448 4850; x_wconf 61' lang='lat' dir='ltr'><strong>prmo</strong></span> 
     </span>
    </p>
   </div>
   <div class='ocr_carea' id='block_1_104' title="bbox 1875 4860 3453 4935">
    <p class='ocr_par' dir='ltr' id='par_1_104' title="bbox 1875 4860 3453 4935">
     <span class='ocr_line' id='line_1_104' title="bbox 1875 4860 3453 4935; baseline 0.008 -22"><span class='ocrx_word' id='word_1_713' title='bbox 1875 4860 2072 4925; x_wconf 85' lang='lat' dir='ltr'><strong>scntia,</strong></span> <span class='ocrx_word' id='word_1_714' title='bbox 2117 4876 2239 4916; x_wconf 79' lang='lat' dir='ltr'><strong>cum</strong></span> <span class='ocrx_word' id='word_1_715' title='bbox 2289 4862 2392 4918; x_wconf 77' lang='lat' dir='ltr'><strong>fide</strong></span> <span class='ocrx_word' id='word_1_716' title='bbox 2439 4866 2655 4935; x_wconf 82' lang='lat' dir='ltr'><strong>propria</strong></span> <span class='ocrx_word' id='word_1_717' title='bbox 2698 4869 2748 4922; x_wconf 91' lang='lat' dir='ltr'><strong>ei</strong></span> <span class='ocrx_word' id='word_1_718' title='bbox 2794 4867 3098 4935; x_wconf 84' lang='lat' dir='ltr'><strong>dirigebant</strong></span> <span class='ocrx_word' id='word_1_719' title='bbox 3139 4871 3317 4934; x_wconf 81' lang='lat' dir='ltr'><strong>xenia,</strong></span> <span class='ocrx_word' id='word_1_720' title='bbox 3365 4883 3453 4924; x_wconf 82' lang='lat' dir='ltr'><strong>re-</strong></span> 
     </span>
    </p>
   </div>
   <div class='ocr_carea' id='block_1_105' title="bbox 1873 4954 3454 5027">
    <p class='ocr_par' dir='ltr' id='par_1_105' title="bbox 1873 4954 3454 5027">
     <span class='ocr_line' id='line_1_105' title="bbox 1873 4954 3454 5027; baseline 0.005 -18"><span class='ocrx_word' id='word_1_721' title='bbox 1873 4954 2086 5023; x_wconf 90' lang='lat' dir='ltr'><strong>cepturi</strong></span> <span class='ocrx_word' id='word_1_722' title='bbox 2117 4955 2185 5008; x_wconf 89' lang='lat' dir='ltr'><strong>ab</strong></span> <span class='ocrx_word' id='word_1_723' title='bbox 2209 4971 2276 5011; x_wconf 92' lang='lat' dir='ltr'><strong>eo</strong></span> <span class='ocrx_word' id='word_1_724' title='bbox 2310 4957 2622 5027; x_wconf 66' lang='lat' dir='ltr'><strong>apostolicae</strong></span> <span class='ocrx_word' id='word_1_725' title='bbox 2670 4959 3068 5016; x_wconf 83' lang='lat' dir='ltr'><strong>benedictionis</strong></span> <span class='ocrx_word' id='word_1_726' title='bbox 3109 4960 3357 5017; x_wconf 85' lang='lat' dir='ltr'><strong>donaria.</strong></span> <span class='ocrx_word' id='word_1_727' title='bbox 3384 4961 3454 5016; x_wconf 84' lang='lat' dir='ltr'><strong>ll-</strong></span> 
     </span>
    </p>
   </div>
   <div class='ocr_carea' id='block_1_106' title="bbox 1876 5044 3457 5108">
    <p class='ocr_par' dir='ltr' id='par_1_106' title="bbox 1876 5044 3457 5108">
     <span class='ocr_line' id='line_1_106' title="bbox 1876 5044 3457 5108; baseline 0.008 -11"><span class='ocrx_word' id='word_1_728' title='bbox 1876 5044 1967 5099; x_wconf 82' lang='lat' dir='ltr'><strong>lud</strong></span> <span class='ocrx_word' id='word_1_729' title='bbox 2021 5044 2187 5100; x_wconf 85' lang='lat' dir='ltr'><strong>etiam</strong></span> <span class='ocrx_word' id='word_1_730' title='bbox 2255 5047 2487 5101; x_wconf 79' lang='lat' dir='ltr'><strong>habebat</strong></span> <span class='ocrx_word' id='word_1_731' title='bbox 2549 5049 3087 5105; x_wconf 88' lang='lat' dir='ltr'><strong>consuetudinarium</strong></span> <span class='ocrx_word' id='word_1_732' title='bbox 3154 5053 3457 5108; x_wconf 43' lang='lat' dir='ltr'><strong>cmu&#39;aliis</strong></span> 
     </span>
    </p>
   </div>
   <div class='ocr_carea' id='block_1_107' title="bbox 1878 5134 3423 5156">
    <p class='ocr_par' dir='ltr' id='par_1_107' title="bbox 1878 5134 3423 5156">
     <span class='ocr_line' id='line_1_107' title="bbox 1878 5134 3423 5156; baseline 0 0"><span class='ocrx_word' id='word_1_733' title='bbox 1878 5134 2025 5156; x_wconf 43' lang='lat'><strong>&#39;.--!,</strong></span> <span class='ocrx_word' id='word_1_734' title='bbox 2085 5134 2206 5156; x_wconf 67' lang='grc' dir='ltr'><strong>--εει</strong></span> <span class='ocrx_word' id='word_1_735' title='bbox 2232 5153 2285 5156; x_wconf 24' lang='grc'><strong>,7-</strong></span> <span class='ocrx_word' id='word_1_736' title='bbox 2349 5138 2455 5156; x_wconf 37' lang='grc' dir='ltr'><strong>..ηδΑ</strong></span> <span class='ocrx_word' id='word_1_737' title='bbox 2569 5139 2580 5151; x_wconf 77' lang='grc'><strong><em>⁸</em></strong></span> <span class='ocrx_word' id='word_1_738' title='bbox 2708 5141 2758 5156; x_wconf 66' lang='lat' dir='ltr'><strong>Ol</strong></span> <span class='ocrx_word' id='word_1_739' title='bbox 2842 5153 2891 5156; x_wconf 42' lang='grc' dir='ltr'><strong>η,</strong></span> <span class='ocrx_word' id='word_1_740' title='bbox 2938 5146 2949 5156; x_wconf 69' lang='grc' dir='ltr'><em>ι</em></span> <span class='ocrx_word' id='word_1_741' title='bbox 2997 5140 3028 5156; x_wconf 70' lang='grc'><strong>1⁸</strong></span> <span class='ocrx_word' id='word_1_742' title='bbox 3412 5145 3423 5155; x_wconf 79' lang='grc' dir='ltr'>ι</span> 
     </span>
    </p>
   </div>
  </div>
