4010 5328
490 215 601 274 ⁸491

1845 211 1902 266 S.
1947 211 2080 267 LEO
2118 211 2188 265 lx
2229 211 2421 265 l’Al’A.

3660 221 3769 274 4M

502 339 693 384 mmve
728 323 955 394 expendi
993 335 1152 388 usus,
1184 321 1278 376 sed
1317 329 1506 376 cuncta
1539 336 1835 393 pauperum
1881 322 2077 395 largie-
2107 329 2152 386 Α
2183 317 2313 378 stari
2365 323 2609 379 ecclesiae
2660 325 2828 393 gratis
2872 326 3213 381 concederet.
3257 327 3496 384 lncestas
3528 345 3768 388 consan-

497 422 663 485 batur
707 415 1144 472 necessitatibus.
1192 412 1338 470 inter
1387 413 1587 469 multos
1626 429 1788 482 ergo,
1821 415 1912 484 qui
1965 414 2082 481 ejus

503 509 816 566 ambiebant
841 507 1188 576 praesentiam
1239 504 1498 570 invisere,
1541 520 1631 559 rex
1672 506 2083 560 Danamarchia:

502 602 616 671 (55)
643 599 942 654 transmisit
991 597 1065 652 illi
1110 611 1264 651 avem
1311 595 1604 665 psittacum
1654 595 1708 649 in
1755 611 1996 662 munere,
2027 596 2081 651 in

499 709 608 762 quo
641 692 888 761 quaedam
921 689 1100 745 divina
1141 687 1393 758 apparuit
1415 687 1612 758 gratia,
1642 687 1946 742 admirabili
1974 688 2083 742 vir-

502 795 634 839 tute.
662 781 921 850 Quamvis
953 781 1098 836 enim
1119 779 1366 850 qumdam
1395 793 1523 832 aves
1561 778 1795 833 humana
1843 777 2081 833 formare

499 878 663 932 verba
687 876 898 930 discant
926 873 1186 943 magistra
1225 870 1388 936 fame,
1418 873 1532 926 hazc
1573 881 1772 936 tamen,
1802 879 1860 924 ut
1885 871 2079 938 fertur,

500 965 649 1023 nullo
673 975 932 1036 cogente;
951 972 1068 1019 toto
1096 964 1288 1018 itinere
1321 963 1452 1017 dum
1475 962 1542 1016 ad
1584 962 1838 1016 domuum
1885 976 2080 1031 papam

501 1058 823 1122 deferretur,
855 1057 943 1109 Ad.
963 1072 1151 1127 papam
1180 1053 1330 1118 vado,
1359 1054 1667 1118 recinebat;
1698 1063 1752 1107 ot
1776 1069 1924 1117 mox,
1946 1063 2001 1106 ut
2031 1054 2080 1108 ei

501 1161 585 1216 est
625 1156 968 1220 presentata,
1014 1145 1230 1201 nemine
1285 1143 1530 1209 docente,
1577 1159 1708 1198 voce
1762 1143 2078 1211 dulcisona,

499 1257 637 1312 papa
682 1238 788 1293 Leo
827 1236 1173 1308 inclamabat.
1225 1233 1285 1290 Si
1327 1235 1542 1305 quando
1581 1234 1741 1288 etiam
1778 1235 1864 1288 hic
1895 1242 2082 1304 pastor

502 1332 868 1398 venerandus,
912 1329 1244 1386 exteriorum
1283 1329 1636 1400 dispositione
1679 1329 1930 1396 lassatus,
1961 1345 2080 1386 sese

485 1427 556 1480 in
581 1407 792 1480 secreto
816 1423 1062 1479 conclavi
1109 1422 1392 1492 reciperet,
1429 1431 1522 1476 aut
1551 1421 1690 1477 forte
1731 1421 1913 1476 nimiis
1934 1421 2081 1477 solli-

485 1516 834 1596 citudinibus
858 1514 1262 1592 amictumcjns
1287 1513 1526 1568 aninunn
1552 1512 1731 1583 aliqua
1765 1513 2078 1568 moestitndo

2183 415 2502 485 guineorum
2557 415 2800 484 nuptias,
2855 415 2908 470 in
2957 415 3144 472 multis
3191 418 3340 472 orbis
3396 421 3646 488 partibus
3676 425 3757 478 in-

2185 506 2416 560 discrete
2461 507 2698 570 habitas,
2740 505 2976 571 discidit,
3025 506 3314 577 pluresque
3354 510 3615 564 nobilium
3663 513 3765 566 hoc

2186 597 2323 663 turpi
2368 595 2645 650 devinctos
2695 612 2834 650 nexu
2884 597 3176 666 separavit.
3218 598 3337 652 Alia
3381 615 3598 668 quoque
3635 617 3762 672 per-

2183 687 2336 757 plura
2361 703 2629 742 cauonum
2662 688 2895 757 capitula
2946 689 3153 743 studuit
3204 705 3488 755 renovare,
3516 707 3662 762 qum,
3697 709 3765 747 ne

2184 779 2458 835 fastidium
2489 781 2733 850 gignant,
2787 780 2876 834 hic
2929 780 3335 850 supersedimus
3384 782 3637 837 recitare.
3667 783 3765 837 His

2181 871 2388 926 sanctis
2416 871 2673 926 insudans
2702 871 2910 933 studiis,
2963 871 3240 941 antiquam
3279 873 3475 940 repetit
3505 873 3763 942 patriam,

2183 965 2584 1034 suscipiturque
2645 979 2675 1017 a
2738 963 2904 1018 totius
2964 964 3140 1033 gentis
3197 964 3538 1020 nobilissimo
3599 977 3763 1036 atque

2173 1055 2636 1111 revereudissimo
2663 1055 3069 1124 archiepiscopo
3101 1053 3430 1110 llerimanno
3474 1057 3620 1127 apud
3656 1057 3761 1112 Co-

2182 1145 2402 1201 loniam.
2454 1144 2621 1215 Cujus
2661 1146 2833 1214 petitu
2882 1145 3153 1200 concessit
3202 1144 3434 1201 denmus
3479 1162 3618 1215 papa
3661 1147 3761 1202 hoc

2178 1235 2519 1306 privilegium
2570 1235 2683 1290 sedi
2727 1233 2983 1290 Ecclesiae
3009 1233 3372 1300 Coloniensis,
3410 1245 3468 1288 ut
3492 1237 3560 1290 ad
3591 1236 3763 1292 altare

2175 1329 2354 1386 sancti
2385 1328 2552 1395 Petri,
2581 1338 2786 1398 septem
2818 1327 3118 1400 presbyteri
3165 1329 3470 1383 cardinales
3515 1331 3761 1398 quotidie

2180 1420 2421 1474 divinum
2450 1418 2786 1474 celebrarent
2820 1418 3054 1474 officium
3098 1419 3156 1474 in
3200 1421 3474 1475 sandaliis.
3511 1421 3675 1476 Dedit
3710 1423 3763 1476 ci

2179 1525 2395 1581 quoque
2437 1509 2670 1566 ofﬁcium
2718 1511 3030 1566 caucellarii
3081 1511 3192 1582 (56)
3250 1521 3453 1566 sanctze
3500 1512 3762 1566 Romana:
3832 1516 3849 1532 '

472 1593 918 1682 »'arctaret,'rlia-c
961 1606 1079 1660 avis
1123 1604 1458 1675 :cgritudinis
1503 1603 1646 1658 illius
1689 1603 1932 1658 levamen
1975 1602 2078 1656 fre~
2104 1679 2137 1682 ι
2180 1603 2345 1668 sedis,
2371 1601 2596 1672 ejusque
2623 1603 3054 1668 successoribus,
3102 1603 3341 1659 tribuens
3371 1603 3444 1658 illi
3469 1604 3761 1661 ecclesiam

497 1679 726 1770 quenter
753 1683 965 1776 aderat,
1008 1704 1063 1750 ct
1086 1695 1370 1752 concinne
1420 1710 1483 1748 ac
1530 1694 1719 1758 rccise,
1762 1709 1897 1763 papa
1943 1692 2071 1758 Leo,
2104 1679 2150 1739 Β
2177 1694 2350 1750 sancti
2382 1691 2609 1749 Joannis
2635 1703 2762 1748 ante
2787 1702 2996 1762 portam
3027 1692 3295 1748 Latinam.

479 1804 782 1855 vresonans,
818 1789 981 1843 robur
1017 1786 1213 1841 mentis
1250 1785 1324 1839 illi
1357 1784 1649 1839 excitabat.
1692 1783 1799 1838 Nec
1828 1784 2079 1837 videatur

483 1861 750 1953 cuiquam
786 1859 1211 1950 reprehensibilc
1257 1877 1403 1930 lmuc
1445 1875 1648 1946 justum
1696 1876 1748 1928 in
1778 1875 1859 1928 sui
1885 1891 2077 1929 conso-

487 1973 694 2027 latione
726 1968 885 2039 lmjus
915 1969 1030 2023 avis
1072 1983 1226 2022 usum
1259 1967 1648 2031 modulatione,
1679 1983 1802 2022 eum
1833 1967 2075 2036 legamus

495 2065 712 2138 beatum
739 2061 1094 2134 Augustinum
1137 2074 1235 2131 pro
1279 2059 1426 2113 exitu
1459 2074 1570 2114 sua:
1614 2059 1804 2114 matris
1826 2060 2074 2114 inconso-

489 2153 724 2227 labilitcr
755 2154 1160 2220 lat‘ucntantem,
1192 2153 1452 2210 musicam
1505 2153 1790 2207 melodiam
1822 2153 1886 2208 ad
1929 2153 2073 2208 leva-

492 2262 614 2325 men
645 2245 896 2313 maeroris
917 2245 1019 2300 sibi
1045 2239 1379 2309 adhibuisse,
1403 2252 1758 2312 sanctumque
1777 2242 2069 2297 Antonium

475 2337 655 2414 rigori
701 2337 1001 2392 monastico
1051 2335 1442 2406 aliquantulum
1493 2334 1878 2391 oblectamenti
1921 2343 2071 2390 cezto

489 2441 729 2501 tempore
756 2429 1110 2487 concessisse.

558 2524 825 2592 Quantam
873 2533 1053 2578 autem
1090 2520 1364 2578 solertiam
1407 2519 1462 2574 in
1504 2519 1769 2575 catholica
1800 2518 1917 2588 lege
1943 2534 2070 2573 con-

484 2618 751 2673 servanda
776 2617 1105 2680 adhibuerit,
1125 2615 1187 2669 'in
1210 2614 1388 2685 primo
1409 2613 1654 2668 Romano
1672 2610 1902 2667 concilio
1930 2610 2067 2682 (ΖΗ),

485 2707 626 2777 quod
669 2707 854 2762 multis
900 2706 1170 2780 episcopis
1231 2703 1638 2760 considentibus
1693 2700 1926 2776 habuit,
1972 2701 2066 2755 de-

485 2800 850 2865 monstravit;
899 2799 986 2855 ubi
1020 2806 1222 2854 statuta
1254 2809 1483 2868 quatuor
1511 2796 1839 2866 synodorum
1868 2795 2068 2864 princi-

481 2894 685 2965 palium
713 2894 830 2950 viva
861 2908 993 2949 voce
1033 2891 1426 2953 corroboravit,
1459 2889 1785 2957 decretaque
1823 2886 2065 2943 omnium

481 2994 892 3040 antecessorum
949 2997 1169 3038 suorum
1218 2979 1534 3051 pontificum
1593 2977 1819 3034 tenenda
1871 2975 2066 3031 confir-

480 3075 692 3141 mavit;
726 3071 1090 3128 Simoniacam
1119 3070 1285 3124 etiam
1314 3069 1566 3124 haeresim
1611 3066 1905 3132 damnavit,
1945 3081 2065 3134 qua:

477 3165 593 3235 jam
623 3163 910 3218 nonnullas
935 3161 1120 3218 mundi
1149 3169 1333 3232 partes
1378 3160 1682 3223 invaserat,
1714 3169 1769 3213 et
1796 3157 1848 3212 in
1877 3159 2067 3212 eodem

485 3253 718 3308 concilio
743 3252 1006 3322 quosdam
1030 3249 1281 3320 deposuit
1305 3249 1614 3318 episcopos,
1636 3262 1774 3317 quos
1811 3246 2067 3317 przedicta

480 3342 709 3398 haeresis
752 3357 904 3396 utevo
959 3356 1072 3397 sua:
1116 3338 1373 3408 nequitim
1418 3336 1805 3392 maculaverat.
1857 3336 1914 3389 lu
1960 3351 2067 3405 quo

453 3432 717 3490 concilio
746 3431 876 3503 quid
901 3430 1212 3501 contigerit,
1258 3445 1364 3484 non
1395 3428 1648 3498 congruit
1695 3427 1946 3491 reticere,
1977 3428 2066 3482 ubi

451 3523 737 3579 Christus
765 3520 1146 3576 auctoritatem
1176 3520 1294 3590 ejus
1336 3534 1432 3591 sua
1474 3520 1722 3590 dignatus
1765 3526 1849 3573 est
1891 3520 2064 3590 gratia

483 3617 763 3671 roborare.
792 3612 926 3668 Nam
948 3612 1233 3685 episcopus
1256 3610 1366 3681 (35)
1389 3610 1454 3666 de
1477 3609 1662 3665 Sutrio
1685 3625 1807 3665 reus
1825 3608 2068 3678 ejusdem

451 3691 655 3775 culpae
679 3711 994 3767 accusatus,
1045 3701 1215 3756 voluit
1259 3699 1454 3771 injuste
1505 3714 1576 3756 se.
1600 3715 1882 3765 excusare,
1913 3699 2066 3756 falsis

455 3781 712 3869 .prolatis
769 3795 1039 3860 testibus;
1090 3791 1225 3858 sed,
1281 3801 1600 3862 peracturus
1645 3790 2062 3864 jusjurandum,

459 3897 708 3960 .repente
761 3893 848 3942 est
895 3884 1161 3941 divinitus
1215 3882 1518 3954 perculsus,
1563 3891 1640 3950 et,
1686 3884 1827 3940 inter
1872 3900 2067 3942 manus

481 3988 800 4051 cxportatus
843 3993 948 4033 non
983 3975 1145 4047 longo
1191 3985 1312 4046 post
1357 3984 1600 4047 tempore
1625 3976 1877 4032 humanis
1903 3978 2066 4032 rebus

485 4082 570 4129 est
591 4081 895 4144 exemptus.
934 4070 1159 4126 Cunctis
1199 4070 1305 4126 hoc
1347 4069 1691 4126 audientibus
1733 4069 1932 4126 nimius
1979 4071 2063 4124 in-

480 4167 689 4220 cutitur
721 4163 906 4228 timor,
931 4177 999 4216 ne
1019 4177 1182 4232 quem
1211 4161 1263 4215 in
1287 4159 1400 4229 ejus
1429 4162 1717 4230 praesentia
1755 4162 1822 4216 ad
1871 4161 2062 4218 falsum

477 4257 742 4326 judicium
771 4239 1042 4310 humanus
1091 4252 1392 4323 impelleret
1431 4254 1619 4322 pudor.
1653 4254 1898 4309 Deeimas
1925 4270 2063 4323 quo-

484 4367 589 4421 que
636 4366 666 4403 a
731 4346 943 4402 cunctis
1002 4345 1203 4400 dandas
1263 4342 1636 4409 Christianis,
1681 4361 1910 4414 quarum
1962 4361 2061 4401 nec

483 4428 693 4517 mentio
715 4453 837 4500 erat
879 4441 1022 4512 apud
1065 4438 1316 4510 Apuliam
1359 4448 1414 4492 et
1457 4455 1555 4508 per
1599 4441 1862 4508 quosdam
1907 4440 2058 4496 orbis

485 4537 642 4602 fines,
670 4533 918 4604 ecclesiis
964 4530 1232 4600 restituit;
1275 4530 1618 4584 venditiones
1662 4530 1911 4586 altarium
1959 4533 2060 4587 sub

485 4628 834 4683 anathemate
856 4623 1171 4696 prohibuit;
1223 4623 1317 4677 sed
1347 4622 1627 4676 constituit
1673 4631 1730 4676 ut
1760 4633 1943 4694 partes
1970 4625 2061 4678 de-

483 4723 749 4778 cimarum
785 4719 853 4773 ad
911 4716 1228 4785 episcopum
1279 4713 1649 4785 pertinentes,
1699 4722 1792 4768 aut
1831 4716 2059 4785 quisque

483 4812 677 4883 pracsul
706 4811 808 4870 sibi
839 4791 1068 4874 teneret,
1109 4817 1204 4864 aut
1245 4807 1546 4877 cuicunque
1573 4807 1734 4864 vellet
1762 4809 2056 4874 tribueret;

480 4914 690 4974 partem
735 4911 912 4958 autem
941 4900 1027 4954 .ad
1079 4898 1656 4969 altare-pertinentem
1705 4902 1926 4970 proprio
1966 4916 2060 4971 pa-

510 5084 514 5090 .
554 5038 665 5109 (53)
695 5033 1234 5109 Codex_llemig_ian.,
1280 5032 1665 5109 Dqlamarciag;
1689 5033 1814 5109 eod.
1848 5034 1907 5090 S.
1936 5035 2053 5109 _Ma_-

483 5103 674 5163 ximini
705 5109 845 5177 apud
877 5106 1142 5177 Βοηίιῐιέι,⁸
1171 5111 1310 5177 utet
1327 5103 1569 5177 Joannes
1597 5104 1663 5158 de
1689 5103 1890 5177 Bayon,
1923 5106 2055 5159 Dal-

481 5179 697 5242 matiaz;
725 5176 864 5230 alius
889 5176 1008 5230 cod.
1039 5173 1406 5242 Datamichiar.

484 5317 496 5328 .
554 5240 770 5328 (Mj'De
795 5246 950 5316 hujus
977 5240 1425 5328 synodi'decretis
1449 5245 1560 5326 agit
1582 5244 1776 5328 Petrps
1808 5244 2054 5300 Damiaui

2247 1784 2384 1839 Hinc
2438 1786 2699 1840 invitatur
2759 1783 2828 1838 ab
2872 1782 3156 1838 llcrimaro
3207 1783 3406 1839 abbate
3460 1785 3760 1841 veneraniﬁ

2173 1877 2409 1932 emnobii
2450 1875 2638 1931 Sancti
2683 1875 2952 1946 Remigii,
2992 1876 3284 1931 Remorum
3334 1876 3647 1946 pontificis,
3688 1878 3759 1931 ad

2173 1967 2597 2024 consecrandam
2627 1967 2738 2037 (37)
2768 1966 3054 2022 ecclesiam
3083 1967 3136 2020 in
3162 1967 3278 2035 ejus
3309 1967 3514 2023 honore
3553 1978 3763 2022 restru-

2173 2068 2316 2114 ctam
2343 2075 2360 2126 ;
2389 2057 2481 2113 ubi
2508 2073 2613 2112 non
2646 2067 2729 2113 est
2767 2058 2912 2112 dictu
2957 2056 3116 2112 facile
3158 2068 3360 2127 «planta
3409 2058 3699 2112 multitudo
3726 2075 3757 2112 a

2174 2150 2372 2205 finibus
2427 2159 2606 2215 terrae,
2655 2149 3040 2218 llispanormu,
3073 2148 3477 2216 Britannorum,
3509 2150 3757 2205 Franco-

2175 2256 2312 2303 rum,
2348 2239 2659 2304 Scotorum,
2691 2237 2986 2309 Anglorum
3027 2240 3308 2294 advenerit
3357 2239 3476 2310 ejus
3519 2241 3758 2294 invisere

2170 2332 2539 2403 pratseutiam.
2569 2331 2625 2387 lu
2656 2348 2760 2401 qua
2785 2333 3073 2402 przcsentia
3104 2331 3275 2388 adfuit
3301 2333 3464 2388 ctiam
3499 2349 3604 2388 non
3641 2351 3756 2387 mo-

2171 2425 2326 2480 dicus
2351 2433 2527 2480 coetus
2554 2423 2893 2494 pontificum,
2935 2440 3057 2479 cum
3105 2426 3304 2495 quibus
3339 2426 3556 2481 advenit
3587 2443 3753 2480 vene-

2134 2517 2374 2582 }randus
2424 2517 3000 2588 Cbrysopolitanorum
3052 2517 3146 2589 [12,
3176 2517 3514 2591 Bisuntinus]
3567 2521 3754 2574 archi-

2093 3037 2138 3098 C

2171 2609 2366 2680 prmsul
2424 2607 2617 2680 Hugo,
2671 2609 2780 2664 Deo
2840 2619 2895 2665 et
2947 2610 3254 2665 hominibus
3298 2611 3584 2677 anzabilis,
3641 2627 3756 2681 pra:

2170 2701 2381 2757 cunctis
2404 2700 3006 2773 jumndmcl-nqucutize
3030 2714 3086 2760 et
3129 2703 3502 2771 affabilitatis;
3552 2708 3638 2761 cui
3697 2708 3752 2761 in

2171 2796 2520 2852 restituendis
2570 2812 2681 2852 suae
2733 2799 2895 2852 rebus
2939 2797 3183 2854 ecclesiae
3241 2813 3400 2854 nemo
3451 2801 3751 2870 praedeces-

2170 2903 2352 2944 sorum
2402 2897 2495 2944 aut
2537 2903 2910 2945 successorum
2959 2898 3046 2945 est
3095 2891 3517 2961 comparandus,
3562 2893 3614 2946 in
3641 2909 3750 2962 quo

2169 2977 2370 3034 Christi
2405 2987 2531 3036 tunc
2559 2979 2808 3051 apparuit
2853 2980 3028 3034 virtus
3072 2978 3426 3037 admirabilis.
3473 2981 3609 3036 Nam
3636 2983 3750 3054 glo-

2173 3068 2350 3124 riosus
2408 3069 2781 3149 apostolicus,
2853 3070 3052 3126 ibidem
3118 3072 3303 3127 habito
3366 3073 3749 3144 episcoporum

2169 3161 2421 3227 concilio,
2475 3163 2737 3232 quosdam
2797 3161 3106 3219 Simoniaca
3153 3163 3381 3220 infectos
3429 3165 3621 3221 bwrcsi
3657 3167 3753 3220 dc-

2168 3254 2350 3324 posuit
2380 3255 2448 3309 ab
2473 3254 2672 3325 injuste
2700 3263 2951 3325 suscepto
2976 3255 3169 3311 cilicio.
3225 3256 3368 3311 Inter
3409 3272 3548 3326 quos
3594 3256 3753 3323 llugo

2168 3345 2526 3418 Lingoncnsis
2572 3347 2877 3416 cpiscopus,
2924 3346 3109 3402 multis
3138 3363 3201 3401 ac
3228 3347 3578 3402 horribilibus
3615 3347 3747 3402 infa-

2169 3445 2348 3491 matus
2395 3438 2853 3503 aceusationibus,
2900 3446 2986 3494 est
3032 3446 3257 3493 vocatus
3306 3438 3372 3493 ad
3416 3439 3744 3494 reddendam

2165 3526 2452 3580 rationem.
2481 3527 2690 3596 Quique
2739 3529 3052 3598 przcdictum
3093 3529 3536 3599 archipraesulem
3578 3529 3745 3601 Chry-

2166 3616 2610 3686 sopolitanorum,
2659 3628 2845 3689 utpote
2893 3602 3421 3691 eloquentissimum,
3446 3621 3548 3676 sibi
3579 3635 3745 3690 expe-

2169 3707 2251 3762 tiit
2288 3709 2626 3764 causidicum
2656 3724 2720 3764 ac
2751 3710 3183 3778 prmloeutorem.
3212 3709 3310 3764 Hic
3338 3711 3500 3781 igitur
3522 3719 3746 3765 coactus

2165 3814 2195 3853 a
2223 3800 2442 3855 domino
2472 3802 2798 3872 apostolico,
2833 3803 2978 3860 illius
3018 3804 3254 3873 suscepit
3301 3818 3515 3858 causam
3555 3804 3741 3859 dicen-

2165 3891 2311 3958 dam,
2342 3891 2434 3948 sed
2469 3902 2691 3963 repente
2719 3894 2989 3949 obmutuit
3015 3904 3139 3950 ante
3163 3905 3478 3950 cunctorum
3510 3910 3747 3965 prasen-

2168 3983 2317 4046 tiam,
2352 3995 2412 4038 ut
2459 3983 2704 4054 profecto
2757 3995 3056 4056 patesceret
3099 3987 3266 4042 Deum
3315 3987 3552 4042 noluisse
3597 3986 3749 4040 falsis

2164 4074 2608 4130 excusationibus
2652 4091 2906 4131 verorum
2953 4077 3241 4132 criminum
3283 4078 3420 4132 tanti
3473 4078 3748 4147 pontificis

2166 4164 2434 4235 inquinari
2486 4165 2744 4236 linguam.
2792 4166 3151 4236 Lingonensis
3198 4167 3362 4238 igitur
3418 4167 3604 4237 llugo,
3642 4167 3744 4222 hoc

2164 4258 2427 4314 miraculo
2466 4259 2782 4323 exterritus,
2833 4267 3018 4326 noctu,
3058 4260 3320 4331 judicium
3367 4259 3580 4315 concilii
3633 4275 3745 4314 mc-

2167 4356 2342 4414 tueus,
2374 4347 2599 4419 aufugit.
2630 4348 2687 4403 ln
2718 4350 3018 4404 crastinum
3067 4365 3195 4405 vero
3242 4351 3294 4405 in
3344 4351 3552 4422 synodo
3601 4350 3741 4405 idem

2165 4446 2450 4515 episcopus
2473 4445 2788 4516 requisitus,
2820 4454 2874 4501 et
2905 4461 3010 4500 non
3058 4445 3248 4500 adesse
3295 4455 3564 4514 repertus,
3601 4446 3740 4500 lecta

2165 4538 2452 4601 sententia,
2489 4537 2647 4592 tertio
2673 4546 2897 4592 vocatus
2929 4546 3012 4592 est
3045 4536 3220 4609 [Rem
3258 4537 3412 4601 add.,
3439 4545 3496 4591 ct
3521 4552 3740 4590 escom-

2166 4631 2515 4704 municatus].
2546 4631 2698 4686 Tunc
2726 4629 3176 4686 Vesontionensis
3224 4631 3511 4702 episc0pus
3557 4645 3740 4684 surre—

2164 4725 2262 4789 xit,
2287 4732 2341 4778 et
2370 4723 2639 4794 quomodo
2667 4724 2915 4778 eumdem
2964 4739 3117 4780 reum
3165 4734 3395 4780 conatus
3421 4723 3739 4786 defendere,

2163 4815 2514 4878 obmutuerit,
2539 4829 2721 4869 coram
2747 4814 2997 4870 ontnibus
3019 4816 3294 4885 patefecit.
3325 4816 3474 4883 Quod
3513 4815 3736 4869 audiens

2163 4907 2393 4962 domnus
2423 4921 2584 4976 papa,
2631 4906 2736 4961 hoc
2782 4906 3101 4962 miraculum
3151 4909 3358 4963 meritis
3389 4907 3529 4961 beati
3559 4908 3734 4961 Remi-

2231 5040 2344 5112 (36)
2378 5039 2730 5112 llermannus
2761 5041 3221 5112 arcliicancellarii
3269 5057 3491 5096 munere
3519 5041 3736 5112 [uinctus

2160 5110 2354 5182 legitur
2383 5110 2437 5163 in
2462 5110 2694 5182 epistola
2723 5110 3097 5182 beatiLeonis
3145 5112 3210 5166 ad
3255 5112 3518 5166 Joannem
3547 5111 3726 5182 ξυιυς-

2160 5179 2440 5243 ηἰῐίιιιιιηι,
2492 5195 2612 5250 quae
2665 5179 2786 5233 data
2841 5181 3041 5235 dicitur
3103 5197 3200 5251 per
3255 5197 3475 5236 manum
3544 5180 3724 5251 Fride-

2169 5254 2268 5309 riei
2429 5287 2504 5328 .__.
2544 5258 2652 5328 Let
2697 5250 3406 5328 llermanni_arfhiepi‘seopi
3457 5250 3728 5328 et__arc!i_i-
