4010 5328
229 325 332 381 I93

1141 321 1431 377 PROLEG.
1480 352 1546 362 —
1586 319 1740 377 ma
1792 321 1849 378 s.
1885 321 2152 380 LEONES.
2195 357 2262 366 —
2300 325 2426 380 Lm.
2481 327 2541 381 tt.
2621 295 2627 300 ’

3374 328 3510 390 .494

219 442 292 511 gii
321 434 600 506 ascripsil,
636 443 690 489 el
719 448 839 490 cum
874 432 1125 489 omnibus
1171 433 1264 504 qui
1297 433 1524 488 aderant
1564 447 1815 503 surgens,
1847 444 1892 503 Α
1921 433 2134 504 plebem
2163 435 2230 490 de
2261 449 2356 490 sua
2385 437 2594 493 diutina
2626 435 2868 492 absentia
2897 448 3148 495 moestam
3181 439 3506 508 laetiﬁcat-it;

222 529 434 602 gratias
490 527 650 591 Deo,
719 524 844 579 inde
893 523 1095 578 domno
1144 532 1335 577 sancto
1393 522 1639 592 Remigio
1695 537 1817 578 cum

225 631 428 690 magno
451 615 744 687 psallentio
778 613 1028 667 reddidit.
1070 611 1421 666 Postmodum
1477 619 1658 681 tamen
1687 625 1821 681 prai-

228 705 372 764 fatus
425 707 719 776 cpiscopus
763 701 1165 772 Lingonensis,
1222 702 1408 755 divino
1460 701 1822 756 commonitus

225 798 511 861 instinctu,
542 796 610 849 ad
647 797 900 849 domnmu
933 793 1090 847 rediit
1131 801 1441 862 papam,.et
1478 807 1600 846 cum
1635 792 1823 862 ingen-

227 889 375 942 tibtts
412 886 678 957 lacrymis
723 885 938 955 publice
979 884 1208 938 erimina
1256 883 1559 949 confessus,
1601 890 1824 952 sponta-

225 997 385 1036 neam
427 981 670 1050 suscepit
713 979 1114 1049 plenitcntiam,
1161 987 1218 1034 et
1249 978 1479 1034 Romam
1524 979 1684 1032 nudis
1734 993 1824 1032 ra-

227 1072 362 1126 dens
410 1070 676 1140 pedibus,
709 1071 777 1123 ab
823 1069 1012 1122 eodem
1054 1077 1244 1122 nostro
1296 1069 1386 1139 pio
1435 1080 1654 1137 pastore
1699 1084 1823 1137 pio-

225 1165 427 1219 meruit
458 1161 887 1216 absolutionem.
940 1161 1008 1215 Et
1053 1161 1105 1216 in
1141 1161 1436 1226 redeundo,
1471 1161 1655 1216 nimiis
1684 1161 1818 1216 alie-

225 1265 350 1308 ctus
405 1252 634 1323 jejuniis
695 1252 1049 1321 corporisque
1111 1253 1502 1314 maceratione,
1564 1250 1618 1306 in
1680 1251 1819 1307 bona

223 1346 634 1417 perseverantia
672 1346 835 1399 vitam
859 1344 1076 1418 reliquit
1110 1352 1429 1413 prtesentem
1466 1344 1603 1413 (58).

301 1439 363 1492 V.
419 1436 717 1492 Concilium
772 1436 1084 1507 .lfngnntitt.
1133 1435 1234 1489 Leo
1288 1436 1475 1505 Augia:
1527 1435 1818 1488 demonia-

226 1546 347 1583 cum
397 1529 604 1582 liberat.
637 1557 710 1568 —-
737 1526 864 1583 lude
903 1543 1000 1597 per
1045 1528 1236 1582 urbem
1287 1526 1819 1583 Mediomatricorum

228 1635 506 1682 remeans,
543 1621 717 1690 petitu
746 1618 1070 1674 venerabilis
1099 1617 1312 1672 abbatis
1355 1617 1602 1683 Guarini,
1631 1633 1822 1673 conse-

224 1709 406 1764 crarit
453 1709 654 1778 ibidem
702 1707 876 1763 sancti
918 1707 1194 1777 pontiﬁcis
1239 1706 1448 1760 Amulli
1494 1707 1819 1772 basilicam,

1922 525 2010 581 ubi
2041 541 2272 597 superna
2302 527 2480 598 gratia
2517 527 2636 596 ejus
2679 530 2927 586 mirabile
2947 529 2950 534 ’
2974 533 3225 588 meritum
3256 536 3510 592 onmilms

1921 616 2235 684 publicarit.
2294 619 2576 688 Siquidem
2625 621 2920 689 praedictus
2975 622 3290 680 llerimarus
3343 627 3513 685 abbas

1918 707 2153 761 ecenobii
2205 709 2380 764 sancti
2439 709 2667 781 Remigii
2728 711 3018 768 Remorum
3076 715 3390 784 pontiﬁcis,
3459 721 3510 774 ei

1921 798 2207 866 quemdam
2233 800 2497 869 scyphum
2525 802 2748 870 pretiosi
2779 805 3012 860 mazcris
3036 806 3148 877 (Η)
3173 807 3242 863 ob
3274 809 3354 863 sui
3396 826 3510 866 mc-

1920 889 2152 943 moriam
2182 889 2493 959 obtulerat,
2539 908 2700 962 quem
2730 894 2814 949 rir
2852 904 3072 951 sanctus
3098 913 3195 968 pro
3242 901 3509 957 charitate

1921 980 2103 1036 (lautis
2127 980 2177 1035 in
2202 983 2447 1053 proprios
2473 1001 2603 1042 usus
2620 986 2722 1040 sibi
2754 989 2960 1042 servari
2992 990 3370 1047 constituerat.
3400 994 3508 1049 Sed

1917 1075 2153 1142 quadam
2187 1075 2306 1130 rice
2340 1077 2612 1142 minister,
2649 1079 2699 1133 ei
2731 1089 2912 1149 potum
2944 1080 3198 1146 daturus,
3224 1084 3280 1137 in
3308 1086 3512 1140 multas

1923 1174 2104 1232 partes
2130 1181 2257 1220 casu
2290 1167 2638 1223 confractum
2683 1181 2978 1240 repererat.
3006 1171 3172 1242 Cujus
3221 1176 3513 1244 particulas

1922 1253 2128 1308 electus
2161 1256 2369 1310 Domini
2396 1272 2715 1328 quocunque
2741 1270 2895 1314 erant
2926 1262 3027 1316 sibi
3071 1263 3272 1319 deferri
3298 1282 3504 1336 prtem-

1918 1345 2032 1413 pit,
2079 1355 2134 1400 et
2165 1347 2295 1401 nihil
2345 1347 2450 1402 tale
2481 1346 2718 1404 futurum
2765 1352 3074 1421 suspicatus
3102 1395 3118 1420 ,
3160 1365 3384 1411 cunctas
3415 1373 3515 1412 suo

1925 1434 2042 1490 loco
2073 1438 2226 1506 quasi
2259 1437 2574 1494 delectando
2605 1443 2866 1510 reposuit,
2903 1445 3316 1516 astantibusque
3360 1447 3509 1502 laeta-

1923 1523 2134 1580 bundus
2160 1527 2294 1580 dixit
2327 1546 2339 1581 :
2367 1528 2567 1584 Potens
2608 1539 2689 1586 est
2732 1532 3130 1603 Omnipotentis
3157 1537 3412 1608 majestas
3458 1556 3512 1594 ιιι

1921 1617 2208 1684 pristinam
2265 1620 2636 1691 integritatem
2697 1624 2796 1679 bas
2861 1629 3155 1686 restituere
3222 1630 3510 1686 fraeturas.

1924 1706 2042 1771 Quo
2070 1709 2237 1774 dicto,
2270 1711 2520 1780 protinus
2541 1714 2897 1771 consolidant:
2935 1728 3063 1772 sunt
3083 1727 3272 1787 partes
3291 1760 3312 1788 ,
3341 1721 3419 1777 ita
3449 1732 3514 1776 ut

226 1799 433 1867 ibique,
478 1807 736 1854 exoratus
780 1813 813 1851 ι
854 1797 1053 1852 donmo
1101 1795 1358 1868 Sigifrido
1387 1796 1506 1867 (39)
1535 1796 1817 1851 Gnrziensi
1855 1809 1895 1867 η
1926 1797 1992 1849 ad
2024 1800 2340 1853 memoriam
2373 1799 2498 1855 facti
2531 1802 2744 1874 signum
2773 1803 3029 1862 fractura:
3069 1807 3138 1862 ad
3189 1809 3365 1864 instar
3391 1810 3514 1866 sub-

225 1889 450 1954 abbate,
475 1887 786 1959 composuit
818 1888 870 1943 in
908 1887 1261 1942 veneratione
1307 1886 1525 1957 gloriosi
1564 1886 1821 1958 martyris

228 1980 492 2052 Gorgonii
537 1979 939 2035 nocturnalium
984 1978 1452 2048 responsoriorum
1484 1978 1819 2033 duleisonam

224 2075 542 2130 melodiam.
566 2074 703 2128 llinc
728 2073 982 2144 generale
1001 2074 1148 2144 apud
1177 2072 1504 2143 Maguutiam
1531 2072 1819 2126 concilium

225 2167 440 2232 habuit,
481 2166 533 2220 in
578 2181 688 2235 quo
733 2164 1014 2234 Spirensis
1049 2163 1248 2234 ιιι-ωειιί
1295 2164 1520 2220 Sibicho
1547 2163 1682 2235 (40),
1714 2163 1821 2223 eri-

225 2256 413 2310 minali
445 2265 598 2310 reatu
629 2265 940 2318 accusatus,
969 2254 1140 2309 voluit
1168 2269 1227 2309 se
1249 2267 1551 2324 expurgare
1576 2256 1819 2310 terriﬁco

232 2355 584 2400 sacramento
638 2344 907 2399 Dominiei
973 2344 1258 2415 corporis;
1324 2344 1441 2408 sed,
1495 2353 1554 2397 ut
1609 2343 1818 2406 fertur,

228 2439 452 2490 maxilla
508 2436 625 2505 ejus
678 2437 879 2491 mansit
940 2445 1188 2492 contorta
1248 2435 1533 2506 paralysi,
1581 2435 1818 2505 quandiu

223 2529 520 2599 praesentis
551 2530 677 2583 vita:
721 2528 956 2598 spatium
984 2527 1156 2581 duxit.
1207 2526 1359 2593 Quod
1408 2526 1528 2580 ideo
1565 2525 1657 2579 hic
1695 2527 1820 2578 breo

227 2627 367 2680 riter
420 2624 569 2678 volui
625 2623 928 2686 adnotare,
977 2629 1039 2675 ut
1087 2620 1432 2675 audientibus
1491 2620 1584 2673 ﬁat
1631 2628 1818 2673 notum

227 2731 390 2785 quam
438 2713 702 2768 horribile
758 2713 828 2766 sit
873 2711 1037 2766 etiam
1072 2726 1264 2766 secura
1323 2710 1657 2766 conscientia
1718 2709 1820 2763 hn-

219 2808 461 2876 jusmodi
484 2806 752 2875 judicium
801 2806 953 2861 adire
977 2847 993 2871 ,
1045 2821 1200 2860 sacra
1255 2803 1471 2860 dicente
1497 2804 1775 2874 Scriptura
1802 2821 1817 2858 :

228 2902 280 2955 11
286 2903 574 2956 orremlum
601 2910 678 2955 est
709 2899 940 2954 incidere
960 2899 1015 2952 in
1041 2915 1229 2951 manus
1261 2897 1354 2951 Dei
1386 2898 1601 2951 viventis
1630 2895 1816 2967 (Hebr.

229 3009 282 3053 x,
319 2993 433 3062 51).
463 2991 692 3045 Demtun
721 2991 953 3045 doumus
978 3003 1121 3058 papa
1171 2988 1311 3057 apud
1346 2985 1578 3056 Augiam
1613 2985 1730 3057 (ll)
1769 2986 1820 3040 in

227 3083 435 3138 honore
503 3082 735 3134 viridem
788 3080 966 3134 crucis
1021 3077 1306 3132 ecclesiam
1363 3076 1672 3139 dedicarit,
1730 3075 1822 3130 ubi

1927 1885 2159 1942 tilissitni
2192 1889 2368 1958 eapilli
2398 1890 2822 1964 circumquaque
2863 1906 3179 1966 appareret;
3211 1899 3327 1966 sed,
3366 1901 3511 1970 quod

1923 1975 2096 2047 magis
2133 1977 2330 2032 mirum
2359 1988 2499 2045 erat,
2528 1981 2664 2035 nihil
2709 1982 2848 2036 intra
2874 1985 3039 2053 positi
3074 1985 3298 2056 liquoris
3324 1988 3510 2042 elllue-

1923 2077 2028 2120 ret.
2075 2067 2243 2139 Hujus
2275 2071 2352 2126 rei
2401 2073 2555 2126 adest
2603 2074 2761 2129 testis
2808 2090 3124 2147 congruas,
3171 2081 3514 2135 venerandus

1925 2159 2078 2232 llugo
2119 2159 2236 2230 jam
2269 2163 2446 2218 dictus
2484 2165 2881 2238 Chrysopoleos
2907 2170 3352 2243 archiepiscopus
3373 2212 3390 2238 ,
3419 2175 3513 2244 qui

1923 2266 2045 2306 cum
2079 2253 2332 2324 lacrymis
2369 2270 2427 2310 se
2478 2267 2798 2325 przesenteut
2848 2261 3086 2318 adfuisse
3141 2272 3410 2330 testatur,
3459 2276 3518 2321 et

1923 2345 2120 2399 devoto
2153 2346 2295 2401 furto
2318 2364 2380 2404 se
2406 2348 2535 2404 illud
2564 2367 2660 2406 vas
2689 2362 2880 2410 sancto
2911 2355 3028 2411 viro
3051 2357 3339 2416 abstulisse
3367 2359 3516 2415 ltela-

1925 2444 2031 2488 tur.
2079 2438 2306 2508 Semper
2346 2450 2528 2496 autem
2577 2457 2785 2499 memor
2813 2445 2972 2501 omeii
3019 2449 3120 2503 sibi
3153 2465 3182 2503 a
3215 2450 3324 2506 Deo
3360 2468 3511 2506 eoat-

1921 2529 2116 2597 missi,
2173 2544 2230 2587 ut
2289 2552 2306 2585 ι
2339 2534 2513 2592 ﬁdelis
2565 2553 2756 2595 servus
2783 2549 2840 2597 et
2883 2544 3119 2612 prudens
3168 2545 3220 2600 in
3275 2555 3518 2617 tempore

1923 2623 2240 2694 dispensans
2299 2645 2611 2689 mensuram
2662 2634 2848 2700 tritici,
2880 2656 2898 2689 ι
2948 2638 3050 2692 iter
3115 2644 3346 2712 sumpsit
3394 2660 3517 2714 per-

1924 2725 2209 2785 agraturus
2256 2720 2388 2776 ﬁnes
2437 2723 2685 2793 Apuliae,
2726 2735 2785 2780 ut
2836 2727 3200 2786 Christianam
3237 2750 3517 2806 repararet

1925 2807 2237 2878 religionem
2273 2853 2286 2878 ,
2331 2829 2452 2882 qua:
2484 2816 2682 2872 ibidem
2713 2817 2996 2875 ridebatur
3019 2837 3160 2891 pene
3194 2826 3468 2897 deperisse
3497 2869 3510 2888 .

1924 2900 2266 2972 maximeque
2331 2903 2473 2959 inter
2520 2905 2733 2962 accolas
2788 2909 3024 2980 regionis
3063 2921 3118 2966 et
3175 2913 3515 2972 Nonmannos

1924 2991 2270 3046 concordiam
2299 3008 2626 3064 componere
2653 3005 2923 3068 satagens,
2957 3016 3094 3070 quos
3123 3002 3323 3058 dudum
3355 3006 3513 3073 adju-

1929 3090 2074 3136 tores
2126 3091 2314 3137 contra
2351 3095 2568 3142 exteras
2606 3097 2794 3156 gentes
2840 3102 3192 3162 susceperant
3237 3095 3513 3168 principes

231 3177 406 3230 dit-ina
446 3175 622 3246 pietas
652 3174 704 3228 iu
735 3173 958 3243 proprio
988 3171 1187 3226 famulo
1215 3185 1369 3226 suam
1397 3171 1627 3241 gratiam
1671 3171 1824 3224 tniri-
1850 3163 1894 3223 C
1925 3173 2112 3242 regni,
2166 3174 2260 3228 sed
2318 3185 2446 3229 tunc
2510 3178 2841 3234 sanissimos
2888 3189 3146 3251 tyrannos
3208 3163 3272 3238 ac
3322 3163 3518 3256 pati-ne

230 3268 328 3322 ﬁce
359 3267 619 3321 ostendit.
647 3263 787 3318 Nam
837 3264 980 3318 inter
1022 3279 1180 3318 sacra
1223 3263 1516 3317 missarum
1557 3261 1818 3316 solemnia

229 3362 430 3415 ibi-dem
483 3359 771 3413 adducitur
817 3355 1027 3411 catenis
1073 3371 1242 3410 nexus
1287 3353 1675 3418 dtemouiacus,
1727 3356 1818 3423 qui

227 3455 315 3506 vix
387 3472 417 3507 a
479 3450 824 3506 multitudine
885 3457 1098 3519 poterat
1162 3448 1474 3514 eoarctari,
1535 3448 1823 3518 alienaque

223 3544 489 3600 violentia
514 3557 821 3614 possessus,
876 3540 1177 3596 horrendos
1230 3539 1485 3595 emittens
1535 3539 1816 3602 stridores,

222 3639 532 3700 clamores,
577 3643 742 3704 atque
789 3632 1056 3697 fremitus,
1087 3630 1453 3702 hymnidicam
1487 3631 1650 3686 t0tius
1688 3629 1820 3685 cieri

222 3726 573 3784 harmoniam
631 3724 746 3780 suis
805 3723 940 3777 diris
999 3720 1286 3777 evincebat
1329 3720 1578 3774 vocibus.
1629 3718 1822 3788 Itaque

225 3819 434 3876 Christi
481 3832 674 3872 servus
722 3830 940 3871 sacrum
995 3814 1330 3883 inempturus
1375 3827 1659 3880 cauoncm,
1712 3827 1820 3881 non

227 3911 418 3964 valens
473 3907 785 3978 huiusmodi
839 3906 948 3975 pati
998 3905 1460 3974 inquietudinem,
1518 3913 1704 3973 utpote
1753 3904 1818 3958 ad

228 4002 399 4057 Deum
438 4009 610 4056 totam
641 3999 954 4053 dirccturus
985 4005 1240 4059 tuentem,
1271 4012 1299 4049 a
1330 3996 1486 4066 longe
1516 3995 1671 4064 signo
1699 4011 1825 4048 cru-

231 4090 500 4155 ciseditu,
553 4105 716 4143 manu
768 4087 964 4142 indixit
1014 4086 1326 4151 silentium;
1364 4095 1423 4140 et
1472 4085 1634 4139 citius
1676 4073 1822 4139 dicto

231 4183 503 4237 obmutuit
547 4179 900 4242 daemonium,
953 4188 1014 4232 et
1065 4180 1254 4244 homo,
1314 4177 1545 4233 vinculis
1591 4177 1819 4242 solutus,

232 4291 420 4346 sospes
476 4274 691 4330 cunctis
741 4272 1140 4328 admirantibus
1169 4271 1388 4327 donmm
1423 4271 1704 4342 propriam
1735 4287 1821 4327 re-

233 4374 468 4443 pedarit.
844 4416 846 4418 -

305 4462 391 4517 Vl.
428 4462 644 4517 Romam
698 4476 953 4515 reversus.
1001 4456 1267 4528 Scyphum
1315 4457 1542 4527 fractum
1573 4460 1818 4512 restituit.

1925 3275 2228 3320 vastatores
2283 3282 2386 3321 non
2444 3279 2635 3337 sponte
2699 3271 3057 3328 susliuehtuit.
3112 3273 3171 3328 lu
3223 3277 3330 3333 hoc
3385 3296 3518 3352 ergo

1923 3368 2113 3412 sancto
2161 3373 2326 3428 Opere
2367 3361 2597 3417 sollicite
2629 3362 2869 3422 intentus
2916 3368 3063 3422 venit
3102 3367 3517 3439 Beneventum,

1923 3448 2358 3541 uhiialiquaudiu
2399 3465 2804 3521 conmtoratus,
2862 3459 3076 3515 cuidam
3133 3463 3342 3520 clintcze
3401 3467 3515 3541 (45)

1924 3537 2103 3594 divina
2159 3551 2435 3612 przectmte
2488 3545 2662 3614 gratia
2725 3547 2890 3604 vitale
2950 3549 3181 3620 prrcbuit
3231 3537 3515 3614 auxilium.

1924 3628 2058 3683 Nam
2082 3647 2178 3702 per
2205 3647 2374 3688 annos
2404 3634 2521 3689 fere
2546 3637 2854 3706 quindecim
2887 3640 3096 3697 diutino
3121 3644 3373 3701 conlecta
3407 3649 3518 3704 lan-

1927 3736 2093 3791 guore
2117 3761 2133 3789 ,
2162 3723 2229 3778 de
2264 3726 2484 3795 prOprio
2533 3727 2760 3796 grabato
2783 3769 2798 3790 ,
2829 3730 2928 3785 nisi
2961 3733 3190 3789 aliorum
3231 3739 3516 3808 deportata

1885 3855 1888 3859 .
1928 3811 2216 3881 manibus,
2251 3815 2506 3884 nequibat
2537 3818 2718 3883 exire;
2758 3819 2830 3872 ita
2861 3830 3054 3875 cuneta
3098 3823 3222 3892 ejus
3276 3829 3517 3883 membra

1924 3903 2189 3974 paralysis
2217 3915 2373 3959 erant
2403 3906 2660 3961 dissoluta
2693 3909 3031 3978 :egritudine.
3083 3913 3180 3967 Cui
3223 3931 3320 3985 per
3363 3934 3520 3973 reve-

1928 3995 2180 4049 lationem
2225 4005 2505 4051 ostensum
2563 4007 2644 4052 est
2694 4009 2751 4052 ut
2791 3999 2860 4054 de
2904 4001 3124 4072 lympha
3175 4020 3279 4074 qua
3329 4008 3521 4063 beatus

1925 4095 2110 4154 pastor
2133 4101 2316 4141 sacras
2347 4087 2594 4142 abluerat
2625 4105 2819 4146 manus
2847 4101 2902 4145 et
2928 4102 3049 4160 post
3093 4094 3516 4155 celebrationem

1926 4178 2214 4233 missarum
2247 4180 2509 4246 hauriret,
2533 4191 2587 4236 et
2615 4182 2824 4253 absque
2855 4201 3004 4240 mora
3035 4190 3350 4257 sospitatem
3384 4197 3522 4250 rcci-

1927 4277 2098 4337 peret.
2131 4267 2245 4335 Qua
2278 4270 2561 4340 impetrata
2604 4284 2764 4343 atque
2787 4289 2907 4328 eum
2933 4275 3072 4332 ﬁdeli
3103 4295 3197 4348 spe
3225 4281 3439 4347 hausta,
3469 4287 3521 4342 in

1923 4358 2222 4413 crastituuu
2275 4375 2462 4431 sospes
2506 4376 2662 4417 sacra
2700 4365 2992 4421 missarmn
3045 4368 3306 4433 solemnia
3342 4375 3522 4442 adiit,

1927 4448 2038 4502 Deo
2091 4458 2386 4520 sanctoque
2445 4451 2686 4521 pontiﬁci
2738 4455 2945 4525 gratias
2994 4458 3294 4515 redditura.
3333 4463 3523 4534 Itaque

238 4554 302 4608 In
337 4555 580 4626 Apuliam
615 4553 783 4607 radit.
813 4517 1266 4605 Clinicumvs'tmal.
1300 4547 1590 4605 Concilium
1629 4549 1821 4619 Sipon-
1851 4517 1902 4576 Β
1929 4540 2045 4596 zelo
2076 4551 2277 4597 sancta:
2316 4542 2846 4614 religionis-fervens
2900 4548 3096 4618 praesul
3136 4517 3474 4611 renerandds
3506 4601 3522 4622 ,

238 4648 422 4701 tinum.
454 4645 677 4698 Romam
705 4641 997 4696 revertitur.
1025 4671 1096 4681 —-
1118 4640 1344 4693 Romam
1373 4639 1538 4709 igitur
1561 4641 1776 4697 rediens
1803 4681 1818 4706 ,

306 4777 417 4847 (⁸58)
445 4775 590 4832 Obiit
622 4778 676 4829 in
707 4775 955 4847 cmuoliio
983 4774 1156 4829 sancti
1207 4773 1388 4828 Vitoni
1418 4773 1822 4847 AVirduncnsis,

235 4845 322 4902 cui
343 4857 578 4916 pneerat
609 4849 784 4901 frater
814 4846 930 4916 ejus
966 4847 1347 4916 Walerannus,
1387 4845 1461 4916 de
1483 4861 1609 4916 quo
1655 4848 1822 4900 multa

236 4914 404 4972 habes
452 4933 616 4986 supra
668 4919 720 4971 in
781 4914 896 4971 Vita
943 4917 1084 4972 beati
1139 4914 1394 4969 llichardi
1445 4914 1687 4983 ejusdem
1717 4916 1822 4972 loci

238 4989 466 5043 abbatis.
515 4987 755 5058 Scripsit
805 4988 996 5041 librum
1049 4988 1130 5058 De
1179 5000 1408 5058 corpore
1457 4997 1512 5042 et
1561 4988 1826 5055 sanguine

239 5058 447 5114 Domini
472 5055 743 5113 adversus
770 5057 1179 5127 Berengarium,
1205 5055 1294 5125 qui
1328 5073 1357 5111 a
1387 5068 1572 5111 nostro
1597 5058 1830 5114 Acherio

236 5129 410 5183 editus
439 5141 547 5183 231..

1932 4633 2074 4702 apud
2104 4633 2388 4704 Sipontum
2436 4634 2622 4692 habito
2662 4637 2932 4704 concilio,
2977 4639 3112 4695 duos
3156 4642 3406 4712 deposuit
3453 4639 3527 4704 ab

1932 4770 2182 4824 undecim
2217 4770 2638 4826 administravit.

2004 4841 2120 4917 (ιι)
2145 4839 2369 4917 Celebre
2410 4844 2537 4917 olim
2586 4844 3000 4917 monasterium,
3034 4845 3192 4917 vulgo
3221 4848 3518 4916 llic/tenam,

1934 4915 2075 4980 quod
2110 4911 2267 4965 hodie
2291 4913 2445 4978 pauci
2493 4913 2742 4968 incolunt
2774 4917 3023 4969 monachi
3055 4911 3397 4975 ob'meusam
3425 4911 3523 4977 ab;

1934 4983 2075 5037 batis
2101 4982 2434 5050 episcopatui
2457 4982 2860 5038 Constantieusi
2884 4987 3112 5039 unitam.

2007 5052 2118 5123 (42)
2152 5051 2336 5127 Bullati
2361 5056 2396 5127 l_.
2426 5051 2706 5127 pun-moris
2731 5092 2747 5116 ,
2793 5070 2856 5109 ex
2888 5055 3018 5127 god.
3054 5056 3207 5113 miss.
3245 5069 3302 5114 ut
3331 5063 3404 5116 ait
3431 5104 3445 5127 ,
3473 5075 3530 5122 at

1934 5121 2042 5200 noti
2102 5121 2276 5177 Solum
2311 5123 2438 5200 editi
2489 5121 2584 5175 sed
2635 5130 2689 5172 et
2729 5137 2833 5200 tus.
2873 5124 3052 5200 Codex
3077 5132 3256 5184 Sancti
3295 5121 3526 5200 Rei-tigii
