4010 5328
490 230 622 289 495

2126 150 2313 166 Im

1842 228 1898 285 s.
1946 156 2471 285 nam

3678 225 3782 280 496

502 348 695 403 .oﬂieio'
723 343 1234 416 archiep'scopatus,
1265 344 1358 413 qui
1403 357 1525 399 cum
1574 344 1824 399 mercede
1848 356 2096 400 sanctmn
2128 347 2176 408 Α
2200 348 2425 396 econtra
2455 338 2650 396 vexillo
2697 339 2879 395 crnxis
2906 338 3086 406 edito,
3130 352 3319 394 omnes
3377 335 3594 409 alonge
3639 348 3786 398 stare

498 445 924 508 :assnmpserant
986 436 1347 491 ministerium
1382 476 1398 500 ,
1465 435 1597 491 vitio
1648 435 1900 492 elatiouis
1956 452 2099 493 unus

524 529 773 584 ambiens
819 523 1129 595 prtccellere
1168 524 1424 578 alterum.
1468 524 1594 579 Inde
1639 526 1868 596 repetito
1908 541 2097 597 gressu

499 619 743 677 fRomam
773 615 957 680 rediit,
985 614 1075 669 ubi
1131 629 1364 684 superna
1410 615 1719 671 admonitus
1768 618 2099 673 revelatioue

513 708 730 763 beatum
769 703 1074 761 Gerardnm
1120 720 1232 761 suae
1266 705 1430 767 sedis,
1460 704 1773 761 «Leucorum
1805 708 2050 763 videlicet
2081 749 2096 774 ,

500 800 641 854 olim
678 797 961 869 praesulem
1006 796 1057 851 in
1084 812 1312 851 numero
1338 806 1648 851 sanctorum
1675 800 2096 869 computandum

514 894 725 951 statuit.
750 892 1065 962 Eodemque
1088 907 1231 947 anno
1262 891 1313 947 in
1338 894 1567 960 patriam
1598 908 1898 964 regressns,
1932 895 2099 964 ipsius

500 993 733 1040 .sanctos
783 992 935 1037 artus
988 997 1109 1036 cum
1154 996 1363 1036 summa
1404 980 1576 1053 gloria
1625 983 1914 1038 transtulit.
1971 982 2100 1049 Qua:

498 1075 694 1130 :omuia
748 1072 980 1128 dilucide
1014 1082 1135 1127 sunt
1185 1081 1407 1137 exarata
1448 1073 1499 1127 in
1543 1071 1782 1143 ejusdem
1832 1074 1954 1130 Vita
1986 1074 2097 1145 (Μ)

496 1175 568 1222 «et
596 1166 888 1223 miraculis.

584 1277 696 1334 νη.
730 1277 1020 1349 Episcopus
1069 1277 1168 1347 ipsi
1204 1279 1565 1333 contratticens
1603 1278 1836 1347 punimr.
1870 1275 2002 1332 Item
2050 1287 2098 1334 et

504 1366 887 1423 .Rarennensis.
916 1399 985 1408 -—
1006 1368 1137 1422 Erat
1183 1377 1363 1421 autem
1411 1368 1535 1421 huic
1564 1369 1677 1421 viro
1710 1366 1802 1421 Dei
1852 1371 1957 1422 rion
1987 1382 2100 1422 mo-

503 1458 634 1514 dica
690 1459 1029 1515 concertatio
1071 1468 1259 1515 contra
1315 1469 1637 1529 pervasorcs‘
1672 1474 1849 1514 rerum
1899 1468 2099 1515 sanctae

505 1551 768 1607 Romana:
829 1553 1016 1616 sedis,
1074 1552 1421 1621 maximeque
1481 1560 1669 1606 contra
1723 1551 2098 1607 Ravennatem

506 1644 821 1713 episcopum
843 1685 857 1711 ,
913 1643 1104 1713 spiritu
1145 1642 1408 1714 repletum
1439 1643 1794 1698 contumaciae
1838 1652 1893 1699 et
1927 1643 2101 1699 rebel-

484 1734 698 1801 ‘lionis;
738 1734 826 1790 cui
858 1733 1098 1789 nonnulli
1132 1732 1387 1789 favebant
1414 1734 1636 1805 palatini
1673 1774 1687 1799 ,
1731 1734 1915 1805 gloria:
1965 1735 2098 1790 invi-

504 1825 700 1881 dentes
729 1825 910 1881 domui
952 1820 1255 1895 apostolici.
1288 1825 1528 1892 Quorum
1558 1834 1718 1894 caput
1758 1826 1810 1879 in
1858 1822 2101 1880 fomento

510 1915 797 1970 discordire
825 1924 942 1971 erat
976 1915 1108 1969 Nizo
1137 1915 1247 1985 (iii)
1278 1918 1563 1986 episcopus
1604 1917 1907 1984 Frisingire,
1940 1932 2103 1987 super

503 2022 671 2077 quem
704 2008 881 2062 divina
929 2004 1101 2061 virtus
1132 2008 1436 2077 lntjnsmodi
1480 2005 1804 2061 horrendam
1837 2006 2099 2062 ultionem

500 2098 728 2168 dignata
759 2106 842 2153 est
879 2098 1188 2154 ostendere.
1225 2096 1357 2152 Nam
1400 2112 1499 2168 pro
1522 2100 1795 2168 νεδιιοηεῑς
1849 2099 2103 2170 imperia-

510 2184 653 2241 libus
703 2188 757 2241 in
789 2185 996 2241 Italiam
1027 2187 1286 2252 directus,
1321 2186 1633 2242 Ravennam
1678 2189 1895 2244 devenit
1922 2233 1937 2255 ,
1966 2199 2019 2246 et
2049 2191 2100 2245 in

512 2274 756 2330 favorem
784 2274 1118 2330 Ravennatis
1145 2277 1527 2331 detrectatoria
1549 2278 1713 2332 verba
1737 2290 1928 2333 contra
1957 2280 2101 2335 lnmc

507 2363 726 2417 beatum
757 2362 1001 2433 proferre
1026 2365 1208 2433 cmpit,
1236 2365 1380 2419 inter
1406 2380 1545 2435 quae,
1576 2368 1736 2420 ducto
1760 2368 1861 2423 Sub
1883 2376 2102 2439 gutture

503 2453 681 2523 digito
715 2493 733 2520 ,
785 2453 853 2509 ad
906 2454 1028 2510 haec
1074 2453 1386 2525 blasphema
1442 2458 1725 2527 prorupit:
1759 2456 1873 2514 lloc
1908 2469 2102 2529 guttur

509 2545 687 2614 gladio
715 2545 1088 2609 abscindatur,
1115 2547 1217 2601 nisi
1269 2562 1393 2602 eum
1436 2547 1630 2618 deponi
1672 2548 1851 2605 fecero
1890 2550 1957 2605 ab
1999 2550 2097 2605 ho-

509 2651 644 2691 nore
672 2636 1028 2708 apostolatus.
1057 2636 1176 2704 Quo
1211 2636 1381 2701 dicto,
1415 2638 1602 2693 eodem
1633 2647 1904 2695 memento
1926 2641 2098 2711 ipsum

486 2725 869 2781 --intolerabilis
899 2725 1055 2781 dolor
1087 2735 1274 2798 guttur
1294 2727 1516 2793 invasit,
1540 2735 1603 2783 et
1628 2729 1976 2800 impaenitens
2013 2730 2101 2786 die

505 2817 677 2875 .tertio
719 2818 884 2873 vitam
912 2818 1068 2872 obiit.
1101 2817 1560 2889 Archiepiseopns
1588 2828 1771 2874 autem
1810 2819 2102 2876 Ravenna-

510 2908 645 2962 tinm
676 2908 746 2963 ob
776 2906 1203 2979 incorrigibilem
1236 2910 1709 2980 praesumptionem
1745 2920 1827 2966 est
1850 2926 1880 2966 a
1907 2922 2098 2968 sancto

506 3013 647 3068 papa
714 2999 1223 3053 anathematizatns.
1304 2998 1537 3071 Ideoque
1614 3001 1877 3072 imperiali
1940 3002 2094 3072 jussu

506 3087 867 3159 Ausburgiam
911 3098 1132 3143 vocatus
1155 3129 1170 3154 ,
1214 3103 1337 3144 enm
1370 3088 1579 3158 justitia
1620 3092 1842 3147 redditis
1871 3109 1990 3163 quae
2021 3095 2102 3148 in-

504 3178 651 3246 iuste
686 3189 1001 3248 pervaserat
1032 3218 1047 3244 ,
1102 3179 1494 3237 absolutionem
1526 3191 1607 3237 est
1641 3195 1826 3252 petere
1854 3182 2096 3239 coactus.

509 3269 645 3337 Quia
678 3284 803 3324 cum
834 3268 963 3323 licet
988 3270 1155 3325 corde
1184 3272 1492 3326 contumaci
1538 3282 1664 3327 ante
1717 3275 1880 3343 pedes
1924 3275 2097 3330 sancti

511 3366 719 3427 stratus
737 3357 967 3426 jaceret,
984 3369 1321 3430 cunctusqnc
1350 3372 1524 3417 cintus
1550 3366 1895 3432 praesentium
1918 3368 2099 3435 poniti-

511 3447 672 3504 iicum
691 3449 745 3503 ei
772 3448 1168 3505 absolutionem
1200 3460 1471 3521 peterent,
1496 3454 1573 3507 ait
1593 3454 1676 3507 vir
1707 3455 1932 3510 beatus:
1968 3456 2098 3512 «Se-

509 3543 746 3599 cundum
805 3542 923 3612 ejus
969 3544 1313 3600 devotionem
1377 3546 1581 3602 tribuat
1634 3546 1709 3602 illi
1758 3550 2101 3621 omnipotens

509 3645 833 3690 cunctorum
856 3635 1122 3691 scelerum
1138 3636 1557 3693 absolutionem.
1571 3657 1591 3691 ι
1610 3639 1701 3695 Ille
1713 3655 1838 3695 vero
1850 3657 2099 3714 surgens,

511 3741 636 3781 cum
665 3725 1082 3782 subsanuatorie
1109 3726 1415 3783 subrideret
1450 3729 1628 3784 adhuc
1653 3732 1906 3801 superbia
1942 3734 2100 3787 tumi-

510 3821 634 3884 dus,
662 3818 1008 3873 venerandus
1041 3827 1227 3889 pastor
1276 3819 1329 3874 in
1374 3819 1645 3891 lacrymas
1675 3821 1970 3887 resolutus,
2020 3823 2100 3878 in-

509 3912 627 3980 quit
665 3918 877 3966 secreto
923 3910 1402 3977 circumstantibus
1442 3927 1456 3963 :
1492 3929 1509 3962 ι
1550 3910 1697 3967 Heu!
1732 3922 1977 3967 mortuus
2017 3921 2102 3968 est

511 4002 681 4059 miser
710 4003 832 4057 iste.
872 4020 891 4054 ι
934 4000 1041 4056 Nec
1081 4018 1230 4055 mora
1254 4018 1267 4067 ;
1294 4002 1380 4057 ille
1409 3996 1664 4073 languore
1692 4005 1982 4074 corripitur
2009 4047 2022 4071 ,
2046 4016 2101 4060 et

512 4094 608 4148 vix
649 4094 705 4149 in
738 4094 970 4164 patriam
1001 4103 1270 4159 revectus,
1310 4095 1418 4149 vita
1447 4104 1500 4150 et
1532 4096 1763 4162 honore,
1794 4112 1900 4166 quo
1930 4106 2100 4152 tumc-

513 4184 608 4249 bat
636 4184 890 4241 celeriter
928 4186 1190 4255 privatur.

589 4276 719 4333 Vill.
751 4275 855 4331 Leo
885 4276 1266 4330 dwmom‘acom
1297 4276 1504 4331 liberat.
1536 4276 1770 4332 Udonem
1816 4279 1915 4334 sibi
1958 4277 2099 4333 Tulli

514 4370 807 4425 substituit.
865 4369 1152 4439 llunguros
1184 4370 1491 4439 imperatori
1536 4371 1872 4425 reconciliare
1913 4380 2093 4425 tentet.

516 4460 730 4515 Futura
754 4460 898 4514 mala
919 4459 1272 4526 pra:ridit.-—
1296 4458 1586 4513 Concilium
1612 4459 1867 4515 Mantum.
1898 4460 2098 4515 Μογιηὲ

513 4552 644 4607 loca.
686 4566 840 4604 sacro
897 4549 1608 4616 risitantcs.-Magnilicus
1661 4562 1839 4606 autem
1915 4562 2099 4623 pastor

519 4643 817 4697 Romanam
848 4640 1091 4695 revisens
1117 4641 1329 4703 sedem,
1359 4641 1482 4694 dmn
1516 4641 1862 4712 paschalibus
1902 4643 2101 4698 solem-

517 4734 624 4797 niis
668 4732 808 4803 apud
849 4744 1097 4787 sanctum
1140 4730 1492 4785 Laurentium
1542 4742 1687 4788 esset
1731 4734 2099 4790 celebraturns

518 4827 685 4882 divini
711 4822 1034 4881 sacramenti
1062 4822 1411 4885 oblationem,
1439 4822 1581 4877 inter
1607 4839 1758 4878 sacra
1802 4825 2087 4879 missarum

519 4918 779 4973 solemnia
815 4915 864 4971 ei
896 4915 1187 4983 quamdam
1243 4913 1557 4968 obtulerunt
1604 4913 1883 4969 mulierem
1935 4931 2095 4985 qure,

518 5009 677 5080 plena
704 5008 986 5073 daemonio,
1023 5022 1210 5061 sanam
1237 5005 1495 5061 amiserat
1521 5015 1775 5061 mentem.
1816 5007 1987 5074 Quam
2020 5008 2100 5062 in-

522 5108 799 5152 cessanter
824 5098 1250 5153 debacchantem
1295 5110 1545 5161 cernens,
1579 5097 1959 5167 fremitumque
1987 5098 2099 5152 cir-

498 5190 907 5245 cumstantium
982 5196 1046 5244 ac
1084 5204 1204 5245 eam
1256 5189 1492 5243 vinctam
1534 5190 1671 5245 trahi
1723 5205 1827 5244 non
1870 5188 2051 5245 ferens
2081 5230 2097 5256 ,

2199 434 2492 505 pnecepit;
2525 432 2618 488 sed
2669 431 2815 487 illam
2845 445 2969 486 mox
3006 431 3315 485 immundus
3367 445 3630 500 pervasor
3658 430 3784 486 reli-

2201 526 2340 594 quit,
2368 534 2424 580 et
2453 540 2583 581 sana
2608 532 2788 580 mente
2833 522 3116 579 incolumis
3139 523 3204 575 ad
3229 521 3445 593 propria
3480 522 3782 593 repedavit.

2201 615 2477 671 Sollicitus
2513 624 2690 671 autem
2744 616 2811 671 de
2838 615 3011 671 salute
3057 615 3361 668 animarum
3400 614 3640 685 primum
3682 613 3784 669 sibi

2194 707 2507 778 specialiter
2527 707 2963 769 commissarum,
2978 705 3163 760 Romae
3186 704 3391 774 positus
3414 703 3784 760 venerabilem

2194 798 2566 868 primicerium
2623 798 2860 854 Udonem
2902 796 3014 869 (46)
3054 797 3215 866 elegit.
3265 796 3371 851 sibi
3414 810 3785 851 successorem

2198 901 2403 947 saneta!
2451 892 2596 947 sedis
2637 891 2959 959 Leucorum,
2990 901 3152 960 atque
3179 889 3246 943 ad
3287 904 3413 944 eum
3449 889 3552 943 sibi
3598 889 3785 943 satiro-

2201 984 2433 1051 gaudum
2465 982 2730 1053 imperiali
2769 981 3038 1052 majestati
3075 979 3354 1050 proprium
3402 980 3605 1035 direxit
3645 978 3787 1049 lega-

2202 1082 2334 1129 tum.
2368 1073 2425 1129 Si
2457 1075 2672 1145 quidem
2701 1115 2715 1139 ,
2761 1074 2831 1129 ob
2866 1074 3126 1127 bonarum
3182 1086 3392 1126 morum
3442 1071 3786 1125 honestatem

2198 1172 2508 1234 sancteque
2540 1164 2813 1235 religionis
2842 1162 3109 1219 fervorem
3142 1170 3198 1218 et
3221 1162 3321 1232 pia
3365 1156 3673 1216 devotionis
3703 1164 3788 1214 in-

2201 1258 2568 1327 tentionisque
2609 1257 2975 1323 devotionem,
3012 1256 3159 1311 illum
3189 1255 3294 1310 hoc
3342 1253 3520 1310 odii-io
3567 1253 3787 1323 dignum

2194 1345 2508 1417 judicabat,
2560 1357 2614 1403 et
2636 1357 2862 1417 paterno
2890 1360 3012 1401 eum
3066 1344 3396 1415 amplectens
3432 1345 3638 1397 allecti:
3670 1357 3791 1411 pro-

2196 1439 2376 1510 prium
2421 1437 2590 1493 filium
2623 1438 2912 1493 recitabat.
2955 1435 3224 1507 Sperabat
3249 1447 3466 1505 quoque
3510 1433 3634 1503 ejus
3663 1446 3792 1502 pru-

2201 1530 2405 1595 dentia,
2430 1544 2534 1600 qua
2570 1529 2623 1584 in
2649 1528 2847 1584 divinis
2875 1528 3237 1598 humanisque
3264 1524 3550 1580 afﬂuenter
3578 1525 3742 1593 pollet
3771 1564 3789 1590 ,

2200 1620 2387 1692 perfici
2413 1635 2585 1692 posse,
2621 1620 2665 1675 si
2689 1620 2816 1691 quid
2855 1619 3035 1674 minus
3064 1618 3220 1689 plene
3248 1617 3546 1690 peregisset
3573 1615 3628 1670 in
3677 1628 3788 1670 suat

2129 1702 2175 1762 Β
2202 1713 2491 1787 primitiva:
2519 1713 2666 1769 sedis
2694 1711 3157 1783 augmentatione.
3187 1709 3342 1777 Quod
3368 1710 3532 1764 etiam
3556 1724 3706 1762 nunc
3724 1723 3789 1761 ex

2128 4419 2176 4479 D

2196 1807 2433 1878 plurima
2462 1816 2616 1877 parte
2645 1804 2725 1871 iit,
2756 1802 2956 1861 Christi
2986 1801 3574 1870 annnente‘snll'ragio,
3620 1809 3706 1866 et,
3732 1808 3793 1853 ut

2200 1902 2329 1953 Vere
2358 1898 2653 1962 credimus,
2681 1897 2733 1951 in
2757 1897 2871 1951 dies
2898 1911 3024 1965 erga
3059 1892 3340 1949 Dominum
3367 1899 3644 1948 accnescct
3674 1894 3791 1963 ejus

2203 2000 2389 2044 sancta
2425 1989 2659 2046 devotio.
2716 1986 2821 2042 Sed
2871 2003 3017 2042 nunc
3073 1986 3191 2055 ejus
3242 1986 3491 2040 lamlibus
3536 2001 3793 2056 superse-

2204 2080 2462 2147 dendum,
2502 2079 2630 2150 quia
2658 2078 2837 2133 omnis
2873 2076 2988 2133 laus
3017 2078 3068 2131 in
3118 2079 3222 2131 line
3263 2079 3511 2132 securius
3545 2075 3793 2130 cantabi-

2204 2181 2312 2228 tur.
2345 2173 2461 2229 Non
2523 2173 2768 2227 modicus
2795 2185 3009 2242 quoque
3038 2171 3086 2224 ci
3127 2171 3301 2225 inerat
3354 2167 3538 2224 fervor
3585 2172 3638 2223 in
3690 2182 3791 2222 au-

2202 2266 2373 2334 genda
2437 2263 2732 2337 republica.
2804 2263 3008 2319 Idcirco
3058 2262 3344 2333 liungarite
3393 2261 3708 2331 principes,
3760 2260 3793 2315 lt

2206 2358 2449 2412 Romano
2487 2370 2659 2426 nuper
2706 2354 2934 2425 imperio
2976 2353 3300 2408 dissidentes
3331 2392 3346 2417 ,
3404 2351 3799 2421 multiplicibus

2204 2444 2395 2520 legatis
2444 2447 2690 2512 adierat,
2731 2460 2801 2501 ne
2832 2446 3196 2500 detrectarent
3253 2442 3410 2498 solita
3455 2440 3799 2511 subiectione

2203 2540 2520 2612 imperatori
2546 2539 2721 2608 prisca
2769 2536 3077 2607 persolvere
3120 2534 3343 2601 tributa,
3384 2533 3529 2605 quod
3559 2544 3616 2588 et
3657 2549 3792 2587 cou-

2204 2637 2505 2695 senserant,
2531 2631 2574 2684 si
2605 2632 3004 2700 praeteritorum
3032 2630 3444 2686 commissorum
3481 2629 3569 2684 eis
3596 2644 3799 2684 conce-

2204 2722 2427 2777 deretur
2450 2721 2801 2790 indulgentia.
2837 2719 3175 2791 Quapmpter
3199 2728 3384 2775 sancta
3408 2731 3799 2775 commonente

2200 2816 2399 2886 pietate
2426 2824 2646 2869 coactus
2667 2822 2750 2869 est
2773 2815 2932 2869 tertio
2958 2814 3233 2884 antiquam
3262 2813 3489 2883 patriam
3517 2824 3789 2883 repetere,

2200 2914 2254 2963 et
2280 2948 2295 2974 ,
2329 2923 2427 2979 pro
2467 2908 2680 2961 rebrnm
2736 2907 3083 2961 miseratione
3128 2906 3219 2975 qui
3275 2915 3463 2959 contra
3503 2905 3793 2975 imperium

2204 3008 2481 3054 moverant
2521 2998 2722 3053 bellum
2748 3040 2762 3063 ,
2803 2999 3164 3069 persnasoriis
3194 2996 3451 3067 'preeibns
3480 2998 3795 3066 imperiales

2205 3106 2363 3145 aures
2399 3101 2671 3160 expetere.
2721 3089 2827 3146 Sed
2867 3090 2991 3160 quia
3024 3090 3258 3145 factione
3299 3091 3658 3159 quorumdam
3698 3107 3791 3145 cu-

2203 3184 2413 3237 rialium
2451 3189 2539 3253 qui
2566 3182 2813 3237 felicibus
2850 3183 3022 3236 sancti
3058 3181 3158 3235 viri
3196 3181 3507 3235 invidebant
3536 3184 3746 3237 actilms
3770 3224 3788 3247 ,

2203 3284 2327 3328 sant
2342 3275 2566 3342 Augusti
2591 3288 2749 3326 aures
2771 3272 3035 3327 obturata-
3052 3271 3302 3342 precibus
3321 3271 3502 3325 domui
3520 3270 3789 3339 Apostoli-

2202 3365 2274 3429 ci,
2300 3364 2421 3420 ideo
2443 3363 2684 3417 Romana
2726 3361 3032 3433 respublica
3053 3361 3446 3433 subjectionem
3473 3362 3624 3432 regni
3646 3360 3785 3416 Hun-

2202 3456 2368 3528 garite
2398 3455 2652 3526 perdidit,
2681 3463 2735 3509 et
2763 3455 2939 3508 adhuc
2979 3452 3129 3508 dolet
3172 3453 3400 3507 finitima
3429 3454 3622 3524 patriae
3653 3468 3783 3524 prte-

2204 3546 2285 3601 dis
2315 3556 2369 3601 et
2418 3545 2686 3600 incendiis
2722 3543 3016 3598 devastari.
3076 3543 3210 3597 Dum
3256 3550 3437 3597 autem
3487 3561 3585 3613 pro
3633 3544 3779 3614 regni

2203 3644 2336 3709 pace
2389 3636 2619 3691 sollicite
2669 3635 2920 3689 laborans
2953 3634 3149 3689 ibidem
3184 3630 3499 3705 aliquandiu
3540 3643 3780 3688 morare-

2203 3738 2313 3794 tur,
2340 3727 2518 3782 divina
2547 3727 2950 3797 przedestinatio
2978 3725 3025 3779 ei
3066 3725 3120 3779 in
3166 3725 3369 3782 somnis
3404 3724 3653 3779 revelare
3690 3741 3779 3778 vo-

2203 3818 2298 3873 lttit
2346 3818 2473 3890 quid
2503 3817 2602 3871 sibi
2636 3816 2875 3871 futurum
2923 3815 3362 3885 portenderetur.
3399 3813 3531 3867 Nam
3566 3817 3781 3870 vilem-

2203 3919 2290 3964 tur
2309 3910 2409 3963 sibi
2438 3910 2602 3978 quod,
2640 3916 2788 3962 stans
2825 3908 2875 3961 in
2922 3907 3089 3972 edito,
3124 3906 3416 3961 familiares
3452 3920 3581 3960 suos
3627 3908 3696 3961 ad
3725 3922 3782 3961 se

2200 4001 2267 4055 de
2292 3999 2532 4070 periculo
2563 3998 2934 4068 coningientes
2970 3998 3256 4069 reciperet,
3284 3999 3470 4068 eisque
3514 3998 3617 4053 sub
3670 3998 3785 4069 plus

2199 4094 2324 4149 viali
2353 4100 2519 4157 veste,
2550 4108 2669 4163 qua:
2696 4108 2865 4163 cappa
2897 4093 3188 4158 vocitatur,
3233 4092 3473 4158 inclusis,
3515 4096 3780 4165 sanguine

2200 4202 2387 4243 eorum
2417 4187 2517 4242 sibi
2561 4194 2739 4239 vestes
2787 4184 2929 4238 infici
2985 4186 3345 4255 conspiceret.
3403 4183 3516 4251 Qua
3573 4186 3785 4239 visione

2200 4288 2382 4335 certus
2413 4278 2655 4332 redditus
2708 4275 3132 4330 Incestitudinem
3178 4276 3279 4330 sibi
3320 4274 3542 4345 suisque
3585 4275 3780 4329 aifatu-

2206 4388 2346 4436 ram,
2365 4371 2591 4437 et,sicnt
2624 4368 2859 4423 triticum
2883 4369 2934 4421 in
2959 4382 3083 4422 arca
3111 4367 3319 4421 Domini
3349 4368 3785 4431 recondendum,

2201 4464 2267 4519 ad
2311 4464 2663 4518 tentationcm
2695 4475 2811 4517 sese
2840 4470 3107 4532 przeparat
3151 4460 3545 4515 sustinendam.
3593 4459 3781 4530 Itaque

2202 4556 2465 4625 repedans
2502 4555 2553 4608 in
2585 4553 2821 4613 Italiam.
2858 4552 3146 4606 concilium
3178 4551 3318 4620 apud
3347 4550 3620 4605 Mantuam
3678 4553 3779 4605 ha-

2199 4646 2434 4701 bendum
2461 4644 2758 4699 constituit.
2785 4644 2938 4710 Quod
2970 4642 3138 4697 factio
3168 4643 3525 4713 quorumdam
3554 4642 3776 4712 pontiﬁ-

2201 4754 2322 4794 eam
2377 4736 2721 4792 severitatem
2758 4734 2873 4802 ejus
2913 4734 3041 4803 justi
3068 4733 3258 4803 judicii
3307 4735 3610 4788 timentium
3655 4749 3779 4802 per.

2204 4829 2460 4885 turbavit.
2489 4827 2619 4881 Nam
2649 4826 2865 4881 familim
2878 4841 3064 4879 eorum
3091 4824 3350 4879 fautrices
3370 4825 3665 4888 scelerum,
3686 4841 3773 4880 su~

2201 4922 2373 4977 bitum
2405 4927 2592 4974 contra
2626 4917 2808 4971 domui
2858 4914 3138 4984 apostolici
3179 4913 3445 4968 familiam
3488 4923 3774 4969 moverunt

2203 5011 2490 5067 tuumltum
2535 5049 2550 5074 ,
2601 5023 2791 5063 secure
2856 5016 3121 5061 astantem
3185 5013 3313 5059 ante
3362 5004 3641 5060 basilicam
3716 5006 3770 5059 in

2200 5120 2304 5178 qua
2330 5105 2602 5175 publicum
2632 5102 2931 5156 habebatur
2954 5100 3264 5162 concilium,
3282 5100 3355 5152 ita
3384 5100 3779 5155 utvirsanctus

2200 5205 2488 5266 cogeretur
2516 5210 2547 5247 a
2574 5192 2750 5247 medio
2783 5207 3045 5247 consessu
3070 5205 3325 5262 surgere,
3366 5198 3425 5246 et.
3468 5199 3595 5247 ante
3640 5206 3770 5262 por-
