4010 5328
236 300 346 361 ὀῦἳ

1195 303 1489 365 Ριιοιιεο.
1520 337 1591 349 -—-
1622 304 1784 362 νιτιι
1825 305 1881 359 S.
1927 298 2191 358 LEUXIS.
2235 332 2304 343 —-
2340 303 2469 359 LIB.
2511 305 2571 360 ll'.

3406 301 3531 357 U38”

239 425 354 471 tam
381 413 448 469 ad
471 413 775 471 sedandum
803 417 1091 487 strepitum
1136 416 1454 487 procedere.
1495 417 1661 488 Cujus
1688 431 1828 487 μυω-
1856 421 1904 481 Α
2001 413 2091 469 ιτς.
2134 413 2366 469 Heresis
2416 399 2943 470 Fermenlaceorum.
2990 394 3185 471 Contra
3242 390 3357 470 eam
3407 413 3511 471 Leo

241 506 479 560 sentiam
507 521 618 560 non
651 506 867 561 reveriti
905 505 1014 561 Deo
1041 505 1271 562 odibiles
1291 549 1307 571 ,
1337 523 1403 564 eo
1430 510 1603 578 magis
1626 509 1827 577 magis.

239 608 352 665 qm
398 597 454 651 in
510 596 757 664 nequitia
806 597 1154 666 pertinaces,
1222 598 1535 652 nitebantur
1591 599 1657 652 ad
1706 613 1829 653 eum

244 695 561 740 exarmatos
579 685 956 757 confugientes
977 696 1105 740 ante
1126 687 1312 743 oculos
1330 687 1501 758 ipsius
1518 688 1828 753 confodere,

243 789 298 831 et
329 792 361 831 a
386 775 560 831 valvis
587 775 852 842 ccclesize,
878 792 945 832 ne
972 776 1043 832 ibi
1076 786 1404 844 tutarentur,
1452 779 1729 850 repellere,
1757 780 1832 834 ita

249 879 311 922 ut
338 868 577 935 impetus
603 869 930 936 sagittarum
977 880 1035 923 ct
1058 884 1315 924 saxorum
1352 870 1559 925 circum
1589 872 1833 940 ejusdem

250 960 430 1017 sancti
467 976 631 1016 avres
668 970 723 1015 et
750 977 845 1016 ora
884 961 1173 1027 volitaret,
1205 974 1371 1033 atque
1409 963 1672 1034 quosdam
1717 962 1835 1031 ejus

248 1062 405 1106 veste
449 1051 668 1106 defendi
714 1053 994 1124 cupientes
1044 1053 1377 1110 vulneraret.
1426 1055 1529 1122 Qui
1573 1055 1836 1112 tumultus

245 1142 542 1198 arhnodum
574 1141 861 1200 «limculter
887 1144 1108 1200 sedatus
1126 1183 1142 1209 ,
1173 1154 1414 1216 emptum
1442 1146 1677 1216 rigorem
1702 1161 1837 1201 con-

248 1232 361 1288 cilii
389 1231 772 1302 imperfectum
798 1233 976 1303 coegit
1004 1233 1258 1303 relinqui.
1303 1233 1410 1289 Sed
1445 1235 1498 1289 in
1539 1235 1836 1291 crastinum

250 1324 433 1379 cuncti
459 1321 620 1392 huius
649 1323 932 1380 seditionis
959 1325 1302 1390 incentores,
1336 1341 1530 1382 severa
1557 1326 1839 1381 examina-

252 1416 406 1472 tione
431 1416 755 1479 damnandi,
791 1432 821 1471 a
852 1417 1101 1486 piissimo
1140 1426 1297 1488 patre
1335 1427 1465 1474 sunt
1498 1419 1838 1475 misericordi

251 1506 589 1579 indulgentia
618 1509 887 1575 absoluti,
910 1525 979 1565 ne
1005 1511 1282 1566 videretur
1306 1526 1472 1566 causa
1504 1511 1728 1565 ultionis
1755 1526 1843 1564 asc

252 1601 539 1668 [veritatem
590 1599 645 1653 in
702 1613 797 1653 eos
840 1612 1096 1654 exercere
1126 1600 1339 1670 judieii.
1397 1598 1626 1654 Videtur
1672 1600 1838 1655 etiam

252 1691 535 1761 indignum
562 1691 665 1746 sub
698 1707 820 1746 sera
864 1689 1151 1746 oblivionis
1192 1689 1482 1746 obcluderc
1513 1690 1689 1760 quod,
1725 1691 1841 1761 ejus

1931 508 2126 562 scribit.
2158 506 2374 562 Nicetes
2406 506 2710 563 I’ectoratus
2742 508 3016 578 resipiscit.
3051 507 3281 563 Michael
3309 509 3509 577 episca-

1932 616 2027 666 pus
2055 597 2115 653 ϐ.
2160 596 2223 650 Ρ.
2268 600 2769 654 excommunicauit.
2814 628 2880 639 -—
2921 599 2992 653 Ea
3034 607 3356 667 tempestate
3390 608 3523 652 orta

1931 699 2018 742 est
2046 689 2263 744 haeresis
2285 688 2821 753 Fermeutaceorum,
2849 703 2973 757 quze
2996 688 3359 742 calumniatur
3384 703 3512 742 san—

1933 788 2077 834 etam
2125 779 2423 835 Romanam
2480 781 2707 844 sedem,
2741 780 2848 835 imo
2894 793 3109 833 onmem
3162 778 3409 833 Latinam
3461 787 3518 833 et

1934 870 2336 928 Orcideutalem
2371 872 2705 938 Ecclesiam,
2736 872 2804 926 de
2849 872 3056 942 azymis
3099 870 3371 926 vivillcutn
3406 869 3535 924 Deo-

1935 959 2131 1016 oﬂ‘erre
2161 961 2510 1017 sacriﬁcium.
2542 950 2713 1028 Quam
2752 961 3085 1017 calumniam
3118 960 3281 1016 etiam
3315 960 3519 1029 scripto

1936 1053 2222 1110 ediderunt
2248 1055 2522 1125 episcopi,
2555 1054 2781 1110 Michael
2809 1053 2921 1125 (48)
2962 1053 3523 1123 Constantinopolita-

1940 1158 2043 1197 nus
2062 1152 2119 1196 et
2137 1141 2251 1198 Leo
2273 1143 2605 1207 Acridanus,
2633 1144 2993 1214 pervicaciter
3014 1143 3329 1198 exhalantes
3351 1144 3517 1213 pesti-

1940 1232 2084 1289 feras
2107 1234 2372 1306 mephites
2394 1246 2586 1291 contra
2613 1244 2859 1291 sanctam
2880 1244 2931 1290 et
2953 1235 3307 1305 apostolicam
3338 1235 3522 1290 fiih-m.

1940 1323 2068 1381 Haec
2108 1326 2324 1396 quidem
2373 1326 2648 1381 calumnia
2696 1325 2890 1381 Grieco
2935 1340 3187 1380 sermone
3237 1326 3412 1388 edita,
3471 1333 3541 1379 et;

1938 1417 2133 1473 Joauui
2193 1417 2460 1474 Trauensi
2495 1418 2785 1488 episcopo,
2831 1419 2884 1472 in
2923 1415 3354 1489 stiggillarionem
3404 1432 3525 1468 om-

1944 1510 2094 1565 nium
2123 1509 2435 1565 Latinorum
2466 1509 2693 1566 directa.
2724 1525 2849 1564 cum
2880 1509 3068 1563 fuisset
3090 1508 3255 1563 'l‘raui
3284 1507 3527 1561 exhibita

1943 1599 2098 1656 fratri
2130 1598 2430 1657 Humberto
2457 1599 2569 1672 (49)
2602 1609 2802 1656 sanetae
2828 1599 3071 1655 ecclesia:
3090 1598 3250 1653 Silva:
3272 1597 3530 1653 Candidae

1944 1692 2239 1761 episc0po,
2273 1691 2325 1745 in
2356 1691 2609 1745 Latinum
2640 1699 2721 1745 est
2755 1689 3013 1744 translata
3046 1688 3163 1759 ejus
3200 1688 3379 1743 studio
3404 1728 3419 1751 ,
3449 1694 3532 1741 at-

252 1781 591 1850 temporibus
615 1821 630 1841 .
662 1781 731 1835 ad
762 1782 1000 1837 divinam
1025 1780 1236 1835 laudem
1275 1782 1418 1851 apud
1449 1779 1706 1836 Narniam
1745 1798 1836 1853 ge-
1873 1780 1916 1839 Β
1943 1798 2051 1853 que
2077 1782 2256 1837 delata
2284 1783 2482 1837 domno
2528 1797 2680 1852 papae
2723 1781 2888 1836 Leoni
2920 1795 3080 1836 nono.
3115 1779 3301 1849 Itaque
3330 1777 3529 1849 glorio-

253 1880 402 1925 stnm
450 1872 687 1926 refertur
713 1872 1086 1927 memorabile.
1118 1868 1285 1931 Cuius
1315 1870 1391 1924 rei
1416 1879 1583 1926 testes
1612 1872 1798 1926 visorii
1823 1915 1839 1938 ,

257 1977 288 2014 a
315 1960 543 2019 minimo
559 1976 733 2031 usque
760 1962 827 2016 ad
858 1964 1179 2027 maximum,
1197 1962 1378 2017 cuncti
1406 1962 1551 2018 illius
1577 1963 1727 2018 urbis
1754 1963 1843 2017 di-

254 2062 459 2108 cuntur
500 2054 800 2109 exstitisse.
852 2053 984 2109 Nam
1035 2055 1255 2111 biennio
1301 2062 1592 2124 antequam
1639 2054 1842 2109 ibidem

254 2145 349 2200 hic
377 2147 724 2202 venerandus
751 2162 888 2218 papa
917 2147 1258 2203 Dominicum
1289 2146 1595 2201 celebraret
1644 2145 1843 2201 natali-

1945 1886 2038 1927 sus
2058 1871 2390 1942 apostolicus
2428 1871 2665 1926 libellum
2695 1871 2997 1941 composuit
3036 1868 3522 1924 luculentissimum

1947 1964 2210 2019 adversus
2240 1963 2355 2034 jam
2381 1963 2555 2017 dictas
2581 1962 3029 2032 praesumptiones
3075 1969 3130 2015 et
3159 1959 3355 2014 nimias
3379 1959 3533 2012 vani-

1942 2065 2091 2112 tates
2119 2070 2307 2111 eorum
2328 2095 2344 2119 ,
2378 2064 2608 2109 conatus
2639 2053 2761 2108 illos
2791 2055 2859 2115 ad
2887 2054 3028 2107 viam
3069 2051 3320 2110 veritatis
3363 2049 3535 2104 addu-

1948 2161 2108 2211 cere;
2139 2145 2234 2201 scd
2264 2145 2603 2216 postmodum
2631 2143 2965 2199 incorrectos
2984 2142 3357 2197 ecclesiastico
3381 2141 3527 2194 dam-

260 2238 439 2301 tium,
479 2238 706 2307 centigit
729 2238 1068 2307 quodaindie
1094 2238 1282 2292 aestivo
1305 2248 1547 2308 tempore
1572 2237 1845 2292 infinitam
1940 2236 2101 2290 navit
2147 2235 2517 2289 anathemate.
2566 2230 2863 2288 Praedictus
2927 2232 3090 2286 etiam
3161 2231 3330 2285 frater
3377 2229 3539 2284 liuiu-

261 2328 664 2382 multitudinem
709 2327 866 2397 juxta
927 2329 1117 2383 cadent
1168 2330 1370 2384 mmnia
1417 2328 1619 2385 habere
1663 2338 1846 2383 trans-

268 2419 427 2473 itum.
469 2418 600 2487 Eius
640 2428 853 2474 terrore
901 2421 1132 2474 attonita
1175 2421 1432 2476 universa
1463 2421 1614 2492 plebs
1664 2434 1850 2475 tnuros

261 2510 510 2567 «relidit
535 2551 552 2569 .
581 2511 741 2582 quasi
764 2510 835 2567 ob
856 2512 1131 2582 capienda:
1155 2512 1395 2567 civitatis
1425 2510 1848 2567 defensaculum.

263 2603 395 2670 Qum
428 2601 718 2658 umltitndo
759 2603 1031 2658 infinitum
1075 2612 1234 2659 terrm
1261 2604 1537 2676 spatium,
1587 2613 1850 2673 quantum

263 2696 536 2750 humanus
566 2704 754 2765 posset
777 2696 1244 2765 comprehendere
1269 2696 1416 2751 visus
1441 2736 1456 2759 ,
1490 2691 1768 2764 implebat,
1796 2702 1850 2747 et

265 2801 377 2855 pne
418 2785 586 2841 celeri
625 2787 798 2857 gradu
849 2788 1116 2842 orientem
1168 2803 1359 2842 versus
1411 2786 1848 2841 transcurrehat.

267 2875 603 2934 Videbantur
623 2887 808 2931 autem
843 2878 1022 2933 cuncti
1047 2879 1185 2931 miro
1207 2877 1443 2933 candore
1467 2877 1709 2939 habitus,
1738 2875 1853 2929 vul-

269 2978 462 3039 tusque
487 2985 554 3025 ac
581 2970 779 3039 capitis
799 2969 1001 3024 canitie
1036 2971 1354 3032 venerandi,
1385 2985 1520 3040 pene
1550 2965 1855 3024 consimilis

267 3058 459 3116 format
485 3061 748 3131 qualitate
792 3061 998 3116 decori.
1043 3061 1195 3129 Quod
1253 3061 1559 3116 mirandum
1598 3075 1787 3114 omnes
1824 3074 1853 3113 a

1949 2326 2138 2382 bertus
2166 2325 2335 2381 edidit
2361 2334 2549 2380 contra
2577 2339 2766 2381 eorum
2814 2322 3005 2394 putida
3054 2323 3258 2393 scripta
3301 2336 3534 2391 respou—

1950 2419 2162 2475 sionem
2221 2416 2398 2473 instar
2453 2415 2696 2487 dialogi,
2747 2414 2818 2470 ab
2861 2414 2980 2484 ipso
3038 2413 3233 2467 Latine
3275 2412 3533 2481 scriptam

1952 2508 2505 2580 apocrisiariatussui
2539 2516 2783 2578 tempore
2802 2502 3292 2575 Gonstantluopoli,
3310 2512 3363 2558 et
3381 2503 3535 2573 jussu

1956 2598 2303 2670 imperatoris
2333 2597 2568 2668 religiosi
2591 2606 2645 2653 ct
2669 2596 2956 2653 orthodoxi
2978 2594 3320 2651 Constantini
3350 2592 3539 2647 Mono-

1957 2691 2134 2747 machi
2159 2690 2348 2745 Gnece
2381 2690 2625 2753 editam,
2668 2688 2769 2742 sub
2807 2685 3119 2742 nominibus
3161 2682 3543 2741 Constantino-

1957 2782 2178 2853 politaui
2204 2822 2220 2847 ,
2248 2789 2305 2836 et
2328 2779 2556 2834 Romani
2577 2819 2593 2843 ,
2624 2794 2767 2858 anno
2798 2778 3008 2835 Domini
3060 2774 3347 2830 millesimo
3383 2773 3543 2842 quiu-

1957 2875 2273 2946 quagesimo
2303 2883 2518 2942 quarto.
2553 2871 2793 2926 Domnus
2819 2884 3035 2940 quoque
3060 2865 3386 2923 Fredericus
3411 2874 3540 2917 tunc

1959 2966 2354 3030 cancellarius,
2410 2973 2531 3035 post
2581 2979 2611 3017 a
2664 2962 2774 3018 Deo
2822 2961 3030 3017 electus
3081 2959 3338 3013 Romana:
3400 2955 3544 3009 sedis

1961 3060 2292 3132 apostolicus
2322 3058 2459 3132 (50),
2486 3057 2763 3113 invective
2776 3052 3058 3123 respondit
3089 3048 3415 3122 quibusdam
3447 3047 3545 3102 ob-

275 3154 448 3209 muris
503 3155 652 3209 urbis
705 3163 1052 3225 aspectantes
1102 3153 1348 3223 stupidus
1402 3151 1655 3213 reddidit.
1707 3160 1761 3205 et
1826 3166 1855 3203 a
1885 3154 1932 3217 Ο
1956 3152 2289 3221 jectiouibus
2318 3190 2335 3215 ,
2379 3165 2517 3220 quas
2547 3146 2795 3204 ediderat
2827 3144 3015 3200 Niceta
3055 3139 3355 3198 monachus
3399 3135 3543 3194 Con-

268 3245 449 3315 primo
477 3259 636 3299 mane
665 3260 842 3315 usque
865 3245 932 3298 ad
962 3245 1152 3299 horam
1187 3259 1382 3298 nouam
1411 3257 1707 3299 excurrere
1750 3255 1855 3295 non

272 3337 507 3393 destitit.
528 3338 655 3393 Sole
677 3350 862 3394 autem
887 3339 1212 3399 declinante.
1232 3338 1396 3408 coepit
1425 3337 1510 3390 illa
1544 3336 1859 3390 admiranda

271 3428 571 3484 multitudo
592 3430 855 3498 paulatim
887 3444 1184 3484 rarescere.
1208 3427 1359 3484 Unus
1378 3444 1593 3498 quoque
1617 3444 1678 3481 ex
1706 3441 1861 3481 ltllll'O

266 3519 634 3588 spectantium
664 3519 917 3573 fidentior
944 3519 1166 3587 reliquis
1192 3559 1207 3583 ,
1238 3533 1402 3573 ausus
1422 3527 1518 3571 est
1553 3525 1705 3573 extra
1734 3532 1861 3584 pro-

269 3611 490 3673 cedere,
516 3618 572 3666 et
594 3627 626 3668 e
650 3611 832 3667 vicino
862 3626 985 3665 cum
1016 3619 1252 3665 tremore
1299 3619 1487 3666 astans
1535 3609 1810 3678 spectabat
1842 3646 1858 3671 ,

275 3700 319 3754 si
344 3715 513 3771 quem
535 3716 722 3762 eorum
756 3709 939 3772 posset
976 3716 1329 3769 cognoscere.
1380 3699 1532 3754 Tunc
1577 3700 1718 3754 inter
1757 3715 1855 3754 ex-

275 3802 485 3848 tremos
515 3793 658 3847 videt
683 3793 973 3864 quemdam
999 3792 1253 3847 sibiolim
1285 3790 1606 3846 familiarem
1632 3831 1647 3849 .
1697 3792 1865 3860 ipsius

277 3885 431 3941 urbis
463 3885 636 3940 civem
666 3925 681 3949 ,
727 3885 853 3940 boui
903 3884 1195 3938 testimonii
1226 3892 1281 3936 ct
1310 3884 1516 3936 devotae
1550 3883 1745 3935 meritis
1773 3882 1868 3935 bo-

278 3972 507 4041 miuc'm,
541 3974 632 4044 qui
674 3973 788 4044 jam
823 3989 933 4030 nou
958 3974 1046 4029 diu
1086 3973 1370 4044 praesentis
1399 3973 1521 4026 vita:
1547 3978 1867 4025 excurrerat

280 4066 468 4123 tinem.
497 4066 671 4133 Quem
695 4083 819 4123 cum
854 4068 1034 4122 divina
1067 4067 1408 4137 adiuratione
1449 4064 1667 4120 nomine
1710 4075 1867 4117 tenus

280 4156 561 4227 appellans
579 4158 645 4212 ad
667 4173 725 4213 se
748 4158 1029 4222 vocitavit,
1055 4166 1107 4212 et
1132 4172 1252 4226 qua:
1267 4165 1411 4211 esset
1432 4157 1521 4210 illa
1552 4164 1699 4211 tarda
1728 4153 1867 4208 mul-

282 4248 461 4304 titudo
490 4249 593 4304 sibi
623 4249 963 4304 manifestari
992 4248 1322 4319 depoposcit.
1353 4246 1451 4302 Cui
1486 4248 1661 4316 inquit
1692 4266 1706 4301 ;
1749 4245 1870 4300 «Li-

283 4348 372 4395 cet
394 4340 474 4395 sis
503 4340 754 4410 indignus
780 4340 966 4395 divina
997 4340 1255 4411 mysteria
1280 4354 1635 4410 cognoscere,
1686 4347 1867 4394 tamen

283 4431 505 4488 noveris
545 4447 644 4487 nos
680 4432 1017 4502 peccatriccs
1062 4432 1304 4495 animas,
1355 4431 1531 4486 adhuc
1570 4431 1871 4486 immeritas

1960 3242 2501 3314 stantiuopolitanus,
2527 3239 2618 3311 qui
2640 3247 2698 3294 et
2714 3237 3058 3301 Pectoratus,
3081 3242 3271 3289 contra
3293 3230 3544 3287 Latinam

1962 3338 2301 3402 Ecclesiam;
2344 3350 2504 3408 quem
2555 3331 2794 3388 libellum
2828 3328 3141 3393 titulaverat
3168 3344 3183 3381 :
3208 3324 3541 3396 DeAzymo,

1963 3431 2031 3485 de
2055 3430 2315 3495 Sabbato,
2340 3427 2486 3483 etde
2515 3423 2718 3496 nuptiis
2741 3419 3106 3479 sacerdotum.
3140 3417 3271 3485 Qurc
3314 3415 3548 3470 invectio

1964 3526 2032 3580 de
2052 3525 2244 3580 Latino
2272 3521 2652 3585 translata,-et
2677 3517 2891 3589 publice
2921 3527 3108 3570 coram
3140 3508 3402 3582 praedicto
3442 3506 3548 3562 im-

1965 3625 2219 3688 peratore
2260 3622 2344 3669 est
2374 3612 2622 3675 recitata,
2658 3609 2911 3679 idemque
2958 3603 3147 3661 Niceta
3191 3606 3416 3657 coactus
3463 3607 3551 3652 est

1965 3707 2224 3761 datunare
2250 3713 2306 3760 et
2334 3703 2657 3759 comburere
2683 3714 2777 3756 sua
2804 3698 3006 3768 scripta
3035 3736 3052 3760 ,
3087 3692 3271 3748 habita
3307 3690 3519 3759 disputa
3542 3718 3550 3726 -

1969 3799 2115 3854 tione
2143 3795 2284 3866 apud
2314 3793 2699 3849 monasterium
2734 3789 2909 3845 Stualii
2956 3788 3009 3842 in
3063 3784 3197 3840 urbe
3242 3780 3552 3837 Constanti-

1968 3890 2303 3959 uopolitaua.
2337 3885 2615 3955 Siquidem
2646 3881 2917 3952 gloriosus
2957 3874 3288 3947 apostolicus
3328 3870 3548 3931 direxe-

1970 3992 2057 4037 rat
2079 3976 2601 4047 Constantinopolim
2632 3981 2833 4028 saucta:
2855 3970 3114 4024 Romana:
3148 3964 3293 4021 sedis
3335 3960 3551 4032 apocri-

1971 4070 2167 4127 siarius
2188 4109 2203 4133 ,
2225 4065 2508 4138 praefatum
2546 4062 2754 4118 scilicet
2785 4058 3140 4117 Humbertum
3165 4094 3181 4119 ,
3222 4063 3279 4109 et
3332 4052 3551 4107 l‘ctrum

1970 4160 2421 4216 Amaltltauorum
2445 4152 2933 4222 archiepiscopum,
2964 4144 3310 4203 Fredcricum
3330 4155 3550 4217 quoque

1973 4265 2100 4311 tunc
2144 4253 2430 4309 diaconum
2473 4256 2526 4305 ct
2564 4242 2968 4302 camrellarium.
3014 4242 3058 4295 A
3114 4236 3309 4307 quibus
3362 4231 3550 4286 Niccta

1971 4348 2195 4419 cupiens
2209 4342 2739 4415 perfectamsuarmu
2752 4332 3182 4408 propositionum
3204 4327 3555 4419 solutionem,

1972 4414 2172 4495 ite-rum
2196 4414 2387 4507 sponte
2417 4427 2901 4488 anathematizavit
2939 4423 3119 4483 omnia
3148 4421 3292 4475 dicta
3328 4425 3387 4471 et
3412 4414 3555 4507 facta

284 4524 527 4607 caelestis
546 4524 701 4595 regni
721 4525 916 4596 gaudia
939 4525 1241 4595 possidere,
1258 4524 1374 4579 vice
1396 4524 1730 4594 paenitentia:
1753 4524 1871 4580 loca
1905 4529 1950 4590 ι)
1978 4532 2061 4587 vet
2094 4506 2299 4586 tentata
2321 4526 2583 4582 adversus
2606 4521 2837 4595 primam
2868 4528 2924 4574 et
2954 4510 3308 4586 apostolicam
3334 4506 3516 4607 sedem
3541 4522 3555 4567 ;

285 4625 477 4673 sancta
491 4618 850 4675 coutinuatim
866 4616 1121 4680 circuire,
1138 4627 1194 4670 et
1214 4632 1358 4672 tmnc
1373 4616 1438 4671 de
1451 4615 1639 4672 Sancti
1654 4615 1873 4672 Martini

289 4709 475 4780 Majori
500 4709 829 4767 Monasterio
856 4708 1135 4761 venientes
1153 4747 1168 4772 ,
1192 4710 1260 4762 ad
1283 4707 1453 4762 beatae
1476 4706 1568 4760 Dei
1592 4706 1875 4774 genitricis

288 4799 468 4855 blarizc
491 4800 803 4857 coenobium
826 4799 883 4853 in
907 4796 1068 4859 Farfa
1101 4798 1217 4868 (l7)
1240 4798 1345 4852 iter
1362 4812 1541 4868 agere.
1558 4816 1573 4847 θ
1590 4796 1707 4865 Quo
1728 4799 1875 4854 dicto

252 4946 257 4953 _
289 4893 572 4962 disparuit,
604 4909 669 4949 ac
700 4892 874 4948 uindo
896 4890 1045 4947 illum
1075 4899 1280 4945 terrore
1305 4888 1618 4945 coniectum
1633 4890 1874 4961 reliquit,

288 4985 486 5055 quique
512 4985 730 5056 integro
775 4998 925 5040 anno
962 4982 1228 5049 languens
1274 4979 1527 5036 recubuit
1552 4978 1605 5033 in
1628 4977 1789 5045 lecto,
1820 4989 1877 5035 et

290 5080 402 5139 haec
427 5083 619 5139 eadem
647 5082 854 5139 domno
879 5076 1190 5150 apostolico
1214 5077 1396 5132 retulit
1417 5090 1514 5133 ore
1552 5077 1773 5147 preprio

358 5266 468 5328 (L7)
508 5264 680 5328 Maius
702 5262 1101 5322 Monasterium
1120 5260 1281 5315 situm
1310 5275 1476 5328 prope
1505 5258 1788 5328 Turonos,
1817 5268 1879 5316 ut

1976 4621 2161 4690 sicque
2210 4618 2280 4674 ab
2318 4616 2399 4672 eis
2443 4617 2496 4669 in
2544 4610 2980 4669 communionem
3012 4609 3305 4672 receptus,
3332 4595 3556 4690 effectus

1976 4722 2059 4770 est
2076 4687 2275 4768 ﬁcorum
2309 4705 2594 4763 familiaris
2622 4702 2852 4758 amicus.
2882 4693 3144 4752 Michaele
3183 4701 3365 4747 autem
3415 4687 3557 4753 Con-

1976 4800 2457 4872 stantinopolitano
2510 4796 2764 4868 episcopo
2813 4786 3164 4863 praesentiam
3220 4783 3444 4837 illorum
3508 4787 3567 4836 et

1977 4892 2310 4963 colloquium
2357 4888 2651 4949 devitante,
2696 4891 2861 4953 atque
2887 4879 2940 4933 in
2969 4872 3206 4931 stultitia
3249 4884 3347 4926 sua
3367 4882 3567 4963 perse-

1983 4960 2463 5054 verantc,prtefati
2505 4975 2678 5033 nuntii
2720 4970 2905 5029 domui
2980 4964 3261 5036 apostolici
3313 4960 3571 5054 adierunt

1979 5050 2268 5134 ecclesiam
2296 5080 2497 5128 sancta:
2517 5065 2751 5137 Sophim,
2787 5075 2842 5121 et
2871 5073 3031 5131 Super
3058 5057 3175 5128 ejus
3202 5050 3571 5113 obstinatione

1950 5318 1955 5324 _
1986 5256 2154 5311 fuisse
2204 5250 2403 5321 passim
2438 5244 2646 5328 scribit
2681 5243 2921 5328 lenones
2944 5239 3009 5294 de
3032 5237 3220 5328 Ba-yon
3245 5237 3297 5293 in
3322 5230 3570 5328 eiu-silem

3334 5320 3396 5328 -ιιι
3408 5317 3499 5328 -ηιι
