4010 5328
462 287 568 346 499

1766 297 1825 354 S.
1874 299 2006 358 LEO
2057 302 2124 356 1X
2176 303 2372 360 PAPA.

3636 305 3741 361 500

467 406 750 477 conquesti
774 445 798 476 ,_
827 407 977 462 clero
1001 423 1069 463 ex
1099 423 1249 464 more
1277 409 1345 464 ad
1370 409 1565 466 missas
1590 423 1917 483 praeparato,
1938 411 2050 482 jam
2083 427 2126 478 Α
2157 416 2304 485 eipes
2334 431 2438 470 non
2469 425 2597 472 sunt
2625 415 2822 471 timore
2851 414 2972 469 boni
3019 414 3201 485 operis
3237 414 3330 470 sed
3381 415 3504 470 mali
3561 416 3740 483 (Rom.

469 501 601 553 hera
630 497 794 554 tertia
825 499 916 554 die
948 499 1159 556 sabbati
1192 501 1438 557 chartam
1470 506 2054 562 exeommunicatiouis

467 608 632 662 super
687 591 982 663 principale
1039 593 1212 650 altare
1265 595 1676 664 deposuerunt,
1729 596 1830 652 sub
1881 597 2056 652 oculis

467 685 752 753 przeseutis
771 685 900 741 cleri
933 695 988 740 ct
1012 686 1213 756 populi.
1265 687 1392 742 Inde
1436 704 1558 742 mox
1595 689 1842 760 egressi,
1888 689 2054 742 etiam

467 774 744 845 pulverem
775 777 971 847 pedum
1007 793 1229 832 suorum
1257 793 1548 834 excussere
1595 779 1647 836 in
1683 780 2055 834 testimonium

469 868 582 924 illis
603 910 616 934 ,
657 867 814 937 juxta
842 869 1049 924 dictum
1096 870 1372 942 Evangelii
1408 870 1561 943 (Luc.
1597 888 1649 926 ix
1671 913 1684 936 ,
1716 871 1771 944 5)
1799 913 1813 937 ,
1847 872 2060 943 procla-

471 968 683 1016 mantes
724 978 738 1014 :
788 959 968 1014 Videat
1019 960 1159 1016 Deus
1224 973 1273 1017 et
1315 963 1515 1032 judicet
1571 963 1774 1035 (Exod.
1825 979 1895 1028 v,
1940 965 2056 1036 2|).

470 1050 610 1107 Hine
659 1053 926 1108 ordinatis
987 1053 1233 1109 ecclesiis
1297 1055 1615 1111 Latinorum
1673 1057 1818 1111 intra
1884 1057 2060 1128 ipsam

471 1143 1023 1214 Constaiititimiolirii,
1071 1155 1127 1200 et
1178 1127 1920 1214 anathematizatiscunctis
1967 1127 2074 1219 qui.

473 1233 728 1304 deinceps
782 1235 1250 1292 communicarent
1274 1253 1343 1292 ex
1374 1255 1534 1293 manu
1557 1238 1731 1294 Graeci
1757 1240 2061 1296 Romanum

474 1323 800 1378 sacriﬁcium
833 1326 1192 1396 vituperantis
1218 1367 1231 1390 ,
1283 1339 1506 1399 accepta
1541 1330 1832 1386 orthodoxi
1891 1331 2063 1403 impe-

475 1417 676 1472 ratoris
703 1416 916 1472 licentia
941 1458 958 1483 ,
1009 1420 1063 1474 lu
1103 1421 1290 1475 osculo
1326 1423 1476 1492 pacis
1528 1437 1652 1478 cum
1691 1423 1848 1478 donis
1890 1423 2063 1494 impe-

477 1509 700 1564 rlalibus
725 1521 915 1565 sancto
945 1511 1102 1569 Petro
1148 1513 1361 1586 sibique
1398 1513 1610 1571 collatis
1634 1556 1649 1578 ,
1700 1515 1911 1572 alacres
1941 1525 2067 1572 sunt

475 1603 704 1657 reversi.
734 1602 924 1674 Itaque
953 1604 1249 1676 imperator
1269 1607 1529 1664 ad.ersus
1575 1608 1891 1665 Michaelcm
1919 1625 2066 1665 com-

481 1695 849 1763 motus,qnod
871 1694 937 1749 ad
966 1697 1323 1750 conciliumin
1344 1698 1424 1752 sui
1456 1700 1743 1768 praesentia
1779 1709 1831 1755 et
1858 1701 2070 1755 iulatio-

2155 523 2280 573 xm,
2305 507 2358 572 5,
2391 507 2448 568 4)
2475 523 2492 572 ;
2519 515 2573 560 et
2614 520 2766 575 reges
2791 513 2954 575 atque
3005 505 3278 576 principes
3320 506 3523 561 missos
3570 521 3600 558 a
3636 507 3743 561 Deo

2155 598 2222 651 ad
2250 597 2544 651 vindictam
2564 595 2968 651 malefactorum
2991 594 3044 666 (-I
3074 594 3213 648 Petr.
3240 611 3306 660 ιι,
3334 595 3443 660 14).
3471 594 3746 650 Suﬁ'ultus

2157 702 2288 756 ergo
2318 686 2603 750 comitatu,
2630 685 2847 754 qualem
2895 685 3152 754 temporis
3183 685 3433 739 brevitas
3465 692 3519 738 et
3567 685 3749 738 immi-

2157 797 2291 838 nens
2317 781 2610 836 necessitas
2657 780 2924 850 permisit,
2974 778 3193 850 gloriosi
3223 778 3377 833 dueis
3407 788 3466 833 et
3495 778 3749 849 magistri

2156 875 2370 946 Argyrii
2417 873 2712 929 ﬁdelissimi
2745 873 2820 928 tui
2859 871 3186 942 colloquium
3228 879 3285 926 et
3322 869 3611 925 consilium
3658 883 3751 922 ex-

2159 966 2447 1036 petemlum
2480 963 2688 1029 censui,
2717 979 2823 1018 non
2870 973 2929 1018 ut
2969 963 3231 1033 cujusque
3280 960 3748 1026 Normannorum,

2161 1069 2254 1133 seu
2310 1054 2614 1123 aliquorum
2673 1052 2951 1109 hominum
3003 1052 3279 1107 interitum
3333 1060 3585 1124 optarem
3657 1058 3752 1104 aut

2163 1157 2395 1204 mortem
2451 1155 2762 1213 tractarem,
2791 1147 2885 1201 sed
2915 1154 2972 1200 ut
3015 1145 3207 1199 saltem
3260 1146 3502 1200 humano
3545 1153 3754 1198 terrore

2164 1240 2568 1310 resipiscerent,
2613 1237 2705 1308 qui
2737 1237 2918 1292 divina
2941 1235 3147 1305 judicia
3179 1236 3404 1291 minime
3429 1234 3752 1290 formidant.

2164 1332 2550 1390 lntereanobis
2580 1347 2768 1387 eorum
2827 1329 3182 1400 pertinaciam
3239 1329 3465 1385 salutari
3498 1327 3754 1382 admonio

2167 1425 2310 1480 tione
2332 1423 2580 1494 frangere
2603 1421 2960 1490 tentantibus,
2977 1429 3033 1476 et
3058 1419 3163 1474 illis
3193 1435 3260 1474 ex
3280 1419 3511 1474 adverso
3536 1431 3756 1473 omnem

2167 1513 2559 1584 subjectionem
2591 1511 2714 1567 ﬁcte
2767 1511 3169 1582 pollicentibus,
3225 1509 3507 1580 repentino
3548 1508 3752 1577 impetu

2167 1605 2484 1661 comitatum
2509 1611 2753 1658 nostrum
2782 1603 3204 1674 aggrediuntur;
3255 1600 3353 1656 sed
3384 1609 3443 1654 et
3479 1600 3662 1654 adhuc
3690 1599 3758 1653 de

2169 1697 2392 1752 victoria
2417 1713 2511 1752 sua
2544 1696 2720 1766 potius
2741 1695 3030 1750 tristantur
3068 1709 3231 1764 quam
3283 1693 3560 1748 laatantur.
3603 1692 3761 1748 Sient

478 1799 600 1837 rum
627 1784 811 1839 domui
849 1785 1128 1856 apostolici
1167 1787 1350 1842 venire
1379 1783 1782 1853 detrectaverit,
1809 1790 1914 1844 imo
1927 1790 2070 1844 sedi-
2101 1792 2144 1851 Β
2171 1789 2316 1843 enim
2347 1798 2433 1842 tua
2467 1787 2640 1857 pictas
2670 1787 2911 1842 scribere
2938 1785 3152 1840 curavit
3183 1785 3251 1840 ad
3293 1794 3533 1840 nostram
3560 1798 3759 1838 conso-

484 1876 687 1930 tioacm
718 1876 856 1947 vulgi
872 1885 1197 1933 contraeuui
1229 1880 1558 1945 incitavcrit,
1592 1884 1794 1935 amicos
1821 1879 2074 1938 etaﬁlnes

479 1969 651 2039 ipsius
722 1970 1019 2027 honoribus
1082 1972 1323 2043 privatos
1387 1988 1416 2026 a
1486 1973 1688 2044 palatio
1753 1975 2071 2042 climinavit,

483 2075 781 2135 contraque
841 2065 1012 2134 ipsum
1061 2081 1230 2136 usque
1281 2070 1330 2120 in
1365 2065 1524 2121 finem
1556 2084 1749 2139 graves
1799 2069 1907 2122 iras
1941 2067 2074 2122 reti-

490 2155 627 2210 ttuit.

557 2244 626 2301 Χ.
650 2245 930 2318 Expeditio
950 2250 1002 2304 in
1029 2249 1411 2306 Nortmanuos.
1446 2249 1898 2306 Nortmunuorum
1927 2251 2078 2306 steri-

488 2341 889 2398 tia.—lnterea
913 2342 1192 2414 piissimus
1215 2355 1400 2415 pastor
1445 2345 1710 2401 sollicitus
1737 2361 1835 2415 pro
1879 2346 2077 2402 ovibus

489 2435 591 2490 sibi
613 2451 644 2490 a
666 2436 776 2491 Deo
795 2436 1040 2501 creditis,
1054 2435 1380 2493 acclementi
1403 2437 1696 2494 condolens
1711 2437 1902 2493 affectu
1928 2438 2080 2492 inau-

486 2531 615 2585 dit-12
627 2530 901 2588 afllictioni
915 2531 1155 2602 Apuleite
1165 2532 1366 2602 gentis,
1383 2531 1610 2588 collecto
1622 2531 1900 2602 aliquanto
1911 2529 2080 2587 comi-

490 2632 626 2684 tatu,
646 2631 859 2677 rursum
876 2623 1044 2678 movit
1066 2624 1167 2678 iter
1183 2639 1370 2678 versus
1383 2623 1772 2690 Beneventum,
1795 2622 1942 2678 nisus
1964 2637 2080 2677 om-

489 2713 722 2767 nimodis
761 2710 1193 2769 Nortnannorum
1230 2714 1582 2768 saevissimum
1626 2713 1876 2785 mitigare
1914 2713 2083 2783 impc-

491 2812 626 2857 tum.
660 2801 774 2859 Non
811 2816 897 2860 est
925 2815 1168 2862 nostrum
1201 2806 1519 2879 lacrymosis
1564 2807 1869 2877 expendere
1901 2805 2082 2861 verbis

489 2897 619 2967 quid
657 2898 758 2952 sibi
789 2898 843 2954 in
889 2899 992 2955 hoc
1032 2899 1226 2954 itinere
1283 2899 1591 2968 contigerit,
1629 2898 1758 2955 dum
1788 2899 1902 2970 ipse
1932 2897 2082 2954 brevi

489 2987 692 3058 scripto
719 2987 832 3059 (5!)
860 2989 2087 3062 imperatoriConstantinopolitanocunctaiu-

495 3079 886 3135 timaverit.Ait
909 3082 1054 3136 enim
1072 3081 1213 3137 inter
1233 3083 1334 3137 alia
1361 3100 1374 3137 :
1405 3101 1423 3134 ‹
1455 3081 1547 3136 llla
1570 3082 1950 3144 sollicitudine,
1978 3097 2082 3152 qua

2175 1880 2452 1944 lationem,
2506 1893 2605 1950 pro
2654 1878 2755 1934 ista
2785 1893 2881 1933 sua
2925 1877 3347 1948 praesumptione
3387 1876 3654 1946 majorem
3706 1875 3762 1928 in

2175 1972 2423 2042 proximo
2448 1978 2763 2041 exspectant
2793 1970 2896 2025 sibi
2924 1979 3375 2041 superventuram
3430 1969 3764 2038 indignatio-

2176 2074 2324 2125 nem,
2351 2067 2472 2129 post
2501 2058 2646 2112 illam
2681 2074 2838 2127 quam
2863 2059 3072 2129 experti
3100 2068 3224 2113 sunt
3253 2073 3364 2113 sua:
3385 2068 3630 2114 catervae
3684 2058 3766 2111 di-

2177 2148 2683 2206 minutionem.Nos
2707 2163 2943 2220 quoque,
2967 2149 3207 2204 divinum
3237 2148 3563 2218 adjutorinm
3592 2147 3765 2201 affore

2176 2243 2230 2295 et
2252 2238 2552 2294 humanum
2589 2254 2696 2294 non
2729 2238 2915 2295 defore
2935 2239 3291 2304 confidentes,
3332 2239 3400 2294 ab
3437 2239 3542 2293 hac
3574 2248 3766 2294 nostra

2179 2328 2478 2385 intentione
2501 2329 2792 2385 liberanda:
2818 2329 3246 2386 Christianitatis
3287 2345 3392 2384 non
3424 2328 3769 2391 deficiemns,

2181 2437 2278 2476 nec
2326 2421 2577 2476 dabimus
2646 2420 2886 2490 requiem
2940 2419 3272 2490 temporibus
3335 2418 3536 2473 nostris
3587 2415 3769 2490 (Ρειιι.

2179 2527 2364 2577 cxxxr,
2400 2511 2478 2583 5),
2510 2511 2610 2566 nisi
2637 2527 2761 2567 cum
2799 2511 2986 2582 requie
3010 2519 3212 2566 sanctae
3249 2509 3508 2565 Ecclesia:
3543 2509 3770 2581 pericli-

2183 2605 2364 2659 tantis.
2398 2623 2418 2656 ι
2451 2604 2519 2658 Ει
2543 2605 2657 2658 lucc
2682 2603 2897 2674 quidem
2923 2603 3154 2658 donmus
3182 2602 3531 2673 apostolicus.

2256 2693 2343 2748 XI.
2380 2691 2486 2748 Per
2513 2693 2708 2748 medios
2733 2692 2904 2747 hostes
2923 2709 3058 2763 papa
3087 2692 3273 2745 transit
3302 2690 3522 2744 illwsus.
3552 2688 3774 2744 Occiso-

2185 2803 2298 2840 rum
2331 2786 2518 2856 funera
2541 2799 2708 2840 curnt.
2739 2814 2810 2824 —-
2833 2786 3014 2855 Itaque
3049 2785 3282 2856 pessima
3314 2799 3448 2853 gens
3490 2781 3774 2837 Norman-

2185 2892 2400 2941 normn,
2425 2887 2642 2946 peracta
2673 2875 2819 2930 crede
2872 2873 3088 2930 familiae
3127 2873 3398 2928 mitissimi
3431 2887 3603 2943 papre,
3660 2889 3772 2928 non

2185 2969 2301 3024 sine
2333 2984 2527 3038 magno
2552 2968 2877 3023 detrimento
2899 2982 3144 3032 suorum,
3164 2966 3476 3038 aggreditur
3490 2967 3772 3036 oppidum,

2185 3060 2531 3116 Civitatulam
2557 3059 3015 3130 cognominatum,
3033 3057 3123 3112 ubi
3152 3058 3291 3112 idem
3317 3059 3527 3123 beatus,
3553 3058 3775 3127 ignarus

492 3171 1013 3228 omailinsEcclcsiis
1025 3172 1195 3228 debeo
1208 3173 1507 3244 invigilare,
1524 3174 1712 3229 videns
1724 3173 2081 3242 indisciplina-

2189 3169 2376 3208 corum
2445 3167 2566 3223 qnte
2609 3160 2728 3206 acta
2778 3159 2955 3217 erant,
3009 3149 3312 3207 tardantem
3375 3163 3536 3203 suum
3580 3161 3774 3218 exSpe—

496 3270 607 3314 tam
622 3267 675 3315 et
687 3259 918 3315 alienam
931 3270 1146 3332 gentem
1158 3260 1592 3316 Normannorum
1605 3263 1808 3318 crudeli
1819 3273 1874 3318 et
1887 3260 2091 3318 inaudi-

498 3358 554 3402 ta
571 3349 782 3405 rabieet
798 3350 1080 3420 plusquam
1101 3366 1309 3422 pagana
1331 3351 1608 3421 impietate
1629 3352 1888 3408 adversus
1911 3355 2091 3410 Eccle-

498 3444 636 3498 siam
670 3443 762 3499 Dei
787 3445 1086 3516 insurgere,
1117 3444 1318 3514 passim
1336 3445 1676 3501 Christianus
1709 3447 2004 3512 trucidare,
2037 3459 2091 3504 et

477 3537 793 3593 nonnullos
815 3539 968 3595 novis
995 3537 1454 3608 borribilibusque
1489 3539 1774 3596 tormentis
1810 3555 1980 3611 usque
2023 3541 2088 3596 ad

501 3631 857 3688 defectionem
873 3631 1067 3688 animm
1085 3631 1342 3704 afﬂigere,
1360 3647 1458 3688 nec
1472 3631 1660 3688 infanti
1675 3640 1767 3686 aut
1779 3633 1895 3688 seni
1908 3647 2002 3688 seu
2019 3631 2094 3688 fe-

501 3723 694 3778 minae
720 3719 994 3793 fragilitati
1014 3723 1200 3793 aliquo
1219 3722 1572 3778 humanitatis
1585 3731 1828 3794 respectu
1845 3738 2092 3793 parcere,

501 3827 603 3870 nec
629 3815 772 3870 inter
790 3824 1036 3872 sanetmn
1049 3825 1103 3871 et
1117 3813 1400 3886 profanum
1416 3813 1650 3884 aliquam
1663 3814 1976 3870 distantiam
1992 3815 2095 3870 ha-

502 3908 653 3972 bere,
673 3917 982 3961 sanctorum
1000 3905 1254 3962 basilicas
1268 3903 1524 3976 spoliare,
1541 3903 1831 3960 incendere
1843 3913 1898 3960 et
1914 3905 1985 3960 ad
2009 3920 2096 3961 so-

483 3997 616 4054 lum
645 4014 816 4071 usque
832 3997 1071 4067 diruere,
1110 4001 1408 4071 sepissime
1432 3998 1846 4075 perversitatem
1874 3995 1993 4068 ejus
2007 4012 2097 4053 re-

507 4090 729 4160 dargui;
764 4091 1092 4160 commonui,
1127 4093 1428 4156 obsecravi,
1453 4089 1771 4164 praedicavi;
1797 4099 2099 4161 opportune

512 4171 926 4252 importuneqne
965 4183 1163 4247 institi;
1208 4193 1470 4239 terrorem
1516 4182 1711 4237 divina:
1747 4189 1802 4236 et
1851 4181 2100 4234 Intmatiae

508 4273 763 4329 vindicta:
777 4257 1110 4339 denuntiavi.
1125 4272 1389 4344 Sedquia,
1408 4272 1548 4327 sicut
1563 4270 1789 4341 Sapiens
1805 4267 1877 4323 ait
1899 4287 1912 4322 :
1930 4267 2100 4322 Nemo

509 4374 680 4438 potest
700 4365 958 4435 corrigere
977 4381 1132 4436 quem
1155 4364 1291 4418 Deus
1309 4364 1598 4434 despexerit
1623 4362 1847 4432 (Eccles.
1865 4376 1962 4438 vit,
1977 4358 2064 4432 14)
2083 4377 2096 4425 ;

512 4436 606 4510 eti:
640 4473 658 4505 ι
689 4453 898 4510 Stultus
924 4443 1100 4510 verbis
1127 4443 1232 4509 non
1257 4454 1550 4525 corrigitur
1569 4452 1752 4524 (Prov.
1780 4436 1931 4516 xviii,
1956 4452 2042 4521 2),
2076 4473 2093 4505 ι

2189 3247 2373 3302 ctal:at
2399 3245 2740 3300 comitatum.
2771 3243 2872 3310 Qui
2911 3258 3034 3296 cum
3060 3242 3406 3296 imminentes
3432 3241 3619 3296 hostes
3655 3254 3774 3295 cer-

2191 3349 2345 3395 neret
2374 3349 2430 3393 et
2458 3337 2587 3406 quid
2623 3337 2736 3391 suis
2790 3335 3105 3405 contigisset
3157 3335 3506 3406 intelligeret,
3551 3348 3678 3389 cum
3710 3348 3772 3387 ea

2192 3446 2311 3500 qua:
2340 3429 2441 3484 sibi
2472 3434 2808 3482 remanserat.
2842 3425 3160 3480 clericorum
3185 3424 3492 3494 frequentia
3533 3432 3771 3492 ereptum

2195 3525 2298 3577 iter
2325 3539 2516 3578 versus
2543 3521 2906 3576 Beneventum
2929 3519 3184 3589 arripuit,
3208 3527 3262 3572 et
3283 3518 3497 3574 cunctis
3526 3517 3772 3573 hostibus

2195 3617 2456 3679 aatonitis,
2487 3616 2640 3686 quasi
2667 3615 2748 3669 leo
2766 3613 3064 3679 confidens,
3087 3613 3292 3682 absque
3320 3621 3526 3666 terr-ure
3547 3626 3646 3680 per
3669 3625 3774 3664 me-

2195 3711 2342 3764 dium
2375 3709 2586 3763 illorum
2628 3707 2860 3763 transiit.
2895 3706 3035 3778 Ergo
3077 3716 3185 3761 tam
3230 3704 3606 3760 admirandam
3656 3717 3778 3773 per-

2198 3798 2494 3872 pendentes
2555 3796 2960 3860 confldcntiam,
3019 3795 3242 3850 mutatis
3289 3794 3511 3859 animis,
3561 3793 3612 3846 in
3663 3793 3780 3862 ejus

2197 3899 2327 3944 sunt
2367 3888 2614 3944 conversi
2642 3887 3020 3957 obsequclam;
3045 3883 3197 3952 cujus
3227 3883 3535 3940 osculantes
3555 3881 3780 3952 vestigia

2200 3982 2301 4036 sibi
2335 3979 2657 4035 immeritam
2695 3977 3058 4048 deposcebant
3109 3975 3515 4042 indulgentiam.
3577 3965 3783 4039 Quibus

2201 4074 2284 4128 vir
2317 4081 2562 4135 sanctus,
2587 4084 2755 4140 pauca
2778 4069 2990 4124 locutus
3019 4081 3115 4138 pro
3143 4074 3402 4136 tempore,
3435 4063 3569 4132 ipsis
3593 4063 3780 4116 deser-

2201 4164 2473 4219 vientibus
2497 4161 2700 4216 studuit
2729 4159 2919 4215 funera
2944 4173 3208 4214 caesorum
3243 4156 3540 4211 honorifice
3578 4169 3780 4225 procu—

2205 4273 2346 4321 rare,
2375 4255 2645 4311 tumulans
2674 4270 2738 4309 ea
2764 4254 2816 4308 in
2845 4253 3020 4309 vicina
3060 4250 3288 4308 ecclesia
3325 4249 3393 4304 ab
3445 4247 3671 4316 antiquo
3702 4246 3782 4300 di-

2205 4349 2332 4404 ruta’
2355 4359 2614 4419 tempore.
2653 4347 2720 4401 Et
2747 4346 3002 4416 quoniam
3034 4360 3130 4415 pro
3156 4343 3260 4399 ﬁde
3289 4341 3493 4397 Christi
3543 4340 3786 4393 amicta:-

2205 4460 2308 4512 que
2330 4442 2506 4512 gentis
2553 4439 2874 4495 liberatione
2921 4439 3171 4494 devotam
3215 4443 3444 4489 mortem
3498 4430 3784 4485 voluerunt

515 4549 654 4616 adeo
671 4546 939 4604 obstinata
971 4555 1027 4601 et
1053 4544 1317 4600 obdurato
1363 4523 1478 4612 ejus
1523 4523 1728 4599 malitia
1780 4545 2096 4614 permansit,
2132 4549 2177 4607 ι)
2205 4538 2406 4602 subire,
2434 4534 2822 4604 multiplicibus
2861 4530 3282 4587 revelationibas
3318 4523 3645 4608 monstravit
3688 4535 3783 4576 eos

513 4651 576 4695 ut
595 4640 663 4694 de
683 4640 769 4694 die
802 4639 853 4693 in
877 4639 1018 4693 diem
1043 4638 1266 4694 adderet
1296 4638 1477 4709 pejora
1503 4636 1774 4706 pessimis.
1812 4635 1966 4691 Unde
1987 4651 2092 4689 non

515 4743 726 4789 tantum
757 4727 1026 4788 citeriora
1055 4733 1194 4786 bona
1217 4746 1315 4800 pro
1345 4725 1665 4785 liberatione
1684 4728 1866 4782 ovium
1892 4727 2096 4783 Christi

516 4825 745 4895 cupiens
807 4822 1150 4894 impendere,
1209 4832 1304 4877 seu
1359 4819 1756 4891 superimpendi
1805 4820 1919 4890 ipse
1976 4835 2099 4888 per-

517 4927 731 4987 optans,
747 4917 919 4972 visum
943 4925 1025 4970 est
1049 4915 1178 4970 mihi
1201 4914 1267 4970 ad
1291 4913 1655 4969 testimonium
1681 4911 1933 4983 nequitiae
1956 4911 2100 4979 ipso-

519 5028 638 5065 rmn
667 5010 800 5065 nihil
827 5010 905 5064 sic
931 5008 1191 5078 evpedire
1215 5005 1280 5060 ad
1323 5005 1716 5074 repressionem
1744 5002 2101 5058 contumacia:

523 5100 636 5168 (Ἑν.)
677 5116 839 5169 quam
881 5099 1172 5153 humanam
1221 5097 1584 5152 defensionem
1618 5093 1981 5164 undecunque
2015 5103 2099 5147 at-

523 5189 841 5222 Ιι--ιιιοιι.1ηιιι
869 5187 984 5222 fama
1037 5189 1258 5222 n-arlinnc
1297 5188 1363 5222 σιΙι
1409 5187 1658 5222 ΑηΛαΙΛΙΑ
1693 5187 1961 5222 ηνῖηηῖηηα
1995 5200 2099 5222 nnn

2204 4627 2380 4682 divina
2432 4623 2603 4696 gratia
2639 4625 2698 4678 'in
2725 4623 2933 4678 cmlesti
2965 4637 3132 4692 regno
3160 4617 3475 4690 perenniter
3520 4601 3781 4684 gaudere.

2204 4720 2338 4773 Nam
2365 4728 2420 4772 et
2450 4718 2548 4788 ipsi
2573 4717 2800 4771 diversis
2825 4715 2998 4771 modis
3024 4729 3144 4769 sese
3179 4711 3534 4767 ostenderunt
3576 4705 3780 4762 Christi

2205 4809 2472 4874 frielibus,
2524 4811 2764 4864 dicentes
2814 4823 2872 4862 se
2920 4824 3024 4861 non
3050 4820 3170 4860 esse
3210 4803 3476 4872 lugendos
3504 4800 3780 4868 exsequiis

2207 4901 2546 4967 funebribus,
2577 4903 2684 4956 imo
2719 4903 2768 4955 in
2799 4915 3030 4971 superna
3055 4897 3222 4969 gloria
3246 4895 3450 4952 sanctis
3471 4893 3787 4961 conjunctos

2208 4995 2556 5066 martyribus.
2589 4994 2669 5048 Ab
2691 4994 2894 5048 eisdem
2933 5003 3152 5060 quoque
3177 4990 3390 5044 illorum
3420 4983 3782 5041 interfectori-

2207 5090 2308 5144 bus
2344 5100 2510 5156 super
2542 5086 2688 5155 ipsos
2713 5091 2976 5138 restructa
3023 5089 3246 5137 venusto
3275 5093 3440 5149 opere
3469 5075 3684 5131 basilica
3715 5088 3779 5127 ac

2205 5180 2464 5220 nnnninnn
2524 5179 2631 5220 nm
2657 5175 3002 5220 ςιιννίρηιίιιηι
3037 5171 3231 5220 ibidem
3256 5177 3564 5220 auureaata.
3591 5163 3773 5217 omni-
