4010 5328
234 310 343 418 an

1190 366 1484 428 moneo.
1526 403 1589 412 -
1627 370 1783 428 vm
1823 330 2185 430 sfieosts.
2223 406 2288 415 —
2327 373 2453 433 ua.
2494 377 2556 435 ιι.

3406 356 3510 436 5’02

242 497 442 537 norum
489 484 575 540 his
629 485 890 541 exterrita
940 486 1127 557 gestis,
1182 489 1503 545 crudelitate
1562 487 1827 559 deposita,
1857 490 1908 550 Α
1940 503 2029 542 rus
2084 490 2402 560 subreperet
2460 490 2749 563 superbiae,
2799 505 2901 548 noc
2952 490 3120 548 voluit
3181 488 3353 548 latere
3416 493 3511 548 mi.

240 574 495 644 papulas,
523 576 721 645 quibus
749 579 1116 645 cohabitabat,
1149 596 1212 635 cx
1251 588 1382 636 tunc
1425 588 1483 636 ut
1508 579 1836 651 compatrio-

241 672 336 722 sas
361 668 705 726 amicabilius
734 671 1006 736 tractavit,
1030 688 1094 728 ac
1129 674 1421 729 venerabili
1452 688 1623 745 papm,
1657 672 1837 746 quoad

246 756 406 821 visit,
433 758 488 811 iu
513 760 665 815 omni
692 760 1026 830 subjectioue
1057 761 1290 817 fideliter
1323 763 1639 819 deservivit.

323 851 579 922 XIIJ'Ijus
591 854 681 923 pia
701 856 968 909 exercitia.
986 855 1314 927 Scripturam
1326 872 1531 911 sacram
1547 853 1728 910 Grece
1742 858 1837 910 ad-

246 944 426 998 discit.
444 945 777 1002 —Eximius
788 957 971 1002 autem
990 959 1175 1018 pastor
1193 947 1562 1004 Beneventum
1584 947 1834 1013 veniens,

247 1036 385 1106 ipsis
416 1026 744 1094 Nonnannis
771 1038 934 1094 etiam
958 1037 1177 1107 injussis
1215 1054 1313 1110 per
1342 1047 1511 1094 totum
1542 1038 1648 1093 iter
1668 1037 1835 1094 obse-

248 1127 509 1198 quialiter
536 1128 689 1184 illum
719 1131 1130 1196 comitantibus,
1173 1147 1282 1186 non
1316 1131 1529 1187 modico
1559 1130 1669 1187 illic
1704 1131 1836 1186 anni

247 1219 430 1288 spatio
470 1228 559 1274 est
586 1230 979 1286 commoratus,
1020 1221 1373 1291 semetipsum
1430 1220 1636 1276 sanctis
1682 1234 1837 1275 exer-

248 1324 386 1367 cens
409 1311 730 1374 virtutibus,
751 1311 1035 1382 patientia,
1071 1310 1285 1384 vigiliis,
1309 1311 1532 1381 jejunits
1557 1319 1611 1368 et
1638 1310 1840 1370 oratio—

247 1404 434 1459 nibus.
464 1402 749 1473 Siquidem
770 1418 984 1459 omnem
1015 1404 1138 1459 lecti
1182 1403 1464 1459 mollitiem
1512 1403 1832 1475 refugiebat,

246 1495 371 1559 sed,
416 1504 634 1566 sumpto
663 1496 733 1551 ad
760 1511 982 1552 carnem
1012 1496 1191 1552 cilicio
1232 1505 1287 1551 et
1322 1497 1485 1567 tapeti
1539 1507 1701 1553 terra:
1747 1495 1835 1550 in-

248 1595 432 1642 strato
459 1589 753 1652 recubans,
805 1586 968 1656 capiti
1015 1585 1191 1658 lapide
1233 1586 1501 1657 apposito,
1558 1583 1840 1641 nocturnis

245 1678 408 1734 horis
428 1678 706 1749 paululum
728 1680 901 1735 somni
923 1681 1249 1747 insumebat,
1266 1681 1644 1751 reliquumque
1664 1680 1839 1734 noctis

248 1773 492 1842 spatium
526 1787 651 1827 cum
676 1772 872 1844 integri
908 1773 1286 1828 decantatione
1314 1771 1561 1827 Psalterii
1590 1787 1655 1827 ac
1682 1772 1839 1826 innu-

1938 578 2217 644 raculum;
2266 588 2449 637 tamen
2500 596 2609 638 non
2662 581 2874 655 absque
2917 587 2977 639 re
3032 584 3132 640 sub
3167 592 3315 639 tanta
3365 598 3508 640 com~

1937 670 2231 725 minatione
2276 668 2441 738 jussit
2509 669 2816 739 huiusmodi
2872 670 3037 728 celari
3085 668 3308 729 factum.
3369 672 3511 728 Rur-

1938 775 2031 816 sus
2073 760 2305 830 quodam
2349 760 2439 817 die
2504 760 2700 817 ibidem
2765 760 2915 817 solus
2972 776 3096 817 cum
3150 761 3266 819 solo
3310 760 3510 818 clerico

1938 862 2140 909 sancta:
2187 852 2497 924 psalmodire
2550 852 2872 919 insistebat,
2923 865 3044 909 cum
3109 868 3236 910 ecce
3291 854 3511 925 quidam

1939 945 2172 1000 rusticus
2217 959 2399 1000 secum
2447 943 2693 1000 insanam
2744 942 3014 1000 deducens
3063 942 3225 999 tiliam
3276 944 3513 999 advene-

1939 1045 2071 1102 rat;
2130 1051 2290 1107 quam
2340 1036 2616 1093 multoties
2664 1032 2901 1110 pessimo
2952 1036 3193 1108 torqueri
3247 1036 3516 1091 daemonio

1938 1129 2235 1199 suspiriose
2276 1128 2565 1195 clamabat,
2608 1129 2833 1201 ejusque
2876 1127 3085 1183 meritis
3130 1122 3347 1183 liberali
3394 1110 3517 1181 cum

1940 1217 2195 1290 lacrymis
2219 1217 2566 1289 deposcebat.
2596 1216 2763 1287 Cujus
2805 1218 3060 1289 precibus
3084 1216 3206 1287 pius
3230 1210 3383 1287 pater
3405 1216 3520 1271 ditt-

1943 1306 2049 1362 tius
2074 1307 2253 1363 nitens
2284 1306 2687 1372 contradicere,
2709 1307 2874 1378 jussit
2902 1321 3025 1361 eum
3072 1300 3381 1362 sanctorum
3410 1301 3521 1361 suf-

1942 1398 2111 1471 fragia
2132 1441 2147 1465 ,
2174 1415 2404 1470 quorum
2435 1399 2735 1455 innumera:
2764 1398 2836 1454 ibi
2867 1398 3217 1455 continentur
3247 1396 3518 1477 reliquiae,

1941 1492 2168 1563 supplici
2221 1501 2349 1546 voto
2395 1506 2645 1547 exorare.
2697 1490 2806 1547 Sed
2855 1491 3093 1547 rusticus
3144 1491 3198 1545 in
3246 1480 3524 1561 proposito

1940 1581 2265 1647 obstinatus,
2295 1580 2404 1635 imo
2432 1579 2485 1634 in
2517 1578 2702 1636 solida:
2743 1579 2863 1634 fidei
2895 1578 3189 1635 stabilitate
3241 1579 3521 1642 firmatus,

1942 1670 2156 1726 dicebat
2199 1684 2258 1725 se
2307 1668 2503 1724 exinde
2546 1685 2655 1725 non
2686 1684 3027 1725 recessurum
3063 1668 3235 1723 donec
3289 1666 3405 1736 ejus
3434 1664 3527 1721 be—

1943 1761 2247 1817 nedictione
2266 1760 2508 1815 divinum
2534 1767 2937 1830 promereretur
2956 1758 3238 1813 auxilium.
3254 1758 3434 1828 Itaque
3448 1758 3529 1809 vir

252 1882 407 1920 mera
433 1881 668 1937 genuum
704 1864 993 1921 inﬂexione
1042 1866 1387 1921 excurrebat.
1435 1865 1581 1919 Idem
1620 1880 1836 1936 quoque
1873 1836 1923 1897 Β
1948 1863 2192 1917 Sanetus.
2222 1851 2392 1922 ἱρείυε
2413 1850 2823 1921 ίηὶροτιυηίωῑθ
2848 1851 3118 1916 ἀθνίεῑυευ
3142 1850 3369 1921 ΒῨ³¹¹¹¹¹¹¹
3397 1847 3526 1904 Salis

249 1955 579 2011 Psalterium
608 1970 711 2027 per
737 1955 978 2026 singulos
1008 1963 1258 2026 repetens
1284 1956 1400 2013 dies
1427 1970 1551 2012 cum
1573 1955 1845 2011 oblatione

248 2047 425 2101 divini
448 2046 727 2111 sacriﬁcii,
750 2063 967 2102 cursum
995 2047 1370 2118 multiplicium
1392 2048 1703 2104 orationum
1763 2047 1845 2101 in-

252 2136 838 2207 defessetrausigebat.
869 2136 1003 2193 Illud
1032 2137 1195 2191 etiam
1223 2147 1341 2192 erat
1370 2138 1424 2192 in
1446 2152 1511 2194 eo
1535 2136 1846 2192 mirandum

249 2230 428 2299 quod,
466 2228 605 2283 ultra
635 2229 1155 2301 quinquagenarius,
1193 2237 1345 2284 tanto
1372 2228 1616 2285 fervebat
1665 2227 1847 2283 studio

255 2329 317 2373 ut
345 2320 656 2375 divinarum
689 2320 973 2376 lectionem
1006 2319 1412 2390 Scripturaruzn
1448 2319 1638 2376 ϐαξξςο
1692 2317 1848 2374 addi-

253 2419 437 2466 sceret
484 2411 725 2482 eloquio.
760 2412 826 2466 Et
871 2410 1127 2481 quoniam
1180 2412 1485 2468 visceribus
1534 2411 1756 2482 pietatis
1790 2419 1847 2465 et

258 2504 648 2560 misericordia:
700 2520 861 2575 supra
919 2520 1082 2576 quam
1138 2505 1287 2560 credi
1344 2513 1522 2575 potest
1570 2502 1844 2567 aﬂluebat,

259 2593 546 2650 innumera
598 2612 899 2667 pauperum
942 2596 1231 2651 multitudo
1281 2596 1548 2652 indefesse
1610 2596 1677 2651 ad
1729 2595 1848 2666 ejus

256 2684 569 2756 largitatem
627 2688 968 2753 accurrebat,
1017 2687 1216 2759 quibus
1270 2689 1473 2758 absque
1521 2687 1848 2744 discretione

260 2780 571 2834 necessaria
602 2780 966 2835 ministrabat.

330 2866 468 2922 XIII.
492 2868 779 2940 Leprosttm
793 2872 847 2925 in
859 2888 954 2925 suo
977 2872 1106 2925 lecto
1121 2869 1361 2925 collocat.
1378 2870 1766 2926 Da’mouiacam
1784 2870 1852 2924 li-

259 2959 431 3014 berat.
449 2959 821 3031 —-IIisitaque
834 2962 935 3032 piis
950 2962 1203 3018 insistens
1215 2963 1447 3029 actibus,
1463 2962 1589 3017 dum
1612 2964 1848 3032 quodaut

258 3065 384 3105 sero
410 3060 607 3106 cuncta
643 3050 761 3121 ejus
790 3052 992 3106 familia
1040 3067 1203 3107 causa
1249 3052 1499 3109 nocturni
1533 3052 1853 3108 secessisset

261 3143 497 3214 soporis,
530 3143 643 3214 ipse
664 3143 866 3214 praevio
895 3144 1097 3201 lumine
1122 3161 1245 3201 cum
1274 3160 1444 3216 puero
1466 3144 1851 3202 deambulabat

260 3248 359 3304 per
380 3250 612 3289 vacuum
643 3235 726 3290 sui
775 3233 957 3306 palatii
992 3238 1247 3308 spatium,
1275 3238 1516 3308 viditque
1546 3239 1600 3294 in
1647 3238 1843 3311 angulo

254 3325 534 3396 jacentetn
584 3328 854 3399 leprosum
891 3330 1078 3386 scissis
1119 3331 1425 3402 panniculis
1454 3347 1521 3388 ac
1573 3332 1846 3387 ulceribus

259 3420 519 3482 obsitum,
576 3418 749 3475 Iurida
807 3424 1090 3492 putredine
1152 3423 1417 3489 tabidum,
1484 3425 1599 3495 qui,
1679 3425 1846 3480 nimia

261 3526 482 3579 pressus
508 3511 846 3581 :rgritudine,
873 3515 1126 3584 nequibat
1151 3531 1395 3585 gressum
1413 3526 1629 3572 movere
1653 3519 1847 3588 vixque

259 3614 476 3675 pderat
504 3622 571 3659 ex
601 3606 761 3660 effeto
783 3624 1009 3677 corpore
1061 3609 1220 3665 verba
1249 3596 1512 3681 proferre.
1542 3611 1638 3665 Cui
1687 3626 1848 3666 vene-

261 3700 466 3753 randus
491 3709 649 3770 pater
670 3700 896 3771 genibus
934 3700 1110 3756 affixis
1135 3701 1226 3756 diu
1255 3711 1340 3757 est
1376 3701 1719 3758 familiariter
1770 3703 1848 3757 lo-

261 3798 446 3857 cutus,
497 3801 551 3846 et
583 3792 821 3864 propriis
860 3792 1159 3849 involutum
1212 3795 1457 3851 vestibus
1504 3796 1617 3850 suis
1667 3797 1849 3852 intulit

262 3884 507 3940 humeris
537 3887 606 3941 ad
646 3884 847 3941 lectum
886 3886 978 3956 qui
1008 3886 1111 3942 sibi
1139 3870 1433 3958 pontificali
1475 3903 1626 3945 more
1669 3888 1849 3944 fuerat

262 3984 632 4048 praeparatus;
656 3977 1094 4049 intrinsecusque
1116 3976 1302 4047 januis
1337 3979 1605 4035 obseratis
1642 3995 1707 4036 ac
1748 3981 1851 4035 mi-

264 4067 436 4122 nistm
451 4078 728 4139 soporato,
760 4068 875 4139 ipse
905 4070 1076 4125 solitae
1102 4070 1297 4147 institit
1330 4071 1645 4142 psalmodia:
1684 4074 1744 4129 in
1772 4074 1851 4131 vi-

260 4158 385 4213 cino
401 4159 658 4214 oratorio.
689 4158 918 4214 Demum
942 4170 1063 4232 post
1088 4161 1359 4219 diutinam
1399 4164 1590 4220 horam
1630 4174 1851 4243 assueto

264 4266 364 4305 rsu
400 4250 551 4307 humi
578 4251 879 4308 cubaturus
907 4254 1087 4321 rediit,
1134 4254 1406 4328 leprosum
1436 4272 1597 4328 quem
1635 4267 1852 4315 exstru-
1912 4320 1917 4325 _

264 4353 350 4397 czo
419 4340 695 4399 locaverat
777 4336 895 4399 toro
958 4344 1181 4401 minime
1240 4347 1482 4418 reperit,
1548 4349 1847 4406 excitatum

252 4447 492 4502 puerum
522 4433 831 4504 interrogat
860 4451 1119 4505 quorsum
1141 4454 1348 4511 pauper
1386 4439 1604 4496 abierit.
1632 4439 1730 4497 llle
1769 4453 1852 4499 at-

1946 1945 2001 2001 itt
2032 1945 2276 2014 proximo
2310 1955 2585 2014 repertum
2614 1943 2891 1998 benedixit
2914 1959 2980 1998 ae
3006 1943 3061 1997 in
3092 1942 3167 1998 os'
3184 1941 3376 2012 puella:
3405 1957 3528 1995 cum

1946 2034 2114 2091 divini
2161 2033 2501 2090 invocatione
2535 2033 2770 2089 nominis
2811 2032 3067 2104 projecit;
3120 2025 3374 2101 tuosque,
3420 2031 3530 2085 dae-

1948 2139 2120 2181 mone
2135 2141 2258 2181 cum
2284 2124 2576 2196 purulento
2616 2125 2842 2196 expulso
2875 2125 3166 2196 sanguine,
3196 2123 3353 2179 laetus
3377 2118 3532 2194 pater

1947 2234 2070 2273 cum
2095 2218 2299 2289 sospite
2345 2217 2454 2273 ﬁlia
2502 2217 2721 2273 domum
2753 2216 3054 2288 repedavit.
3083 2215 3314 2291 Possent
3350 2222 3532 2269 autem

1945 2306 2014 2363 de
2061 2309 2164 2363 hoc
2212 2316 2402 2363 sancto
2432 2307 2660 2378 plurima
2692 2306 3012 2361 admiranda
3047 2303 3268 2369 referri,
3299 2303 3393 2359 scd
3420 2312 3534 2358 stu-

1948 2398 2103 2454 dioso
2131 2406 2214 2453 est
2240 2397 2541 2452 cedendum
2571 2396 2796 2463 lectori,
2826 2395 2908 2451 vel
2936 2395 3217 2452 incredulo
3264 2391 3533 2456 auditori,

1949 2489 2177 2559 ideoque
2229 2488 2377 2543 brevi
2430 2487 2549 2557 ejus
2594 2496 2963 2544 memorantes
3010 2487 3333 2550 transitum,
3370 2483 3531 2538 linem

1949 2592 2128 2652 empto
2158 2581 2502 2652 imponamus
2528 2579 2702 2651 operi.
3191 2600 3195 2604 ›
3404 2586 3407 2595 ι
3498 2574 3507 2587 τ

2020 2696 2157 2753 ΧΝ.
2202 2695 2397 2751 Incidit
2428 2695 2482 2750 in
2514 2695 2751 2749 morbum
2781 2691 3081 2750 Beneventi.
3117 2689 3341 2747 Romam
3371 2689 3530 2744 venit.

1950 2784 2237 2841 Deducitnr
2276 2787 2345 2839 ad
2389 2781 2891 2840 oratorium.sattcli
2939 2780 3104 2835 Petri.
3157 2776 3284 2835 Oleo
3310 2794 3461 2833 sacro
3488 2786 3535 2830 rt

1952 2874 2291 2931 Eucharistia
2341 2874 2598 2932 munitur.
2650 2871 2792 2929 Obit.
2843 2871 3205 2942 Sepelitur.-—
3239 2868 3533 2953 Bonicrjo

1951 2964 2268 3022 certaminis
2283 2980 2446 3020 cursu
2464 2969 2863 3026 consummato,
2883 2957 3265 3047 abundantiori
3282 2971 3534 3047 superna:

1951 3057 2304 3115 beatitudinis
2339 3058 2393 3114 in
2421 3058 2546 3114 dies
2562 3055 2830 3113 aestuabat
2854 3036 3245 3155 desidct'ilonél,
3269 3036 3529 3139 tamtum?

1954 3166 2076 3208 cum
2102 3149 2268 3207 Paulo
2295 3148 2544 3207 diceret.:
2591 3148 2726 3205 Mihi
2770 3145 2998 3202 mundus
3034 3130 3533 3227 crticiﬁsu'srcstn‘et

1950 3261 2044 3313 ego
2088 3241 2285 3297 "tundo
2338 3236 2481 3314 (Gal.
2510 3238 2754 3311 ‘11,”),
2800 3238 2880 3313 sic
2932 3230 3172 3329 funditus
3201 3224 3534 3329 curisltttjus

1950 3336 2074 3390 vitae
2123 3334 2350 3391 curabat
2413 3329 2817 3411 abrenuntiare,
2868 3337 2927 3383 ut
2970 3316 3535 3423 iu"corporead_hti‘c

1950 3428 2158 3500 positus
2206 3426 2481 3481 videretur
2526 3424 2741 3480 beatam
2793 3421 3049 3493 angelica:
3100 3413 3535 3500 conversationis

1952 3490 2244 3590 puritatem
2267 3530 2543 3587 exercere.
2573 3512 2679 3568 Pro
2702 3510 3079 3593 defunctorum
3100 3490 3535 3599 quoquei‘requ‘ie

1954 3611 2389 3680 incdrruptorum
2436 3592 2905 3687 sacramentorum
2924 3606 2929 3609 ’
2948 3584 3310 3693 ‘c'elenbral‘tioni
3324 3584 3534 3693 ’Ἀεριῖιο

1953 3678 2290 3772 frequentius
2319 3698 2652 3770 invigilabat.
2711 3678 2777 3751 Et
2813 3678 3122 3773 quanquam
3148 3678 3534 3773 'liicdabdr'ei

1952 3793 2146 3850 fuisset
2171 3791 2475 3864 prtecipuus
2500 3798 2611 3846 toto
2637 3778 2879 3860 tempore
2898 3774 2987 3843 sui
3007 3766 3309 3861 iiicolat'tts',
3324 3780 3535 3869 ferven-

1956 3885 2079 3941 tiori
2121 3894 2299 3939 tamen
2348 3882 2527 3937 studio
2570 3888 2626 3936 et
2672 3877 2974 3961 copiosiore
3019 3874 3267 3957 votorum
3304 3870 3536 3951 numero

1955 3976 2239 4033 insistebat
2265 3986 2372 4029 tam
2405 3956 2815 4051 gl'orioso‘operi
2834 3962 2839 3967 ’
2860 3956 3003 4040 circa
3030 3958 3181 4051 diem.
3220 3958 3532 4051 suiobitt-Its.

1928 4052 2027 4147 Et.
2046 4065 2303 4138 quoniam
2326 4036 3015 4140 divinitatisprovidentia,
3040 4048 3154 4110 tum
3184 4036 3530 4145 indulgendo,

1956 4140 2069 4217 tum
2116 4155 2453 4213 verberando
2499 4160 2757 4235 operatur
2800 4144 3030 4235 salutem
3080 4146 3183 4205 sibi
3207 4140 3529 4235 obsequen-

1957 4250 2130 4313 tium,
2181 4247 2249 4302 ad
2295 4245 2514 4301 virtutis
2552 4222 2825 4300 euinulum
2875 4224 2999 4296 eum
3054 4244 3190 4293 adeo
3242 4228 3538 4323 Ilagellavit

1955 4338 2247 4415 alllietioue
2269 4337 2550 4413 salutifera
2573 4343 2651 4399 ut,
2676 4334 2888 4406 perdito
2908 4329 3086 4411 omnis
3110 4327 3221 4385 cibi
3238 4324 3532 4415 desiderio,

1958 4414 2248 4501 irrepentis
2293 4427 2466 4484 morbi
2497 4425 2648 4483 dolor
2671 4440 2795 4501 eum
2827 4423 3151 4501 conﬁrmare
3172 4425 3391 4490 cogeret
3416 4414 3537 4486 qua:

264 4498 465 4580 tonitus
489 4498 723 4581 cunctos
741 4498 937 4582 circuit
964 4498 1185 4601 angulos
1210 4498 1852 4596 domus,ostiorumsolli-
1879 4536 1931 4595 D
1957 4498 2087 4578 Olilll
2116 4530 2309 4607 5PM“?
2334 4518 2627 4601 εδετεθικιι
2645 4498 3064 4595 ἱέὶυηὶδοδοὶίυε
3092 4504 3539 4607 ιγιηιάιιεελροουιο

264 4615 372 4672 cite
400 4628 573 4673 tentat
599 4618 810 4685 aditus,
860 4621 953 4677 sed
1010 4622 1191 4680 omnia
1240 4624 1518 4682 inveniens
1570 4627 1849 4693 obserata,

263 4722 386 4760 cum
419 4724 631 4763 summa
661 4708 1022 4766 admiratione
1063 4714 1385 4784 regreditur.
1414 4715 1529 4771 Iloc
1557 4733 1688 4790 ergo
1710 4718 1854 4777 facto

265 4798 512 4868 stupidus
564 4798 807 4855 domnus
834 4801 1161 4871 apostolicus
1208 4805 1299 4860 dat
1344 4804 1488 4863 fessa
1539 4809 1854 4878 soporiferze

266 4888 433 4956 quieti
467 4890 743 4956 membra,
769 4900 827 4944 et
848 4891 1031 4949 nescio
1054 4893 1184 4963 quid
1225 4895 1391 4950 divini
1428 4898 1708 4955 insomnis
1735 4916 1855 4956 cer-

268 4996 420 5047 nens,
451 4997 616 5037 mane
649 4998 825 5053 puero
846 5000 966 5040 cum
998 4987 1235 5043 terrifica
1266 4978 1633 5048 admiratione
1686 4994 1855 5065 impe-

266 5081 347 5126 rat
384 5090 451 5129 ne
476 5074 590 5142 cui,
618 5076 803 5149 quoad
830 5079 1060 5145 viveret,
1094 5078 1201 5136 ullo
1223 5085 1382 5140 modo
1411 5084 1678 5155 panderet
1704 5086 1849 5156 quod

264 5180 311 5218 at
329 5177 441 5221 tum
493 5166 697 5223 fuerat.
758 5168 952 5237 Credo,
992 5170 1069 5225 illi
1126 5170 1178 5225 in
1223 5175 1430 5230 somnis
1475 5173 1745 5242 Christus,
1794 5186 1854 5232 ut

266 5258 422 5314 beato
447 5258 690 5318 Martiae
717 5262 983 5328 pontifici,
1005 5261 1124 5328 ejus
1147 5261 1361 5322 indutus
1400 5266 1642 5323 vestibus
1686 5284 1867 5328 anna-

1959 4624 2201 4693 marcido
2257 4620 2474 4693 corpori
2536 4618 2811 4692 praebente
2877 4610 3266 4693 sustentacula.
3290 4605 3540 4685 _,Interea

1958 4714 2341 4783 evolutoauni
2377 4714 2543 4778 orbe,
2577 4710 2816 4767 iusmbat
2859 4705 2979 4777 ejus
3022 4698 3383 4785 ordinationis
3427 4693 3543 4750 dies

1924 4807 2405 4871 .anniversarius,
2463 4803 2516 4857 in
2578 4814 2689 4872 quo
2748 4799 2908 4856 solito
2953 4792 3199 4877 devotius
3252 4785 3544 4869 quotannis

1957 4884 2179 4957 Christo
2231 4898 2336 4970 piis
2384 4893 2681 4969 insistebat
2729 4876 3007 4964 precibus.
3053 4883 3337 4970 Quamvis
3366 4876 3553 4970 itaque

1911 4989 1917 4996 ’
1958 4964 2609 5061 languorisiuvalescens
2648 4966 2899 5037 molestia
2930 4972 3139 5045 fatigati
3176 4968 3377 5061 divinis
3418 4964 3547 5061 ppu.-

1961 5052 2112 5136 nibus
2166 5079 2411 5150 corporis
2454 5070 2568 5143 jain
2611 5070 2923 5131 debilitaret
2957 5064 3289 5139 praecordia,
3344 5052 3573 5127 Spiritu.

1958 5183 2149 5232 sancto
2197 5166 2382 5227 tamen
2434 5167 2755 5235 roboratus,
2784 5186 2814 5225 θ
2847 5176 2953 5239 quo
2981 5165 3131 5213 totus
3165 5155 3284 5229 ejus
3316 5150 3561 5207 vineali-

1958 5264 2263 5328 rigebatur,
2315 5257 2550 5324 cursus,
2594 5271 2722 5312 cum
2774 5248 3085 5328 apostolica:
3114 5241 3400 5328 dignitatis
3463 5242 3564 5296 ho-
