4010 5328
478 274 587 332 505

1799 276 1858 333 ει
1902 277 2034 334 ιιιῐο
2064 278 2138 333 lx
2177 276 2375 339 PAPA;

3626 267 3736 325 se:

476 386 531 442 iu
581 385 779 442 divinis
805 387 1196 442 sacramentis.
1223 387 1577 456 obsequium,
1610 388 1777 458 quasi
1820 385 2052 443 vivificis
2084 395 2130 451 Δ
2157 396 2397 445 astantes
2426 387 2720 459 respiciens
2749 384 2972 458 singulis
3016 398 3116 454 pro
3150 382 3257 438 sibi
3299 380 3544 437 exhibito
3572 381 3737 435 obse-

478 479 783 539 valediccns
825 480 1134 551 mysteriis,
1180 480 1379 550 quibus
1425 495 1639 549 semper
1667 496 1727 536 se
1755 480 2058 553 prmbuerat

479 568 724 640 dignum.
755 566 1099 644 Certificatus
1123 577 1305 624 autem
1354 570 1421 624 de
1469 585 1580 624 sua:
1624 570 1923 626 vocationis
1949 579 2059 631 terg

478 659 889 731 mino,llomam
923 674 983 735 se
1014 660 1142 714 ferri
1168 658 1298 714 fecit
1324 660 1531 716 lectica:
1570 660 1839 716 vehiculo.
1869 660 1924 715 lu
1951 675 2060 731 quo

480 747 676 804 itinere
705 749 784 805 sic
809 765 932 804 eum
961 751 1271 805 conciliavit
1300 751 1557 805 divinitas
1589 767 1696 807 non
1725 751 1898 807 solum
1924 755 2059 817 suis,

477 855 669 917 verum
714 842 883 913 etiam
935 842 1019 896 his
1068 843 1159 915 qui
1220 858 1392 916 nuper
1443 842 1658 899 fuerant
1710 843 1946 909 inimici,
2006 852 2063 903 ut

479 932 695 1001 copiosa
724 948 817 1007 ma
836 949 916 1007 ius
944 932 1404 1000 Normanuorum,
1426 949 1563 1003 quos
1587 948 1748 1003 supra
1772 933 2059 1005 retulimus

482 1023 571 1078 diu
600 1039 721 1077 cum
770 1023 873 1079 hoc
916 1023 1032 1080 viro
1062 1024 1316 1081 habuisse
1363 1025 1675 1090 dissidium,
1706 1024 1870 1080 totius
1899 1023 2062 1080 animi

481 1113 848 1189 sincerissima
876 1115 1163 1172 devotione
1210 1131 1269 1172 se
1315 1117 1545 1172 inv'cem
1591 1117 1958 1185 prmvenirent
1997 1114 2067 1169 ad

485 1204 603 1272 ejus
635 1205 977 1275 obsequium.
1010 1206 1074 1260 Et
1103 1207 1327 1262 decebat
1355 1206 1540 1276 utique
1575 1205 1931 1273 fortissimum
1969 1204 2065 1260 de-

488 1292 758 1379 fensorem
791 1295 1117 1357 Chriszianre
1151 1296 1431 1371 religionis
1458 1304 1549 1364 ut,
1585 1296 1725 1366 regis
1755 1295 1836 1349 sui
1864 1293 2068 1348 Christi

490 1383 735 1440 aditurus
763 1384 978 1461 palatia,
1004 1385 1361 1457 deduceretur
1402 1385 1564 1440 nobili
1605 1383 1876 1454 triumpho
1902 1382 2070 1437 victo—

489 1475 618 1538 riae,
668 1484 944 1545 praeeunte
990 1476 1198 1532 scilicet
1244 1476 1483 1545 hostium
1516 1474 1631 1544 jam
1662 1473 2069 1543 Suhjugatorum

491 1564 863 1621 mansuefacta
902 1564 1270 1621 multitudine.
1318 1564 1727 1635 Aliquantulum
1765 1578 1897 1633 ergo
1927 1576 2072 1631 com:

489 1666 739 1713 moratus
771 1658 824 1712 in
852 1656 1210 1713 Laterancnsi
1241 1658 1467 1727 palatio,
1500 1655 1917 1729 prarstolabatur
1943 1654 2072 1724 quid

2156 480 2284 549 quio
2313 479 2518 550 gratias
2565 477 2783 542 retulit,
2815 476 3065 547 fessaque
3095 473 3334 529 membra
3381 472 3450 527 ad
3494 470 3742 540 requiem

2157 586 2490 642 componens
2541 569 2876 626 tolerabilius
2921 567 3080 623 solito
3133 580 3193 621 se
3242 564 3483 637 dolorem
3532 561 3749 616 sentire

2160 661 2451 733 perhibuit.
2497 660 2736 717 Credidit
2764 656 3227 715 circumstantium
3264 655 3502 710 fidelium
3549 651 3741 707 multi-

2161 755 2292 822 tudo
2320 771 2441 809 mox
2465 769 2587 810 eum
2611 752 2982 823 depositurum
3006 749 3187 804 carnis
3209 747 3455 810 exuvias,
3478 743 3746 813 suspirio-

2161 847 2346 919 sisquc
2374 845 2698 917 singultibus
2746 841 3109 915 proﬁciscenti
3150 841 3343 895 anima:
3372 842 3746 906 competentes

2163 935 2408 993 Solvebat
2429 935 2737 1005 exSequias.
2767 935 3008 1002 Quorum
3033 945 3192 986 voces
3217 929 3589 999 comprimens
3613 927 3748 979 hea-

2160 1034 2255 1089 tus
2284 1027 2407 1081 vir:
2440 1044 2459 1077 ι
2496 1024 2635 1091 Hoc,
2669 1025 2875 1094 inquit,
2900 1025 3045 1094 quod
3075 1036 3218 1076 nunc
3243 1020 3421 1089 agitur
3443 1015 3662 1071 differte
3692 1014 3749 1080 in

2166 1118 2354 1177 horam
2388 1117 2605 1171 tertiam
2634 1115 3055 1176 dieicrastinm,
3087 1117 3469 1181 exspectantes
3517 1104 3650 1175 quid
3683 1104 3752 1158 de

2168 1224 2255 1265 me
2278 1207 2513 1287 _placcat
2563 1207 2964 1277 omnipotentim
2998 1204 3108 1259 Dei.
3145 1222 3165 1255 ι
3202 1187 3546 1272 Vigilantiori
3591 1194 3754 1265 igiutr

2169 1299 2495 1373 affectione,
2524 1307 2741 1368 postero
2766 1299 2880 1363 die,
2915 1295 3087 1351 adfuit
3134 1294 3267 1349 hora
3315 1291 3474 1347 tertia
3525 1287 3752 1357 copiosa

2172 1389 2409 1449 fidelium
2457 1388 2788 1459 frequentia,
2824 1397 2880 1443 ct
2921 1387 3069 1441 circa
3115 1384 3302 1439 horam
3334 1395 3532 1436 nonam
3555 1419 3571 1442 ,
3607 1391 3756 1437 rese:-

2173 1482 2344 1542 lutum
2363 1496 2525 1536 carne
2557 1481 2806 1551 spiritum
2851 1478 3127 1547 malosque
3173 1484 3443 1543 petentem
3474 1471 3751 1525 deductmt

2173 1572 2640 1628 commendatione
2682 1564 3047 1625 devotissima.
3081 1564 3344 1620 Afllueute
3374 1569 3557 1616 autem
3592 1559 3758 1612 totius

2178 1664 2434 1718 Romana:
2482 1663 2654 1733 plebis
2698 1654 3081 1724 multitudine,
3128 1672 3248 1712 cum
3292 1670 3504 1711 summo
3552 1655 3758 1708 honore

490 1748 557 1803 de
583 1763 642 1803 sc
672 1756 940 1803 statueret
969 1748 1169 1802 interni
1197 1746 1408 1803 Judicis
1442 1746 1862 1802 clementissima
1892 1745 2072 1815 dispo-
2105 1733 2148 1809 Β
2177 1755 2292 1824 ejus
2319 1754 2602 1810 celebrata:
2631 1770 2657 1808 ε
2680 1761 2756 1807 .ut
2795 1752 3082 1821 exsequiie,
3117 1740 3202 1814 et,
3234 1749 3374 1803 sicut
3415 1748 3530 1816 ipse
3576 1745 3758 1814 dispo-

488 1837 635 1891 sitio.
663 1836 860 1892 Beatus
893 1845 1075 1891 autem
1124 1835 1349 1902 Petrus,
1402 1852 1509 1890 non
1545 1837 1828 1889 innnemor
1875 1833 2071 1889 diutini

480 1930 709 2013 sudoris
753 1945 859 2001 quo
887 1931 990 1986 sibi
1019 1930 1072 1984 in
1120 1932 1361 2000 regendo
1392 1931 1517 1987 ovili
1546 1930 1801 1985 Ecclesia:
1827 1905 2079 1985 adfuerat

479 2031 814 2090 .coo;;erator
848 2021 948 2102 'bic
993 2021 1077 2075 vir
1121 2014 1529 2087 n‘iemorabilis,
1559 2036 1680 2075 eum
1713 2021 1815 2075 sibi
1847 2020 2078 2093 vicinius

484 2114 817 2191 deliberavit
858 2111 1221 2185 conjungere.
1254 2122 1440 2182 utpote
1469 2112 1786 2184 participem
1837 2110 2078 2167 futurum

482 2203 770 2275 magnifici
818 2204 1043 2258 honoris
1092 2213 1147 2257 et
1176 2203 1364 2281 gloriae
1406 2218 1569 2271 quam
1601 2204 1797 2257 sunuui
1840 2202 2080 2273 Pastoris

480 2306 771 2373 praeeunte
792 2297 968 2369 gratia
992 2296 1249 2350 Romam}:
1268 2294 1563 2363 impertivit
1586 2293 1860 2350 Ecclesiae.
1887 2293 2081 2348 Divina

483 2390 680 2459 itaque
728 2386 1059 2453 revelatione
1088 2395 1174 2440 est
1205 2387 1430 2441 edoctus
1468 2386 1615 2455 quod
1646 2401 1752 2440 non
1785 2385 1920 2440 alias
1957 2399 2081 2457 eum

500 2486 804 2533 remaneret
836 2479 1016 2532 carnis
1047 2476 1337 2553 resolutio,
1375 2477 1475 2531 nisi
1509 2476 1563 2530 in
1596 2477 1730 2549 locis
1760 2477 1903 2531 beati
1933 2475 2078 2531 Petri

498 2569 697 2624 vicinis
742 2569 1001 2624 oratorio.
1053 2567 1163 2621 Nec
1211 2582 1399 2621 mora:
1452 2565 1884 2636 gratulabundus
1920 2580 2085 2633 super

482 2660 596 2731 Itali
629 2661 1038 2732 visio::c,seque
1062 2660 1374 2730 intelligens
1395 2659 1578 2713 vocari
1603 2657 1769 2712 divini
1805 2668 2084 2728 respectus

482 2747 877 2837 :miseratioue,
928 2752 1118 2808 lectica
1176 2753 1357 2807 denuo
1407 2750 1733 2814 subvectus,
1784 2748 2081 2803 oratorium

483 2834 646 2918 :heati
677 2845 826 2901 Petri
874 2855 956 2899 est
1005 2844 1302 2914 ingressus.
1346 2840 1424 2897 lbi
1456 2857 1525 2895 cx
1572 2840 1681 2895 imo
1707 2839 1886 2893 cordis
1922 2834 2086 2891 fundo

501 2939 756 3010 laerymis
782 2934 1248 3007 permamutibus,
1278 2931 1341 2986 ad
1369 2932 1535 2986 Deum
1560 2929 1860 2984 cxtctidrns
1889 2942 2081 2997 puram

490 3018 746 3105 mentem
793 3022 914 3082 cum
961 3024 1237 3089 manibus,
1270 3018 1572 3076 diutissime
1600 3002 1944 3073 clementiam
1975 3015 2081 3069 Do-

504 3122 637 3177 mini
681 3117 909 3174 secretis
957 3114 1228 3170 invocavit
1273 3112 1545 3180 precibus.
1601 3108 1733 3162 Dein
1783 3105 1994 3161 delatus
2032 3104 2084 3158 in

484 3192 739 3281 :Viciuam
770 3207 1025 3279 cpiscopii
1073 3207 1329 3267 domum,
1364 3202 1614 3256 visitatus
1657 3207 1742 3253 cst
1786 3196 2087 3266 frequentia

510 3302 750 3357 ﬁilclium
774 3315 999 3353 summa:
1040 3296 1346 3351 dilectionis
1369 3293 1539 3363 gratia
1564 3291 1631 3345 ad
1659 3304 1784 3344 eum
1812 3287 2088 3343 confluen-

486 3376 493 3467 ξ
522 3392 679 3445 tium.
694 3390 931 3457 Quorum
946 3388 1030 3458 pia
1047 3384 1410 3441 consideratio
1425 3380 1757 3453 perpendens
1771 3389 1875 3434 non
1893 3379 2094 3433 diutius

486 3501 640 3561 .ennt
673 3482 1014 3537 retinendum
1050 3479 1230 3533 carnis
1256 3476 1531 3546 ergastulo
1563 3473 1801 3528 decrevit
1834 3483 1889 3525 nt
1911 3513 1925 3537 ,
1963 3487 2095 3543 quo-

515 3575 660 3628 niam
697 3570 879 3641 plures
910 3566 1324 3638 episcoporum,
1367 3564 1623 3618 abbatum
1666 3571 2096 3629 cmterortunquc

490 3656 493 3661 ’
519 3650 756 3717 fidelium
782 3644 1181 3714 confluxerant
1216 3655 1383 3707 turba!
1404 3694 1418 3717 ,
1447 3653 1527 3707 cis
1554 3651 1909 3722 praesentibus
1937 3651 2095 3703 inuu-

518 3765 741 3829 geretur
771 3752 912 3808 sacri
960 3749 1063 3805 olei
1106 3748 1336 3817 liquore.
1377 3745 1553 3815 Super
1580 3758 1688 3813 quo
1722 3741 1866 3796 facto
1893 3739 2099 3794 exhila-

486 3826 491 3841 ι
520 3826 674 3901 ratus
702 3853 1093 3913 usquequaque
1118 3839 1467 3905 munitusque
1495 3834 1759 3889 Dominici
1783 3833 2026 3902 corporis
2046 3840 2101 3886 et

509 3922 799 4011 sanguinis
826 3931 1230 3993 communione,
1259 3926 1557 3983 Teutonico
1588 3924 1764 3995 lingua
1783 3964 1799 3989 ,
1829 3933 1888 3977 ut
1921 3921 2103 3978 testati

494 4006 653 4077 "sunt
684 4024 776 4094 qui
806 4023 1127 4086 adfuerunt,
1172 4020 1261 4074 tali
1308 4034 1429 4073 cum
1479 4018 1588 4072 Deo
1639 4016 1847 4071 locutus
1875 4024 1956 4069 est
1983 4006 2108 4069 ora-

525 4117 701 4170 tione:
723 4134 742 4166 ι
756 4112 1041 4169 Miserator
1064 4108 1310 4175 Domine,
1325 4109 1566 4165 omnium
1584 4107 1931 4177 Redemptor,
1949 4105 2106 4159 unica
2172 4120 2175 4125 '

525 4207 790 4271 salvatio,
838 4207 883 4261 si
923 4204 1137 4273 judicas
1165 4203 1421 4274 expedire
1466 4202 1639 4257 Oculis
1676 4210 1778 4255 tuae
1809 4199 2111 4267 majestatis

490 4306 593 4377 ‘ut
629 4297 806 4351 adhuc
832 4295 1103 4349 connnuni
1148 4294 1366 4347 utilitati
1409 4291 1728 4362 populorum
1775 4299 1988 4343 tuorum
2032 4288 2113 4341 in-

2173 1855 2390 1912 suerat,
2418 1844 2658 1916 sepultus
2692 1852 2773 1899 est
2806 1842 2961 1911 juxta
2995 1842 3133 1896 beati
3182 1838 3460 1910 pontificis
3503 1834 3757 1906 Gregorii

2176 1941 2347 1994 altare
2376 1946 2503 1992 ante
2550 1936 2692 1991 fores
2734 1934 3002 1990 ecclesiae.
3033 1933 3098 1986 Et
3128 1932 3321 1985 merito
3363 1931 3415 1984 in
3446 1930 3646 1983 decore
3676 1942 3763 1979 sc-

2170 2032 2404 2103 pulturze
2436 2030 2512 2085 illi
2543 2037 2721 2085 exstat
2747 2025 3064 2094 conjunctus
3091 2037 3252 2094 quem
3303 2023 3356 2076 in
3405 2021 3587 2075 divina
3640 2017 3763 2070 reli-

2162 2126 2336 2196 rgione
2365 2138 2427 2177 ac
2451 2133 2653 2176 sancta:
2694 2121 2951 2175 Ecclesia:
2993 2116 3386 2172 instauratione
3412 2123 3495 2167 est
3532 2110 3766 2166 fideliter

2179 2217 2440 2272 imitatus.
2472 2213 2638 2283 Cujus
2679 2214 2843 2267 vitam
2875 2221 2929 2267 et
2959 2209 3304 2266 sanctitatem
3344 2204 3567 2275 quidam
3613 2200 3765 2256 brevi

2179 2309 2415 2365 disticho
2445 2309 2522 2361 sic
2551 2314 2631 2361 est
2663 2314 2981 2375 prosccutus
3009 2321 3026 2358 :

2362 2419 2550 2471 Victrix
2584 2417 2732 2467 itoma
2757 2415 2887 2466 dolet
2912 2426 3038 2464 nono
3062 2415 3252 2462 viduata
3278 2411 3468 2472 Leone,

2425 2483 2494 2532 Ex
2523 2482 2684 2529 tnultis
2708 2478 2854 2530 talem
2876 2491 2970 2527 non
2994 2477 3099 2538 [ιιι.⁹
3134 2477 3231 2538 vix]
3257 2468 3479 2522 habitura
3513 2468 3737 2519 Patrem.

2180 2588 2478 2657 Exemptus
2504 2594 2588 2638 cst
2635 2592 2813 2637 autem
2862 2580 2953 2635 hic
2998 2580 3080 2633 vir
3126 2575 3448 2647 magnificus
3492 2574 3562 2627 ab
3608 2569 3771 2637 hujus

2184 2679 2307 2734 vita:
2356 2676 2652 2739 laboribus,
2705 2682 2865 2729 mtate
2918 2669 3436 2742 quinquagenarius,
3497 2681 3645 2720 anno
3690 2664 3774 2716 lu—

2166 2768 2516 2829 -carnationis
2589 2764 2880 2846 Doutinicm
2947 2761 3237 2816 millesimo
3316 2754 3774 2829 quinquagesimo

2172 2862 2372 2933 quinto
2404 2858 2854 2932 (54),].eucorum
2878 2854 3223 2923 episcopatus
3253 2849 3515 2918 vigesimo
3540 2854 3773 2907 octavo,

2187 2952 2522 3024 apostolatus
2573 2958 2753 3003 autem
2819 2939 2993 3001 sexto.
3059 2941 3340 3015 Siquidem
3392 2938 3583 2993 Romae
3633 2933 3777 2989 sedit

2189 3046 2346 3101 anuis
2374 3044 2613 3116 quinque
2632 3082 2647 3106 ,
2675 3038 2901 3107 adjectis
2939 3036 3151 3091 duobus
3184 3032 3462 3088 mensibus
3487 3038 3543 3082 et
3577 3042 3775 3081 novem

2189 3138 2410 3200 diebus,
2445 3135 2661 3204 impleta
2693 3131 2901 3199 visione
2939 3143 3103 3198 quam
3134 3138 3298 3194 supra
3346 3121 3413 3176 de
3444 3118 3780 3174 revelatione

2193 3230 2422 3287 calicum
2458 3219 3190 3296 retulimus.jNamquinque
3220 3215 3449 3276 calices,
3479 3214 3529 3267 ei
3557 3227 3588 3263 a
3620 3209 3779 3263 beato

2193 3319 2359 3375 Petro
2384 3316 2587 3377 collati,
2614 3313 2904 3383 signabant
2922 3304 3327 3380 quinquennale
3352 3301 3470 3370 ejus
3496 3302 3624 3355 vita:
3647 3312 3742 3368 spa
3760 3327 3775 3336 -

2197 3412 2357 3475 tium;
2385 3408 2572 3476 reliqui
2594 3415 2720 3469 tres,
2740 3405 2821 3459 sui
2845 3400 3178 3458 successoris
3204 3397 3436 3452 Victoris
3460 3392 3776 3451 triennium;

2196 3516 2429 3570 sequens
2460 3514 2624 3563 unus,
2659 3499 2827 3552 beata:
2856 3492 3129 3548 memoria:
3152 3487 3425 3545 Frederici
3460 3486 3510 3539 in
3554 3494 3777 3554 aposto-

2198 3592 2308 3646 latu
2340 3590 2499 3644 unius
2523 3588 2649 3642 anni
2674 3601 2916 3641 cursum.
2945 3582 3050 3638 Sed
3082 3580 3339 3651 quoniam
3367 3577 3547 3629 adhuc
3576 3579 3784 3627 restant

2198 3684 2426 3755 plurima
2471 3682 2537 3734 ad
2584 3678 2868 3734 dicendum
2913 3689 3033 3745 quae
3082 3673 3149 3727 ad
3196 3669 3312 3738 ejus
3364 3668 3607 3720 tumbam
3653 3664 3785 3716 fiunt

2202 3774 2380 3830 divina
2416 3771 2619 3842 pietate
2649 3765 2940 3824 miracula,
2978 3762 3236 3817 Romanis
3273 3757 3630 3826 relinquimus
3659 3767 3786 3806 exa-

2202 3841 2504 3926 rauda,rin
2553 3872 2783 3930 quorum
2830 3855 3018 3908 diatim
3061 3851 3425 3907 ostenduntur
3469 3841 3780 3915 praesentia.

2204 3950 2462 4006 Nostrum
2509 3957 2595 4004 est
2623 3946 2738 4016 ejus
2771 3946 2961 4001 merita
2997 3940 3207 3997 devotis
3236 3938 3489 4009 precibus
3516 3947 3745 3989 exorare
3769 3971 3787 3992 ,

2207 4053 2265 4099 ut
2288 4043 2499 4098 viscera
2532 4038 2748 4111 pietatis
2791 4046 2847 4091 et
2881 4033 3266 4091 misericordia:
3287 4072 3302 4090 ,
3333 4028 3529 4097 quibus
3565 4025 3616 4077 in
3648 4037 3785 4093 pia:-

2209 4134 2346 4190 senti
2372 4130 2681 4187 abundabat
2706 4130 2836 4194 vita,
2861 4142 3003 4181 nunc
3030 4125 3082 4178 in
3112 4135 3343 4193 superna
3373 4119 3587 4189 positus
3617 4112 3787 4184 gloria

2213 4224 2367 4279 nobis
2392 4224 2643 4294 dignetur
2671 4218 3212 4290 aperire;quatenus,
3229 4213 3350 4282 ejus
3374 4202 3569 4261 sancto
3599 4202 3792 4259 suffra-

2182 4310 2183 4315 “
2215 4315 2300 4385 gio
2326 4313 2590 4368 scelerqu
2621 4319 2928 4377 nostrorum
2965 4304 3207 4373 abruptis
3253 4300 3514 4361 nexibus,
3542 4306 3789 4365 superare

492 4459 501 4477 ρ
528 4384 763 4477 SP""_‘“"?
783 4424 799 4449 ’
830 4398 1065 4477 "ierim"
1112 4380 1440 4477 ⁰,²’⁰’,,⁰ξ’¹θ¹’ί
1487 4381 1753 4477 ’ἶιθίίίθίηίξ
1784 4387 1888 4477 mf“
1923 4376 2111 4477 Visuf“
2142 4416 2187 4472 ι)
2215 4376 2522 4458 mercamur
2561 4415 2680 4454 esse
2727 4376 3016 4468 participes
3057 4393 3268 4463 gloriae,
3306 4404 3370 4444 eo
3401 4395 3676 4440 annuente
3701 4381 3787 4449 qui

532 4472 698 4527 tionis
748 4471 1000 4525 instantis
1028 4469 1363 4541 aegritudinis
1391 4469 1620 4524 evadere
1651 4466 1991 4531 molestiam;
2023 4465 2106 4519 sin

492 4564 497 4571 ’
532 4564 678 4617 aliud
711 4562 914 4631 aliquid
946 4561 1212 4617 deliberat
1248 4568 1352 4614 tua:
1389 4559 1687 4613 divinitatis
1732 4556 2107 4628 providentia,

531 4656 813 4725 deprecor,
846 4653 1107 4717 Domine,
1154 4663 1214 4707 ut
1256 4652 1579 4721 quantocius
1609 4650 1938 4705 concedatur
1974 4648 2105 4703 mihi

532 4751 683 4801 exire
733 4746 889 4816 hujus
935 4745 1180 4814 corporis
1226 4742 1554 4797 habitacula.
1596 4741 1809 4817 Finitis
1854 4740 2105 4811 precibus

2217 4493 2270 4548 in
2298 4492 2502 4547 sanctis
2542 4490 2656 4544 suis
2699 4487 2826 4542 facit
2858 4483 3155 4544 mirabilia,
3198 4498 3229 4535 a
3270 4479 3467 4550 quibus
3496 4476 3659 4530 etiam
3690 4470 3793 4524 sibi

2216 4594 2470 4641 Cantator
2501 4581 2616 4636 laus
2644 4590 2697 4635 et
2724 4577 3016 4649 gratiarum
3044 4574 3188 4630 actio
3218 4574 3277 4627 in
3326 4567 3524 4626 saecula
3570 4561 3791 4620 saculo-

2218 4690 2356 4730 rum.
2386 4674 2578 4726 Amen.

631 4886 723 4957 δι)
761 4884 964 4957 Omnes
1003 4882 1225 4957 omnino
1260 4889 1511 4957 auctores
1552 4878 1725 4934 sancti
1769 4876 1964 4933 Leonis
1993 4875 2198 4931 obitum
2254 4878 2321 4932 ad
2375 4891 2573 4931 annum
2636 4878 2766 4927 idos
2822 4878 3112 4929 revocant;
3172 4873 3288 4936 post
3346 4875 3500 4931 cujus
3563 4865 3794 4911 mortem

635 4949 867 5013 es'anno
898 4953 1011 5010 fere
1045 4955 1257 5023 integro
1282 4949 1511 5007 vacavit.
