4010 5328
279 518 697 533 .—.—...—.___———

1168 325 1456 382 PROLEG.
1494 353 1564 364 —--
1602 321 1690 387 DE
1724 319 1927 378 OBtTU
1970 320 2030 376 S.
2071 319 2315 376 LEONIS
2351 318 2423 373 IX
2460 319 2566 374 PP.

3428 311 3534 369 δῦο

909 677 1055 771 DE
1124 677 1494 770 OBITU
1569 676 1663 764 S.
1739 669 2177 763 LEONIS
2250 668 2583 760 PAPZE
2655 668 2828 756 IX.

282 872 457 949 (Apud
485 871 696 929 Mabill.
727 871 859 927 Acta
882 866 989 929 SS.
1010 865 1213 925 Bened.
1253 864 1390 921 διες.
1423 863 1883 949 Vlup-artesae}
1899 859 2089 949 codice
2113 855 2491 949 antiquissimo
2520 852 2863 910 bibliotheca:
2890 849 3312 913 Beneventanaa,
3344 844 3540 902 litteris

1520 928 1944 1002 Laugobardicis
1972 928 2243 999 exorato.)
2321 1002 2327 1009 κ

348 1223 391 1277 1.
452 1218 701 1274 Auctoris
760 1226 906 1270 mtas.
939 1243 1014 1255 —
1050 1211 1205 1266 Anno
1264 1207 1549 1265 millesimo
1607 1204 2221 1274 quinqua-Aquoqne,
2270 1213 2431 1268 quem
2481 1195 2739 1251 Dominus
2787 1192 3068 1262 indignum
3130 1203 3241 1243 sine
3293 1185 3551 1241 Ecclesiae

278 1316 487 1386 gesimo
528 1319 729 1381 quarto
759 1308 827 1362 ab
862 1294 1233 1362 incarnatione
1279 1301 1487 1357 Domini
1532 1300 1701 1355 nostri
1743 1290 1870 1353 Jesu

277 1400 517 1465 Christi,
551 1387 851 1453 indictione
874 1411 946 1451 vn
973 1393 1263 1449 secundum
1288 1379 1567 1454 Arnicam,
1610 1404 1709 1443 xm
1751 1385 1873 1443 Kal.

280 1491 814 1563 Maias,ilepositione
826 1483 1486 1556 exsultemusbeatipatris
1503 1480 1667 1536 nostri
1682 1479 1876 1535 Leonis

279 1602 437 1657 papze
468 1583 571 1648 IX,
601 1590 859 1654 regnante
886 1580 1117 1635 Henrico
1141 1578 1465 1647 imperatore
1505 1574 1615 1630 (ilio
1643 1573 1874 1629 Conradi

196 1735 211 1747 ,
280 1676 629 1746 imperatoris
645 1672 934 1727 RoxnmAd
950 1670 1161 1724 laudem
1176 1678 1225 1722 et
1240 1667 1463 1739 gloriam
1479 1665 1689 1719 Domini
1705 1661 1874 1718 nostri

274 1770 589 1843 ‘Salvatoris
608 1767 735 1839 Jesu
758 1765 957 1821 Christi
981 1776 1035 1819 et
1058 1763 1251 1818 Leonis
1273 1776 1421 1831 papae
1440 1768 1712 1813 certamus
1733 1756 1876 1811 hunc

226 1892 235 1900 ο
284 1861 543 1917 intimare
586 1858 830 1912 laborem
876 1854 1221 1919 certaminis.
1268 1852 1409 1922 quod
1457 1850 1629 1906 oculis
1675 1848 1876 1902 nostris

281 1954 558 2015 vidimus,
591 1950 770 2005 omnis
804 1949 1084 2019 presbyter
1109 1957 1163 2001 et
1199 1947 1459 2000 diaconus
1486 1952 1541 1997 et
1570 1941 1750 1997 cuncti
1785 1955 1874 1996 ca-

287 2045 480 2101 tholici
511 2044 769 2098 Romana:
800 2039 1070 2096 Ecclesize.
1100 2038 1253 2108 Sa'pe
1283 2033 1518 2090 vidimus
1545 2034 1599 2087 in
1626 2030 1743 2102 ejus
1766 2031 1873 2084 vita

285 2134 490 2190 multas
519 2133 915 2204 elremmymas
945 2128 1266 2200 largientem
1296 2124 1631 2196 hospitibus,
1669 2137 1877 2192 paupe-

285 2226 442 2281 ribus
462 2266 478 2291 ,
513 2224 721 2280 civibus
742 2232 796 2277 et
828 2220 1157 2293 peregrinis,
1189 2219 1262 2273 ita
1294 2227 1353 2272 ut
1384 2217 1666 2271 thesauros
1695 2213 1876 2268 Eccle-

285 2316 382 2371 sia:
401 2324 458 2370 et
481 2324 677 2369 cuncta
706 2329 827 2383 qme
856 2312 1057 2367 habere
1088 2320 1318 2379 poterat,
1348 2307 1638 2378 plurimam
1667 2313 1875 2376 partem

286 2407 470 2460 viduis
515 2415 572 2460 et
613 2403 873 2474 orpltanis
917 2412 970 2456 et
1025 2401 1192 2455 Deum
1243 2399 1556 2455 timentibus
1604 2403 1874 2467 erogaret.

287 2500 588 2566 Propterea
611 2496 980 2552 Romanorum
1010 2495 1231 2565 perﬁdia
1265 2502 1452 2549 contra
1483 2509 1603 2548 eum
1631 2507 1878 2547 murmur

288 2600 343 2644 et
367 2589 509 2644 bella
537 2587 895 2645 suscitabant.
928 2562 1125 2641 Verum
1158 2594 1216 2639 ut
1246 2584 1718 2655 inexpugnabilem
1753 2599 1878 2637 mu-

1981 2579 2112 2635 tres,
2139 2581 2354 2638 precor,
2386 2562 2669 2624 sustinete,

280 2696 409 2763 rum
437 2695 552 2735 sua:
591 2678 844 2733 Ecclesiae
876 2675 1135 2731 Dominus
1164 2684 1353 2730 contra
1398 2675 1674 2731 dementes
1706 2674 1884 2729 bzere-

291 2776 430 2829 ticos
449 2771 707 2844 erigeret,
733 2771 860 2825 huic
880 2770 996 2823 viro
1020 2770 1070 2822 in
1096 2768 1395 2822 litterarum
1422 2766 1615 2821 studiis
1636 2765 1882 2836 plerique

293 2863 620 2920 catecbizati
674 2859 910 2915 fuerant.
960 2859 1067 2914 Iste
1118 2857 1384 2912 almifieus
1431 2855 1542 2911 Leo
1589 2854 1881 2911 humilibus

294 2955 539 3033 suaviter
569 2952 845 3009 blanditus
877 2962 991 3017 est;
1037 2937 1137 3007 iste
1187 2949 1547 3020 superborum
1581 2948 1716 3003 colla
1752 2936 1884 3002 con-

295 3048 575 3119 fringens;
622 3046 725 3101 iste
766 3043 1182 3115 derogatoribus
1210 3057 1321 3096 suae
1360 3040 1485 3095 vita:
1514 3039 1879 3094 necessarium

292 3139 497 3193 victum
526 3133 950 3192 subministratis
968 3175 983 3199 ,
1022 3132 1383 3203 virginitatem
1414 3129 1709 3201 prmdicans
1728 3167 1742 3192 ,
1769 3143 1882 3180 ma-

297 3229 559 3285 trimonia
589 3238 745 3283 casta
775 3225 1101 3288 defendens,
1135 3223 1441 3292 ubicunque
1475 3220 1738 3293 exemplis
1769 3235 1884 3271 om-

299 3322 446 3373 nium
476 3316 659 3373 studia
684 3329 813 3387 erga
849 3329 929 3379 se,
954 3315 1115 3367 etiam
1153 3312 1458 3384 gentilium,
1488 3311 1772 3366 convertit.
1806 3308 1885 3365 Ex

302 3410 488 3465 inultis
534 3422 716 3463 tamen
772 3421 943 3478 pauca
989 3392 1151 3475 hujus
1196 3405 1363 3457 sancti
1406 3402 1504 3456 viri
1546 3402 1885 3459 inmedium

301 3504 687 3574 proferamus,
725 3509 781 3554 et
826 3492 1094 3570 praecipue
1140 3512 1204 3569 ea
1252 3510 1372 3565 qum
1412 3493 1725 3549 imminente
1769 3491 1885 3561 ejus

305 3604 484 3649 morte
511 3594 850 3648 acciderunt.
1373 3583 1380 3591 ’
1474 3652 1475 3655 η
1724 3582 1727 3587 ’
1850 3580 1855 3587 ’

367 3686 433 3743 ιι.
477 3684 581 3739 Leo
616 3700 752 3756 a’ger
771 3683 965 3737 clerum
991 3668 1317 3735 adhortatur.
1346 3678 1568 3733 Mortem
1593 3679 1692 3732 sibi
1718 3679 1889 3732 immi-

306 3795 427 3835 nere
454 3773 940 3851 prwvidit.f—Post
961 3772 1158 3828 multos
1189 3773 1351 3844 igitur
1382 3770 1594 3825 labores
1617 3780 1670 3825 et
1692 3784 1887 3826 (erum-

304 3886 435 3937 nas,
468 3878 594 3939 post
640 3867 941 3941 periculosa
984 3865 1119 3921 bella
1157 3872 1497 3934 terroresque
1537 3871 1592 3917 et
1624 3862 1884 3927 insidias,

306 3977 428 4031 qua:
445 3977 569 4017 cum
604 3960 793 4015 matris
824 3957 1077 4014 Ecclesia:
1103 3953 1540 4025 persecutoribus
1572 3942 1667 4023 pro
1695 3953 1888 4008 ovibus

303 4054 411 4110 sibi
431 4055 739 4110 commissis
755 4060 1024 4124 gesserat,
1048 4050 1235 4120 quinto
1255 4049 1337 4103 sui
1359 4049 1704 4120 pontificatus
1723 4064 1888 4113 anno,

306 4145 460 4216 gravi
501 4146 753 4200 detentus
780 4142 1127 4205 infirmitate,
1169 4140 1480 4196 convocatis
1514 4139 1579 4192 ad
1619 4130 1683 4193 se
1715 4139 1891 4193 diver-

309 4254 498 4294 sarum
529 4238 824 4294 dimcesum
856 4237 1126 4306 episcopis
1168 4234 1507 4301 diversisque
1535 4229 1890 4287 ecclesiastici

309 4327 518 4383 ordinis
538 4326 690 4394 viris,
713 4326 788 4381 ait
810 4326 877 4381 ad
897 4340 992 4381 eos
1015 4347 1028 4380 :
1060 4343 1081 4378 ι
1105 4325 1327 4380 Fratres
1346 4321 1671 4391 coepisc0pi,
1699 4321 1893 4389 inquit,

309 4416 449 4481 mei,
482 4423 537 4472 et
568 4415 760 4501 matris
787 4414 883 4469 lilii
911 4415 1161 4470 Ecclesiar
1192 4430 1256 4470 ac
1297 4412 1544 4483 corporis
1571 4411 1674 4466 mei
1702 4410 1893 4465 intima

308 4513 546 4585 viscera,
578 4511 775 4579 quibus
804 4507 1062 4563 Dominus
1088 4506 1385 4563 Ecclesiam
1417 4520 1571 4560 suam
1601 4503 1892 4573 regendam

269 4662 283 4667 _
312 4602 536 4658 tradidit
557 4611 620 4657 et
645 4599 844 4673 ligandi
889 4612 1051 4671 atque
1088 4597 1331 4655 solvendi
1359 4585 1508 4653 dedit
1538 4604 1892 4665 potestatem,

315 4693 470 4750 vobis
501 4691 822 4746 Dominicus
851 4705 982 4761 grex
1011 4688 1336 4746 commissus
1364 4685 1652 4753 est.Quam
1684 4685 1752 4739 ob
1781 4674 1892 4738 rem

311 4801 405 4841 vos
446 4784 613 4840 enixe
653 4783 915 4853 deprecor
943 4791 1230 4852 quatenus,
1282 4793 1550 4833 memores
1595 4774 1894 4853 evangelici

314 4877 615 4954 sermonis,
640 4876 734 4947 qui
778 4875 896 4930 ait:
940 4873 1198 4949 i’igilate,
1228 4874 1351 4943 quia
1389 4871 1599 4926 nescitis
1626 4850 1729 4939 quo
1764 4871 1895 4923 liora

318 4969 572 5024 Dominus
623 4979 789 5022 uester
851 4977 1096 5021 venturus
1160 4970 1227 5017 stt
1286 4962 1511 5035 (Matth.
1562 4954 1692 5037 xxv,
1760 4960 1895 5037 15),

272 5120 281 5132 ,
315 5062 550 5139 scientes
591 5058 739 5129 quod
787 5056 1049 5113 talentum
1098 5068 1258 5109 suum
1303 5052 1714 5133 multiplicatum
1751 5049 1898 5106 fene-

321 5151 460 5180 ιοαιοέι-
502 5152 623 5180 :nnn
654 5165 762 5180 nn“
800 5148 1029 5180 Αἷ-ιιῖιιηο
1058 5165 1071 5177 ο
1107 5158 1271 5180 cumol-
1314 5160 1528 5180 πίθοιτο-η
1562 5157 1717 5180 Cllllm
1745 5156 1900 5180 anno-

1974 1292 2116 1348 beati
2144 1291 2289 1346 Petri
2312 1288 2569 1344 vicarium
2613 1283 2776 1348 fecit,
2812 1291 3007 1337 vestrae
3034 1276 3358 1331 fraternitati
3402 1289 3552 1328 com-

1976 1382 2189 1436 mendo.
2236 1377 2370 1432 Nam
2420 1390 2554 1431 mea:
2596 1369 2944 1428 resolutionis
2972 1380 3138 1437 prope
3186 1373 3269 1419 est
3316 1373 3548 1430 tempus.

1976 1473 2234 1526 Dominus
2275 1468 2419 1523 enim
2447 1466 2624 1519 mede
2653 1463 2757 1516 bac
2780 1461 2886 1514 vita
2906 1472 3115 1517 ,vocare
3153 1456 3406 1525 dignatus
3443 1460 3548 1506 est.

1975 1564 2145 1619 Nocte
2175 1560 2443 1632 siquidem
2488 1555 2763 1628 prieterita
2809 1553 3087 1607 cmlestem
3117 1549 3349 1618 patriam
3383 1546 3435 1598 in
3466 1545 3551 1597 vi-

1975 1656 2127 1711 sione
2156 1653 2300 1716 vidi;
2350 1661 2583 1719 cumque
2637 1646 3111 1713 obstupescerem,
3167 1636 3368 1691 ostensi
3426 1642 3553 1687 sunt

1976 1747 2105 1803 mihi
2151 1746 2293 1799 inter
2312 1749 2507 1797 caetera
2541 1737 2741 1792 fratres
2781 1734 2853 1788 illi
2901 1731 2991 1802 qui
3025 1731 3077 1785 in
3110 1727 3313 1798 Apulia:
3356 1724 3553 1779 finibus

1974 1851 2074 1908 pro
2094 1834 2293 1891 Christi
2311 1830 2555 1886 Ecclesia
2582 1825 2751 1882 occisi
2783 1832 2911 1880 sunt
2939 1822 3078 1879 inter
3110 1826 3378 1888 martyres
3399 1828 3553 1875 com-

1976 1906 2121 1993 itati;
2154 1926 2245 1995 qui
2288 1938 2410 1979 eum
2450 1920 2583 1975 mihi
2613 1934 2717 1974 una
2749 1930 2883 1970 voce
2927 1914 3206 1967 dicerent:
3244 1928 3262 1960 ι
3294 1906 3460 1970 Veni,
3494 1912 3552 1959 et

1978 2036 2136 2075 mane
2171 2018 2472 2077 nobiseum,
2498 2028 2598 2083 per
2641 2020 2693 2064 te
2717 2008 2861 2064 enim
2884 2008 3031 2062 hanc
3051 2003 3355 2073 recepimus
3377 1997 3553 2054 beatis

1978 2112 2242 2171 tudinem,
2262 2126 2283 2161 ι
2307 2121 2373 2162 ex
2403 2105 2504 2159 alia
2525 2112 2678 2173 parte
2692 2094 2793 2154 vo'x
2811 2098 3055 2170 quaedam
3070 2094 3322 2156 intonuit,
3337 2091 3551 2144 dicens:

1983 2221 2002 2253 ι
2032 2184 2829 2272 Nequaquamnunc,sedinfra
2858 2191 3093 2246 triduum
3117 2187 3243 2241 huic
3263 2182 3559 2239 sociabcris

1977 2292 2233 2362 collegio:
2264 2290 2354 2344 hic
2379 2297 2463 2343 est
2491 2286 2643 2340 locus
2687 2292 2811 2338 tuus
2838 2289 2895 2337 et
2931 2279 3088 2336 sedes
3122 2283 3333 2347 parata.
3374 2292 3392 2323 ι
3424 2272 3557 2325 Dum

1980 2389 2097 2443 haec
2146 2391 2201 2440 et
2242 2383 2330 2437 his
2363 2378 2563 2435 similia
2607 2381 3070 2446 prosequerentur
3119 2370 3266 2422 cives
3308 2363 3558 2435 superni,

1966 2487 2170 2533 saneta
2220 2474 2361 2529 visio
2407 2472 2649 2527 recessit.
2681 2467 3044 2535 Quamobrem
3088 2462 3265 2515 triduo
3296 2472 3381 2511 me
3404 2497 3419 2521 ,
3453 2453 3563 2508 fra-

2706 2567 2761 2613 et
2785 2555 2930 2629 quod
2961 2554 3082 2608 dico
3110 2549 3478 2605 indubitanter
3497 2548 3564 2599 tie

1980 2677 2067 2717 me
2102 2658 2372 2731 videbitis.
2400 2674 2421 2709 ›
2457 2654 2551 2708 liis
2592 2651 2753 2705 dictis
2780 2645 3041 2719 praecepit
3064 2641 3278 2696 cunctis
3312 2647 3373 2691 ut
3415 2650 3560 2690 rece-

1980 2755 2171 2809 derent
2191 2728 2410 2816 suisque
2439 2740 2854 2799 necessitatibus
2876 2734 3243 2806 providerent,
3272 2735 3391 2782 erat
3416 2724 3564 2779 enim

1980 2856 2150 2916 prope
2183 2814 2590 2903 non—Accepta
2626 2832 2810 2898 itaque
2853 2823 3105 2886 licentia,
3149 2819 3370 2889 quidam
3414 2814 3566 2869 abic-

1981 2948 2154 3001 runt;
2203 2933 2292 2989 alii
2355 2946 2507 2994 vero,
2563 2925 2761 2998 quibus
2810 2917 3103 2974 ferventior
3157 2915 3332 2968 inerat
3387 2909 3561 2968 amor.

1982 3018 2169 3089 eadem
2199 3033 2360 3082 nocte
2399 3037 2521 3078 cum
2551 3034 2618 3075 eo
2655 3017 3067 3087 perseverantes
3111 3008 3563 3078 permanserunt,

1982 3122 2313 3195 qui'postea
2344 3114 2555 3172 caeteris
2596 3109 2937 3170 referebant,
2983 3104 3229 3158 dicentes
3278 3097 3426 3152 illum
3468 3108 3565 3163 per

1975 3187 2148 3268 totam
2209 3218 2423 3265 noctem
2467 3203 2583 3260 solo
2633 3210 2794 3257 tenus
2841 3201 3170 3268 prostratum
3218 3190 3273 3257 in
3318 3187 3568 3242 oratione

2020 3314 2367 3359 ριίιωιιδιςδθ.

2020 3321 2367 3359 ermanmsse.

1982 3321 2016 3377 Ρ
2060 3386 2145 3449 lli.
2184 3392 2254 3446 In
2285 3388 2554 3444 ecclesiam
2585 3382 2839 3452 defertur.
2873 3377 3039 3431 licunt
3067 3381 3329 3443 precatur.
3366 3366 3410 3420 Η
3421 3380 3571 3421 unm-

1972 3472 2104 3544 rnom
2134 3484 2398 3539 miseriam
2432 3476 2661 3548 exponit.
2693 3473 2764 3529 Se
2791 3468 3101 3525 monachum
3127 3464 3288 3533 fuisse
3313 3457 3566 3513 declarat.

1982 3579 2228 3633 ——Mane
2276 3584 2456 3629 autem
2494 3569 2660 3632 facto,
2709 3557 3165 3620 convenientilms
3209 3551 3442 3613 eunetis,
3483 3550 3568 3601 vir

1987 3668 2313 3728 venerabilis
2337 3661 2750 3731 sareophagum,
2772 3653 2915 3725 quod
2938 3649 3039 3703 sibi
3058 3649 3490 3716 prmparaverat,
3513 3649 3568 3691 et

1986 3779 2045 3819 se
2073 3772 2290 3831 quoque
2337 3756 2391 3807 in
2424 3752 2542 3805 loco
2569 3725 2769 3802 deferri
2807 3744 2859 3797 in
2902 3736 3191 3793 ecclesiam
3239 3730 3378 3786 beati
3422 3725 3567 3780 Petri

1970 3817 2266 3923 praecepit.
2296 3841 2447 3913 Quod
2483 3840 2729 3894 videntes
2760 3828 3027 3890 Romani,
3056 3825 3390 3879 aestimantes
3417 3817 3573 3869 illum

1914 3917 1960 3975 Ω
1990 3913 2263 4000 inortuum
2291 3951 2445 4001 esse,
2476 3933 2839 3986 Lateranense
2877 3922 3079 3976 adeunt
3108 3913 3399 3986 palatium,
3430 3921 3567 3977 qua-

1995 4047 2148 4091 lenus
2188 4046 2339 4086 more
2373 4027 2532 4082 solito
2564 4035 2779 4075 omnem
2825 4015 2969 4070 illius
2999 4010 3297 4078 diriperent
3334 3997 3569 4070 supelle—

1968 4116 2207 4192 'etilem;
2245 4124 2338 4180 sed
2367 4129 2513 4175 tanta
2540 4117 2757 4171 fuerunt
2782 4109 2953 4166 sancti
2989 4104 3180 4161 merita
3207 4108 3266 4153 ut
3297 4095 3425 4151 nulli
3449 4092 3574 4164 qui-

1993 4225 2116 4279 dem
2148 4190 2385 4274 intrandi
2432 4208 2837 4281 permitteretur
2876 4196 3123 4253 facultas.
3166 4190 3377 4246 lnt‘erea
3408 4197 3570 4237 vene-

1995 4313 2183 4370 rabilis
2213 4310 2316 4372 vir,
2345 4298 2712 4373 cupicnsjam
2746 4291 2960 4348 dissolvi
2994 4298 3041 4343 et
3071 4301 3183 4340 esse
3211 4297 3328 4336 tum
3361 4276 3577 4331 Christo

1998 4367 2227 4478 iPhilip.
2257 4367 2464 4467 1,25):
2489 4391 2702 4450 cunctis
2733 4386 2824 4457 qui
2858 4385 3084 4438 aderant
3110 4372 3383 4478 salutifera
3407 4367 3572 4478 verba

1996 4456 2048 4555 et
2078 4456 2224 4551 omni
2258 4486 2544 4545 dulcedine
2584 4483 2740 4553 plena
2782 4490 2885 4531 non
2917 4471 3164 4528 cessabat
3207 4461 3468 4535 proferre.
3498 4456 3574 4510 De

1994 4589 2192 4661 quibus
2212 4586 2486 4654 diSputare
2510 4593 2608 4648 per
2637 4570 2867 4642 singula,
2890 4566 3014 4637 quia
3041 4562 3107 4616 ad
3130 4559 3233 4613 alia
3260 4554 3585 4659 festinantes.

1998 4644 2269 4737 tendimus
2294 4670 2551 4730 miracula
2582 4661 2910 4722 enarranda,
2949 4653 3301 4710 abstinemus.
3329 4644 3584 4708 Cumque

2000 4777 2162 4831 linem
2196 4770 2413 4824 fecisset
2442 4755 2951 4831 loquendi,intueus
2975 4747 3186 4816 signum
3216 4737 3429 4797 salutis,
3455 4746 3577 4831 tua.—

1998 4868 2081 4939 gis
2112 4878 2273 4936 quam
2331 4865 2486 4913 antea
2529 4850 2783 4922 precibus
2816 4840 3038 4899 effusis,
3084 4828 3335 4934 munibus
3364 4823 3453 4893 qui
3483 4820 3579 4925 ad‘

2000 4912 2158 5015 eranlt
2180 4912 2686 5007 absolutione-facta
2715 4933 2912 4990 delicta
2936 4923 3160 4985 dimisit,
3181 4919 3228 4974 si
3260 4926 3437 4973 tamen
3459 4912 3585 4982 ejus

2000 5051 2268 5120 prmcepta
2312 5055 2430 5110 quin
2475 5032 2627 5104 prius
2666 5026 2926 5088 dederat,
2969 5017 3259 5073 observare
3304 5009 3584 5062 curarent.

2779 5115 2789 5120 -
2954 5112 2966 5120 ,
3089 5106 3123 5120 ,_
3253 5117 3279 5120 __
3313 5098 3438 5120 Lm
3469 5108 3581 5120 ML

2006 5098 2098 5180 ius
2123 5098 2198 5180 in:
2232 5131 2503 5180 nnrnclis.
2536 5126 2757 5179 intuens
2778 5115 2834 5170 in
2862 5112 3062 5172 coelum
3089 5106 3287 5159 item!"
3312 5098 3585 5154 Ῐυέίενοῖηι-
