4010 5328
492 394 599 454 5οῚ

1763 394 1769 401 ’
1838 398 2068 468 $.11in
2106 408 2177 464 1Χ
2216 411 2407 471 PAPA.

3650 406 3754 494 stis

494 512 712 579 tuendo,
742 513 885 568 illam
913 514 1143 572 defende
1170 517 1576 591 inexpugnalmt
1611 538 1766 579 muro
1798 534 1900 579 tuae
1946 541 2068 594 ιιι-οι
2100 526 2149 588 Α
2178 526 2384 585 Interea
2418 531 2496 587 sol
2537 535 2783 603 apparuit
2816 539 2994 605 terris,
3038 549 3092 595 et
3137 542 3469 601 delectabilis
3501 548 3640 603 visio
3668 565 3756 604 re-

496 604 765 671 tectiouis,
806 613 860 661 et
887 606 955 661 ab
981 624 1043 662 ea
1073 610 1271 681 repelle
1299 627 1460 667 omne
1491 613 1727 670 schisma
1757 630 2082 687 omnemque

495 696 877 754 ltzereticorum
913 702 1219 772 perﬁdiam,
1247 714 1518 775 quatenus
1538 708 1635 764 tibi
1662 724 1792 767 vero
1814 710 1925 766 Deo
1950 711 2082 768 ﬁde-

494 785 622 840 liter
655 789 920 846 serviant.
950 791 1174 850 Custodi
1212 805 1267 851 et
1305 786 1527 869 proteg‘c
1555 814 1675 855 eam
1721 800 1790 856 ab
1826 804 2080 859 omnibus

494 875 840 935 inimicorum
875 880 1086 938 insidiis
1105 925 1121 950 ,
1148 900 1218 940 ne
1240 887 1575 958 dedigucris,
1603 907 1702 960 pro
1727 909 1830 962 qua
1862 898 2079 966 sangui-

492 981 615 1022 nem
644 976 794 1024 tuum
822 972 1272 1042 pretiosissimum
1298 970 1590 1037 futlisti.'Si
1617 970 1755 1054 quos
1783 985 1946 1041 etiam
1977 1002 2078 1056 pro

495 1068 585 1113 tua
622 1061 728 1119 ﬁde
771 1062 968 1134 ligatos
1003 1067 1088 1122 vel
1125 1072 1628 1129 excommunicatos
1678 1075 1747 1130 ab
1784 1090 1849 1131 ea
1883 1078 2077 1133 crude-

491 1149 597 1206 lius
629 1155 910 1222 separavi,
953 1166 1011 1212 tu
1043 1157 1495 1229 clementissime,
1540 1177 1751 1233 precor,
1782 1164 2017 1221 absolve.
2051 1187 2070 1220 ι

490 1243 733 1314 Ctunque
755 1248 1079 1317 complesset.
1096 1252 1417 1319 orationem,
1447 1262 1609 1311 tanta:
1630 1258 1919 1314 suavitatis
1938 1260 2077 1315 odor

492 1333 560 1387 de
586 1333 728 1390 beati
759 1336 905 1393 Petri
933 1339 1090 1396 altari
1121 1344 1275 1399 exire
1299 1346 1465 1416 coepit
1498 1355 1558 1402 ut
1586 1357 1781 1403 cuncta
1812 1363 2074 1421 superare

491 1426 766 1498 videretur
813 1441 1075 1487 aromata.
1110 1435 1411 1493 Transacto
1462 1439 1695 1509 denique
1727 1441 1888 1497 unius
1927 1444 2075 1499 hora:

488 1519 688 1583 spatio,
715 1523 970 1592 praecepit
992 1524 1093 1578 sibi
1124 1540 1320 1594 panem
1350 1536 1406 1584 et
1431 1529 1617 1585 vinum
1639 1529 1842 1587 afferri.
1870 1533 2075 1600 Quibus

487 1605 704 1675 oblatis,
730 1611 933 1680 gratias
962 1628 1130 1685 agens
1160 1617 1465 1687 benedixit;
1502 1629 1559 1676 et
1580 1623 1876 1679 comedens
1899 1640 2068 1694 quau-

489 1706 600 1752 tum
637 1693 820 1758 tribus
856 1705 1064 1763 vicibus
1102 1709 1279 1777 potuit
1307 1725 1406 1767 ore
1447 1714 1757 1784 suscipere,
1803 1693 2071 1788 reliquum

486 1788 696 1844 csrtcris
732 1807 834 1861 pro
870 1794 1242 1855 benedictione
1269 1800 1564 1859 distribuit.
1596 1805 1715 1872 Quo
1756 1804 1903 1861 facto
1949 1822 2071 1877 per-

2180 628 2333 688 cepta
2361 632 2445 677 est
2472 623 2528 678 in
2554 625 2728 681 cwlis.
2760 627 2915 685 Mane
2946 630 3109 702 igitur
3136 632 3279 689 facto
3308 637 3758 695 convenientibus

2178 711 2410 779 cunctis,
2444 715 2767 774 venerabilis
2791 719 2891 783 vir,
2917 720 3057 776 diem
3087 724 3400 792 prmslolans
3426 736 3755 793 extremum,

2180 799 2233 853 in
2264 802 2551 859 ecclesiam
2577 806 2723 862 beati
2750 806 2895 864 Petri
2928 826 2985 866 se
3022 811 3215 869 iterum
3247 816 3448 872 deferri
3477 820 3754 890 praecepit.

2179 889 2332 957 Quod
2351 908 2475 949 cum
2502 895 2702 951 factum
2732 907 2898 967 esset,
2925 912 3226 972 prostratus
3252 915 3380 961 ante
3409 907 3603 974 altare,
3637 889 3757 963 diu-

2179 980 2285 1036 tius
2322 997 2443 1038 cum
2472 984 2741 1063 lacrymis
2787 1004 2971 1046 secum
3015 995 3211 1048 oravit.
3258 995 3537 1066 Completa
3595 999 3761 1069 igitur

2175 1074 2442 1141 oratione,
2471 1092 2628 1133 suum
2658 1080 2874 1138 rediens
2912 1083 2979 1138 ad
3023 1084 3243 1155 lectum,
3272 1103 3626 1146 commonere
3660 1107 3757 1162 po-

2175 1162 2380 1233 pulum,
2411 1177 2572 1236 prout
2597 1178 2829 1239 poterat,
2857 1188 2963 1227 non
2992 1174 3307 1241 desinebat;
3338 1177 3433 1233 sed
3463 1179 3593 1248 quia
3622 1179 3759 1235 hora

2175 1265 2421 1311 extrema
2437 1256 2551 1325 jam
2598 1263 3084 1332 appropinquabat,
3114 1270 3423 1325 convocatis
3451 1270 3518 1325 ad
3560 1286 3621 1327 se
3644 1272 3763 1341 epi-

2176 1347 2387 1418 sc0pis,
2428 1349 2825 1408 confessionem
2870 1354 3016 1422 fecit,
3070 1373 3133 1429 ac
3174 1360 3385 1428 signum
3434 1363 3619 1418 erucis
3654 1363 3758 1424 sibi

2176 1436 2458 1506 imponens
2500 1440 2814 1498 coelestibus
2847 1449 3202 1502 sacramentis
3248 1464 3308 1505 se
3344 1452 3597 1507 munivit.
3640 1454 3761 1521 Quo

2177 1527 2339 1589 facto.
2366 1529 2639 1586 silentium
2668 1543 2890 1602 petens,
2922 1544 2980 1590 ut
3017 1553 3206 1608 parum
3240 1541 3381 1611 quid
3402 1544 3579 1598 somni
3609 1546 3757 1599 acci-

2173 1626 2327 1686 peret
2355 1619 2407 1673 in
2447 1619 2642 1675 lectum
2669 1633 2834 1694 caput
2857 1625 3155 1694 declinans,
3191 1630 3322 1684 hora
3349 1633 3505 1701 quasi
3536 1632 3761 1689 dimidia

2175 1706 2400 1776 quievit,
2430 1717 2592 1780 atque
2635 1712 2688 1766 in
2726 1713 2845 1784 ipso
2885 1716 3035 1786 pacis
3060 1733 3250 1774 sonmo
3279 1719 3366 1775 illa
3412 1724 3759 1779 sanctissima

2174 1796 2355 1851 anima
2399 1813 2565 1854 carne
2613 1799 2786 1856 soluta
2832 1812 2934 1858 est.
2993 1805 3048 1859 In
3093 1808 3246 1877 cujus
3302 1811 3563 1880 obsequio
3607 1812 3759 1867 Beati
3820 1829 3829 1835 ’

487 1878 630 1933 rexit
658 1878 725 1935 ad
757 1883 996 1939 tumbam
1037 1902 1199 1956 quam
1231 1889 1284 1943 in
1329 1891 1619 1948 ecclesiam
1644 1894 1842 1950 deferri
1872 1912 2074 1965 prgam}.
2105 1885 2148 1943 Β
2178 1884 2320 1940 Petri
2358 1886 2667 1958 cymbalum
2704 1905 2735 1944 a
2783 1893 3072 1964 semetipso
3117 1896 3262 1952 nullo
3301 1907 3529 1970 cogente
3565 1915 3763 1956 sonare
3796 1983 3804 1989 ἢ

486 1980 660 2039 perat.
728 1973 901 2041 Quam
971 1977 1188 2035 intuens
1249 1981 1735 2054 lacrymahiliter:
1801 1986 2070 2055 tVidete,

489 2061 695 2131 inquit.
728 2065 926 2123 fratres
958 2071 1099 2137 mei,
1125 2085 1286 2140 quam
1322 2074 1446 2129 vilis
1474 2090 1745 2146 quamque
1772 2065 1984 2147 fragilis
2019 2087 2075 2132 ct

488 2155 804 2213 transitoria
844 2158 916 2214 sit
953 2160 1187 2217 luunana
1228 2163 1419 2233 gloria.
1465 2165 1686 2233 Videte,
1726 2167 1983 2237 inquam,
2016 2178 2072 2224 et

488 2247 866 2319 unusquisque
917 2261 1160 2307 vestrum
1212 2254 1307 2323 qui
1351 2253 1404 2308 in
1437 2253 1645 2325 fragilis
1685 2257 1872 2312 mundi
1910 2258 2074 2329 fulget

486 2336 786 2396 honoribus
835 2358 921 2398 me
970 2358 1188 2415 semper
1230 2345 1282 2399 in
1321 2346 1630 2416 exemplum
1662 2356 1717 2404 et
1760 2364 1873 2419 pra:
1902 2351 2073 2405 oculis

483 2428 702 2487 habent.
749 2432 1105 2511 Considerate
1128 2451 1322 2492 omnes
1357 2454 1522 2509 quam
1551 2439 1825 2496 versatilis
1860 2441 1931 2496 sit
1973 2442 2075 2497 hu-

485 2537 660 2578 manae
675 2525 839 2579 sortis
863 2526 1122 2581 conditio.
1148 2528 1261 2598 Ego
1279 2544 1371 2599 qu.
1390 2544 1460 2586 cx
1490 2531 1661 2587 nihilo
1682 2534 2071 2604 propemodum

482 2614 552 2668 ad
586 2614 834 2673 humanae
857 2616 1045 2685 gloria:
1072 2617 1347 2690 fastigium
1376 2630 1604 2677 evectus
1630 2621 1837 2697 [sum],
1872 2624 1941 2679 ah
1968 2625 2071 2679 hoc

483 2717 628 2758 nunc
653 2704 851 2761 iterum
874 2705 987 2761 fere
1005 2707 1072 2761 ad
1104 2708 1330 2771 nihilum
1352 2725 1471 2767 sum
1496 2713 1841 2784 redigendus.
1864 2713 2067 2770 Cellam

484 2808 649 2862 quam
703 2796 1003 2853 monachus
1051 2798 1251 2855 incolui
1301 2801 1358 2857 in
1409 2803 1805 2872 spatiosissima
1872 2804 2067 2875 palatia

479 2884 794 2953 jamdudum
827 2886 933 2943 vidi
980 2904 1342 2947 conversam:
1374 2893 1534 2948 modo
1578 2895 1645 2949 ad
1682 2892 1845 2964 huius
1883 2910 2068 2951 sarco-

484 2973 644 3044 phagi
684 2978 960 3047 angustias
997 2979 1194 3037 iterum
1225 2991 1312 3038 est
1339 2984 1714 3041 rotneandum.
1757 2984 2064 3057 ReSpEcEte,

487 3063 734 3134 inquam,
764 3070 1034 3137 quomodo
1060 3082 1181 3141 post
1207 3073 1515 3144 splendidas
1542 3087 1722 3132 vestes
1743 3093 2067 3134 aranearum

484 3153 607 3208 telis
633 3155 734 3210 sim
764 3160 1174 3229 cooperiendus,
1202 3161 1494 3234 etjatniam
1520 3167 1576 3220 in
1601 3166 1861 3223 vermium
1882 3182 2062 3224 escam

2172 1976 2358 2047 coepit.

2244 2065 2308 2121 ν.
2342 2067 2737 2126 Dwmoniacam
2764 2072 2971 2130 liberat.
2995 2107 3067 2117 --
3089 2077 3270 2133 Altera
3302 2080 3466 2151 igitur
3492 2092 3613 2152 post
3642 2082 3762 2151 eius

2172 2157 2379 2213 obitum
2413 2160 2519 2226 die,
2544 2162 2787 2231 quaedam
2820 2165 3017 2222 mulier
3045 2168 3311 2226 daemonio
3340 2171 3518 2243 plena,
3548 2174 3617 2228 de
3639 2174 3762 2228 lou-

2171 2248 2390 2320 ginquis
2437 2252 2685 2321 partibus
2715 2255 2784 2310 ad
2813 2255 2997 2312 limina
3028 2257 3172 2314 beati
3211 2259 3356 2315 Petri
3391 2271 3442 2317 et
3474 2263 3623 2319 Pauli
3664 2266 3761 2319 ad-

2173 2340 2335 2395 ducta
2362 2351 2475 2409 est;
2507 2357 2740 2413 cumque
2781 2344 2846 2399 ad
2890 2346 3034 2403 beati
3072 2348 3269 2405 Leonis
3300 2352 3563 2407 tumulum
3595 2354 3758 2411 duce-

2173 2442 2342 2499 retur,
2384 2432 2529 2489 inter
2571 2445 2765 2493 caetera
2815 2453 2912 2508 per
2953 2455 3016 2496 os
3055 2440 3172 2507 eius
3210 2442 3417 2498 da-mon
3466 2443 3753 2512 clamavit,

2172 2525 2357 2581 dicens
2383 2540 2400 2581 :
2433 2546 2453 2579 ι
2476 2526 2520 2584 Ο
2548 2527 2678 2595 Leo,
2709 2545 2743 2585 ο
2769 2528 2899 2593 Leo,
2924 2547 3025 2587 cur
3051 2548 3135 2589 me
3162 2535 3228 2591 de
3249 2536 3375 2590 sede
3404 2551 3523 2591 mea
3545 2541 3755 2595 catenis

2173 2616 2346 2687 igneis
2368 2620 2635 2675 retrahis?
2662 2640 2681 2674 ι
2700 2621 2856 2678 Unde
2883 2639 3023 2679 unus
3048 2624 3112 2681 de
3131 2626 3618 2684 circumstantibus
3640 2632 3753 2699 epi-

2170 2707 2350 2777 Scopis
2376 2708 2453 2763 ait
2479 2709 2545 2764 ad
2573 2724 2695 2765 eum
2722 2730 2735 2765 :
2774 2730 2792 2763 ι
2823 2712 3028 2782 Adjuro
3050 2724 3100 2770 te
3126 2730 3223 2787 per
3246 2732 3431 2771 verum
3462 2728 3751 2773 aderamu-

2169 2813 2277 2867 que
2301 2798 2470 2854 Deum
2498 2814 2563 2855 ac
2584 2799 2846 2870 judicent,
2877 2815 2935 2859 ut
2971 2805 3118 2861 dicas
3152 2808 3279 2862 mihi
3309 2810 3353 2864 si
3392 2809 3521 2875 Leo,
3553 2810 3623 2866 de
3645 2827 3749 2880 quo

2171 2889 2324 2954 dicis,
2354 2907 2476 2946 cum
2520 2895 2729 2949 sanctis
2755 2895 3022 2951 veraciter
3058 2907 3302 2953 sanctum
3353 2900 3629 2970 possideat
3675 2901 3750 2954 lo-

2172 2983 2331 3039 cum?
2371 3002 2391 3036 ι
2418 2983 2515 3039 Cui
2561 2984 2768 3041 daemon
2803 2995 2954 3043 tanto
2978 2990 3332 3046 contristatus
3379 3001 3746 3057 sacramento,

2170 3075 2388 3130 mentiri
2416 3091 2524 3130 non
2547 3077 2775 3146 audens,
2807 3078 2932 3134 licet
2966 3080 3166 3136 invitus
3188 3084 3500 3152 respondit:
3535 3100 3558 3135 ς
3588 3085 3745 3149 Vere,

2172 3166 2367 3237 inquit,
2395 3168 2537 3224 inter
2568 3180 2788 3228 sanctos
2823 3180 3115 3228 coronatus
3147 3183 3397 3230 sanctum
3430 3191 3496 3230 ac
3522 3191 3746 3230 venera-

483 3243 861 3309 dcstiuandus.
892 3248 1063 3318 Hodie
1103 3252 1384 3310 vobiscum
1414 3270 1544 3311 caro
1568 3264 1625 3311 et
1665 3259 1888 3329 sanguis
1910 3274 2058 3326 sum,
2092 3235 2330 3314 cbilem
2367 3259 2568 3317 obtinet
2601 3261 2809 3331 locum;
2833 3281 2933 3335 per
2955 3282 3115 3337 quem
3141 3265 3207 3321 de
3236 3267 3339 3322 hac
3367 3282 3529 3337 quam
3557 3282 3747 3322 novem

483 3350 610 3390 cras
663 3350 956 3395 convertar
997 3342 1053 3397 in
1105 3334 1365 3401 cinerem.
1395 3364 1414 3399 ι
1468 3348 1673 3421 Deinde
1715 3350 1782 3404 ad
1826 3351 2063 3421 sepulcri

481 3422 715 3495 lapidem
749 3443 1064 3501 conversus,
1089 3432 1249 3490 ﬁebili
1282 3436 1570 3493 admodum
1599 3454 1733 3494 voce
1758 3440 1873 3496 btec
1898 3442 2062 3498 verba

482 3517 749 3586 protulit:
780 3538 803 3573 ι
828 3520 1269 3591 Bcnedietussis
1315 3527 1459 3583 inter
1501 3529 1732 3599 lapides.
1773 3531 2065 3589 Benedieat

485 3618 560 3671 te,
583 3609 675 3678 qui
714 3618 765 3665 te
790 3626 856 3667 ex
904 3614 1074 3669 nihilo
1105 3616 1257 3685 fecit,
1286 3628 1341 3674 et
1368 3635 1501 3676 mea:
1541 3630 1700 3678 terra:
1726 3636 1792 3679 ac
1817 3627 2063 3695 corporis

481 3699 651 3755 voluit
688 3718 810 3759 esse
833 3707 1157 3787 custodem.
1190 3709 1324 3785 ,Sis,
1370 3728 1580 3791 precor,
1626 3716 1755 3789 mihi
1784 3716 2062 3791 ﬁdissima

480 3802 660 3861 petra,
684 3803 760 3859 ut,
784 3788 1242 3871 quemadmodum
1265 3788 1427 3874 supra
1452 3788 1808 3876 apostolicum
1832 3807 2061 3879 lapidem

479 3896 634 3937 suam
667 3884 903 3942 ﬁrmavit
923 3888 1173 3947 Christus
1210 3892 1544 3965 Ecclesiam,
1573 3897 1654 3954 sic
1685 3898 1817 3954 mihi
1855 3900 2065 3956 contin-

480 3981 571 4041 gat
601 3989 771 4046 usque
795 3978 867 4034 ad
900 3979 1043 4036 diem
1076 3978 1267 4052 iudicii
1293 3993 1347 4042 te
1387 4000 1633 4043 meorum
1659 3988 1862 4046 ossium
1897 3991 2061 4048 ﬁdum

480 4065 682 4122 habere
706 4069 1005 4138 custodem,
1031 4080 1085 4126 ut
1111 4073 1162 4128 in
1186 4074 1276 4132 die
1304 4074 1415 4143 illa,
1441 4092 1564 4133 eum
1592 4076 1870 4136 districtus
1892 4077 2063 4137 Judex

479 4148 709 4222 venerit,
742 4156 956 4217 meo‘ac
996 4162 1086 4220 tuo
1114 4164 1203 4220 me
1224 4164 1421 4223 reddas
1444 4166 1713 4226 Creatori.
1744 4168 1775 4223 ι’
1799 4165 1925 4228 Haec
1969 4168 2079 4230 illo

479 4244 728 4314 dicente,
759 4251 941 4307 omnis
965 4267 1086 4323 qua:
1120 4256 1337 4337 astabat
1373 4259 1959 4367 pmhitudofeoriiversa
1980 4274 2063 4320 est

482 4335 832 4367 ἶ....1ι...,.ι.....
884 4340 1090 4367 n..:|.....
1120 4344 1203 4367 an-
1244 4346 1313 4367 Α.
1342 4362 1355 4367 -
1437 4342 1647 4367 n,-m;o-
1784 4352 1799 4367 ι.
1847 4352 1881 4367 ο-
1950 4348 1975 4367 ι

482 4335 535 4389 iu
560 4336 857 4406 planctum.
884 4340 1091 4409 Quibus
1118 4344 1207 4401 ille
1240 4335 1318 4406 ait
1341 4362 1355 4401 :

456 4472 461 4479 .
483 4436 594 4483 tres
616 4431 744 4497 mei,
766 4434 913 4503 quod
934 4435 1213 4508 hucusque
1236 4439 1395 4496 hodie
1419 4456 1627 4497 mecura
1649 4447 2060 4515 perseverastis.

450 4552 455 4557 ο
479 4518 557 4574 Ite
580 4519 691 4590 jam
726 4527 1103 4597 unusquisque
1131 4531 1198 4585 ad
1240 4540 1443 4600 vestra,
1466 4543 1521 4588 et
1551 4550 1675 4591 cras
1701 4549 1859 4595 mane
1881 4539 1946 4609 ad
1965 4555 2066 4601 me

482 4609 694 4674 venite,
723 4623 783 4667 ut
819 4616 948 4685 quid
986 4616 1228 4676 futurum
1268 4621 1342 4679 sit
1382 4622 1630 4679 videatis.
1663 4642 1682 4677 ι
1734 4626 1944 4684 Dictum
1987 4629 2063 4685 fa-

477 4709 739 4773 ctumque
761 4714 863 4761 est.
893 4707 1014 4777 Ipse
1043 4724 1169 4765 vero
1208 4722 1367 4768 nocte
1399 4712 1452 4767 iu
1483 4715 1731 4791 oratione
1754 4727 2060 4790 prostratus

481 4799 646 4849 tutaut
675 4796 829 4851 duxit
858 4797 1181 4856 insomnem.
1434 4827 1447 4839 ε
1484 4826 1487 4827 ν
1638 4820 1645 4827 ’
1698 4816 1711 4870 ;
1758 4808 1775 4849 ἐ

550 4885 638 4943 lV.
672 4887 925 4946 Inrisitur
948 4911 981 4947 a
1006 4892 1109 4949 SS.
1153 4892 1307 4951 Petro
1332 4906 1379 4951 et
1408 4896 1604 4955 Paula.
1635 4900 1779 4956 Obit.
1805 4934 1874 4945 -ι
1913 4903 2056 4959 Hora

479 4984 659 5032 autem
707 4982 1171 5052 appropinquante
1222 4986 1563 5055 matutinali,
1620 4992 1939 5051 cadentibus
1994 4995 2062 5050 de

450 5065 618 5120 .emlo
640 5066 755 5136 jam
801 5070 996 5138 stellis,
1033 5071 1133 5142 ipsi
1164 5074 1255 5146 qui
1285 5076 1512 5134 aderant
1540 5077 1754 5143 labore,
1787 5079 1845 5136 ut
1879 5082 1931 5137 in
1966 5083 2059 5138 tali

470 5158 718 5225 iegatio,
769 5160 977 5233 fatigati
1013 5177 1069 5220 et
1096 5164 1318 5237 vigiliis,
1347 5170 1539 5227 somno
1570 5172 1834 5241 irruente,
1882 5174 2050 5244 parca

464 5246 744 5298 dtulerunt
773 5253 1013 5298 nimuhm
1042 5258 1245 5298 ηιιίιιιιο
1284 5261 1480 5298 ,πηίιιηε
1526 5278 1627 5298 nun
1658 5268 1786 5298 us...
1829 5257 2059 5298 υὴνιιηιι-

1374 4338 1406 4405 ξι
1437 4338 1680 4418 Sufﬁcit,
1712 4338 1918 4423 inquit,
1948 4348 2062 4410 fra-
2102 4340 2111 4375 θ

2167 3348 2324 3405 annis
2348 3357 2403 3405 et
2437 3351 2645 3407 duobus
2695 3357 2973 3412 mensibus
3015 3356 3232 3427 possedi
3283 3357 3445 3413 domo
3475 3359 3632 3413 vobis
3674 3359 3748 3412 vi-

2164 3436 2419 3495 dentibus
2440 3454 2559 3495 smn
2577 3440 2894 3510 ejiciendus.
2917 3463 2936 3497 ι
2969 3444 3211 3515 Cumque
3238 3446 3343 3500 hoc
3362 3445 3614 3512 dixisset,
3644 3461 3745 3500 una

2165 3524 2231 3581 de
2263 3527 2744 3586 circumstantibus
2765 3533 2976 3599 mulier,
3003 3534 3267 3588 audacior
3292 3536 3523 3595 cauet-is.
3549 3542 3608 3588 ut
3634 3551 3748 3588 ntus

2163 3626 2248 3673 est
2291 3617 2657 3686 feminarum,
2706 3621 2888 3677 dedita
2935 3623 3280 3689 verbositati,
3328 3625 3386 3679 in
3439 3623 3744 3694 huiusmodi

2164 3708 2278 3764 fere
2307 3710 2558 3767 deridens
2583 3713 2829 3785 prorupit
2852 3714 3017 3786 verba
3046 3732 3058 3767 :
3082 3733 3100 3765 ι
3117 3714 3460 3803 λριιίιουιιιιιιο
3481 3714 3617 3769 hora
3639 3713 3748 3769 Leo

2144 3794 2385 3872 ‘ejecerit
2412 3803 2480 3857 de
2508 3818 2735 3873 corpore
2778 3803 2882 3859 isto
2928 3794 3216 3871 damuouia,
3246 3818 3345 3874 ego
3388 3804 3573 3874 regina
3612 3821 3744 3869 cro;

2164 3899 2221 3945 et
2262 3891 2503 3962 insuper,
2529 3907 2625 3947 eos
2658 3909 2794 3962 quos
2824 3894 2940 3965 ipse
2978 3895 3284 3963 interficere
3318 3894 3446 3950 fecit
3483 3895 3553 3950 ad
3580 3896 3745 3950 vitam

2166 3980 2450 4037 revocabo;
2484 4000 2504 4033 ι
2532 3981 2665 4037 Mira
2692 3981 2788 4038 Dei
2834 3984 3159 4040 virtusivix'
3202 3986 3322 4040 lucc
3350 3984 3528 4040 locuta
3572 3985 3750 4040 fuerat

2166 4088 2289 4127 cum
2321 4073 2551 4141 dzemon,
2582 4073 2753 4130 altera
2800 4074 3044 4141 dimissa,
3072 4092 3193 4131 eam
3233 4074 3526 4131 crudeliter
3549 4090 3748 4131 vexare

2164 4165 2349 4238 cmpit.
2372 4165 2592 4237 'Sicque
2643 4167 2844 4223 faetqu
2875 4177 2958 4224 εει
2990 4176 3049 4223 ιιι
3076 4174 3205 4240 quin
3232 4169 3750 4239 ’ad“'san‘eti'c6rpits

2165 4257 2388 4330 supplex
2411 4267 2655 4326 venerat,
2684 4246 2903 4330 recepta
2931 4260 3181 4326 sanitate,
3210 4276 3397 4339 sospes
3421 4260 3488 4314 ad
3529 4261 3747 4332 propria

2164 4336 2470 4418 remearet;
2516 4350 2642 4422 quat
2682 4340 3020 4409 verovelba
3068 4336 3331 4410 derisor-ia
3380 4353 3627 4424 proferre
3663 4363 3748 4410 est

2166 4458 2317 4507 ausa,
2345 4444 2596 4500 meritam
2625 4444 2930 4502 incurreret
2960 4461 3198 4517 poenam,
3224 4457 3279 4502 et
3305 4446 3457 4516 justo
3494 4447 3586 4502 Dei
3608 4446 3748 4515 judi-

2169 4534 2257 4597 cio
2278 4532 2506 4609 alterius
2543 4532 2655 4603 jam
2694 4534 2939 4591 liberata:
2980 4536 3103 4591 inde
3132 4545 3439 4609 asportarct
3470 4538 3633 4591 mala.
3667 4536 3745 4592 Ex

2165 4639 2231 4679 eo
2258 4606 2498 4692 tempore
2526 4622 2724 4680 Leonis
2755 4640 2951 4681 nomen
2981 4606 3211 4692 claruit,
3247 4620 3301 4680 et
3348 4626 3536 4696 ingens
3583 4626 3744 4680 timor

2162 4714 2444 4773 universos
2469 4698 2684 4772 invasit.
2713 4714 2819 4781 Sed
2845 4717 2967 4785 quis
3006 4718 3146 4773 beati
3190 4715 3388 4772 Leonis
3429 4713 3740 4772 cunctava-

2164 4805 2273 4862 lc.tt
2299 4796 2551 4861 evolvere
2580 4790 2874 4862 miracula?
2901 4808 2992 4880 qui
3024 4809 3126 4865 hoc
3152 4809 3412 4880 perﬁcere
3435 4808 3736 4871 conabitur,

2162 4896 2312 4965 prius
2336 4908 2461 4949 eum
2493 4905 2702 4966 tempus
2725 4896 2936 4952 desinet
2958 4913 3117 4967 quam
3145 4898 3391 4954 materia.
3421 4897 3533 4954 Hoc
3561 4907 3736 4954 tamen

2164 5003 2351 5052 unum,
2398 4984 2541 5056 quod
2583 4986 2824 5044 dicturus
2871 5004 3013 5055 sum,
3061 4989 3128 5045 de
3173 4989 3353 5045 multis
3402 4988 3734 5045 reticendum

2160 5092 2281 5133 esse
2306 5092 2410 5131 nou
2433 5075 2690 5137 arbitror.

2231 5167 2317 5224 Vl.
2352 5166 2487 5223 Item
2530 5157 2713 5225 aliam.
2750 5200 2822 5212 --
2849 5171 2945 5227 His
2991 5172 3153 5243 igitur
3196 5171 3463 5243 peractis.
3512 5167 3735 5243 populus

2161 5271 2515 5298 nanctum-rsum
2560 5257 2666 5298 iant
2706 5272 2919 5298 2222:2994:
2954 5261 3150 5298 [,nnnic
3183 5262 3528 5298 nrcrmnlnlml
3573 5260 3733 5298 cnim-
