4010 5328
304 235 411 293 509

302 349 659 418 nimismrpe
693 355 798 414 est,
827 363 988 420 quam
1010 352 1123 423 jam
1150 352 1350 408 dudum
1376 352 1596 418 dedisti,
1631 360 1740 406 tam
1781 352 1892 407 cito
1922 356 1966 414 Α

308 451 518 495 mutare
535 441 888 496 sententiam.
906 460 929 494 ι
944 442 1099 498 Tune
1114 445 1332 500 πειθὼ
1346 444 1615 515 episcopis
1634 442 1895 513 adium

304 547 452 597 eum,
486 532 562 586 ait
591 549 606 584 :
645 551 663 583 ι
687 532 987 599 Quomodo,
1020 530 1302 598 scelerate,
1334 535 1442 592 scis
1464 535 1607 606 quod
1632 534 1790 591 hodie
1817 535 1895 593 sis

305 622 378 677 ab
411 623 515 677 hac
544 622 776 679 muliere
804 626 1136 681 revocandus
1160 633 1216 681 et
1241 626 1577 697 ejiciendus?
1605 645 1625 680 ι
1659 626 1758 682 Cui
1787 626 1897 682 dae-

305 731 437 769 mon
468 716 754 786 respondit
785 735 801 772 :
839 734 858 768 ι
888 716 1004 784 Qua
1039 718 1191 781 hora,
1226 718 1434 790 inquit,
1473 719 1588 774 bcri
1630 718 1763 773 muti
1796 718 1897 773 lino

304 822 469 878 gnam
519 805 766 872 resolvit,
811 823 934 863 cum
966 807 1147 865 Marco
1172 809 1318 881 (55),
1365 817 1421 865 et
1464 808 1741 865 Marciano
1767 807 1898 864 Frc-

304 898 686 968 quentinensis
736 898 883 954 sedis
922 901 1178 975 episcopo
1228 900 1593 956 Beneventum
1624 901 1896 972 perrexit,

304 1000 474 1060 atque
502 990 713 1045 eisdem
746 990 1133 1047 comitantibus
1162 990 1408 1060 Apuliam
1455 1001 1663 1062 petens,
1697 991 1750 1046 in
1779 990 1900 1046 loco

304 1098 419 1152 quo
448 1090 748 1152 pugnatum
795 1082 864 1138 ab
893 1098 958 1137 eo
990 1082 1103 1154 jam
1148 1081 1324 1139 fuerat
1367 1098 1490 1138 cum
1535 1082 1771 1138 inimicis
1808 1082 1901 1137 dc-

306 1174 486 1239 venit;
516 1190 662 1230 nunc
706 1183 889 1229 autem
920 1175 1026 1231 huc
1058 1183 1315 1247 properat
1357 1185 1624 1246 quatenus
1653 1188 1741 1230 me
1773 1173 1901 1230 hinc

304 1263 513 1333 rjiciat.
548 1283 567 1317 ι
600 1263 756 1320 Tunc
786 1265 1091 1337 episcopus,
1138 1266 1276 1322 nihil
1328 1266 1690 1322 indiscussum
1733 1264 1900 1319 relin-

304 1369 504 1424 quens,
528 1353 812 1423 subiunxit
836 1373 850 1410 :
875 1374 895 1409 ι
914 1354 1159 1422 Quonam
1182 1354 1350 1426 igitur
1367 1354 1522 1426 signo
1539 1340 1726 1410 eorum
1752 1350 1904 1422 pote-

309 1449 386 1503 rit
412 1449 744 1518 deprehendi
769 1448 1063 1508 adventus?
1084 1448 1218 1504 rCui
1247 1448 1458 1504 daemon
1484 1465 1537 1500 :t
1563 1445 1621 1500 lu
1650 1460 1714 1500 ea
1739 1459 1901 1515 quam

310 1538 382 1594 ad
427 1537 603 1593 altare
651 1539 890 1609 pendere
919 1538 1116 1594 videtis
1160 1538 1441 1609 lampade;
1480 1556 1499 1589 ι
1532 1545 1590 1591 et
1625 1534 1712 1591 his
1741 1534 1903 1590 dictis

311 1629 598 1684 conticuit.
628 1628 947 1684 Transactis
982 1629 1168 1699 itaque
1209 1629 1438 1685 duarum
1482 1626 1600 1684 fere
1643 1627 1903 1683 horarum

311 1722 527 1790 spatiis,
561 1722 698 1777 odor
722 1722 896 1777 mirus
933 1719 1107 1779 lactus
1134 1730 1220 1778 est
1247 1735 1343 1793 per
1377 1728 1546 1776 totam
1581 1718 1725 1775 beati
1754 1716 1899 1773 Petri
1933 1707 1978 1767 Β

310 1813 634 1878 ecclesiam,
664 1828 748 1878 ac,
797 1812 1102 1869 videntibus
1145 1813 1391 1879 cunctis,
1437 1817 1902 1883 supramemorata

315 1901 526 1972 lampas
555 1902 718 1957 altius
748 1903 911 1958 solito
932 1918 1000 1958 ex
1032 1917 1093 1958 se
1129 1903 1426 1960 ascendere
1453 1902 1646 1973 coepit,
1677 1903 1811 1955 etin
1841 1915 1903 1955 ea

315 1993 422 2048 tria
450 1991 741 2047 luminaria
779 2004 1149 2064 apparuerunt
1192 1998 1404 2050 ardere.
1435 1993 1554 2061 Quo
1605 1992 1770 2057 facto,
1800 1991 1909 2047 da:-

318 2099 447 2140 nzon
477 2085 687 2155 ejulans
725 2088 1009 2143 mulierem
1056 2088 1453 2159 aliquantisper
1480 2101 1680 2143 vexare
1721 2085 1907 2155 coepit,

318 2185 405 2239 et,
445 2184 507 2230 ut
553 2174 916 2247 prmdixerat,
959 2178 1279 2234 adveniente
1321 2177 1536 2242 Leone,
1565 2192 1722 2233 suum
1765 2175 1822 2230 in
1850 2190 1909 2230 se

322 2277 645 2338 retorquens
673 2265 915 2324 furorem
941 2284 1202 2339 nusquam
1230 2269 1551 2345 comparuit.

395 2356 506 2414 Vll.
541 2357 779 2413 Ecclesia
807 2360 862 2411 in
888 2359 1003 2428 ejus
1032 2359 1281 2414 honorent
1313 2358 1610 2414 Beneventi.
1634 2387 1709 2399 —-
1726 2356 1913 2426 Longe

325 2447 511 2518 itaque
540 2446 815 2519 divulgata
848 2446 991 2503 fama
1020 2446 1405 2503 miraculorum
1435 2446 1735 2502 beatissimi
1779 2446 1915 2501 Leo-

326 2541 436 2605 nis,
462 2539 760 2596 Beneventi
783 2530 959 2611 coepta
994 2548 1080 2595 est
1121 2539 1374 2594 aediﬁcari
1405 2539 1473 2593 ad
1511 2537 1627 2607 ejus
1655 2538 1916 2592 honorem

326 2632 560 2689 ecclesia
601 2630 715 2702 (56)
761 2640 823 2687 ut
867 2647 1026 2702 quem
1063 2632 1426 2687 Beneventani
1473 2632 1621 2686 cives
1664 2630 1851 2685 vivunt
1884 2644 1916 2683 a

328 2723 663 2779 Normannis
687 2738 914 2779 carcere
933 2724 1214 2779 detentum
1241 2731 1597 2794 aspexerant,
1623 2719 1735 2790 jam
1768 2736 1917 2775 inor-

330 2828 483 2873 tnum
523 2824 581 2870 ct
612 2816 804 2886 spatiis
833 2816 1147 2872 ctelestibus
1194 2815 1565 2886 perfruentcm
1596 2829 1921 2869 veneraren-

332 2923 441 2967 tur.
472 2912 688 2967 Interea
724 2910 1017 2988 acciditut
1062 2908 1314 2965 Nicolaus
1340 2908 1561 2978 quidam
1599 2908 1667 2963 de
1700 2905 1921 2962 castello

334 3006 665 3068 Ilolliniana,
711 3012 769 3059 et
808 3002 1078 3058 Berardus
1119 3003 1187 3058 de
1233 3002 1353 3058 loco
1396 3001 1662 3064 Carrara,
1690 3013 1920 3068 quorum

1077 237 1373 294 PBOLEG.
1414 271 1482 279 —
1524 239 1611 293 DE
1651 237 1708 293 S.
1750 235 1975 296 LEONE
2009 234 2078 291 ΙΧ
2122 235 2226 293 PP.
2266 234 2830 294 COMMENTARIUS.

3475 232 3581 291 510

1997 347 2244 405 nitatem.
2270 348 2529 405 “rusticus
2554 349 2774 418 quidam
2797 364 2868 405 ex
2897 348 3094 420 oppido
3118 348 3396 406 Ordonum
3413 391 3428 414 ,
3456 365 3581 404 eum

1996 440 2304 498 annualiter
2329 442 2505 498 votive
2528 440 2726 496 festum
2749 440 2893 495 beati
2920 440 3114 496 Leonis
3135 440 3427 506 exeoleret,
3453 456 3583 496 oon-

1997 532 2120 604 tigit
2173 542 2233 588 ut
2283 548 2393 604 pne
2437 532 2603 588 nimia
2653 531 3004 601 oppressione
3053 532 3297 589 laborum
3341 548 3479 604 quos
3530 538 3584 587 in

1996 637 2130 693 agro
2176 623 2419 694 gerebat,
2463 621 2554 678 die
2602 619 2913 685 Dominico,
2943 622 3159 690 quando
3196 620 3335 677 festa
3377 638 3587 677 annun-

1999 713 2206 769 tiantur
2229 712 2449 784 populo,
2481 712 2705 768 minime
2742 711 3027 767 ecclesiam
3062 712 3291 768 adierat.
3327 713 3457 768 Erat
3486 728 3587 767 au-

1999 815 2108 862 tem
2153 805 2273 862 dies
2319 806 2491 862 festus
2532 805 2705 861 sancti
2743 804 3037 883 Leonis‘iu
3082 807 3270 876 quinta
3323 806 3456 862 feria
3502 822 3589 861 sc-

1997 901 2213 972 quenti,
2243 899 2390 971 quod
2418 900 2678 971 praedicto
2705 899 2912 955 rusﬁco
2942 908 3062 955 erat
3107 899 3465 970 incognitum.
3494 898 3590 953 Ille

2000 995 2185 1064 itaque
2224 994 2384 1052 valde
2432 1009 2593 1049 mane
2630 1008 2880 1064 surgens,
2928 993 3160 1063 sumpsit
3192 1007 3377 1048 secum
3422 1005 3592 1046 unum

2000 1088 2284 1159 puerulum
2314 1101 2475 1157 quem
2516 1085 2687 1141 tilium
2718 1086 2936 1141 unicum
2970 1086 3228 1151 habebat,
3258 1096 3314 1141 et
3339 1096 3586 1140 securem

2003 1185 2348 1247 rostrumqne
2384 1175 2672 1231 fossorium
2729 1191 2856 1230 mox
2900 1182 2961 1231 ut
3002 1175 3262 1246 applicuit
3304 1188 3405 1229 suo
3431 1186 3586 1245 agro,

2002 1267 2209 1323 dimisit
2232 1267 2551 1337 pmdictum
2582 1265 2867 1337 puerulum
2898 1265 3069 1320 lilium
3106 1280 3263 1320 suum
3311 1264 3380 1318 ad
3424 1262 3597 1318 sarci»-

2003 1376 2162 1427 nam;
2212 1359 2300 1416 ille
2339 1375 2471 1416 vero
2511 1358 2698 1414 ludere
2742 1356 2903 1413 anxie
2944 1357 3140 1428 coepit;
3185 1372 3251 1411 ex
3298 1355 3403 1410 alia
3442 1361 3599 1424 parte

2004 1454 2164 1525 lupus
2192 1470 2287 1510 ore
2312 1463 2504 1525 aperto
2536 1452 2657 1507 tulit
2685 1451 2853 1506 lilium
2873 1449 2991 1519 ejus
3016 1449 3299 1519 puerulum
3329 1457 3386 1504 et
3409 1447 3596 1518 fugam

2005 1545 2258 1617 arripuit.
2292 1546 2445 1613 Quod
2491 1561 2521 1599 a
2567 1544 2723 1614 longe
2760 1548 2991 1598 cernens
3022 1550 3194 1613 pater,
3224 1554 3447 1595 currere
3479 1544 3601 1609 post

2007 1638 2194 1709 lupum
2218 1639 2403 1708 cmpit,
2426 1638 2541 1693 lucc
2565 1636 2850 1693 clamitans
2873 1652 2886 1687 :
2907 1654 2924 1686 ι
2945 1633 3185 1690 Osancte
3207 1632 3338 1692 Leo.
3369 1639 3598 1701 patrone

2006 1728 2103 1794 mi,
2129 1726 2325 1797 adjuva
2364 1742 2450 1780 me
2495 1740 2639 1780 nunc
2680 1725 2735 1780 in
2764 1722 3017 1794 presenti
3047 1730 3103 1776 et
3128 1721 3293 1775 redde
3317 1719 3448 1774 mihi
3478 1718 3599 1773 uni-

2006 1834 2128 1875 cum
2156 1818 2324 1873 lilimn
2346 1833 2546 1873 meum.
2570 1836 2587 1869 ι
2605 1814 2736 1882 Quae
2762 1815 2846 1870 vix
2871 1813 3079 1869 locutus
3102 1811 3298 1876 fuerat,
3324 1824 3447 1865 eum
3472 1823 3603 1864 ecce

2006 1910 2167 1980 lupus
2206 1908 2415 1965 dimisit
2453 1921 2679 1979 puerum
2710 1906 2786 1961 ita
2818 1905 3040 1960 illaesum
3085 1910 3144 1957 ut
3174 1902 3226 1956 in
3254 1899 3601 1956 vestimentis

2011 2018 2111 2058 nec
2137 2000 2426 2072 vestigium
2453 1997 2673 2069 quidem
2699 2003 2986 2066 appareret
3024 1993 3267 2048 dentium
3312 1989 3422 2059 lupi
3456 1988 3509 2042 in
3540 2002 3604 2042 ea

2012 2102 2170 2166 parte
2207 2108 2314 2163 qua
2366 2105 2491 2146 eum
2538 2087 2697 2159 lupus
2740 2086 3066 2156 arripuerat.
3111 2082 3383 2136 Reversus
3422 2079 3606 2148 itaque

2013 2188 2251 2244 rusticus
2274 2185 2341 2239 ad
2369 2183 2648 2255 oppidum,
2679 2181 2794 2236 hate
2822 2177 3009 2233 omnia
3051 2174 3314 2237 narravit,
3341 2172 3610 2228 sentiens-

2014 2297 2120 2352 qne
2147 2294 2269 2334 eam
2304 2277 2477 2348 ipsam
2504 2275 2650 2330 diem
2685 2286 2807 2348 esse
2834 2266 3265 2325 anniversariam
3307 2264 3361 2319 in
3404 2274 3609 2316 memo-

2016 2373 2153 2427 rixm
2184 2368 2329 2425 beati
2361 2366 2579 2432 Leonis,
2624 2378 2764 2419 novo
2811 2377 2872 2417 se
2914 2358 3171 2415 astrinxit
3215 2365 3344 2411 voto
3382 2354 3449 2409 ad
3488 2367 3608 2407 eam

2017 2459 2307 2531 quotannis
2350 2454 2669 2512 solemniter
2694 2451 3142 2516 cnstmliendam;
3171 2448 3360 2517 sicque
3409 2443 3608 2499 nedum

2017 2530 2330 2613 Beneventi,
2367 2547 2461 2603 Sed
2504 2560 2602 2617 per
2642 2553 2810 2599 totam
2842 2540 3048 2611 Apulia:
3091 2552 3281 2599 oram,
3312 2530 3608 2589 celeberri-

2019 2658 2168 2700 mum
2210 2639 2385 2697 evasit
2425 2635 2625 2692 Leonis
2662 2648 2886 2694 nomen,
2939 2630 3047 2684 Deo
3074 2628 3156 2683 sic
3197 2626 3518 2694 disponente
3548 2627 3609 2673 ut

2021 2733 2106 2789 bis
2154 2732 2209 2785 in
2263 2729 2469 2785 eisdem
2514 2726 2647 2781 locis
2692 2724 2746 2778 in
2788 2722 3010 2791 quibus,
3054 2716 3241 2787 paucis
3290 2720 3419 2768 ante
3454 2709 3615 2764 annis

2025 2823 2312 2896 proﬂigato
2341 2820 2461 2889 ejus
2505 2827 2561 2871 et
2611 2813 2863 2870 Ecclesiae
2891 2809 3170 2871 exercitu,
3218 2806 3337 2875 ipse
3366 2801 3614 2870 captivus

2023 2895 2275 2973 detentus
2302 2914 2502 2974 fuerat,
2535 2907 2899 2981 postmodum,
2926 2906 3209 2973 ingruente
3230 2895 3614 2955 miraculorum

2025 3006 2142 3075 ejus
2208 3004 2368 3067 fama,
2420 3000 2583 3056 iidem
2626 2997 2717 3068 qui
2764 2996 3024 3050 adversus
3070 3005 3194 3046 eum
3240 2993 3510 3043 steterant
3558 2984 3614 3036 in

334 3100 473 3155 alter
517 3096 732 3168 perdito
758 3095 987 3151 brachio
1014 3095 1239 3160 dextro,
1270 3092 1521 3149 retractis
1554 3090 1846 3162 poplitibus
1869 3084 1994 3145 etC
2028 3097 2238 3170 ριιωιίο,
2283 3092 2554 3165 supplices
2593 3098 2649 3144 et
2698 3082 3064 3142 venerabundi
3124 3078 3241 3149 ejus
3297 3075 3616 3170 memoriam

339 3189 541 3252 nervis,
580 3187 722 3242 alter
754 3199 886 3241 vero
910 3184 1081 3256 frigus
1106 3193 1162 3238 et
1202 3183 1397 3239 lebrim
1428 3196 1601 3252 usque
1630 3180 1698 3235 ad
1726 3179 1924 3249 dysen-

342 3281 529 3335 teriam
557 3293 781 3348 passus;
819 3290 940 3332 cum
973 3284 1201 3345 uterque
1236 3289 1296 3330 se
1323 3272 1535 3330 deferre
1563 3270 1823 3328 fecissent
1854 3270 1921 3324 ad

341 3370 653 3438 pnedictam
698 3367 984 3424 ecclesiam
1015 3382 1135 3436 quae
1157 3365 1576 3421 construebatur
1600 3360 1922 3426 Beneventi,

342 3463 483 3521 illico
511 3462 758 3518 omnium
791 3458 998 3529 judicio
1039 3459 1381 3529 desperatam
1415 3462 1810 3526 recuperarunt
1837 3466 1922 3507 sa-

412 3597 526 3671 r55)
549 3596 766 3671 Marcus
795 3594 1091 3671 episcopus
1119 3591 1479 3671 Lucermmsis
1521 3589 1716 3671 colitur
1744 3586 1928 3671 die.”

344 3656 520 3732 Junii;
537 3676 595 3722 et
642 3656 1264 3735 Marcia-nus,episthpus
1308 3661 1732 3735 Frequentinus,
1773 3656 1933 3735 vulgo

344 3729 617 3810 Frigenlo,
649 3739 737 3794 die
773 3737 836 3790 H
879 3729 1040 3810 Julii;
1080 3729 1318 3804 Utraque
1360 3729 1475 3789 haec
1512 3730 1670 3786 sedes
1708 3740 1792 3783 est
1830 3729 1931 3783 sub

343 3805 725 3865 Beneventana
753 3805 1065 3877 metrOpuli.
1366 3822 1369 3823 ν
1532 3830 1537 3839 ς

2002 3578 2005 3581 ’
2077 3588 2083 3595 ’
2109 3590 2221 3665 (⁵6)

2028 3164 2363 3251 excolerent,
2388 3193 2444 3240 et
2478 3181 2649 3250 magis
2674 3194 2742 3234 ac
2782 3174 2955 3248 magis
2989 3186 3119 3243 erga
3142 3178 3394 3225 sanctam
3436 3164 3620 3222 Eccle—

2029 3280 2167 3335 siam
2211 3275 2396 3331 ﬁdeles
2438 3287 2497 3329 se
2537 3276 2862 3342 prmstarent
2904 3266 2973 3320 ad
3020 3262 3236 3321 laudem
3289 3268 3345 3314 et
3392 3257 3620 3328 gloriam

2030 3364 2579 3440 omnipotentis’Dei,
2623 3360 2775 3429 cujus
2818 3373 3015 3414 nummi
3044 3370 3146 3425 per
3189 3359 3387 3408 cttncta
3424 3346 3623 3403 saecula

2035 3463 2109 3519 sit
2134 3458 2499 3518 benedictum.
2526 3456 2757 3509 Amen.‘
2884 3486 2887 3491 μ
2972 3488 2977 3499 ,
3054 3450 3077 3492 ρ
3233 3484 3245 3497 ,‹
3364 3478 3365 3483 η

2254 3589 2594 3646 Waldericns
2624 3596 2751 3640 Illllc
2778 3564 3170 3637 Beneventame
3188 3552 3452 3646 'Eccleéize
3478 3583 3619 3646 prae-

2036 3636 2765 3728 erit;.{aJ'io'ssj'Sb'ipsb
2787 3636 3070 3719 Lenne,'ut
3091 3651 3319 3705 testatur
3343 3636 3620 3749 Ughetlus,

2033 3745 2405 3793 «θῆκαι-λειω.

3212 3938 3219 3947 ι
3253 3936 3256 3940 ι

3244 4018 3303 4033 ,ρ
3474 4004 3513 4029 ¹ξ
3562 4012 3593 4025 iv

1611 4393 1973 4459 PONTlFlCE
2012 4389 2305 4451 ROMANO

1353 4501 2664 4709 COMMENTARIUS.

274 5038 281 5046 '
351 5023 381 5099 ε
408 5023 451 5080 1.
478 5020 629 5075 Acta
671 5007 836 5068 varia
864 5006 1080 5077 scripta,
1114 5000 1378 5059 veneratio
1406 5015 1560 5055 sacra
1591 5014 1612 5055 :
1648 4995 1904 5067 reliquiis.
1979 4994 2025 5053 D

383 5120 442 5173 1.
489 5099 1040 5170 δωοιιιυιηηϐὴνίςιὶ
1094 5092 1442 5151 untlecimmn
1488 5088 1781 5146 illustravit
1827 5087 1958 5143 doc-

314 5211 460 5268 trina
495 5212 562 5260 et
595 5191 912 5254 sanctitate
933 5189 1044 5246 Leo
1076 5187 1223 5254 Papa
1264 5196 1459 5244 nouus,
1506 5195 1631 5236 ante
1661 5178 1955 5235 Pontiﬁca-

312 5267 427 5328 .--_.
464 5298 822 5328 Dnmnllllm
872 5283 1171 5328 Rnismmts
1222 5273 1493 5328 Tullensis
1526 5273 1641 5328 sub
1675 5267 1956 5328 Metronoli

3402 4740 3407 4749 .
3496 4722 3503 4737 ¹
3528 4718 3537 4745 1

2020 4763 2231 4869 'Anritis
2261 4816 2403 4863 tom.
2424 4806 2491 4870 ll,
2522 4776 2609 4862 die
2632 4803 2748 4873 l9.)

2046 4986 2356 5059 ,inrmloso
2383 4982 2693 5053 Praelata“
2744 4994 2804 5037 se
2831 4981 2911 5041 de
2947 4988 3097 5043 tanto
3120 4978 3360 5039 Prasule
3390 4993 3501 5041 non
3531 4983 3650 5031 tam

2064 5079 2245 5143 audita
2309 5088 2471 5143 quam
2526 5075 2667 5140 visa,
2714 5070 2782 5126 ad
2831 5071 3662 5142 mdiﬁeationem-plurimorum

2034 5220 2039 5223 .
2067 5167 2426 5229 transcribere
2442 5180 2467 5229 ',
2489 5184 2509 5216 ι
2529 5173 2721 5238 utpote.
2731 5168 2897 5230 quem
2916 5185 2943 5229 ι,
2958 5161 3267 5233 benignitas
3288 5162 3458 5233 ipsius
3479 5159 3665 5226 digna-
3704 5194 3707 5195 ν

2069 5275 2119 5320 ta
2141 5270 2226 5316 est
2249 5244 2578 5325 familiarius
2594 5256 2698 5314 sibi
2711 5252 2924 5324 iugiter.
2944 5257 3218 5315 assistere.
3239 5273 3257 5306 ι
3285 5253 3418 5320 Quae
3439 5248 3668 5306 vultuu-
