4010 5328
212 361 309 420 §l3

952 359 1247 418 PBOLEG.
1288 391 1357 401 —
1396 358 1484 416 DE
1525 360 1582 416 S‘.
1619 359 1864 417 LEONIS
1903 362 1972 418 IX
2013 360 2118 421 PP.
2156 361 2706 422 COMMENTARIUS

3377 368 3482 428 5H

212 474 381 530 ollieio
427 470 627 544 duplici
659 470 775 541 ejus
817 472 1015 525 festum
1064 471 1167 526 hoc
1209 470 1297 527 die
1330 450 1613 543 peragunt,
1646 488 1788 542 prze-
1821 481 1863 537 Α
1898 475 2029 529 tium
2057 460 2341 530 Februarii
2370 478 2495 531 anni
2545 477 2789 547 MXLIX,
2823 479 2867 536 si
2896 480 2978 551 (ut
3022 481 3224 537 dicitur
3265 484 3332 537 ab
3362 486 3478 538 An-

212 565 428 636 scriptis
463 562 515 617 iu
534 558 709 617 Missa
733 558 998 617 Gloria'et
1018 561 1215 627 Credo,
1244 577 1310 617 eo
1330 563 1471 632 quod
1499 562 1792 615 etiamnum

212 655 523 728 possideant
551 670 767 710 sacrum
797 653 912 723 ejus
944 646 1161 723 corpus.

274 746 326 801 5.
362 767 380 799 ι
420 746 677 818 Sepultus
715 765 733 798 ι
764 746 890 801 olim
915 744 1036 811 fuit,
1081 762 1099 797 ι
1133 744 1409 817 sicutipse
1430 745 1788 817 disposuerat,

208 836 352 906 juxta
379 838 526 891 beati
550 836 833 891 Pontiﬁcis
861 836 1107 905 Gregorii
1156 837 1330 891 altare
1361 846 1487 892 ante
1535 835 1679 891 fores
1704 851 1796 891 ec-

214 931 407 996 clesia‘,
448 949 468 982 ι
506 931 580 984 uti
603 931 657 985 iu
685 928 789 985 ﬁne
818 928 952 983 Vita:
982 930 1145 983 tradit
1175 928 1473 983 Wihertns.
1498 930 1567 982 At
1592 928 1793 983 Itoma-

213 1040 309 1079 nus
332 1023 643 1079 Canonicus
675 1022 915 1092 ejusdem
955 1022 1213 1085 hasilime,
1239 1023 1330 1090 qui
1363 1020 1559 1076 sa:culo
1588 1018 1793 1092 praeccc'

213 1115 351 1169 denti
387 1114 549 1180 vixit,
597 1114 650 1166 in
683 1112 1046 1182 descriptione
1093 1109 1369 1164 Vaticana:
1413 1110 1649 1165 basilica:
1687 1110 1793 1165 ista

213 1205 432 1259 asserit:
466 1222 486 1255 α
524 1203 635 1258 Leo
657 1204 801 1275 Papa
824 1219 1000 1257 nonus
1024 1203 1315 1272 requiescit
1345 1201 1483 1257 infra
1505 1203 1792 1257 ecclesiam

211 1297 266 1351 Β.
297 1297 463 1361 Petri,
506 1299 559 1350 in
594 1297 703 1367 pilo
735 1311 1043 1351 marmoreo
1072 1311 1240 1366 prope
1264 1306 1474 1365 portam
1507 1294 1795 1349 Ravenna-

211 1389 364 1443 ticam
398 1405 412 1440 :
448 1387 652 1458 dequo
695 1396 821 1441 sunt
869 1386 1009 1457 apud
1043 1401 1143 1441 nos
1174 1386 1341 1440 multa
1371 1395 1426 1440 et
1456 1401 1648 1457 magna
1691 1386 1794 1441 mi-

214 1477 409 1532 racula.
465 1475 568 1532 Πἰο
614 1477 856 1532 condidit
905 1475 1244 1546 privilegium
1292 1475 1687 1532 Canoniconnn
1716 1476 1791 1545 Β.

211 1567 346 1623 Petri
375 1568 442 1622 de
489 1566 907 1621 conﬁrmatione
943 1582 1167 1621 suarum
1202 1566 1591 1621 Ecclesiarum.
1631 1585 1648 1619 ι
1688 1565 1795 1619 Lu-’

212 1660 316 1713 cius
337 1659 544 1714 Saccus
566 1660 619 1713 in
645 1659 1006 1729 descriptione
1032 1657 1289 1713 historica
1316 1657 1529 1713 Suessa:
1556 1657 1794 1712 civitatis

212 1749 344 1822 (qua:
373 1751 520 1805 inter
549 1749 789 1821 Capuam
810 1760 864 1805 et
882 1749 1122 1819 Caietam
1150 1751 1202 1804 in
1231 1750 1529 1820 Campania
1556 1758 1640 1803 est
1664 1751 1792 1820 sita)

1899 565 2070 622 selmo
2115 567 2168 621 in
2223 566 2532 638 ltiuerario)
2593 587 2612 620 ι
2663 570 2940 640 dignitatis
2983 570 3279 628 Pontiﬁcia:
3307 573 3487 630 infulis

1900 654 2189 728 insignitus
2217 656 2381 712 fuerit
2431 658 2484 712 in
2530 658 2846 732 llypapaute
2876 662 3110 729 Domini,
3146 684 3166 719 ι
3202 666 3317 720 sive
3346 664 3487 721 festo

1899 744 2303 803 Puriﬁcationis
2328 748 2593 819 Deipartr,
2618 751 2745 806 dein
2776 753 2983 809 soleuni
3012 756 3114 810 ritu
3152 774 3172 808 σ
3216 756 3487 813 inthroui-

1898 847 2055 893 zatus
2075 853 2152 893 xu
2171 838 2454 895 Februarii
2480 840 2757 897 Domiuiea
2781 845 2952 913 prima
2969 847 3429 923 Quadragcsiunc,
3460 869 3481 903 ι

1898 930 1977 984 uti
2006 929 2059 984 in
2082 931 2199 1001 ejus
2225 932 2372 986 Actis
2396 933 2558 987 tradit
2584 932 2884 990 Wibertus.

1911 1038 1915 1045 ε
1969 1019 2022 1072 'l.
2054 1018 2153 1075 llic
2182 1020 2361 1092 aliqua
2410 1026 2779 1079 controversia
2827 1026 3079 1082 oboritur
3122 1045 3245 1086 cum
3282 1031 3486 1089 Ottone

1894 1111 2229 1185 Frisingensi
2261 1123 2316 1167 et
2347 1098 2471 1170 aliis
2498 1130 2621 1171 eum
2666 1119 2891 1184 secutis,
2942 1122 3095 1191 quasi
3130 1142 3149 1175 ι
3189 1122 3247 1179 S.
3282 1123 3389 1179 Leu
3418 1128 3487 1181 ad
3522 1156 3535 1167 -

1898 1201 2094 1257 Sedem
2118 1203 2179 1259 Β.
2223 1204 2369 1260 Petri
2400 1206 2721 1271 destinatus.
2763 1221 3040 1281 assumpta
3073 1228 3309 1283 purpura
3338 1213 3485 1269 Pon—

1898 1294 2081 1349 tiﬁcali
2114 1309 2211 1363 per
2237 1294 2440 1350 Gallias
2480 1297 2584 1351 iter
2607 1298 2830 1367 egisset,
2855 1311 2908 1354 et
2932 1300 3178 1357 Cluniaci
3207 1303 3275 1357 ab
3305 1301 3486 1359 llllde-

1895 1382 2103 1438 brando
2132 1386 2456 1452 redargutus
2486 1401 2723 1457 purpura
2755 1389 2993 1460 deposita
3017 1392 3288 1461 peregrini
3325 1393 3482 1448 habi-

1898 1481 2014 1527 tum
2050 1475 2455 1544 assumpsisset,
2497 1486 2553 1531 et
2580 1479 2784 1533 ducens
2819 1495 3002 1535 secum
3033 1482 3328 1538 llildebran
3355 1491 3481 1551 “um,

1895 1564 2123 1620 Romam
2167 1568 2425 1622 venisset.
2464 1586 2484 1621 ι
2526 1568 2650 1624 Fuit
2694 1570 2823 1627 Otto
2866 1573 3231 1643 Frisingeusis
3277 1576 3487 1647 integro

1896 1657 2094 1713 seculo
2113 1657 2318 1729 junior,
2376 1670 2623 1717 mortuus
2654 1677 2798 1717 anno
2842 1662 3117 1719 MCLVIII.
3150 1664 3316 1735 Magis
3346 1680 3483 1737 ergo

1897 1747 2225 1803 credendum
2247 1748 2495 1805 Wiherto
2519 1753 2640 1806 testi
2665 1753 2899 1818 oculato,
2915 1756 3006 1823 qui
3028 1757 3241 1820 asserit,
3275 1773 3295 1807 ι
3317 1755 3481 1824 Tulli,

213 1840 366 1895 refert
398 1856 523 1912 cap.
563 1841 596 1895 ’ἵ
626 1860 643 1891 ι
672 1840 881 1910 Corpus
924 1840 983 1895 S.
1024 1834 1224 1895 Leonis
1254 1838 1412 1910 Papa:
1450 1839 1577 1894 noui
1624 1840 1791 1895 fuisse
1822 1838 1866 1895 ll
1896 1848 2113 1908 sumpto
2137 1842 2426 1909 peregrino
2451 1841 2657 1908 habitu,
2694 1843 2997 1899 Romanum
3026 1847 3129 1903 iter
3159 1850 3479 1920 arripuiss",

217 1930 310 1984 sub
343 1930 509 1986 Paulo
544 1928 584 1983 γ
625 1946 765 1985 anno
796 1929 1052 1986 MDCV'III
1082 1940 1353 2001 repertum
1385 1931 1589 2001 absque
1620 1930 1792 1986 al;cro

212 2026 441 2090 brachio,
486 2025 637 2095 quod
676 2025 891 2080 Suessa:
924 2034 1256 2090 asservatur,
1290 2034 1345 2079 et
1376 2034 1503 2078 tunc
1530 2022 1696 2078 fuisse
1736 2024 1789 2078 in

212 2114 634 2186 Ceugregatione
657 2114 1023 2169 Cardinalium
1050 2125 1329 2169 ostensam
1352 2115 1658 2185 epistolam.
1684 2132 1790 2186 qua

211 2205 477 2260 constabat
507 2221 612 2277 per
642 2206 920 2275 antiquam
961 2214 1014 2260 et
1047 2206 1405 2261 indubitatam
1442 2207 1790 2262 traditionem

210 2298 393 2352 dictum
413 2299 704 2352 brachiqu
727 2298 1000 2352 Sinuessa:
1020 2298 1312 2353 asservari.
1340 2317 1359 2350 ο
1382 2297 1605 2368 Aliquas
1626 2299 1789 2353 etiam

210 2389 356 2458 hujus
384 2390 591 2446 Leonis
635 2391 894 2462 reliquias
930 2406 1049 2446 esse
1078 2390 1335 2446 Bononiae
1365 2392 1416 2445 in
1456 2391 1687 2446 ecclesia
1726 2390 1786 2446 S.

212 2482 475 2551 Stephani,
533 2483 704 2538 tradit
750 2483 990 2539 Masiuus
1042 2483 1095 2537 iu
1142 2483 1383 2538 Bononia
1437 2483 1783 2555 perlustrata.

211 2572 430 2645 Corpora
461 2591 627 2631 sacra
663 2585 896 2646 quatuor
938 2575 1179 2631 Leonum
1222 2574 1541 2633 Pontiﬁcum
1590 2577 1789 2633 Rutila-

211 2682 384 2721 uornm
462 2668 640 2723 fuisse
704 2667 1259 2723 ostensa'Kalemlis
1333 2668 1575 2741 Augusti
1644 2685 1787 2726 anno

213 2755 505 2822 MDLXXX,
539 2767 597 2811 et
622 2759 815 2813 iterum
844 2774 950 2812 xxv
975 2757 1098 2813 Maii
1130 2775 1273 2813 anno
1304 2759 1558 2815 MDCVIll
1582 2761 1785 2817 dictum

210 2858 283 2903 est
302 2864 354 2904 ιι
381 2851 613 2922 Aprilis,
651 2851 718 2905 ad
746 2851 922 2907 Vitam
949 2851 1008 2906 S.
1043 2851 1229 2908 Leonii
1259 2851 1438 2925 Magni
1469 2869 1592 2925 pag.
1620 2855 1710 2909 2].

212 2960 319 3037 Sil.
348 2962 501 3037 Italia
544 2963 815 3037 (corporis.
844 2963 974 3019 Acta
1008 2965 1178 3033 primo
1209 2982 1348 3037 anno
1376 2962 1430 3037 in
1463 2962 1784 3037 Pontiﬁcum

221 3033 233 3042 “
366 3033 635 3088 Romano.
653 3033 659 3035 ⁷
675 3033 1050 3088 Controrersiw
1087 3035 1354 3089 nonnulla:
1386 3036 1594 3089 deciate.

270 3125 318 3178 6.
350 3126 511 3181 hatus
540 3136 628 3181 cst
651 3127 707 3180 S.
731 3125 842 3181 Leo
863 3142 952 3181 xxi
982 3125 1125 3181 Junii
1152 3143 1294 3182 anno
1326 3127 1448 3194 Mll;
1480 3129 1785 3200 quinquen-

1894 1940 1948 1984 et
1970 1931 2110 2000 apud
2137 1922 2328 1986 urbem
2375 1932 2671 2005 Augustam
2699 1935 2955 2008 Angelica
2989 1940 3354 1997 modulatione
3394 1959 3480 1999 re-

1895 2016 2178 2077 creatum:
2224 2042 2242 2075 ι
2295 2039 2472 2096 neque
2499 2035 2711 2097 tempus
2754 2030 2854 2083 fuit
2897 2030 3299 2098 intermedium,
3330 2038 3476 2106 quod

1894 2110 2074 2166 itineri
2104 2111 2447 2169 Cluniacensi
2484 2117 2889 2173 attribueretur.
2947 2120 3007 2175 S.
3040 2120 3222 2179 Bruno
3260 2125 3479 2197 Episco-

1892 2220 1994 2275 pus
2047 2200 2347 2277 Signiensis
2398 2207 2819 2265 Hildchraudum
2885 2213 3193 2272 Wormatia:
3240 2218 3480 2275 adfuisse

1893 2295 2105 2362 scribit,
2134 2297 2188 2350 in
2220 2298 2333 2368 ipsa
2362 2298 2737 2368 designatione
2773 2296 2851 2357 'S.‘
2876 2302 3070 2359 Leonis
3094 2306 3161 2360 ad
3190 2306 3480 2363 Sumnmm

1890 2385 2315 2443 Pontiﬁcatum:
2355 2408 2373 2440 ι
2410 2390 2519 2445 lllis
2561 2392 2772 2458 diebus,
2810 2395 3000 2465 inquit,
3032 2407 3150 2452 erat
3181 2398 3253 2453 ibi
3296 2415 3483 2456 mona-

1891 2479 2029 2534 chus
2060 2480 2278 2549 quidam
2330 2480 2627 2548 Bmuanus,
2664 2472 3057 2541 Hildebrandus
3104 2486 3345 2555 nemine,
3383 2508 3481 2546 no-

1890 2569 2017 2628 bilis
2077 2572 2277 2626 indolis
2329 2573 2667 2641 adolesecns,
2726 2576 2856 2631 clari
2897 2578 3118 2650 ingenii,
3169 2591 3482 2651 sanetteque

1890 2659 2191 2728 religionis.
2225 2661 2379 2716 lluuc‘
2425 2663 2593 2731 igitur
2628 2665 2816 2719 beatus
2848 2666 3147 2738 Episcopus
3168 2672 3379 2727 vocavit
3413 2672 3481 2727 ad

1890 2765 1969 2813 se,
2017 2758 2073 2805 et
2107 2752 2319 2820 rogavit
2349 2767 2471 2808 eum
2510 2764 2569 2808 nt
2616 2756 2779 2809 simul
2823 2757 3049 2812 Romam
3086 2761 3352 2816 rediret...
3415 2764 3481 2818 l-It

1892 2849 2020 2896 tunc
2049 2841 2347 2912 Episcopus
2378 2844 2606 2899 Romam
2650 2846 2894 2911 veniens,
2935 2851 3481 2917 prredictum'mona-

1887 2932 2051 2987 chum
2083 2948 2266 2989 secum
2300 2936 2550 3002 adduxit,
2590 2926 2818 2992 multum
2852 2941 2905 2994 in
2941 2941 3042 2996 hoc
3070 2943 3185 3012 ipso
3215 2945 3274 2998 B.
3315 2946 3478 3003 Petro

1888 3026 2154 3092 serviens,
2196 3029 2343 3098 quod
2390 3029 2538 3083 illum
2594 3030 2869 3087 hominem
2920 3038 3101 3088 secum
3160 3038 3481 3107 reducebat,

1887 3116 2043 3187 cujus
2087 3119 2314 3174 consilio
2360 3128 2416 3174 et
2474 3121 2738 3192 sapientia
2790 3122 3031 3179 Romana
3090 3126 3328 3183 Ecclesia
3384 3129 3485 3184 ali-

213 3216 285 3271 uis
310 3226 365 3271 ut
392 3220 767 3272 instrueretur
792 3219 1022 3272 traditus
1047 3217 1341 3273 Bertholdo
1369 3197 1645 3291 EpiscOpo-
1662 3220 1783 3275 Tul-

1896 3209 2113 3279 quando
2154 3211 2390 3282 regenda
2422 3222 2479 3268 et
2523 3214 2876 3285 gubernanda
2908 3228 3047 3273 erat.
3082 3219 3181 3275 llic
3225 3232 3303 3277 ρει
3338 3225 3481 3280 enim

216 3305 352 3372 lensi,
398 3323 460 3362 ac
498 3306 632 3362 dein
687 3308 847 3377 hujus
897 3310 1203 3363 successori
1254 3308 1606 3364 llcrimauno.
1662 3311 1791 3366 lude

214 3397 485 3453 translatus
535 3398 607 3452 ad
639 3399 815 3451 aulam
850 3397 1082 3451 Couradi
1114 3398 1484 3469 imperatoris,
1513 3408 1567 3454 et
1602 3399 1790 3456 Diaco-

214 3504 300 3542 nus
346 3489 542 3554 factus,
598 3505 742 3543 anno
767 3487 964 3544 MXXV
1005 3490 1056 3543 in
1094 3488 1527 3561 Longobardiam
1562 3492 1784 3549 militem

214 3577 493 3637 Tullcusem
532 3581 710 3635 duxit.
747 3583 902 3636 Anno
946 3595 1217 3653 sequentc’
1246 3582 1704 3641 MXXVl'absens
1732 3587 1783 3641 in

214 3668 512 3743 Episcopum
570 3670 876 3725 Tullcusem
907 3671 1133 3737 electus,
1177 3689 1241 3727 ex
1272 3673 1423 3727 Italia
1459 3675 1626 3729 redux
1657 3674 1787 3729 Tul-

215 3761 307 3814 hnu
333 3764 477 3818 venit
527 3764 621 3819 die
664 3762 1003 3817 ascensionis
1047 3763 1268 3825 Christi,
1314 3774 1669 3820 consecratus
1699 3766 1786 3821 die

214 3868 259 3907 ιι
305 3854 655 3926 Septembris.
711 3855 777 3910 Et
826 3856 938 3910 lucc
980 3872 1045 3910 ex
1102 3858 1232 3926 ipsis
1289 3858 1435 3912 Actis
1464 3870 1609 3913 certa
1661 3874 1788 3915 sunt

216 3956 356 4016 atque
382 3949 710 4003 indubitata.
748 3947 823 4001 Eo
846 3956 1027 4002 autem
1060 3947 1369 4003 Tulleuscm
1400 3944 1784 4021 Epismpatum

217 4051 379 4095 sancte
399 4042 669 4113 dirigente
699 4039 922 4095 fuerunt
944 4040 1234 4095 Pontiﬁces
1276 4039 1527 4106 Romani,
1549 4040 1785 4096 Joannes

218 4128 341 4199 XIX,
364 4135 482 4188 dein
520 4134 853 4189 Benedictus
901 4132 1012 4187 lx:
1048 4149 1155 4203 quo
1202 4148 1265 4187 ex
1302 4132 1443 4189 Sede
1473 4134 1781 4204 Apostolica

219 4225 371 4293 pulso,
405 4236 459 4281 et
504 4226 807 4282 schismate
854 4224 1098 4280 Silvestri
1147 4224 1209 4279 lll
1241 4226 1561 4295 composito,
1607 4225 1785 4281 factus

218 4319 287 4369 est
313 4317 444 4389 Papa
470 4317 772 4389 Gregorius
806 4316 873 4370 Vl
904 4332 1045 4371 anno
1074 4314 1309 4370 MXLIV.
1345 4306 1542 4373 Verum
1574 4317 1657 4372 his
1692 4319 1781 4373 tri-

221 4407 307 4462 bus
332 4410 586 4481 depositis
622 4410 838 4465 electus
872 4416 953 4463 est
986 4408 1236 4463 Clemens
1279 4424 1318 4463 ιι
1360 4417 1519 4464 antea
1559 4408 1783 4478 Episco-

1893 3297 2190 3371 Gregorius
2222 3302 2498 3371 Septimus
2522 3302 2686 3375 Papa,
2724 3324 2743 3357 ι
2779 3316 2885 3361 etc.
2920 3307 3088 3379 llujus
3120 3309 3485 3369 Sancti‘Puu-

1896 3392 2054 3447 tiﬁeis
2106 3392 2282 3448 Vitam
2326 3395 2541 3465 scripsit
2590 3395 2794 3451 Paulus
2838 3396 3247 3457 Bcrnt'iedeusis
3294 3413 3486 3461 auctor

1892 3498 2126 3549 eomvus,
2176 3485 2227 3538 in
2275 3500 2449 3555 eaque
2495 3487 2662 3542 tradit
2705 3487 2853 3543 illtnn
2916 3509 2935 3541 ι
2978 3491 3314 3562 aliquantum
3347 3506 3480 3552 tem.-

1891 3577 2038 3647 poris
2088 3592 2295 3631 moram
2346 3577 2547 3634 fecisse
2596 3580 2649 3634 in
2679 3581 2798 3633 aula
2847 3580 3065 3637 Henrici
3098 3583 3480 3655 Imperatoris:

1890 3670 2037 3721 rddit
2073 3668 2265 3723 deinde
2297 3669 2532 3725 Leonem
2563 3671 2764 3742 Papam
2806 3688 3031 3739 nouum,
3087 3673 3245 3744 hujus
3295 3675 3484 3734 lauda-

1890 3758 2014 3813 bilis
2046 3760 2144 3814 viri
2182 3761 2529 3831 prudentiam
2557 3771 2612 3816 et
2639 3765 2984 3819 sanctitatem
3024 3781 3089 3820 es
3124 3768 3287 3823 corde
3322 3784 3483 3827 vene-

1889 3860 2089 3917 ratum,
2122 3862 2176 3906 et
2202 3852 2568 3923 amplexatqu
2610 3854 2731 3924 ejus
2771 3868 2868 3924 per
2914 3857 3094 3910 omnia
3126 3859 3389 3913 consilia:
3423 3869 3481 3916 et

1889 3942 2028 3997 hanc
2055 3936 2243 3998 eorum
2272 3946 2623 3999 concordiam
2670 3946 2963 4017 plurimum
3017 3950 3069 4002 in
3125 3966 3257 4021 agro
3297 3951 3480 4007 Domi-

1890 4036 2014 4091 nico
2050 4036 2224 4105 spinis
2269 4038 2440 4091 crutis
2471 4036 2834 4093 frnctilicasse
2863 4059 2875 4093 :
2913 4040 3118 4094 interea
3159 4042 3329 4108 illutn,
3353 4045 3483 4098 suh-

1893 4125 2179 4179 diaconum
2212 4127 2279 4181 ab
2302 4127 2491 4181 eodem
2515 4126 2659 4199 Papa
2684 4130 3019 4196 ordinatura,
3044 4135 3388 4190 Διιιιιιιειςιιριδίο
3414 4128 3471 4191 S.

1887 4217 2061 4282 Pauli,
2090 4218 2476 4275 miserabiliter
2497 4221 2759 4285 desolato.
2774 4222 3055 4293 przelatum
3080 4223 3267 4281 fuisse.
3282 4246 3302 4281 ι
3330 4225 3480 4282 Post-

1888 4308 2107 4362 modum
2152 4326 2172 4360 (
2207 4308 2509 4379 spiritualis
2542 4313 2803 4383 agricola,
2837 4314 3068 4372 Sanctus
3090 4318 3342 4374 videlicet
3368 4319 3481 4376 Leo

1885 4400 2423 4472 Papa,eonsiderans
2442 4413 2497 4460 et
2520 4407 2797 4463 admirans
2829 4409 3056 4465 multum
3089 4410 3323 4468 fructum
3356 4414 3477 4484 pal-

220 4513 305 4567 pus
327 4499 735 4571 Bambergeusis
762 4508 906 4553 anno
934 4496 1187 4553 MXLV’I:
1216 4513 1321 4568 quo
1348 4513 1491 4552 anno
1522 4509 1781 4569 sequente
1814 4529 1858 4586 ι)
1886 4496 2041 4586 mitis
2069 4494 2249 4586 hujus,
2304 4511 2370 4550 eo
2417 4497 2561 4567 quod
2607 4498 2718 4568 ipse
2772 4511 3019 4556 maneret
3049 4503 3103 4557 in
3156 4503 3378 4562 Christo
3420 4515 3477 4562 et

222 4589 429 4648 MXLVII
454 4602 694 4657 mortuo,
726 4592 925 4647 iterum
951 4591 1091 4646 sedit
1118 4589 1526 4645 Benedictule
1551 4605 1566 4643 :
1591 4601 1778 4645 contra

224 4696 363 4750 quem
389 4686 594 4742 electus
625 4695 711 4742 cst
741 4684 1005 4739 Damasus
1030 4682 1074 4738 ll
1110 4693 1234 4737 ante
1263 4682 1561 4753 Episcopus
1601 4683 1779 4738 Brixi-

223 4776 400 4840 ucnsis,
427 4786 784 4833 consecratus
815 4791 959 4831 anno
1007 4770 1298 4840 MXLVIII,
1348 4776 1433 4830 die
1462 4786 1571 4830 χιιι
1607 4774 1731 4831 Julii
1762 4794 1776 4831 :

227 4866 304 4917 sed
332 4883 442 4921 cum
472 4870 701 4924 sedisset
741 4868 859 4922 dies
901 4883 1065 4931 χχιιι,
1102 4867 1376 4922 extinctus
1420 4876 1526 4931 est,
1573 4876 1631 4921 ut
1660 4881 1781 4921 cre-

224 4955 600 5022 ditnr,vcueuo.
635 4961 768 5016 Post
796 4960 938 5015 hunc
963 4960 1151 5015 eodem
1174 4961 1348 5014 adhuc
1367 4975 1510 5014 anno
1531 4956 1801 5031 design?

226 5058 297 5105 tus
328 5053 376 5107 in
400 5053 682 5110 Conventu
710 5053 1121 5117 Wormatiensi,
1154 5054 1241 5108 hic
1276 5063 1457 5109 uoster
1478 5053 1777 5123 Episcopus

227 5138 488 5200 Tullensis.
529 5156 658 5200 tunc
686 5138 871 5200 Bruno
901 5148 1102 5200 dictus.
1151 5146 1241 5200 oui
1272 5162 1394 5200 cum
1427 5142 1564 5200 Tulli
1613 5146 1779 5200 Nata-

1886 4584 2135 4640 (Jhristus
2165 4585 2218 4640 in
2244 4585 2393 4656 ipso,
2427 4586 2672 4641 dilatavit
2694 4587 2746 4643 in
2777 4603 2844 4644 eo
2876 4592 3211 4647 mansionem
3244 4592 3472 4661 Christi,

1885 4693 1983 4749 per
2016 4679 2415 4750 impositionem
2460 4679 2681 4736 Ordinis
2735 4680 2962 4738 Levilici
2982 4700 2997 4749 ;
3026 4694 3110 4749 et,
3145 4694 3207 4739 ut
3234 4684 3471 4740 fructum

1883 4769 2008 4840 plus
2036 4769 2257 4825 aﬁ‘erret
2288 4770 2548 4826 Romana:
2578 4770 2854 4836 Ecclesizc,
2894 4774 3349 4829 Archidiaconum
3385 4775 3473 4830 iu-

1883 4874 2080 4929 stitnit.
2116 4891 2135 4925 ι
2172 4872 2299 4930 Haec
2322 4873 2415 4929 ibi.
2447 4872 2526 4928 Ex
2557 4873 2754 4946 quibus
2787 4875 3039 4931 omnibus
3069 4875 3373 4947 colligimus
3402 4876 3463 4931 S.

1881 4973 2118 5031 Leonem
2144 4989 2249 5029 non
2279 4975 2445 5030 fuisse
2475 4975 2529 5030 in
2574 4976 2719 5028 dicto
2746 4977 2940 5032 itinere
2983 4974 3246 5039 Cluuiaci.
3293 4996 3472 5050 neque

1880 5078 2023 5143 inde,
2054 5076 2148 5132 sed
2176 5093 2245 5132 ex
2276 5076 2397 5131 aula
2429 5076 2777 5145 Imperatoris
2833 5077 3121 5132 adduxisse
3152 5078 3479 5138 Ilildcbran-
