4010 5328
470 271 573 328 5ιό

467 388 740 459 patienter
768 388 818 443 ei
843 385 1106 442 satisfecit
1135 385 1342 441 reddita
1371 386 1438 439 de
1475 384 1750 450 omnibus,
1784 384 1923 439 sicut
1955 383 2042 438 ille
2071 384 2122 444 Α

465 481 732 545 voluerat,
757 479 990 535 ratione.
1025 497 1048 530 ι
1075 477 1200 533 Hch
1231 477 1436 531 Bruno.
1541 525 1544 528 .
1885 525 1888 528 λ

467 623 470 626 .
534 572 587 626 8.
616 571 798 624 Altera
821 569 1196 624 controversia
1220 567 1522 624 dcsmnitur
1547 582 1614 621 ex
1643 566 1916 622 Chronico
1936 565 2044 620 Ca-

463 663 675 718 sinensi
720 661 918 716 Leonis
946 659 1234 714 Marsicani
1280 658 1532 730 Episcopi
1584 659 1871 724 Ostiensis,
1907 674 2046 714 anno

463 752 655 808 MCXV
713 753 820 806 vita
886 750 1082 816 functi,
1137 750 1227 820 qui
1281 749 1474 804 scribit
1534 749 1630 804 lib.
1684 751 1740 812 2,
1799 765 1919 819 cap.
1976 751 2036 805 8i

467 863 487 897 ι
527 836 585 899 S.
624 844 857 899 Leonem
899 842 1238 907 Pontiﬁcem,
1285 841 1472 898 eodem
1525 857 1630 912 quo
1657 843 1938 897 ordinatus
1965 853 2046 897 est

461 951 628 1000 anno,
665 935 928 990 orationis
955 935 1129 1006 gratia
1159 942 1394 989 montem
1422 934 1735 1004 Garganum
1760 936 1997 1003 petiisse.
2024 956 2040 987 ι

465 1025 662 1080 Verum
703 1025 756 1081 id
809 1026 1106 1098 contigisse
1151 1041 1296 1080 anno
1334 1027 1584 1096 sequenti
1626 1025 1765 1080 infra
1819 1029 2044 1096 patebit.

461 1117 690 1173 Videtur
713 1129 904 1174 auctor
938 1119 1028 1174 hic
1058 1133 1230 1174 annos
1259 1134 1289 1172 a
1338 1117 1605 1174 Paschate
1645 1119 1958 1189 iacmpisse,
1992 1129 2047 1175 et

459 1211 538 1265 sic
561 1210 794 1279 primum
845 1210 1009 1264 etiam
1048 1225 1252 1264 annum
1302 1208 1361 1264 S.
1391 1208 1589 1265 Leonis
1641 1211 1947 1277 inchoasse,
1991 1221 2046 1268 et

457 1302 561 1356 hoc
581 1301 785 1372 posito,
805 1310 1208 1372 consequenter
1225 1302 1437 1373 singula
1463 1313 1720 1359 accurate
1746 1305 1858 1360 suis
1886 1306 2050 1360 annis

458 1390 776 1446 attribuissc
804 1405 952 1452 eum,
989 1391 1128 1445 intra
1173 1392 1546 1448 ostendemus.
1583 1393 1809 1458 Verum,
1846 1406 1906 1448 ut
1935 1396 2045 1449 An-

459 1483 666 1538 selmus
716 1483 770 1536 in
819 1482 936 1553 ejus
969 1483 1256 1538 Itinerario
1282 1484 1463 1549 docet,
1516 1483 1754 1554 explevit
1805 1504 1823 1537 ι
1860 1487 2062 1540 Romae;

457 1572 951 1643 Quadragesimalis
1001 1573 1259 1641 temporis
1301 1571 1542 1644 jejuuia,
1589 1576 2054 1646 succedentiaque

455 1661 753 1726 Dominicae
823 1662 1244 1717 resurrectionis
1315 1661 1612 1718 celebravit
1675 1663 1961 1718 solemnia.
2015 1685 2033 1717 ι

1824 266 1877 324 S.
1919 265 2052 324 [ΕΟ
2091 263 2158 319 IX
2197 261 2395 324 PAPA.

3633 263 3736 322 5l6

2223 396 2240 427 ι
2281 377 2361 431 10.
2423 379 2659 450 Denique
2689 379 2919 434 domnus
2952 379 3118 451 Papa,
3175 397 3203 434 a
3238 379 3541 437 Leucorum
3600 387 3738 441 urbe

2150 469 2444 540 digressus,
2493 472 2596 526 iter
2623 473 2690 526 ad
2735 473 3055 528 Remenscm
3107 463 3311 529 ducens
3357 477 3548 530 urbem
3598 480 3740 532 arri-

2149 563 2297 632 puit;
2334 563 2384 617 in
2413 563 2594 634 vigilia
2633 564 2690 619 S.
2725 564 3002 619 Michaelis
3028 566 3094 618 ad
3115 564 3518 620 Curmoh-nsem
3556 566 3738 622 villam

2148 657 2298 710 venit
2325 673 2337 709 :
2368 656 2455 711 die
2480 671 2610 712 vero
2637 658 2881 726 sequenti
2915 657 2980 711 ad
3004 655 3262 712 Sanctum
3288 659 3534 728 pervenit
3553 658 3740 712 Remi-

2147 745 2318 815 gitnn,
2349 747 2785 818 Archicpiscopis
2804 749 2976 802 tribus
2992 748 3394 813 comitantibus,
3420 749 3736 804 'l‘revirensi

2146 837 2416 901 videlicet,
2449 839 2816 910 Lugdunensi,
2863 841 3296 903 Vcsontionensi.
3342 842 3573 910 aliisque
3601 842 3738 897 viris

2151 928 2601 984 honorabilibus:
2638 929 2778 983 inter
2816 945 2953 1000 quos
2995 940 3113 985 erat
3159 932 3396 985 Joannes
3434 931 3739 1001 Episcopus

2147 1019 2464 1076 Portueusis
2495 1061 2511 1085 ,
2557 1031 2611 1076 et
2649 1020 2841 1076 Petrus
2880 1022 3136 1078 Ecclesia:
3171 1023 3429 1078 Romana-
3466 1024 3739 1078 Diaconos

2145 1120 2202 1165 et
2231 1112 2400 1182 ipsius
2453 1112 2611 1168 Urbis
2659 1113 2974 1168 Prwfectus.
3006 1113 3064 1168 ln
3103 1115 3242 1168 atrio
3273 1115 3518 1170 Basilieze
3545 1117 3736 1185 dispo-

2146 1203 2296 1258 nitur
2325 1203 2706 1259 dcccntissitna
2737 1197 3031 1274 processio,
3070 1204 3350 1275 Episcopis
3397 1207 3591 1271 tribus,
3625 1205 3734 1259 Sil-

2145 1295 2453 1350 vanectcnsi
2484 1295 2756 1360 videlicet,
2782 1296 3174 1367 Audegavensi,
3207 1297 3546 1362 Niveruensi,
3575 1297 3733 1368 longe

2145 1385 2384 1458 digestos
2412 1387 2634 1441 ordines
2679 1389 3153 1454 antecedentibus,
3195 1397 3511 1458 textumque
3556 1389 3733 1443 Evan-

2145 1477 2268 1546 gelii
2299 1494 2423 1533 cum
2451 1494 2592 1548 aqua
2623 1479 2914 1534 benedicta
2937 1489 2991 1534 et
3014 1489 3318 1534 aromatum
3345 1481 3513 1535 odore
3553 1479 3735 1535 feren-

2148 1570 2308 1624 tibus;
2341 1569 2434 1624 Sic
2463 1570 2661 1642 Papam
2685 1572 3064 1628 advenientem
3097 1573 3397 1644 suscipiunt
3424 1588 3550 1627 cum
3569 1573 3732 1643 digna

2148 1661 2512 1717 modulatione
2544 1681 2555 1716 :
2583 1663 2699 1734 qui,
2721 1663 2933 1732 expleta
2961 1655 3225 1729 oratione,
3253 1663 3532 1718 adstantes
3553 1662 3730 1717 laetifi-

453 1752 724 1809 Prteterea
763 1752 1108 1809 llcrmanuus
1145 1754 1501 1820 Contractus,
1531 1756 1621 1825 qui
1669 1757 1858 1810 eodem
1901 1773 2044 1813 anno
2077 1740 2119 1799 Β
2149 1753 2294 1807 cavit
2337 1754 2715 1809 benedictione
2761 1755 3092 1823 Apostolica,
3129 1765 3184 1810 et
3212 1755 3406 1810 exinde
3450 1755 3733 1810 deducitur

458 1860 566 1914 quo
599 1844 658 1898 S.
708 1843 817 1898 Leo
858 1854 1102 1899 mortuus
1138 1854 1244 1910 est,
1279 1845 1578 1901 monachus
1607 1848 1913 1917 Augiensis,
1939 1851 2044 1906 sci-

455 1936 590 1991 licet
629 1934 812 1998 MLlV,
849 1935 951 1990 ista
995 1935 1185 1989 scribit
1218 1953 1230 1989 :
1281 1953 1300 1986 ι
1350 1936 1408 1990 In
1441 1937 1862 2008 Quadragesima
1897 1943 2045 1996 ordi-

452 2039 636 2091 natus,
667 2027 867 2084 Leonis
896 2027 1023 2081 noni
1057 2043 1250 2082 nomen
1302 2029 1530 2098 accepit.
1581 2029 1683 2095 Qui
1712 2030 1766 2084 in
1795 2033 2042 2100 proximo

453 2123 661 2178 Pascha
693 2121 1026 2186 Udalricum,
1077 2121 1364 2190 Augieusis
1394 2121 1628 2176 emnobii
1675 2123 2043 2188 Provisorcm,

456 2213 681 2266 Romam
717 2211 1044 2276 venientem,
1076 2211 1304 2265 Abbatis
1338 2211 1714 2266 benedictione
1748 2229 2043 2273 consecra-

459 2304 555 2360 tit:
590 2313 646 2358 ct
692 2304 936 2374 ejusdem
974 2302 1287 2356 monasterii
1329 2302 1633 2373 privilegia,
1684 2305 1984 2374 antiquitus
2013 2321 2041 2361 a

465 2395 606 2450 Sede
629 2393 938 2466 Apostoliea
967 2393 1186 2458 tradita,
1219 2407 1313 2447 sua
1344 2393 1668 2448 auctoritate
1697 2395 2044 2449 continuavit

451 2495 510 2540 et
545 2486 842 2550 innovavit,
873 2484 1172 2540 lndictione
1194 2499 1259 2549 ιι,
1283 2500 1356 2538 vn
1385 2483 1654 2540 Kalendas
1673 2484 1895 2556 Aprilis,
1937 2507 1956 2538 ι
1991 2489 2042 2543 id

451 2587 533 2631 est
570 2577 744 2646 pridie
776 2576 1070 2632 Dominicze
1098 2575 1444 2640 Palmarum;
1485 2593 1617 2648 ergo
1653 2578 1793 2634 hanc
1829 2562 2040 2635 Palma~

453 2687 571 2724 rum
605 2669 954 2725 festivitatem
983 2686 1087 2724 non
1120 2668 1414 2724 celebravit
1437 2670 1583 2724 dicto
1614 2686 1757 2727 anno
1783 2673 1834 2727 in
1860 2681 2044 2730 monte

451 2760 670 2826 Casino,
729 2761 872 2830 quod
915 2775 982 2814 ex
1030 2760 1212 2815 Leone
1261 2758 1571 2816 Marsicauo
1617 2763 2036 2819 assumebatur:

451 2852 570 2916 sed,
602 2861 658 2905 ιιι
685 2852 824 2906 infra
861 2852 1090 2915 dicetur,
1121 2866 1265 2905 anno
1302 2851 1574 2920 sequenti.
2045 2903 2047 2906 .

522 2946 574 2996 9.
615 2962 633 2995 ι
667 2943 810 2998 ld.-tu
837 2943 1004 3013 Papa,
1045 2963 1064 2995 ι
1099 2942 1272 3011 inquit
1309 2942 1651 2998 ilermannus
1691 2942 2036 3011 Contractus,

456 3053 473 3085 ι
496 3035 548 3088 in
573 3034 912 3090 hebdomada
935 3035 1249 3105 postAlbas,
1264 3053 1283 3087 ι
1305 3033 1360 3088 id
1379 3045 1466 3089 est
1488 3043 1609 3104 post
1625 3034 1960 3090 Dominicam
1984 3037 2038 3091 in

2146 1845 2214 1898 ad
2239 1845 2482 1900 civitatis
2514 1846 2733 1900 minui-.1.
2764 1846 2839 1900 lbi
2885 1847 3170 1902 Remensis
3210 1847 3423 1911 Clerus,
3453 1861 3581 1902 cum
3625 1845 3732 1900 Ar-

2145 1936 2490 2007 chiepise0po
2511 1953 2610 1992 suo
2623 1938 2853 2007 aliisque
2871 1938 3152 2008 Episcopis
3172 1939 3384 2006 obviam
3405 1938 3730 2009 procedens,

2146 2041 2317 2095 usque
2343 2027 2411 2081 ad
2445 2027 2734 2083 ecclesiam
2764 2027 2822 2082 S.
2854 2027 3038 2082 Mariae
3084 2027 3396 2082 comitatur.
3428 2027 3503 2082 lbi
3536 2026 3732 2082 Sacer-

2145 2117 2416 2172 dotalibus
2440 2119 2724 2173 redimitus
2742 2119 3044 2189 insignibus
3067 2120 3329 2189 processit
3350 2121 3416 2174 ad
3441 2119 3730 2174 Missurum

2144 2207 2469 2264 celebranda
2501 2208 2767 2264 solennia.
2822 2210 2916 2264 Die
2948 2210 3296 2281 subsequeuti
3340 2211 3407 2265 ad
3449 2210 3505 2265 S.
3551 2210 3734 2264 Remi-

2144 2301 2288 2371 gium
2330 2304 2611 2361 remeavit.
2657 2303 3029 2358 imminentem
3061 2305 3192 2358 tanti
3231 2305 3408 2364 Patris
3435 2304 3737 2359 solennita-

2147 2400 2252 2446 tem
2287 2392 2339 2447 in
2371 2394 2611 2450 crastino
2639 2395 3036 2466 celcb’raturus.
3070 2392 3190 2462 Quo
3231 2397 3316 2450 dic
3355 2395 3498 2450 circa
3536 2396 3731 2450 horam

2147 2486 2386 2552 tertiam,
2411 2487 2697 2542 redimitus
2722 2486 2908 2544 infulis
2931 2487 3384 2554 Sacerdotalibus,
3409 2489 3477 2542 ad
3508 2487 3732 2559 gloriosi

2146 2575 2319 2629 Patris
2353 2576 2584 2648 Remigii
2616 2577 2925 2648 sepulcrum
2976 2579 3224 2648 procedit
3248 2594 3369 2634 cum
3407 2580 3734 2649 thymiama-

2147 2665 2298 2720 leriis
2328 2675 2384 2722 et
2410 2669 2685 2735 crucibus,
2733 2669 2954 2725 sociatis
2991 2668 3093 2724 sibi
3133 2669 3576 2738 Arehiepiseopis
3599 2683 3734 2738 qua-

2146 2765 2290 2824 tuor,
2331 2758 2588 2814 Rcmeusi
2647 2761 2916 2826 videlicet,
2977 2761 3308 2827 Trevireusi,
3359 2762 3732 2833 Lugdunensi,

2146 2845 2558 2905 Vesontiouensi
2589 2867 2710 2905 cum
2762 2853 3082 2921 quibusdam
3124 2854 3266 2917 aliis,
3317 2853 3413 2908 sed
3463 2861 3517 2908 et
3563 2853 3736 2923 ipsius

2144 2935 2248 2991 loci
2302 2937 2538 3005 Abbate,
2595 2941 2908 3012 Domnoque
2961 2943 3186 3014 llugone
3240 2943 3534 2998 venerabili
3573 2943 3735 2997 l’atte

2143 3029 2376 3085 ccenobii
2397 3030 2790 3099 Cluniacensis,
2816 3045 2869 3088 et
2891 3034 3032 3090 illius
3059 3034 3276 3090 Ordinis
3299 3035 3568 3104 plurimis.
3595 3034 3731 3090 Cum

446 3125 620 3191 Albis,
663 3145 682 3177 ι
713 3125 1137 3196 Synodumcum
1173 3125 1649 3195 Episcopisltalia:
1680 3126 1868 3182 Ruina;
1891 3129 2038 3183 cclc-
2066 3121 2112 3181 C
2141 3120 2340 3189 quibus
2377 3122 2563 3178 litania
2608 3124 2822 3179 facta...
2861 3125 3119 3180 feretrum
3176 3127 3358 3182 Sancti
3403 3142 3433 3180 a
3465 3142 3566 3182 suo
3617 3129 3734 3181 loco

448 3215 646 3272 bravit.
668 3234 686 3266 ι
703 3215 942 3280 Scilicet,
958 3223 1017 3269 ut
1039 3215 1323 3269 Wibertus
1344 3214 1484 3268 infra
1507 3215 2042 3284 explicat,adversus

451 3308 816 3373 Simoniacos,
851 3316 909 3364 et
935 3307 1234 3378 Episcopos
1265 3307 1404 3362 tales
1425 3308 1700 3376 deposuit;
1732 3311 1859 3364 item
1891 3305 2041 3364 deci-

451 3414 661 3452 marum
685 3413 842 3452 usum
863 3397 1216 3468 prtescripsit,
1241 3406 1296 3452 ct
1319 3398 1553 3453 incestas
1569 3400 1787 3469 nuptias
1799 3400 2038 3456 discidit.

450 3489 614 3543 Varia
649 3489 813 3543 etiam
844 3491 908 3544 de
932 3489 1036 3543 hac
1063 3488 1284 3560 Synodo
1311 3489 1480 3544 tradit
1507 3489 1572 3543 B.
1597 3490 1792 3546 Petrus
1826 3491 2043 3546 Damia-

450 3601 553 3640 nus
577 3585 630 3644 in
656 3583 881 3655 cpistola
899 3583 968 3636 ad
992 3581 1284 3638 llcnrieum
1308 3581 1676 3638 Ravennatem
1691 3584 2040 3654 Episcopum,

449 3695 570 3748 qua!
597 3679 738 3746 apud
772 3676 1062 3731 Baroniutu
1097 3685 1152 3731 et
1201 3675 1255 3730 in
1299 3675 1462 3730 tomis
1510 3676 1873 3731 Coneiliorum
1915 3677 2042 3732 alle-

448 3778 624 3840 gatnr.
664 3769 888 3836 Deinde,
924 3777 1061 3822 teste
1085 3767 1276 3823 eodem
1306 3765 1639 3833 llernutnno,
1667 3787 1686 3818 ι
1723 3768 1864 3822 idem
1893 3767 2038 3837 Papa

452 3864 504 3916 in
553 3861 894 3917 hebdomada
930 3859 1286 3916 Pentecostes
1330 3860 1496 3914 aliam
1533 3860 1809 3931 Synodum
1862 3861 2041 3930 Papiae

449 3955 820 4026 congregavit,
860 3953 1094 4024 indeque
1132 3969 1230 4023 per
1258 3963 1495 4008 montem
1523 3952 1672 4008 Jovis
1709 3968 1830 4008 eum
1874 3950 2063 4023 plut'i?

449 4048 552 4102 bus
581 4046 950 4102 Romanorum
990 4045 1040 4101 in
1076 4046 1464 4117 Transalpinas
1503 4055 1683 4116 partes
1719 4048 1935 4102 devenit
1964 4064 1978 4101 :
2016 4067 2034 4100 ι

449 4157 514 4196 ac
544 4141 739 4210 primo,
769 4150 830 4195 ut
863 4141 1052 4195 scribit
1098 4140 1389 4220 Anselmtts
1427 4141 1478 4194 in
1513 4141 1818 4206 ltinerario,
1852 4159 1869 4191 ι
1906 4140 2041 4195 adiit

450 4238 857 4305 imperatorem,
885 4237 938 4290 in
964 4238 1182 4308 regione
1207 4249 1640 4292 eounnorantem
1667 4239 1944 4294 Saxonica
1979 4257 1991 4292 :
2017 4259 2034 4291 ι

451 4326 551 4393 qui,
570 4325 730 4379 ambo
755 4345 772 4377 ι
797 4325 2042 4400 ColoniamAgrippinamadveneruntinApos-

451 4413 684 4470 telorum
714 4414 859 4468 Petri
891 4424 948 4468 et
968 4413 1118 4468 Pauli
1141 4415 1422 4469 natalitio:
1457 4435 1476 4469 ι
1507 4417 1814 4487 ibidemque
1831 4418 1898 4472 -S.
1928 4419 2039 4476 Leo

2143 3211 2428 3280 paululum
2463 3216 2692 3269 removit
2723 3233 2736 3268 :
2779 3226 2854 3280 et,
2894 3217 2982 3271 ubi
3015 3227 3385 3287 competenter
3407 3219 3732 3287 dispositum

2146 3303 2287 3370 fuit,
2342 3320 2466 3360 eum
2529 3306 2771 3377 prtefatis
2825 3309 3265 3380 Arebiepiscopis
3305 3320 3360 3364 et
3403 3311 3733 3373 Abbatibus,

2141 3397 2440 3464 suppositis
2475 3398 2722 3454 humeris
2752 3400 2882 3454 illud
2911 3403 3104 3456 devote
3127 3403 3438 3473 lacrymans
3463 3401 3730 3456 extulit...

2141 3484 2414 3542 Collocato
2440 3501 2505 3543 eo
2548 3489 2600 3544 in
2622 3489 2849 3546 ecclesia
2879 3501 3081 3546 sancta:
3109 3491 3203 3546 Dei
3249 3491 3542 3547 Genitrieis
3571 3507 3734 3561 super

2141 3581 2340 3653 saneta:
2369 3577 2560 3634 Crucis
2581 3581 2770 3646 altare,
2796 3582 3254 3652 Archiepiseopus
3282 3581 3540 3636 Vesontio
3583 3585 3729 3636 ensis

2141 3667 2426 3724 Missaruin
2451 3671 2692 3726 solennia
2712 3672 2778 3727 de
2794 3672 2962 3743 ipsius
2983 3672 3200 3744 gloriosi
3227 3672 3406 3727 Patris
3433 3671 3728 3727 celebravit

2145 3757 2464 3814 festivitate.

2220 3871 2234 3902 ι
2258 3852 2279 3904 l
2299 3852 2314 3904 l
2331 3891 2342 3904 .
2361 3852 2471 3906 Dici
2499 3862 2702 3908 interea
2717 3854 2900 3925 elapso
2921 3856 3212 3922 curriculo,
3228 3870 3331 3909 nox
3347 3855 3727 3922 subsequitur:

2141 3960 2301 4001 mane
2343 3958 2522 4002 autem
2575 3949 2813 4003 Domuus
2865 3949 3008 4020 Papa
3061 3952 3373 4006 convocatis
3424 3950 3728 4021 Episcopis,

2142 4038 2281 4092 intra
2311 4039 2591 4095 dedicandi
2637 4043 2952 4096 monasterii
2983 4041 3186 4108 abdita,
3239 4042 3468 4113 singulis
3515 4041 3726 4113 singula

2141 4132 2209 4186 ad
2223 4132 2648 4187 consecrandmn
2663 4133 2931 4204 delegavit
2957 4135 3150 4189 altaria
3161 4148 3216 4190 et
3229 4136 3516 4190 missarum
3533 4134 3728 4189 solem-

2143 4221 2227 4276 nia
2245 4221 2384 4275 idem
2415 4220 2662 4277 Pontifex
2683 4236 2748 4278 ex
2766 4224 3121 4281 dedicationis
3150 4225 3442 4281 celebravit
3469 4223 3730 4280 festiviza-

2146 4323 2216 4367 te.
2251 4312 2414 4366 Lecto
2441 4313 2755 4384 Evangelio,
2775 4315 3035 4385 pulpitum
3062 4316 3433 4388 conscendens
3465 4317 3725 4370 exhorta-

2143 4403 2308 4458 tionis
2335 4418 2638 4476 scrmoucm
2670 4405 2797 4461 fecit
2844 4407 2910 4460 ad
2959 4408 3399 4481 circumstantem
3453 4407 3726 4478 populum,

453 4505 790 4560 llerimanno
814 4503 1237 4575 Archiepiscopo
1262 4506 1407 4560 varia
1433 4472 2002 4577 privilegiaconcessit
2019 4523 2037 4578 ;'
2067 4472 2116 4530 θ
2129 4494 2310 4550 multa
2332 4510 2396 4550 ex
2413 4495 2578 4565 ipsius
2595 4497 2774 4566 templi
2801 4498 3230 4554 sanctificatione
3249 4499 3603 4554 eoncionatns
3627 4499 3727 4554 uti—

451 4605 509 4651 et
527 4594 815 4650 llerimaro
828 4596 1020 4650 Abbati
1035 4592 1286 4650 Remensi
1314 4597 1548 4652 cmnobii
1577 4596 1633 4652 S.
1652 4598 2038 4669 Remigii,istic

451 4685 666 4740 obviam
692 4683 854 4746 facto,
881 4683 1108 4749 addixit,
1128 4702 1145 4734 ι
1168 4699 1227 4737 se
1249 4683 1302 4737 in
1327 4684 1648 4740 solennitate
1676 4686 1734 4740 S.
1761 4685 2038 4743 Michaelis

451 4776 778 4845 Arehaugeli
795 4795 812 4826 ι
830 4775 1029 4831 Remos
1043 4797 1060 4826 ι
1081 4785 1391 4838 venturum,
1406 4776 1524 4830 etin
1540 4777 1764 4832 ecclesia
1779 4779 1838 4833 Β.
1857 4777 1935 4832 Ma
1945 4781 2036 4835 ria:

455 4868 742 4923 Missarum
774 4884 933 4923 sacra
963 4867 1380 4923 celebraturum.
1411 4865 1630 4922 Festum
1660 4883 1788 4924 vero
1818 4870 2036 4940 gloriosi

453 4960 631 5014 Patris
659 4959 910 5030 Remigii,
959 4959 1178 5028 pretiosi
1209 4974 1453 5028 corpurs
1481 4958 1597 5027 ejus
1636 4959 1951 5028 clevationi;
1985 4973 2039 5016 ct

455 5049 873 5118 subsequentem
900 5049 1042 5102 diem
1076 5047 1316 5102 basilica:
1358 5049 1777 5115 consecrationi,
1826 5060 2039 5105 ceteros

455 5139 654 5194 deinde
682 5147 792 5192 tres
839 5137 1044 5207 Synodi
1093 5139 1317 5208 deputat
1360 5137 1735 5196 celebrationi.
1781 5139 2033 5195 Ceterum

455 5229 600 5296 Papa
617 5228 834 5282 Colonia
851 5229 1146 5299 digressus,
1165 5229 1376 5282 Tullum
1406 5230 1458 5283 iu
1483 5231 1820 5287 Exaltationc
1833 5243 2036 5287 sancta:

2142 4587 2209 4641 lia
2229 4587 2400 4642 :diem
2423 4587 2568 4642 illam
2602 4589 2873 4644 celebrem
2903 4605 3024 4646 esse
3046 4593 3300 4662 pra’cepit
3327 4607 3424 4662 per
3446 4590 3728 4646 Remensis

2140 4679 2409 4748 Episcopii
2424 4679 2724 4735 confinia...
2740 4679 3208 4736 Constituitctiam
3226 4689 3283 4735 ut
3297 4682 3363 4736 ad
3377 4679 3570 4746 altare,
3586 4683 3725 4751 quo!

2141 4771 2193 4824 in
2221 4771 2426 4825 honore
2452 4770 2832 4840 Apostolorum
2848 4771 2995 4827 Petri
3021 4782 3074 4827 ct
3102 4771 3252 4827 Pauli
3279 4781 3335 4826 et
3356 4772 3650 4826 Clementis
3672 4779 3725 4824 et

2137 4861 2516 4932 Christophori
2567 4861 2865 4928 Martyrum
2903 4863 3232 4934 gloriosique
3258 4861 3600 4917 Confessoris
3622 4860 3725 4914 Re-

2142 4953 2290 5022 migii
2316 4964 2754 5020 consecraverat,
2784 4966 2840 5010 et
2888 4972 2994 5011 non
3024 4957 3319 5011 indiscrete
3348 4970 3379 5008 a
3422 4955 3721 5023 quibusque

2141 5043 2282 5098 sicut
2317 5045 2578 5100 hactenus
2605 5059 2953 5102 sacrosancta
2985 5047 3243 5118 mysteria
3274 5054 3604 5114 agerentur:
3630 5043 3720 5098 sed

2139 5135 2438 5188 secundum
2475 5151 2678 5191 morem
2714 5138 2970 5193 Romana:
2991 5138 3234 5194 ecclesiae
3251 5147 3458 5208 septem
3491 5146 3720 5190 tantum-

2139 5227 2300 5279 modo
2330 5225 2654 5282 Sacerdotes
2689 5229 2962 5300 digniores
2997 5231 3063 5285 ad
3092 5231 3196 5285 hoc
3236 5229 3468 5284 cilicium
3499 5229 3717 5298 deputa-
