4010 5328
161 271 257 327 317

838 264 1131 320 ιοιιοιιάϐ.
1183 293 1232 303 —-
1263 261 1350 316 RE
1387 260 1446 315 S.
1487 257 1713 317 LEONE
1751 253 1822 313 tx
1861 253 1966 316 PP.
2007 253 2571 314 COMMENTARIUS.

3320 247 3424 305 5l8

163 376 367 435 ordinis
389 373 868 448 qnamplurimis...
893 374 1099 442 Quibus
1122 372 1482 427 residentibus
1503 370 1739 424 surrexit
1768 377 1813 435 Α
1845 369 2017 426 tribus
2080 367 2432 432 comedens,.
2465 374 2587 436 post
2644 364 2928 435 prandium
3008 364 3062 419 in
3116 363 3423 435 Capitnlum

164 471 380 533 Petrus,
411 477 616 522 sancta:
647 463 906 520 Romanae
956 464 1210 519 Ecclesia:
1250 463 1539 527 Diaconos,
1578 476 1746 532 expo-

167 575 296 614 nens
327 559 396 612 de
445 557 640 626 quibus
691 556 743 610 in
790 554 1008 626 Synodo
1038 571 1219 611 sermo
1249 565 1393 609 esset
1422 552 1741 608 habendus:

167 652 228 704 de
264 647 455 704 multis
493 647 741 702 videlicet
783 646 1004 712 illicitis,
1062 647 1113 701 id
1163 656 1269 710 est,
1315 646 1383 700 de
1435 645 1746 700 Simoniaca

168 739 392 803 hzrresi;
445 740 511 794 de
577 737 894 792 ministeriis
937 737 1326 791 ecclesiasticis
1371 745 1428 791 et
1483 735 1750 791 altaribus

168 848 281 903 qua:
310 847 340 884 a
366 830 525 885 laicis
557 830 914 892 tenebantur;
950 828 1018 884 de
1056 827 1242 898 pravis
1269 827 1751 882 consuetudinibus

171 937 283 993 qua:
308 921 378 975 ab
407 921 491 975 eis
523 921 578 974 in
623 919 778 974 atriis
802 918 1156 974 coclesiarum
1201 919 1639 990 accipiebantur;
1685 917 1751 971 de

172 1013 387 1068 incestis
417 1010 708 1083 conjugiis,
733 1023 788 1066 et
822 1011 902 1066 eis
927 1011 1020 1082 qui
1069 1011 1340 1082 legitimas
1383 1010 1754 1080 relinquentes

173 1119 364 1161 uxores
392 1102 720 1159 adulterinis
749 1104 938 1158 iterum
971 1104 1170 1172 nuptiis
1201 1102 1643 1173 implicabantur;
1690 1102 1756 1155 de

176 1198 453 1253 monachis
483 1206 541 1252 et
576 1195 800 1252 Clericis
838 1212 868 1250 a
911 1205 1099 1251 sancto
1145 1197 1422 1266 proposito
1467 1204 1523 1250 et
1569 1194 1758 1252 hat-itu

177 1289 553 1345 recedentibus
598 1307 613 1342 :
667 1287 796 1342 item
846 1287 913 1342 de
962 1285 1188 1342 Clerieis
1233 1285 1497 1341 mundiali
1551 1285 1758 1341 militiai

179 1380 544 1442 studentibus;
585 1379 653 1434 de
685 1378 887 1447 rapinis
937 1392 1345 1446 panperumque
1390 1376 1605 1447 injustis
1633 1391 1760 1447 cap-

181 1471 450 1535 tionibus;
505 1469 574 1523 de
603 1468 936 1523 Sodomitico
977 1467 1108 1524 vitio
1159 1478 1215 1521 et
1239 1468 1559 1536 quibusdam
1591 1467 1762 1520 ha‘rr-

181 1563 319 1616 sibns
347 1577 470 1631 qua:
500 1560 553 1614 in
581 1559 786 1614 eisdem
816 1557 1214 1628 pullulavcrant
1252 1558 1522 1628 partibus.
1559 1576 1578 1609 ›
1625 1556 1667 1610 ιι
1692 1572 1764 1608 ,(ὀ

183 1661 328 1706 tenus
357 1666 426 1704 ex
455 1649 748 1704 ltinerario
778 1649 845 1703 ab
875 1647 1130 1702 Anselmo
1156 1649 1360 1716 scripto
1390 1663 1483 1702 seu
1521 1647 1764 1702 Concilio

1845 463 1995 518 venit
2029 479 2044 517 :
2079 461 2167 514 ubi
2200 460 2466 514 maximas
2509 457 2795 513 Fratribus
2824 473 2923 528 pro
2968 467 3076 512 tam
3126 458 3426 515 honoriﬁca

1845 554 2189 624 susceptione
2217 568 2312 609 sua
2339 553 2545 623 gratias
2566 566 2750 622 agens,
2781 567 2844 608 ac
2863 568 2963 622 pro
2983 553 3192 607 viribus
3215 567 3429 622 semper

1849 643 2242 699 monasterium
2280 641 2455 710 ipsum
2485 641 2844 695 exaltatnrum
2875 642 3168 712 spondens,
3203 641 3436 696 descen-

1848 734 1950 789 dit.
1981 733 2249 787 Postridie
2283 746 2412 786 vero
2441 731 2729 785 ecclesiam
2756 731 2813 784 S.
2844 730 3078 786 Manritii
3110 736 3250 801 apud
3284 733 3431 787 insue

1850 825 1958 880 iam
1988 841 2109 896 qum
2137 825 2357 880 Limara
2405 824 2628 890 dicitur,
2672 825 2740 877 ab
2766 823 2884 894 ipso
2924 825 3133 879 Abbate
3178 834 3431 880 con:.tru-

1851 927 2036 977 ctam,
2102 923 2158 969 et
2223 913 2281 968 S.
2349 914 2647 968 Salvatoris
2715 915 2766 966 in
2845 913 3120 967 territorio
3186 914 3434 968 Atinensi

1853 1007 2153 1062 solennitcr
2184 1005 2390 1068 dicans,
2446 1005 2674 1059 Romam
2725 1019 2977 1057 reversus
3014 1012 3117 1057 est.
3148 1004 3230 1059 Ad
3271 1018 3436 1074 quem

1854 1096 2128 1167 prolectus
2156 1095 2360 1160 Abl-as,
2403 1094 2741 1164 privilegium
2786 1095 2854 1146 ab
2897 1109 2984 1156 eo,
3030 1093 3186 1164 juxta
3217 1107 3438 1147 suanm

1858 1188 2316 1258 praedecessorum
2349 1199 2582 1248 morem,
2624 1183 3018 1239 honorabiliter
3053 1183 3326 1254 sumpsit:
3385 1183 3438 1236 in

1856 1295 1965 1349 quo
2011 1279 2153 1333 idem
2205 1283 2429 1338 sanctus
2478 1273 2727 1330 Pontifex
2777 1273 3145 1328 sandaliorum
3199 1288 3354 1326 usum
3384 1268 3462 1327 et'

1857 1370 2162 1424 dalmaticze
2191 1385 2261 1424 ac
2290 1365 2730 1424 chirotltecarum
2761 1365 2814 1418 in
2846 1363 3139 1434 pmeipuis
3177 1363 3446 1418 festivita-

1860 1459 2030 1523 tibus,
2077 1467 2186 1513 tatn
2227 1457 2304 1511 illi
2335 1471 2501 1526 quam
2529 1454 2786 1512 omnibus
2833 1455 2886 1507 in
2926 1454 3030 1508 hoc
3069 1451 3322 1508 cmnobio
3357 1467 3445 1507 re-

1861 1548 2126 1618 gnlariter
2175 1546 2584 1617 promovendis,
2635 1545 2710 1599 ob.
2755 1542 3225 1598 honoriﬁcentiam
3265 1542 3444 1596 sancti

1866 1641 2023 1710 hujus
2071 1641 2172 1694 loci
2227 1639 2536 1710 Apostoliea
2589 1637 2931 1694 Auetoritate
2977 1638 3271 1691 concessit.
3328 1637 3446 1703 Quo

187 1743 425 1797 Remensi
479 1750 773 1810 excerpta;
807 1739 1010 1810 reliqua
1057 1741 1256 1794 ibidem
1292 1740 1393 1809 legi
1425 1749 1672 1810 possunt,
1705 1748 1760 1793 ct
1795 1741 1834 1800 Β
1865 1732 2026 1786 etiam
2060 1738 2304 1800 tempore
2355 1729 2496 1784 idem
2531 1727 2873 1797 Apostolicus
2915 1727 3298 1782 monasterium
3325 1741 3448 1780 san-

186 1847 293 1901 ane
321 1833 388 1886 ad
414 1832 781 1886 elevationem
823 1831 1068 1901 corporis
1106 1829 1164 1885 S.
1198 1830 1428 1900 Remigii
1465 1831 1756 1884 ctdedica-

191 1929 372 1981 tionem
406 1925 669 1982 Ecrlesia:
701 1933 966 1995 spectant,
995 1936 1155 1979 erunt
1189 1925 1255 1978 ad
1303 1923 1572 1979 Kalendas
1611 1934 1762 1978 octo-

191 2017 291 2072 bris
317 2016 664 2072 elucidanda.
716 2016 788 2069 De
831 2014 1156 2071 Simoniacis
1203 2025 1329 2070 tunc
1367 2015 1628 2085 depositis
1659 2015 1767 2086 agit

194 2110 318 2163 infra
348 2109 658 2163 Wibertus.

259 2197 337 2251 l2.
388 2197 584 2252 Remis
637 2211 760 2251 eum
812 2198 1115 2266 profectum
1176 2195 1366 2257 Metas,
1419 2209 1769 2250 consecrasse

196 2289 456 2342 basilicam
491 2289 556 2343 S.
589 2287 876 2357 Arnnlpbi,
919 2297 974 2343 et
1021 2289 1364 2358 responsoria
1398 2287 1769 2357 composuitie

197 2379 252 2430 de
267 2379 319 2431 S.
347 2377 628 2448 Gorgonio
647 2375 899 2448 Martyre,
927 2393 990 2431 ac
1013 2377 1137 2431 dein
1163 2377 1447 2447 Moguntia:
1471 2377 1769 2432 Conciliinn

198 2469 484 2523 celebrasse
519 2469 690 2521 tradit
720 2467 996 2522 \Vibertus
1044 2467 1098 2523 in
1131 2467 1304 2521 Actis.
1350 2467 1590 2520 Adamus
1641 2467 1773 2520 Bre.

200 2561 382 2615 mensis
411 2560 450 2614 Ι.
480 2559 515 2613 5
566 2559 820 2613 Historia:
854 2557 1246 2614 Ecclesiasticce
1287 2571 1405 2626 cap.
1441 2558 1502 2610 δι
1540 2556 1773 2626 appellat

207 2671 221 2702 ι
271 2651 500 2722 Syodntn
538 2649 869 2719 generalem,
920 2649 1162 2704 habitam
1202 2649 1525 2718 prmsidente
1567 2649 1774 2702 Donino

202 2741 516 2810 Apostolico,
573 2749 631 2793 et
675 2739 1008 2808 lnzperatore
1041 2737 1299 2804 Henrico,
1331 2753 1454 2792 cum
1490 2738 1773 2808 Episcopis

206 2831 428 2886 Bardone
457 2819 887 2902 Moguntincnsi,
922 2829 1235 2884 Eberhardo
1268 2829 1600 2893 Trevirensi,
1637 2829 1773 2882 Iler-

207 2937 388 2976 manno
437 2921 780 2985 Coloniensi,
840 2919 1136 2974 Adalberto
1184 2919 1619 2990 llamburgensi,
1670 2920 1778 2972 En-

209 3010 445 3080 gclhardo
501 3010 952 3082 Magdeburgensi
993 3011 1315 3078 czeterisque
1372 3009 1774 3065 Provinciarnm

1862 1833 1947 1877 cla
1974 1820 2298 1885 Jerusalem,
2349 1820 2490 1893 quod
2523 1819 2901 1875 Sessorianum
2954 1819 3276 1888 appellatur,
3306 1819 3447 1871 intra

1867 1917 2165 1972 Romanam
2197 1915 2384 1971 urbem
2411 1915 2595 1976 sitmn,
2621 1912 2736 1983 jam
2782 1913 2929 1968 dicto
2962 1913 3155 1967 Abbati
3187 1927 3307 1967 cum
3337 1912 3451 1966 suis

1867 2005 2118 2061 omnibus
2150 2003 2361 2071 iuribns
2389 2004 2611 2057 tradidit
2641 2021 2652 2052 :
2688 2012 2744 2056 et
2775 2003 2851 2056 illi
2887 2002 3082 2056 eximie
3105 2002 3449 2074 privileginnt

1869 2097 2096 2161 faciens,
2133 2094 2304 2150 solam
2341 2093 2443 2149 sibi
2493 2094 2722 2149 Abbatis
2755 2091 3222 2148 consecrationem
3269 2091 3453 2162 (quem

1871 2199 2052 2243 tamen
2083 2186 2402 2243 Casinensis
2427 2186 2596 2240 abbas
2634 2184 2877 2256 eligeret)
2925 2186 3239 2240 reservavit.
3277 2205 3294 2238 ι
3334 2185 3458 2240 Fuit

1872 2281 1960 2334 hic
1999 2279 2182 2334 Abbas
2207 2276 2518 2332 Casinensis
2573 2276 2889 2341 Richerius,
2934 2277 3156 2330 natione
3190 2277 3454 2342 Bavarus,

1871 2387 2031 2442 quem
2065 2371 2282 2425 tradunt
2305 2379 2432 2425 ante
2466 2369 2607 2439 apud
2637 2368 2965 2424 Leodienses
2994 2370 3282 2432 Abbatem,
3312 2368 3460 2422 Con-

1874 2464 2004 2519 rado
2034 2461 2351 2532 Imperatori
2391 2476 2601 2525 earnm,
2647 2461 2700 2514 in
2733 2459 2891 2528 hujus
2934 2460 3196 2514 comitatu
3243 2459 3458 2514 vinisse

1873 2559 2152 2622 Casinum,
2195 2567 2275 2622 et,
2304 2573 2487 2611 coram
2527 2555 2646 2626 ipso
2691 2555 2924 2610 electum
2974 2555 3030 2608 in
3061 2553 3325 2607 Abbatem
3366 2568 3455 2605 an.

1877 2665 2147 2713 nxxxvnt,
2187 2648 2390 2703 obiisse
2414 2663 2503 2704 an.
2532 2647 2696 2711 MLV’,
2731 2663 2790 2701 ιιι
2826 2647 2948 2700 ldus
2982 2643 3304 2699 decembris.

1949 2741 2034 2796 l4.
2063 2740 2290 2795 Romam
2322 2756 2452 2810 ergo
2487 2756 2737 2794 reversus
2771 2758 2788 2790 ι
2828 2740 3064 2793 Domnus
3090 2739 3236 2808 Papa
3268 2739 3392 2800 Leo,
3439 2759 3456 2786 ι

1879 2833 2056 2902 inquit
2077 2832 2416 2886 llennannns
2428 2831 2774 2892 Contractus,
2794 2850 2812 2881 ι
2835 2840 2952 2900 post
2967 2827 3173 2884 Pascha
3189 2829 3464 2900 Synodnm

1879 2923 2008 2977 item
2034 2923 2214 2976 Romae
2238 2919 2474 2989 collegit,
2498 2921 2609 2986 ubi,
2631 2940 2649 2973 ι
2671 2929 2809 2975 teste
2822 2920 3085 2985 Wiberto,
3103 2939 3122 2971 ι
3142 2919 3462 2982 Gerardum,

1881 3029 1991 3068 sate
2014 3011 2191 3077 Sedis,
2208 3013 2508 3067 Leucorum
2525 3013 2772 3068 videlicet
2792 3033 2810 3065 ι
2829 3027 2923 3068 seu
2950 3012 3280 3075 Tullensem,
3299 3029 3317 3063 ι
3337 3012 3466 3066 olim

212 3101 602 3157 Sacerdotibus.
658 3101 714 3154 In
771 3116 836 3155 eo
894 3100 1135 3156 Concilio
1210 3100 1427 3170 quidam
1497 3099 1773 3171 Spirensis
1803 3093 1848 3154 C
1879 3103 2188 3167 Prtesulem,
2213 3104 2267 3158 in
2299 3118 2524 3159 numero
2553 3103 2878 3160 Sanctorum
2914 3120 3107 3174 compn
3134 3105 3470 3160 audumsta-

213 3193 504 3266 Episcopus,
546 3194 771 3249 nomine
802 3191 1004 3256 Sibieo,
1041 3193 1130 3247 cui
1163 3193 1370 3247 crimen
1401 3192 1652 3247 adulterii
1685 3192 1779 3246 in:-

214 3289 513 3357 ponebatur,
575 3286 975 3341 examinatione
1028 3284 1294 3340 Sacriﬁcii
1357 3293 1618 3356 purgatus
1677 3293 1778 3338 est.

216 3377 462 3434 Praeterea
527 3379 698 3433 multa
759 3377 830 3431 ibi
898 3376 1109 3431 sancita
1167 3385 1294 3431 sunt
1361 3375 1426 3429 ad
1490 3375 1780 3430 utilitatem

218 3467 489 3524 Ecclesire:
530 3485 646 3540 prae
691 3469 888 3539 quibus
937 3466 1247 3523 Simoniaca
1305 3467 1552 3532 haeresis,
1593 3474 1648 3520 ct
1688 3480 1782 3520 ne-

223 3561 356 3614 fanda
387 3563 745 3618 Sacerdotem
770 3558 1015 3628 conjugia
1040 3558 1370 3628 bolographa
1397 3557 1599 3628 Synodi
1624 3572 1784 3611 manu

223 3663 458 3720 perpetuo
501 3653 769 3707 damnata
811 3659 955 3705 sunt.
989 3668 1008 3702 ›
1067 3649 1410 3704 llermannns
1465 3647 1789 3706 Contractus

227 3742 396 3795 asserit
413 3763 428 3793 ι
452 3742 625 3796 fuisse
649 3741 925 3812 Synodum
949 3739 1306 3810 quadraginta
1340 3740 1750 3810 Episc0pornm.
1767 3758 1784 3790 ι

228 3830 334 3887 inde
377 3833 432 3890 S.
482 3853 501 3886 ι
533 3835 777 3889 Leonem
819 3832 1020 3887 adiisse
1061 3831 1436 3886 Alamanniam
1462 3871 1476 3895 ,
1507 3840 1561 3885 et
1608 3830 1793 3900 Augize

231 3919 399 3976 festum
423 3924 479 3978 S.
503 3923 806 3978 Clementis
820 3931 875 3976 et
899 3922 1235 3976 Dominicam
1262 3931 1386 3976 ante
1409 3923 1714 3977 Adventum
1740 3936 1791 3975 vt

235 4009 470 4067 Kalendas
494 4012 812 4068 Decembris
834 4012 1026 4082 egisse.
1052 4031 1070 4064 ι
1095 4011 1260 4064 Addit
1285 4010 1567 4066 Wibertus
1598 4011 1793 4065 ibidem

241 4121 256 4152 ι
285 4103 565 4160 Ecclesiam
611 4105 666 4160 in
696 4105 905 4160 honore
933 4103 1160 4158 vivitica:
1195 4102 1388 4159 Crucis
1415 4103 1715 4168 dedicasse,
1744 4110 1800 4156 et

240 4195 363 4251 inter
410 4197 696 4253 Missarum
745 4196 985 4252 solennia
1027 4196 1418 4251 daemoniacnm
1458 4194 1735 4249 liberasse.
1773 4214 1792 4247 ι

241 4281 368 4352 lude,
392 4297 522 4344 teste
545 4289 876 4349 llermanno,
909 4305 926 4338 ι
947 4302 1043 4356 per
1071 4285 1365 4358 Augustam
1389 4284 1800 4356 Bajoariatnque

248 4377 510 4443 transiens,
542 4378 778 4432 natalem
808 4377 1015 4431 Domini
1045 4377 1270 4432 Verona:
1297 4376 1483 4431 coluit.
1531 4396 1548 4430 ι

493 4469 520 4543 §
553 4471 636 4525 lll.
672 4471 774 4524 Res
807 4479 963 4538 gesta:
987 4485 1126 4522 anno
1162 4466 1263 4521 ML
1287 4478 1334 4522 et
1363 4467 1514 4522 MLI.

309 4563 384 4617 l5.
410 4564 563 4618 Anno
589 4563 792 4619 Christi
823 4561 916 4616 ML
948 4560 1174 4615 Romam
1201 4575 1502 4630 regressus,
1533 4561 1794 4632 scyphum

254 4649 454 4709 fractum
487 4642 852 4724 redintegrat;
910 4652 1156 4721 Apuliam
1203 4652 1357 4720 petit,
1408 4660 1462 4706 et
1508 4651 1796 4708 Beneventi

255 4741 473 4798 clinicam
530 4753 716 4806 sanat;
777 4752 833 4798 et
895 4742 947 4796 in
1005 4741 1249 4796 Concilio
1302 4740 1587 4813 Sipontin‘o
1635 4760 1799 4814 prope

258 4846 464 4888 Inontem
517 4835 829 4906 Garganum
880 4831 1012 4886 duos
1051 4831 1503 4901 Archiepiscopos
1542 4832 1797 4902 deponit:

262 4935 357 4987 qn:e
384 4924 432 4978 in
465 4923 614 4979 Actis
637 4921 858 4992 exponit
887 4918 1186 4975 Wibertns.
1218 4918 1333 4975 lluc
1359 4936 1520 4990 supra
1568 4922 1803 4982 diximus

264 5009 533 5080 referenda,
561 5029 679 5084 qua:
712 5012 822 5066 Leo
851 5010 1116 5066 Ostiensis
1165 5007 1258 5062 lib.
1308 5009 1344 5062 2
1375 5009 1627 5066 Chronici
1654 5013 1807 5070 Casi-

266 5105 421 5159 nensis
441 5122 557 5177 cap.
583 5105 642 5160 81
675 5103 889 5169 scribit,
911 5113 964 5157 et
987 5112 1115 5158 sunt
1142 5101 1244 5156 ista
1272 5119 1286 5156 :
1315 5120 1332 5153 ι
1367 5102 1600 5160 Sanctus
1626 5103 1808 5162 Ponti-

272 5190 339 5245 lex
364 5193 483 5263 Leo,
519 5198 707 5252 eodem
753 5210 859 5263 quo
886 5196 1167 5250 ordinatus
1207 5203 1291 5248 cst
1337 5209 1500 5263 anno,
1547 5195 1804 5256 orationis

272 5285 410 5328 Eratin
458 5296 686 5328 mnnlmn
727 5305 746 5328 ι
782 5283 1085 5328 Cztronnnm
1122 5285 1172 5328 in
1223 5283 1440 5328 dimensi
1477 5285 1758 5328 Qinnnlinn
1786 5309 1804 5328 ι

1888 3197 2007 3250 ιυίι.
2040 3216 2060 3249 ›
2093 3195 2367 3262 Secundo,
2390 3206 2448 3250 ut
2472 3196 2534 3251 Β.
2569 3196 3038 3268 Lant‘rancns,qui
3059 3199 3204 3253 dicto
3229 3197 3470 3252 Concilio

1886 3285 2154 3352 interfuit,
2185 3286 2400 3352 scribit,
2433 3285 2486 3342 in
2508 3287 2914 3342 Commentario
2957 3297 3144 3343 contra
3199 3287 3467 3357 Berenga-

1888 3375 2028 3432 rium
2057 3375 2124 3432 de
2149 3374 2389 3446 Corpore
2439 3386 2496 3431 et
2543 3376 2820 3448 Sanguine
2866 3379 3075 3433 Domini
3107 3395 3225 3448 cap.
3263 3379 3317 3442 ὃ,
3348 3395 3471 3433 eum

1892 3485 1910 3518 ι
1957 3465 2071 3521 Leo
2099 3465 2318 3537 Synodo
2350 3467 2685 3536 praesideret,
2732 3482 2796 3522 ae
2851 3469 3113 3524 resideret
3153 3483 3334 3523 secum
3366 3482 3472 3521 non

1888 3573 2055 3628 parva
2083 3559 2372 3614 multitudo
2403 3559 2815 3631 Episcoporum,
2839 3562 3130 3628 Abbatum,
3165 3561 3474 3630 diversique

1889 3651 2111 3706 Ordinis
2137 3666 2170 3705 a
2200 3651 2431 3707 diversis
2462 3652 2775 3722 regionibus
2813 3653 3190 3721 retigiosarum
3219 3667 3474 3723 persona.

1893 3759 2080 3798 rum...
2121 3742 2459 3813 promulgata
2499 3743 2662 3798 estin
2689 3743 3081 3816 Berengarium
3112 3745 3476 3800 damnationis

1894 3831 2184 3897 sententia,
2211 3832 2434 3916 privans
2475 3847 2599 3886 eum
2637 3834 3018 3887 communione
3045 3841 3245 3888 sancta:
3287 3831 3473 3887 Eccle-

1896 3923 2009 3987 sim,
2037 3938 2198 3992 quam
2232 3923 2448 3992 privare
2473 3933 2661 3978 sancta
2688 3923 2948 3978 Dominici
2969 3926 3212 3994 corporis
3237 3941 3472 3980 conmm-

1899 4011 2060 4065 nioue
2090 4010 2392 4082 satagebat.
2435 4031 2456 4064 ι
2493 4011 2621 4066 Dein
2651 4026 2775 4067 cum
2812 4031 2830 4062 ι
2864 4012 2924 4066 Β.
2960 4012 3296 4069 Lanfraneus
3319 4014 3476 4070 iidem

1899 4115 2052 4154 suam
2079 4101 2439 4171 exposuisset,
2457 4102 2714 4158 omnibus
2735 4103 2966 4172 placuit,
2996 4104 3125 4158 nulli
3154 4105 3476 4176 displicuit.»

1903 4194 2107 4263 Tertio,
2139 4196 2217 4250 uti
2256 4197 2509 4252 observat
2539 4215 2558 4250 ι
2597 4211 2665 4252 ex
2697 4199 2900 4268 scripto
2945 4199 3213 4256 Chronico
3254 4202 3483 4257 Andrea:

1905 4287 2126 4344 Dandnli
2147 4307 2166 4340 ι
2200 4287 2462 4344 Baronins
2490 4289 2558 4344 ad
2587 4289 2732 4345 hunc
2756 4306 2960 4345 animm
2985 4308 3038 4345 ιι.
3064 4293 3120 4354 5,
3153 4309 3173 4342 ι
3201 4292 3310 4348 Leo
3337 4292 3483 4363 Papa

1903 4379 2146 4436 decrevit
2173 4377 2402 4434 Pallium
2438 4379 2742 4436 Dominico‘
2765 4380 3099 4436 Patriarcha:
3124 4381 3325 4438 Veneto
3355 4385 3486 4454 (imo

1826 4452 1876 4513 θ
1903 4471 2190 4544 Gradcnsi)
2225 4472 2513 4543 eidemque
2537 4473 2876 4544 privilegium
2927 4477 3219 4539 concessit,
3253 4487 3324 4528 ut.
3351 4452 3512 4530 Crn-'

1902 4578 2020 4618 cem
2047 4573 2174 4632 ante
2200 4577 2258 4620 se
2289 4563 2562 4628 deferret,
2589 4563 3128 4636 Patriarehalemqne
3165 4567 3358 4620 Sedem
3391 4581 3488 4635 ap-

1904 4654 2174 4726 probavit,
2207 4663 2262 4709 et
2286 4655 2568 4725 Episcopis
2614 4654 2852 4712 Venetia:
2887 4657 3181 4726 provincia:
3222 4666 3276 4711 et
3319 4657 3488 4711 Istrize

1905 4744 2143 4816 scripsit,
2196 4753 2254 4798 ut
2305 4746 2432 4799 huic
2488 4755 2746 4815 tanquam
2778 4745 3002 4802 Primati
3035 4760 3137 4800 suo
3181 4745 3489 4810 obedirent,

1905 4851 2135 4906 emnque
2152 4847 2550 4890 revererentur.
2575 4855 2593 4887 ι
2619 4837 2810 4891 Verum
2836 4836 3091 4906 Ughellns
3107 4835 3307 4889 tomoV
3326 4835 3492 4890 Italiae

1909 4941 2077 4980 sacr:e
2105 4925 2220 4981 hate
2253 4925 2435 4980 omnia
2462 4927 2652 4981 scribit
2682 4936 2902 4995 peracta
2929 4927 2981 4980 in
3003 4925 3245 4980 Concilio
3273 4925 3496 4982 Vercel-

1909 5015 2069 5080 lensi,
2095 5014 2197 5069 hoc
2228 5016 2406 5070 adlmc
2437 5030 2581 5069 anno
2614 5016 2824 5079 habito,
2851 5015 2935 5071 cui
2965 5013 3038 5066 ait
3061 5012 3265 5070 dictum
3306 5013 3494 5072 Domi-

1914 5108 2096 5164 nicum
2119 5103 2488 5159 Patriarcham
2517 5103 2848 5162 interfuisse.

1986 5197 2073 5253 15.
2099 5195 2158 5250 ln
2185 5192 2286 5249 Ms.
2319 5195 2640 5250 Strozziano
2667 5211 2829 5266 supra
2863 5197 3100 5254 indicato
3129 5197 3355 5256 dicitur:
3390 5221 3407 5252 ι
3437 5202 3500 5256 S.

1917 5290 2026 5328 [an
2052 5285 2218 5328 Pana-
2269 5284 2390 5328 nius
2437 5298 2501 5328 an
2532 5284 2698 5328 ιηίιίς.
2733 5303 2896 5328 Νιιιια
2948 5286 3214 5328 nrnlinniia
3246 5288 3502 5328 Vannii-sc
