4062 5352
535 316 639 370 διε
700 321 709 327 ’

1870 317 1941 375 5.,
1971 314 2106 374 LEO
2141 313 2211 371 IX
2247 311 2467 372 P.\PA.I
2562 358 2567 363 .
2638 362 2648 368 .

534 444 700 499 quam
724 428 1189 499 Imperatorijnre
1220 430 1458 502 iurando
1487 429 1738 502 subjecit,
1779 431 2116 487 Beneventa-
2148 433 2195 492 Α
2225 425 2558 482 Decembris.
2588 423 2787 480 Eodem
2811 422 2977 478 etiam
3010 428 3253 490 tempore
3274 438 3302 473 λ(
3332 417 3393 474 S.
3421 416 3692 489 Amulpbi
3726 430 3817 470 ee-

536 533 747 593 nosque
795 509 975 575 adhuc
1024 519 1349 578 rebellantes
1398 522 1959 579 excommunicavit...
2002 522 2123 591 Ipso

536 617 720 664 autem
774 618 1036 665 autunmo
1087 609 1328 667 Domnus
1373 612 1520 684 Papa
1553 612 1831 687 Synodum
1865 612 2124 669 Vercellis

535 698 775 769 collegit,
805 709 859 752 ct
891 698 1208 757 lluufridum
1230 702 1734 774 Archicpiscopum,
1765 719 1863 775 pro
1889 704 2122 774 quadam

536 792 686 849 inter
715 788 1089 847 Ravennatem
1119 801 1175 847 et
1218 793 1537 855 Romanam
1571 796 1868 851 Ecclesiam
1903 803 2126 850 Conten-

538 886 711 948 tione.
743 886 810 940 ab
836 884 1012 941 cilicio
1037 886 1338 957 suspendit.
1367 907 1385 938 ι
1419 888 1537 959 Ipse
1563 888 1693 956 Leo,
1720 889 1775 944 in
1799 887 2025 958 epistola
2056 886 2124 942 ad

536 975 819 1045 Principes
839 976 1152 1039 Britannica,
1177 976 1228 1031 id
1256 975 1586 1034 «Concilium
1610 978 1866 1035 Kalendis
1881 977 2126 1047 Septoru-

535 1067 653 1123 bris
685 1065 926 1138 l'uturum
957 1088 976 1120 ι
1004 1069 1220 1134 scribit;
1254 1089 1272 1121 ‹
1301 1078 1357 1124 et
1388 1069 2124 1140 mcuseSeptembri‘eodem

535 1158 873 1228 praesidente
901 1156 1165 1213 Pontiﬁce
1215 1159 1547 1215 celebratam
1580 1175 1701 1215 esse
1744 1159 2001 1216 Vercellis
2027 1158 2128 1230 Sy-

535 1251 737 1305 nudum
776 1268 796 1300 ι
852 1250 1083 1314 iudicat,
1156 1252 1244 1305 cui
1295 1251 1545 1306 interfuit
1609 1262 1739 1308 ante
1796 1261 2128 1307 memoratus

516 1341 913 1408 ‘Lanl‘rancus;
952 1344 1206 1413 idemque
1254 1345 1549 1400 continuat
1592 1345 1975 1409 Guittnuntlus,
2024 1345 2128 1409 Ar-

537 1434 917 1505 chiepisc0pus
940 1440 1251 1507 Aversanus
1272 1436 1308 1490 l.
1334 1453 1350 1491 ι
1391 1438 1456 1493 de
1479 1437 1722 1493 Vcritate
1748 1438 2124 1493 Eucharistim.

544 1543 563 1577 ι
595 1525 740 1590 Mox,
770 1526 965 1596 inquit,
997 1526 1404 1597 incipientibus,
1436 1529 1524 1584 bis
1554 1548 1571 1581 ι
1610 1528 1937 1597 Bcr‘engario
1969 1528 2129 1597 eique

540 1616 963 1683 adha'rentibus,
999 1634 1019 1668 ‹
1053 1618 1253 1686 audiri,
1282 1618 1547 1677 Catholici
1583 1621 1686 1674 viri
1710 1620 1951 1691 graviter
1972 1633 2126 1673 com—

536 1710 671 1765 moti
704 1720 869 1780 atque
902 1710 1320 1767 intolerabiliter
1353 1711 1613 1778 ferentes,
1650 1710 1981 1782 praesidente
2030 1724 2130 1781 per

2225 519 2448 576 clesiam
2476 517 2632 573 Metis
2657 517 2948 582 dedicavit,
2978 535 2998 568 ι
3025 515 3102 571 uti
3126 514 3287 571 habet
3304 513 3618 571 Cbronicon
3644 512 3819 568 Seno-

2225 614 2417 669 nieuse
2447 613 2539 667 lib.
2563 628 2600 668 n
2624 613 2797 682 capite
2826 611 2912 667 I8.

2298 703 2385 756 17.
2399 701 2663 770 Quoniam
2688 710 2815 756 vero
2837 700 2897 755 S.
2926 698 3035 755 Leo
3060 697 3363 770 permansit
3388 697 3440 751 in
3460 694 3819 766 transalpinis

2224 803 2283 849 et
2306 792 2647 849 Germanicis
2677 792 2971 846 ditionibus
3002 805 3175 859 usque
3204 789 3275 843 ad
3303 802 3546 843 mensem
3577 786 3821 841 Februa-

2226 885 2367 940 rium
2404 884 2531 939 anui
2563 882 2864 953 sequentis,
2894 882 3147 937 videntur
3181 879 3349 935 multa
3376 895 3441 934 ex
3472 877 3543 932 iis
3570 885 3819 948 peracta,

2224 997 2348 1052 quae
2373 980 2611 1037 Joannes
2639 978 2973 1036 Tritbemius
3013 977 3067 1031 in
3116 975 3393 1031 Chronico
3441 971 3819 1040 Ilirsaugiensi

2228 1073 2294 1126 ad
2330 1074 2473 1127 hunc
2502 1086 2629 1125 ann.
2666 1069 2761 1124 ML
2794 1070 3009 1139 attingit
3042 1068 3128 1123 bis
3153 1067 3336 1123 verbis
3374 1084 3387 1120 :
3427 1084 3447 1117 ι
3492 1066 3603 1120 Iste
3636 1076 3822 1118 sacrat-

2230 1164 2475 1218 tissimus
2510 1161 2649 1232 Papa
2686 1162 2798 1219 Leo
2833 1177 3010 1216 nonus
3036 1159 3204 1214 multa
3251 1160 3304 1214 in
3344 1157 3641 1214 Germania
3678 1155 3821 1209 bona

2218 1251 2376 1316 Iecit,
2408 1251 2668 1306 ecclesias
2692 1262 2746 1306 et
2779 1249 3014 1319 capellas
3036 1258 3092 1304 et
3115 1248 3306 1303 altaria
3338 1247 3391 1302 in
3413 1246 3650 1300 diversis
3684 1243 3825 1300 locis

2228 1343 2431 1413 absque
2460 1343 2687 1398 tiutnero
2713 1343 2931 1412 propria
2974 1342 3025 1395 in
3069 1356 3299 1411 persona
3339 1339 3720 1403 consecravit;
3768 1347 3823 1392 et

2227 1439 2371 1508 quod
2404 1435 2712 1497 Pontiﬁculi
2748 1437 2929 1508 plures
2963 1437 3123 1491 hodie
3162 1436 3338 1492 facere
3374 1436 3727 1497 erubescunt.
3756 1434 3824 1488 ad

2222 1531 2371 1597 quod
2418 1528 2595 1584 tamen
2634 1524 2857 1600 obligati
2901 1521 3030 1583 sunt
3064 1527 3280 1583 ratione
3325 1526 3511 1592 cilicii,
3559 1526 3825 1581 Summus

2222 1619 2479 1676 Pontifex
2516 1638 2620 1677 non
2653 1621 2927 1691 obligatus
2956 1610 3137 1676 facere
3177 1634 3282 1675 non
3323 1618 3588 1689 despexit.
3640 1637 3660 1669 ι
3697 1616 3825 1672 Ητῑε

2232 1711 2588 1780 Tritbcmius;
2610 1715 2698 1782 qui
2731 1715 2797 1767 ad
2830 1714 3033 1768 dictum
3066 1728 3267 1767 annum
3299 1711 3393 1767 ML
3421 1712 3527 1766 latc
3556 1710 3826 1766 describit

537 1803 890 1872 semetipsum
949 1803 1277 1858 beatissima.
1344 1804 1621 1859 memoriae.
1689 1803 1915 1858 Domino
1979 1801 2125 1872 Papa
2156 1791 2202 1850 Β
2229 1821 2509 1863 accessum
2534 1807 2593 1863 8.
2630 1807 2825 1863 Leonis
2857 1809 2923 1862 ad
2946 1808 3297 1863 Adelbertum
3329 1806 3594 1861 Comitem
3622 1804 3693 1860 de
3720 1805 3825 1860 Ca-

537 1892 722 1949 Leoue
756 1894 1020 1950 Vercellis
1066 1894 1365 1950 Concilium
1408 1904 1633 1965 ponunt.
1681 1895 1754 1951 Ibi
1791 1894 1978 1964 (verba
2000 1902 2130 1949 sunt

538 1983 855 2055 Laul'ranci)
910 1987 961 2040 iu
1014 1987 1286 2043 audientia
1336 1988 1602 2052 onmium,
1648 1987 1742 2056 qui
1791 1988 1857 2041 de
1899 1985 2129 2040 diversis

538 2081 702 2148 hujus
735 2079 920 2133 mundi
977 2079 1222 2148 partibus
1273 2079 1400 2133 illnc
1457 2087 1855 2143 convenerant,
1903 2077 2129 2132 Joannis

541 2171 701 2243 Scoti
734 2169 871 2226 liber
901 2171 966 2224 de
999 2169 1341 2225 Eucharistia
1374 2169 1546 2225 lectus
1572 2179 1655 2225 est
1683 2185 1747 2225 ac
1794 2170 2082 2223 damnatus
2111 2185 2126 2222 :

540 2262 815 2317 sententia
880 2260 1193 2332 Bereugarii
1245 2261 1492 2328 exposita
1545 2276 1610 2315 ac
1658 2261 1912 2316 damnata
1950 2278 1963 2313 :
1999 2260 2133 2315 ﬁdes

543 2360 752 2407 salicta:
782 2350 1041 2407 Ecclesia:
1088 2350 1271 2406 audita
1297 2361 1353 2405 et
1380 2352 1640 2407 concordi
1667 2353 1911 2406 omnium
1954 2367 2129 2408 sensu

541 2442 889 2506 conﬁrmata.
928 2442 1009 2497 Ab
1039 2442 1145 2496 hac
1176 2441 1445 2497 sententia
1476 2457 1752 2512 nunquam
1785 2442 2035 2497 discessit
2071 2441 2129 2498 S.

540 2533 653 2596 Leo
680 2534 733 2588 in
763 2533 1016 2593 omnibus
1042 2534 1155 2590 suis
1183 2532 1467 2595 Conciliis,
1504 2548 1600 2588 seu
1635 2535 1833 2603 quibus
1865 2534 1978 2604 ipse
1996 2551 2136 2605 prae-

544 2625 779 2688 sentiam
818 2639 972 2679 suam
1007 2626 1276 2689 exhibuit,
1309 2640 1403 2680 seu
1430 2630 1552 2694 quae
1590 2641 1687 2695 per
1732 2626 1966 2694 Legatos
2002 2641 2132 2682 suos

540 2715 597 2770 in
628 2715 857 2772 diversis
885 2717 1179 2785 provinciis
1209 2718 1533 2787 congregari
1553 2718 1807 2773 instituit.
1841 2738 1861 2771 ι
1986 2702 1999 2713 ’

618 2808 722 2865 16..
758 2807 853 2864 llis
904 2808 1099 2887 lactis,
1159 2809 1335 2879 inquit
1386 2809 1746 2865 Hei-manuus
1788 2811 2130 2878 Contractus,

537 2920 574 2953 .‹
596 2898 799 2957 Gallias
827 2909 882 2954 et
910 2899 1290 2969 Episcopatum
1320 2914 1501 2963 suum,
1531 2899 1831 2956 Leucorum
1857 2901 2133 2957 civitatem

544 2991 759 3065 invisit:
780 3010 799 3042 ›
817 2999 893 3054 ct,
907 2990 1051 3058 quod
1075 2989 1589 3056 indicatWilzertus,
1608 3013 1625 3042 ι
1646 2990 1870 3047 Gerardi
1887 2993 2132 3063 Episcopi

542 3082 586 3137 Τ
593 3082 813 3137 ullensis
834 3090 1050 3137 sanctos
1074 3091 1226 3135 artus
1246 3098 1369 3136 cum
1392 3097 1603 3137 suunna
1627 3084 1930 3138 reverentia
1957 3094 2135 3139 trans-

543 3174 685 3229 tulit.
710 3194 726 3225 ι
758 3172 929 3243 Ilujus
958 3172 1132 3228 sancti
1156 3172 1407 3243 Episcopi
1446 3172 1621 3228 Vitam
1647 3172 2036 3232 illustrabimus
2065 3178 2133 3232 ad
2161 3151 2206 3214 ο

542 3265 687 3319 diem
713 3263 880 3318 XXIII
902 3264 1125 3333 Aprilis.
1170 3262 1321 3319 Tunc
1352 3278 1538 3319 secum
1586 3265 1645 3319 8.
1686 3265 1795 3320 Leo
1822 3282 1888 3320 ex
1918 3282 2134 3321 monas-

544 3359 682 3412 terio
711 3357 767 3411 8.
788 3356 1051 3413 Mansucti
1070 3358 1210 3426 apud
1236 3357 1516 3412 'I‘ullenscs
1542 3377 1559 3410 ι
1587 3360 1736 3413 duxit
1756 3360 2132 3424 llumhertum,

543 3449 747 3513 virum,
769 3470 786 3501 ι
826 3449 999 3517 inquit
1025 3447 1363 3504 Laul‘rancus
1391 3466 1509 3518 cap.
1535 3450 1590 3511 2,
1625 3469 1644 3501 ι
1676 3451 2007 3521 religiosum,
2034 3454 2136 3508 ﬁde

545 3539 858 3594 Christiana
906 3547 963 3592 et
1007 3540 1370 3595 sanctissimis
1404 3541 1660 3609 operibus
1705 3542 2136 3611 perseverantis-

504 3636 510 3646 '
545 3632 683 3686 sime
713 3632 1050 3695 decoratum,
1082 3632 1306 3685 scientia
1340 3631 1651 3685 divinarum
1694 3647 1760 3687 ac
1793 3633 2133 3689 saecularium

547 3723 851 3778 litterarum
902 3724 1474 3793 apprimeeruditum,
1524 3731 1579 3780 et
1632 3724 1697 3779 ad
1730 3725 2133 3795 praedicandum

545 3813 742 3869 Siculis
766 3816 986 3867 verbum
1013 3814 1106 3869 Dei
1126 3813 1607 3883 Archicpiscopum
1625 3815 1920 3878 ordinavit,
1942 3824 2135 3886 postea

2229 1896 2374 1960 lunc,
2421 1900 2738 1953 mmmsterii
2784 1898 3188 1967 Ilirsaugiensis
3224 1899 3558 1953 Advocatum
3603 1896 3827 1965 quando

2228 2003 2430 2058 corpus
2473 1986 2529 2043 S.
2583 1989 2788 2043 Aurelii
2840 1988 3089 2057 Episcopi
3145 1988 3387 2050 Armeni,
3445 1986 3588 2056 quol
3646 1986 3823 2039 [torua

2229 2079 2381 2143 olim,
2413 2093 2546 2137 cum.
2562 2081 2952 2134 monasterium
2985 2087 3352 2144 extrueretur,
3380 2095 3446 2133 eo
3474 2079 3737 2139 delatum,
3766 2087 3823 2132 et

2232 2169 2286 2224 in
2351 2169 2725 2238 persecutione
2799 2169 3197 2225 Nordnmnnica
3265 2169 3365 2223 sub
3438 2177 3580 2222 terra
3649 2166 3830 2221 fuerat

2232 2260 2627 2324 absconditam,
2652 2261 2910 2316 mandato
2946 2260 3076 2315 dicti
3123 2260 3281 2330 Papa:
3318 2259 3626 2329 qumsitum,
3673 2266 3727 2313 et
3771 2258 3825 2335 in

2232 2364 2451 2405 camera
2500 2350 2853 2405 sumet-rauca
2905 2353 3181 2405 inventum
3219 2361 3324 2406 est.
3374 2348 3646 2403 Prmterca
3697 2350 3827 2419 quia

2231 2443 2460 2498 Abbatia
2491 2443 2888 2515 llirsangiensis
2918 2444 2988 2499 ab
3016 2460 3159 2499 anno
3197 2443 3293 2497 MII
3327 2453 3572 2506 vacat-at,
3622 2442 3685 2497 S.
3714 2441 3827 2497 Leo

2232 2534 2509 2589 mandavit
2539 2535 2737 2590 Comiti
2785 2537 2993 2590 restitui
3028 2536 3342 2598 monachos,
3387 2544 3444 2589 et
3481 2535 3667 2589 omnia
3707 2548 3824 2589 mo-

2233 2628 2471 2681 nasterio
2499 2626 2710 2681 sublata
2743 2627 2912 2682 reddi.
2943 2628 3073 2694 Qua:
3094 2636 3347 2696 poterunt
3369 2627 3532 2681 Iulius
3552 2626 3620 2680 ad
3644 2607 3824 2679 “iam

2234 2714 2294 2770 S.
2318 2714 2521 2769 Aurelii
2550 2717 2765 2778 discuti,
2800 2732 2895 2770 seu
2924 2733 3028 2771 xxv
3063 2717 3184 2771 Maii
3216 2733 3322 2788 quo
3352 2718 3442 2773 die
3466 2718 3574 2772 vita
3606 2716 3825 2771 functus

2231 2812 2336 2868 cst,
2383 2819 2476 2859 seu
2529 2810 2649 2860 xxv‘
2681 2806 2907 2877 Augusti
2951 2822 3058 2876 quo
3101 2824 3299 2878 corpus
3349 2807 3824 2878 istic‘depositum

2230 2892 2364 2948 olim
2402 2892 2606 2958 fuerat,
2653 2890 2747 2948 aut
2790 2897 2898 2951 alio
2941 2895 3058 2965 ejus
3106 2900 3273 2953 cultui
3308 2898 3587 2967 assignato
3636 2916 3649 2951 :
3703 2907 3826 2966 post

2230 3001 2397 3055 quem
2428 2986 2485 3041 S.
2518 2987 2628 3042 Leo
2650 2986 2740 3051 IX,
2762 2989 2833 3044 ob
2867 2997 2976 3044 tam
3005 2991 3233 3045 illustria
3265 2990 3528 3046 beneﬁcia
3557 2990 3825 3060 prmstita,

2237 3078 2368 3133 dicti
2409 3080 2722 3134 monasterii
2750 3080 2887 3136 alter
2910 3080 3177 3138 Patronus
3204 3083 3425 3137 colitur.
3764 3071 3776 3079 ’

2309 3169 2394 3223 I8.
2439 3169 2664 3224 Habitus
2710 3170 2833 3225 dein
2862 3182 3157 3227 conventus
3201 3173 3396 3244 aliquis
3439 3181 3524 3227 est
3570 3173 3826 3243 Augusta

2238 3260 2665 3327 Vindelicorum,
2698 3265 2765 3317 ad
2807 3278 2966 3334 quem
2997 3275 3252 3320 evocatus
3294 3282 3459 3335 supra
3491 3275 3828 3320 memoratus

2236 3350 2534 3407 Hunfridus
2564 3351 3038 3426 Archiepiscopus,
3072 3357 3355 3426 praesentia
3389 3357 3741 3427 Imperatoris
3776 3363 3830 3410 et

2236 3444 2465 3500 aliorum
2494 3445 2838 3514 Pontiﬁcum,
2862 3465 2891 3504 a
2915 3449 3095 3506 Leone
3117 3451 3261 3521 Papa
3288 3453 3378 3521 qui
3402 3467 3525 3506 eum
3556 3453 3625 3506 ab
3652 3451 3828 3507 olIicio

2237 3538 2615 3606 suspenderat,
2676 3539 2952 3596 absolutus
3002 3552 3087 3596 est
3142 3558 3157 3595 :
3203 3544 3346 3611 quod
3402 3541 3604 3596 factum
3662 3541 3829 3597 fuisse

2236 3638 2436 3695 quarto
2481 3627 2665 3684 Nonas
2714 3629 3018 3696 Februarii,
3070 3632 3188 3702 ipso
3236 3632 3641 3687 Puriﬁcationis
3690 3631 3830 3686 festo

2239 3717 2438 3773 iudicat
2469 3718 2814 3774 Hermannus
2837 3720 3163 3777 Contractus
3190 3742 3200 3776 :
3229 3723 3431 3777 addens
3456 3742 3476 3773 ί
3495 3723 3781 3777 caritative
3797 3736 3827 3775 a

2238 3825 2297 3864 se
2326 3812 2554 3866 invicem
2581 3812 2911 3879 discessisse,
2956 3821 3011 3870 et
3052 3814 3251 3885 Papam
3287 3815 3512 3869 Romam
3548 3828 3827 3869 reversum

541 3922 675 3961 vero
693 3918 878 3959 sancta
901 3904 1143 3961 Rotnana
1163 3905 1402 3961 Ecclesia
1433 3906 1726 3963 Przesulem
1752 3907 1854 3962 sibi
1876 3907 2140 3963 Car‘dina-
2236 3915 2386 3956 ense:
2410 3920 2427 3952 ι
2456 3902 2545 3956 ubi
2570 3903 2712 3957 inter
2736 3918 2890 3959 sacra
2914 3904 3195 3960 Missurum
3224 3905 3463 3959 sulcuuia
3488 3904 3576 3960 die
3596 3904 3829 3959 Pascha-

542 3998 648 4054 lcm
678 3997 977 4052 constituit.
1013 4017 1030 4047 ι
1078 3997 1174 4051 Est
1205 3998 1256 4052 in
1298 3998 1520 4054 dioecesi
1551 3998 1789 4054 Tullensi
1818 3999 2138 4056 Romaricus
2164 4018 2165 4021 ‘

541 4104 700 4145 mons
718 4088 770 4145 in
788 4086 1178 4156 \’ogeso,.hau.d
1192 4087 1423 4157 procula
1442 4078 1675 4143 llosella:
1696 4089 1831 4159 ripa,
1856 4091 1945 4145 ubi
1962 4089 2017 4144 S.
2036 4090 2140 4146 llo-

542 4177 784 4234 maricus
812 4179 1119 4233 coenobium
1159 4178 1668 4236 Sanctimonialiuin
1696 4184 2007 4237 construxit
2034 4183 2138 4240 sub

544 4266 727 4355 regula
865 4266 1184 4321 Columbani
1221 4285 1233 4320 :
1285 4267 1356 4322 ibi
1400 4269 1575 4339 inquit
1622 4271 1764 4325 idem
1805 4271 2139 4333 Laui'raucus

540 4354 706 4427 epist.
722 4354 809 4418 I3,
840 4374 856 4406 ι
879 4354 936 4410 8.
962 4355 1089 4419 Leo,
1116 4356 1374 4417 Romanae
1397 4358 1557 4414 Sedis
1576 4358 1835 4417 Summus
1861 4362 2134 4429 Pontifex,

543 4446 990 4511 Itomaricenscm
1052 4462 1111 4503 sc
1175 4460 1446 4518 praesente
1501 4451 1789 4507 ecclesiam
1844 4454 2133 4521 dedicavit,

537 4546 851 4608 cunctaque
887 4553 1006 4608 qum
1028 4547 1156 4595 aute
1181 4539 1396 4594 Missam
1422 4540 1539 4597 fieri
1565 4544 1699 4598 ordo
1721 4545 2131 4615 depoposcerat,

538 4633 663 4690 sine
692 4632 874 4687 casula
917 4633 1334 4689 consmnmavit.
1371 4653 1390 4686 ι
1423 4634 1678 4692 Joannes
1699 4632 1928 4693 ~lluerus
1961 4639 2135 4709 prima

536 4732 700 4795 parte
713 4723 1111 4791 Antiquitatum
1128 4720 1507 4791 Vogeseusium
1529 4725 1622 4789 lib.
1643 4741 1824 4793 tvcap.
1842 4728 1909 4782 I2
1921 4730 2136 4796 asserit,

548 4836 567 4867 ι
611 4815 845 4870 Leonem
893 4812 1094 4883 Papam
1126 4830 1351 4879 nonum,
1388 4831 1511 4871 cum
1562 4817 1829 4873 Tullensis
1880 4819 2136 4875 Ecclesia:

541 4904 924 4959 Pritniccrium
961 4915 1206 4960 creasset
1243 4895 1509 4973 Odoncm,
1547 4924 1669 4963 cum
1712 4912 1858 4964 omni
1905 4911 2130 4978 honore,

542 4993 869 5051 solemnitate
912 5004 969 5049 et
1015 4996 1321 5057 reverentia
1370 4996 1696 5053 Sanctorum
1738 5000 2131 5056 ‘Conl‘essorum

538 5084 637 5124 {Tm
647 5101 672 5124 εὶ
683 5085 801 5124 Innn

860 5085 1209 5124 suleavit-uicus
1262 5087 1608 5124 ηῆπηηυὶοηινι
1725 5091 1754 5124 Δ
1770 5101 1972 5124 ηιθιηηη
2062 5101 2133 5124 -ηο

2241 3997 2310 4051 lis
2336 3986 2723 4052 daemoniacatn
2756 3990 3023 4053 liberavit.
3079 4016 3096 4049 t
3145 3998 3272 4053 Post
3305 3998 3514 4052 Pasdta
3545 3995 3827 4068 Synoiuut

2240 4084 2426 4140 Bonae
2466 4086 2686 4155 collegit
2730 4087 2879 4141 :uhi
2921 4088 3064 4141 inter
3101 4087 3204 4142 alia
3233 4087 3551 4156 Gregorium
3600 4085 3825 4154 Episco-

2239 4192 2365 4246 pum
2414 4176 2834 4243 Vcrccllruscm,
2879 4188 3101 4249 propter
3135 4179 3459 4233 adulterium
3498 4190 3623 4233 cum
3666 4177 3826 4231 vidua

2239 4270 2473 4338 quadam
2504 4286 2625 4323 avtr
2650 4270 2754 4325 culi
2786 4272 2867 4324 sui
2898 4286 3094 4341 sponsa
3132 4270 3448 4333 admissum,
3491 4276 3543 4322 et
3586 4267 3825 4337 periuria

2241 4373 2518 4432 perpetua,
2548 4364 2826 4418 absentem
2854 4374 2908 4418 ct
2932 4366 3264 4420 nescientem
3286 4364 3780 4419 exeotnnmnicavit
3806 4380 3822 4416 :

2164 4503 2214 4564 Β
2239 4469 2399 4523 quem
2433 4463 2609 4509 tamen
2644 4472 2748 4509 non
2782 4454 2951 4510 multo
2979 4466 3100 4525 post
3140 4455 3365 4510 Romam
3412 4456 3744 4517 venientem,
3773 4464 3828 4510 et

2240 4546 2662 4601 satisfactionem
2690 4548 3115 4616 promittentem,
3140 4545 3314 4602 oilicio
3332 4546 3497 4616 priori
3515 4547 3773 4601 restituit.
3798 4564 3818 4599 ι

2237 4634 2315 4689 Ita
2366 4635 2688 4690 llermanus.
2736 4636 3046 4692 Creduntur
3112 4646 3239 4692 tunc
3282 4646 3483 4693 statuta
3537 4652 3657 4693 esse
3706 4651 3824 4705 qua:

2238 4728 2433 4783 Petrus
2475 4729 2720 4784 Damiani
2756 4729 2809 4783 in
2842 4730 3067 4800 epistola
3109 4729 3176 4783 ad
3216 4729 3570 4785 Cunlbcrtum
3605 4729 3822 4797 Episco-

2236 4832 2363 4887 pum
2391 4818 3021 4883 Taurineuscm,inserta
3051 4821 3309 4891 opusculo
3332 4820 3421 4886 l8,
3447 4821 3822 4876 dissertatione

2235 4909 2271 4963 2
2310 4925 2432 4980 cap.
2472 4910 2524 4971 7,
2563 4911 2636 4964 ita
2676 4911 2913 4981 allegat:
2962 4930 2981 4964 ί
3034 4913 3086 4967 in
3134 4912 3373 4983 plenaria
3416 4913 3573 4983 plane
3605 4912 3820 4981 Synodo

2238 5009 2442 5055 sancte
2479 5001 2760 5057 memoria:
2796 5001 2905 5057 Leo
2940 5002 3081 5074 Papa
3114 5004 3393 5058 constituit
3428 4998 3492 5057 ut
3544 5018 3813 5071 qua-cum-

2238 5106 2343 5124 nun
2376 5091 2707 5124 r'hnnnn‘ﬁlnn
2747 5093 2958 5124 rnn|:nm
2988 5096 3126 5124 ξυμ-η
3166 5094 3404 5124 ')n-nnnn
3436 5095 3631 5124 ..πίνει-ἶ..
3670 5109 3790 5124 ιιηηιι
