4062 5352
616 387 720 471 ses

1952 373 2009 427 8.
2052 369 2185 426 LEO
2216 369 2285 425 IX
2327 368 2522 425 ΡΑΡΑ.

3804 367 3903 422 Ml

618 516 716 558 ner
735 504 888 571 parte
914 510 951 551 ιι
983 492 1270 549 Annalium
1298 489 1552 562 Bajorum
1582 483 1900 559 elegantiori
1933 501 2030 541 suo
2060 483 2202 553 style
2234 489 2276 544 Α
2307 482 2379 537 ob
2416 479 2674 536 Ilzeresim
2710 480 3223 536 Fermentaccorum
3251 478 3366 535 coll.
3387 490 3556 548 ctum,
3586 497 3753 553 quam
3785 494 3905 537 tunc

620 589 931 649 exornavit.

728 684 786 740 ὅ.
824 700 842 734 ι
882 679 1035 736 Tunc
1080 679 1223 739 inter
1267 676 1442 747 ipsum
1478 672 1851 747 Apostolicum
1889 680 1942 724 et
1970 668 2211 739 Impera-

628 786 799 833 torem
823 773 1026 828 factam
1061 783 1183 825 esse
1212 767 1692 823 commutationem
1723 763 1791 819 de
1826 763 2137 819 Benevento
2160 768 2215 816 et

615 870 1015 939 Batnbergense
1039 863 1323 935 Episcopto
1344 861 1671 918 asseritloco
1697 859 1863 914 citato
1884 854 1993 910 Leo
2006 854 2215 910 Ostren.

614 967 711 1031 si‘s,
732 972 790 1018 et
826 955 1351 1029 latius‘prosequitut
1386 952 1730 1010 Hermannus
1756 948 2081 1005 Contractus
2128 943 2213 998 his

609 1052 793 1113 verbis
820 1069 834 1106 :
867 1049 1202 1118 «Imperator
1227 1059 1350 1099 cum
1375 1043 1581 1098 Damno
1605 1040 1751 1110 Papa
1773 1041 2064 1108 multisque
2087 1035 2210 1106 Ept-

614 1145 793 1218 scopis
816 1153 872 1199 et
891 1134 1489 1210 PrincipibusNatalem
1502 1132 1716 1189 Domini
1734 1129 2050 1187 Wormatia:
2075 1127 2205 1199 egit;

613 1239 706 1296 ubi
736 1251 860 1292 cum
915 1233 1087 1303 Papa,
1137 1229 1279 1285 sicut
1312 1226 1513 1282 dudum
1564 1232 1830 1294 coeperat,
1884 1219 2207 1275 Fuldensem

614 1330 924 1390 Abbatiam,
956 1323 1173 1394 aliaque
1225 1316 1483 1376 nonnulla
1532 1314 1652 1370 loca
1688 1320 1744 1368 et
1770 1310 2042 1375 ctenobia,
2088 1322 2208 1379 quae

615 1424 673 1480 8.
695 1417 860 1479 Petro
898 1414 1200 1486 antiquitus
1220 1406 1423 1468 donata
1460 1406 1737 1472 feruntur,
1768 1404 1838 1459 ab
1870 1401 2207 1473 Imperatore

614 1525 930 1586 reposcens,
976 1505 1253 1577 exegisset
1282 1516 1298 1555 :
1331 1498 1546 1555 demum
1585 1496 1889 1586 Imperator
1922 1491 2203 1586 pleraque,

614 1580 840 1661 invultra
868 1596 1133 1654 Romanis
1160 1591 1410 1665 partibus
1433 1588 1501 1644 ad
1533 1601 1691 1644 suum
1724 1583 1814 1653 jus
1845 1580 2202 1654 pertinentia,

610 1713 710 1768 pro
738 1690 1029 1763 Cisalpinis
1063 1686 1140 1743 illi
1171 1700 1269 1756 per
1295 1680 1674 1740 concambium
1697 1675 1935 1732 tradidit.
1968 1693 1986 1727 ι
2006 1671 2199 1768 'Addit,

612 1764 733 1858 quae
759 1798 925 1855 supra
952 1796 1019 1836 ex
1044 1778 1224 1833 Leone
1254 1772 1487 1831 Ostiensi
1513 1768 1801 1826 retulimus
1821 1774 2035 1858 etsunt
2059 1764 2196 1858 ista:

2317 581 2563 626 exortam
2594 570 2765 627 fuisse
2794 569 2984 627 scribit
3013 567 3307 637 Wibertus,
3343 571 3645 642 asseritque
3667 571 3905 628 libellum

2318 657 2807 716 Iuculentissimum
2839 660 3102 715 adversus
3133 676 3252 715 eam
3280 662 3531 717 haeresim
3568 680 3598 717 a
3634 662 3697 719 8.
3728 662 3906 719 Leone

2315 753 2576 823 scriptum
2608 768 2623 809 :
2654 770 2775 826 qure
2842 762 2927 809 est
2972 753 3026 808 in
3080 754 3239 810 tomis
3281 754 3649 811 Conciliorum
3678 756 3906 827 epistola

2317 843 2512 913 prima,
2544 844 2597 899 in
2647 861 2734 900 xu
2780 845 2953 916 capita
2983 844 3260 901 distincta.
3307 846 3518 902 Dircxit
3558 847 3732 902 etiam
3760 846 3903 903 Con-

2316 932 2724 1005 stantinopolim
2752 935 3148 1005 Apocrisiarios
3175 943 3379 991 sanctae
3407 935 3668 992 Romana:
3727 936 3906 1002 Sedis,

2315 1021 2674 1080 Ilumbertum
2704 1034 2830 1081 tunc
2857 1024 3299 1081 Silvas-Candida:
3321 1026 3671 1099 Episcopum,
3704 1028 3906 1084 Ἑταιρ-

2314 1114 2484 1171 ricum
2507 1123 2635 1185 post
2658 1115 2717 1171 S.
2748 1114 2814 1170 R.
2845 1116 2907 1171 E.
2937 1115 3304 1183 Cardinalem,
3328 1126 3454 1173 tunc
3481 1116 3906 1189 Caucelliarum,

2313 1215 2369 1262 et
2388 1208 2613 1263 Petrum
2642 1208 3149 1280 Amalphitauorum
3178 1209 3528 1280 Episcopum.
3558 1210 3695 1266 Dein
3735 1212 3905 1270 Roma

2311 1300 2568 1357 Casinum
2597 1311 2764 1367 vcmt,
2806 1303 2991 1373 ibique
3020 1304 3303 1358 restitutus
3337 1301 3468 1359 fecit
3501 1309 3900 1363 monasterium

2310 1396 2369 1451 8.
2400 1394 2681 1466 Stephani,
2715 1411 2877 1466 supra
2902 1395 3253 1450 Terracinam
3284 1395 3544 1465 positum,
3575 1405 3635 1452 ut
3660 1398 3906 1470 pluribus

2310 1490 2472 1545 tradit
2493 1489 2602 1545 Leo
2620 1489 2864 1545 Ostcnsis
2893 1504 3010 1561 cap.
3039 1487 3130 1545 87.
3230 1477 3236 1483 ’
3684 1564 3689 1568 ι

2365 1583 2459 1639 25.
2488 1601 2506 1635 ι
2531 1581 2696 1638 Movit
2715 1601 2734 1636 ι
2764 1591 2951 1653 postea
2993 1600 3011 1633 ι
3030 1592 3217 1637 contra
3240 1579 3582 1639 Normannos
3601 1582 3900 1639 exercitum

2306 1675 2418 1732 Leo
2445 1675 2590 1748 Papa
2621 1675 2807 1749 (verba
2834 1685 2962 1731 sunt
2985 1675 3281 1732 Ilermanni
3305 1674 3636 1748 Coutracti).
3653 1676 3899 1744 Cumque

2306 1766 2381 1823 illi
2421 1782 2613 1839 pacem
2666 1776 2912 1838 petentes
2948 1767 3340 1839 subiectionem
3390 1767 3788 1838 servitiumque
3828 1768 3898 1821 illi

617 1853 647 1931 ί
671 1853 919 1944 Cumque
949 1870 1092 1927 idem
1120 1864 1269 1937 Papa
1295 1863 1363 1920 de
1393 1859 1833 1917 Normannorum
1853 1853 2125 1911 violentiis
2147 1862 2200 1909 et
2234 1875 2277 1935 Β
2304 1861 2725 1930 promitterent,
2764 1868 2820 1915 et
2859 1875 2979 1930 quae
3011 1860 3159 1931 prius
3196 1857 3394 1928 injuste
3426 1859 3530 1916 sibi
3570 1868 3899 1929 usurpantts

613 1964 851 2035 injuriis,
904 1961 999 2031 qui
1046 1972 1136 2014 res
1199 1956 1260 2011 8.
1299 1952 1448 2010 Petri
1497 1965 1557 2008 se
1611 1949 1781 2005 Invito
1832 1947 1884 2003 vi
1919 1946 2198 2035 tenebant,

613 2034 785 2111 multa
817 2056 1150 2122 conquestus
1195 2052 1364 2110 esset,
1397 2046 1466 2100 ad
1503 2042 1605 2098 hos
1629 2041 1795 2096 etiam
1826 2038 1954 2094 inde
1982 2034 2202 2108 propul-

612 2147 836 2210 sandus,
865 2143 1165 2214 Imperator
1206 2137 1256 2194 ei
1289 2134 1495 2193 auxilia
1527 2132 1864 2204 delegavit...
1900 2128 1983 2185 Ad
2006 2130 2199 2184 borum

613 2238 784 2309 igitur
813 2234 1025 2292 nefaria
1054 2241 1111 2289 et
1140 2225 1537 2286 inextricabilia
1563 2224 1768 2281 scelera
1803 2220 1909 2276 illis
1938 2235 2003 2276 ex
2036 2218 2204 2290 parti-

610 2333 717 2391 bus
742 2327 1094 2393 eliminanda,
1127 2324 1517 2394 indigenasque
1542 2318 1613 2374 ab
1638 2316 1719 2372 eis
1749 2314 2058 2372 liberandos
2098 2313 2202 2367 Do-

612 2425 798 2482 minus
822 2422 968 2493 Papa
992 2417 1301 2483 intendens,
1333 2426 1544 2470 summa
1565 2424 1687 2466 cum
1705 2408 1974 2465 charttate
1999 2402 2068 2459 ab
2093 2403 2200 2458 lm-

610 2526 866 2591 peratore
894 2514 1124 2570 Romam
1136 2520 1459 2565 reversurus
1470 2500 1791 2575 digreditur.
1812 2518 1833 2591 r
1860 2497 2064 2591 Annus
2073 2504 2203 2591 tunc

613 2586 751 2667 itaut
772 2615 1036 2680 cmperat.
1070 2601 1257 2659 Seeuti
1281 2607 1409 2657 sunt
1434 2604 1612 2653 autem
1638 2607 1763 2650 eum
1784 2589 2003 2680 plurimi
2024 2586 2202 2642 Theu-

613 2668 948 2764 tonicortmt,
997 2696 1196 2769 partim
1240 2692 1398 2762 jussu
1448 2686 1815 2751 dommorum,
1858 2668 2056 2753 partim
2107 2692 2202 2748 spe

592 2802 851 2863 quaestus
881 2768 1100 2844 adducti
1130 2799 1146 2839 :
1179 2782 1335 2839 multi
1363 2780 1528 2838 etiam
1554 2774 1801 2835 scelerati
1847 2768 2203 2863 etgprotervi,

613 2861 967 2951 diversasque
992 2879 1064 2933 ob
1093 2889 1266 2931 noxas
1308 2871 1485 2945 patria
1514 2867 1679 2940 pulsi.
1715 2865 1864 2934 Quos
1893 2861 1983 2918 ille
2012 2873 2202 2915 omnes

614 2985 729 3031 tum
761 2979 1040 3030 consueta:
1068 2963 1457 3023 misericordia:
1478 2959 1645 3016 nimia
1666 2954 2061 3027 compassione,
2089 2959 2201 3005 tum

612 3072 778 3129 etiam
811 3068 939 3138 quia
1001 3076 1167 3135 opera
1215 3073 1405 3116 eorum
1456 3055 1525 3110 ad
1578 3051 1870 3109 imminens
1914 3046 2204 3138 videbatur

610 3161 813 3219 bellum
830 3137 1113 3226 indigere,
1142 3151 1438 3207 clementer
1460 3153 1515 3202 et
1540 3150 1821 3216 gratanter
1848 3137 2198 3209 suscipiebat.

2304 1953 2635 2018 invaserant,
2662 1951 2779 2022 ejus
2804 1951 3068 2007 beneﬁcio
3096 1951 3376 2023 gratiaque
3408 1951 3653 2006 retinere
3676 1965 3740 2005 se
3766 1950 3897 2006 velle

2302 2041 2576 2110 dicerent;
2609 2042 2771 2112 idque
2791 2041 2935 2109 Papa
2965 2041 3259 2114 abnegans,
3292 2051 3352 2098 ut
3371 2050 3427 2098 et
3484 2042 3686 2113 injuria
3716 2051 3896 2112 captas

2302 2148 2391 2189 res
2416 2134 2473 2190 8.
2500 2134 2646 2189 Petri
2669 2142 2998 2205 reposceret,
3024 2147 3226 2203 eosque
3246 2148 3529 2204 perperam
3554 2147 3791 2205 pervasa
3812 2148 3896 2187 ce-

2303 2225 2430 2282 dere
2444 2225 2562 2282 loco
2572 2225 2820 2297 juberet;
2844 2225 2946 2291 illi,
2971 2225 3096 2296 quia
3119 2241 3345 2282 numero
3365 2225 3523 2297 longe
3548 2226 3896 2296 praestabant,

2301 2317 2455 2387 quasi
2495 2333 2605 2372 rem
2652 2315 2910 2387 injustam
2950 2317 3050 2372 sibi
3095 2317 3432 2388 propositam
3472 2315 3813 2379 refutantes,
3842 2332 3900 2371 se

2302 2406 2481 2477 potius
2506 2406 2648 2462 bello
2675 2406 2892 2463 obvium
2924 2406 3119 2473 ituros,
3140 2406 3423 2477 armisque
3448 2408 3782 2478 acquisitam
3810 2424 3903 2478 pa-

2302 2495 2464 2551 triam
2494 2496 2660 2552 armis
2685 2495 3036 2563 defensuros,
3068 2497 3153 2553 vel
3184 2505 3357 2553 morte
3397 2498 3777 2567 occubituros,
3809 2500 3904 2554 de-

2301 2590 2575 2644 nuntiant.
2606 2588 2806 2660 Sicque
2830 2606 2919 2644 xtv
2937 2588 3205 2646 Kalendas
3222 2590 3349 2646 Julii
3368 2591 3544 2646 ralida
3569 2608 3756 2664 pugna
3768 2609 3900 2648 con-

2302 2677 2577 2749 ﬂigcntes,
2601 2678 2774 2751 prima
2812 2680 2928 2735 acie
2952 2695 2982 2735 a
3014 2680 3366 2737 Theutouicis
3390 2697 3529 2753 pene
3564 2683 3694 2738 victi
3732 2693 3898 2738 sunt:

2303 2773 2396 2828 sed
2422 2771 2838 2828 succenturiatis
2867 2772 3040 2842 copiis
3079 2789 3146 2828 ex
3181 2773 3391 2829 insidiis
3417 2784 3637 2831 nostros
3668 2777 3905 2831 circum-

2304 2863 2599 2929 venientes,
2623 2862 2768 2918 Italis
2812 2863 2973 2920 citius
3012 2874 3165 2937 terga
3202 2867 3560 2931 vertentibus,
3605 2867 3909 2924 Theutoni-

2302 2953 2383 3009 cis
2402 2953 2639 3009 maxima
2668 2967 2736 3008 ex
2771 2966 2946 3023 parte,
2982 2955 3076 3011 sed
3100 2971 3205 3011 non
3230 2956 3399 3013 inulte
3424 2960 3905 3025 occumbentibus,

2302 3045 2517 3102 occulto
2558 3045 2654 3102 Dei
2694 3046 2941 3118 judicio;
2972 3049 3087 3105 sive
3131 3050 3257 3118 quia
3304 3060 3514 3106 tantum
3549 3051 3905 3109 Sacerdotem

2306 3138 2606 3209 spiritualis
2625 3139 2804 3211 potius
2830 3155 2991 3211 quam
3003 3157 3104 3212 pro
3133 3142 3353 3200 caducis
3373 3144 3535 3201 rebus
3556 3148 3794 3202 carnalis
3809 3164 3906 3218 pu-

613 3252 916 3309 Transiens
949 3261 1083 3318 ergo
1113 3258 1211 3316 per
1234 3238 1637 3303 Alemanniam,
1665 3233 2110 3291 Purilieatiouem
2137 3230 2198 3286 S.
2230 3226 2276 3289 C
2307 3244 2413 3300 gna
2429 3229 2806 3297 decebat,sive
2818 3233 3217 3301 quodnefarios
3229 3234 3478 3292 homines
3493 3253 3659 3309 quam
3680 3239 3903 3304 multus,

613 3342 799 3400 Mariae
843 3341 1100 3411 Augustae
1143 3335 1291 3406 egit,
1358 3331 1697 3400 Mantuaeque
1745 3323 2204 3396 Quinquagesima

613 3443 761 3500 acta,
786 3441 844 3488 et
868 3427 1141 3486 nonnullis
1170 3438 1395 3481 suorum
1418 3428 1540 3477 orto
1565 3418 1699 3476 inibi
1721 3416 1953 3474 tumultu
1983 3414 2201 3478 occisis,

616 3525 754 3583 infra
777 3525 892 3580 dies
915 3516 1358 3590 Quadragesima:
1376 3512 1608 3569 Romam
1633 3508 1899 3581 pervenit.
1914 3526 1933 3560 ι
1960 3504 2199 3562 llzecibi:

614 3616 888 3673 incidebat
916 3612 1064 3670 dicto
1091 3625 1178 3664 an.
1196 3623 1332 3664 tum
1361 3603 1638 3661 Dominica
1668 3597 2126 3670 ()uinquagesima
2150 3596 2203 3650 in

614 3711 760 3767 diem
788 3722 883 3764 xxt
910 3703 1199 3768 Februar.,
1227 3699 1444 3771 quando
1465 3711 1589 3752 eum
1637 3693 1868 3749 Mantua:
1902 3688 2203 3746 Concilium

576 3840 579 3841 ν
612 3801 924 3862 habendum
965 3797 1244 3859 statuisse,
1275 3794 1373 3849 sed
1419 3789 1656 3847 factione
1683 3783 2049 3859 quorumdam
2076 3798 2204 3855 per-

618 3895 894 3952 turbatum
925 3890 1118 3946 scribit
1146 3886 1426 3943 Wibertus
1454 3885 1506 3938 in
1545 3881 1717 3937 Actis.
1751 3877 2074 3951 Hippolytus
2101 3877 2206 3932 Do-

612 3982 900 4044 nesmundi
944 3981 1037 4038 lib.
1066 3996 1105 4036 ll
1151 3976 1403 4035 llistoria:
1432 3974 1737 4031 Mantuamc
1780 3986 1902 4043 pag.
1930 3967 2207 4025 203huuc

614 4091 895 4134 accessum
959 4074 1159 4133 Leonis
1212 4071 1400 4141 Papae.
1431 4065 1721 4133 describit,
1779 4063 1935 4135 quasi
1984 4075 2204 4118 sacrum

613 4168 816 4224 Christi
864 4179 1140 4230 cruorem,
1194 4164 1289 4233 qui
1347 4159 1548 4216 ibidem
1607 4162 1965 4220 asservatur,
2019 4166 2205 4206 coram

615 4260 939 4315 aduraturus
961 4254 1265 4320 advenerit,
1309 4252 1621 4319 frustraque
1664 4255 1889 4304 conatus
1911 4246 2206 4315 impetrare

615 4349 848 4405 Romam
874 4345 1254 4409 auferendum,
1289 4340 1473 4412 populi
1502 4354 1601 4410 pro
1626 4352 1692 4394 eo
1714 4334 2001 4426 retinendo
2018 4334 2083 4426 in
2111 4347 2203 4426 se-

615 4428 881 4497 ditionem
912 4436 1057 4492 versi
1099 4431 1427 4490 collaudarit
1455 4429 1631 4485 zelum
1658 4444 1674 4495 ;
1704 4436 1762 4483 et
1789 4422 1984 4482 novam
2013 4422 2072 4479 S.
2095 4422 2206 4476 An-

572 4572 576 4577 »
615 4535 761 4591 dreae
785 4529 1095 4594 ecclesiam,
1126 4527 1256 4583 licet
1282 4541 1390 4583 non
1420 4524 1576 4597 plene
1627 4520 1935 4578 absolutam
1983 4518 2203 4574 dedica-

2305 3321 2373 3375 ad
2401 3335 2466 3383 se
2479 3321 2549 3378 ob
2571 3321 2946 3393 impunitatem
2974 3325 3240 3381 scelermn
3268 3326 3351 3382 vel
3371 3339 3642 3399 qumstum
3667 3346 3901 3386 avarum

2304 3410 2665 3482 conﬂuentes,
2722 3425 2911 3472 contra
2959 3417 3146 3473 itidem
3194 3420 3458 3477 scelestos
3506 3425 3910 3494 expugnandos

2303 3517 2492 3559 secum
2529 3504 2790 3572 ducebat;
2832 3508 2948 3563 sive
2978 3505 3189 3577 justitia
3219 3510 3405 3565 divina
3432 3510 3570 3568 alias
3601 3528 3742 3583 quas
3787 3513 3905 3583 ipsa

2304 3596 2455 3652 novit
2490 3595 2561 3651 ob
2610 3612 2806 3653 causas
2848 3607 3063 3653 nostros
3105 3598 3391 3670 plectente,
3435 3603 3690 3672 quamvis
3735 3603 3909 3659 nimis

2303 3696 2585 3744 cruentam
2613 3688 2796 3746 hostes
2827 3690 3003 3761 adepti
3030 3699 3157 3748 sunt
3190 3692 3475 3747 victoriam
3500 3709 3515 3758 ;
3545 3693 3775 3764 ipseque
3797 3695 3902 3750 Do-

2260 3775 2264 3780 ’
2307 3780 2487 3836 minus
2514 3780 2658 3849 Papa
2684 3782 2738 3837 in
2760 3782 2994 3852 quodam
3017 3782 3086 3838 ab
3111 3783 3193 3838 eis
3212 3783 3438 3838 castello
3458 3784 3740 3848 obsessus,
3762 3802 3891 3840 cum

2304 3883 2609 3945 expugnata
2643 3874 2756 3944 jam
2807 3875 3031 3944 jamque
3084 3874 3381 3930 munitione
3424 3877 3760 3933 necessitate
3806 3894 3897 3933 co-

2308 3975 2483 4033 actus,
2504 3967 2940 4023 communionem
2955 3967 3036 4022 eis
3062 3967 3214 4040 prius
3251 3967 3598 4025 interdictam
3628 3970 3906 4025 reddidis-

2304 4067 2406 4121 set,
2433 4070 2688 4129 acceptus
2716 4061 2784 4114 ab
2812 4061 2912 4126 eis,
2942 4060 3309 4116 Beneventum
3352 4076 3476 4116 cum
3503 4062 3718 4117 honore
3746 4063 3911 4119 redu-

2303 4161 2424 4210 ctus
2450 4162 2537 4209 est
2577 4170 2596 4211 :
2640 4154 2821 4225 ibique
2865 4164 3106 4225 tempore
3152 4153 3434 4225 aliquanto
3473 4155 3751 4223 detentus,
3801 4172 3907 4212 nee

2305 4242 2484 4298 redire
2521 4243 2842 4315 permissus,
2892 4262 2913 4297 ι
2965 4243 3176 4299 scilicet
3219 4259 3249 4297 a
3292 4242 3716 4300 Beneventanis.
3759 4245 3902 4301 Nam

2307 4334 2445 4390 teste
2474 4334 2656 4391 Leone
2682 4334 2946 4400 Ostiensi,
2980 4356 3000 4389 ι
3043 4335 3241 4392 Comes
3270 4335 3713 4396 Normannorum
3749 4339 3903 4395 Hun-

2304 4424 2480 4481 fridus
2524 4425 2842 4482 Pontiﬁcem
2876 4427 3029 4491 adiit,
3061 4436 3118 4482 et
3155 4428 3208 4482 in
3254 4442 3349 4482 sua
3390 4427 3542 4483 illum
3578 4430 3685 4486 fide
3726 4432 3905 4486 susci-

2305 4515 2459 4586 piens
2484 4531 2607 4572 eum
2631 4516 2745 4572 suis
2769 4516 3027 4573 omnibus
3046 4516 3418 4574 Beneventum
3440 4520 3718 4589 perduxit,
3738 4536 3905 4591 spon-

558 4670 565 4675 .
615 4625 710 4693 rit,
741 4639 806 4680 ac
836 4621 1049 4677 modica
1082 4590 1323 4691 pretiosi
1371 4590 1613 4674 thesauri
1659 4610 1927 4684 particula
1973 4617 2202 4679 excepta
2235 4590 2282 4650 θ
2310 4609 2444 4665 dens
2490 4609 2942 4680 quandocumque
2971 4608 3199 4665 Romam
3252 4610 3334 4666 ire
3377 4611 3736 4682 disponeret,
3774 4590 3908 4683 ipse

615 4719 802 4791 (quam
828 4714 1060 4771 Romam
1092 4713 1160 4769 ad
1182 4711 1241 4767 S.
1265 4709 1489 4766 Ioannis
1515 4703 1898 4764 Lateraneusis
1919 4699 2204 4757 ecclesiam

614 4809 825 4883 detulit)
848 4807 1114 4879 reliquum
1139 4819 1263 4862 cum
1284 4801 1342 4858 S.
1366 4800 1594 4872 Longini
1618 4796 1870 4869 Martyris
1891 4808 2122 4865 corpore
2152 4791 2204 4846 in

613 4906 978 4975 praeparatum
1019 4899 1087 4955 ad
1118 4898 1170 4954 id
1202 4896 1382 4952 locum
1416 4890 1752 4964 deposuerit.
1782 4887 1856 4944 De
1886 4885 1944 4943 8.
1975 4883 2204 4953 Longini

614 5008 866 5065 corpore,
889 5008 1012 5049 cum
1044 5005 1203 5047 sacro
1224 4986 1430 5044 Cbristi
1472 4999 1669 5055 cruore
1696 4980 1932 5037 Mantuae
1961 4978 2202 5048 reperto,

613 5084 826 5134 mimus
870 5097 938 5134 xv
972 5072 1150 5134 Martii
1182 5078 1251 5133 ad
1279 5077 1414 5131 Acta
1444 5076 1728 5134 utriusque
1753 5067 1981 5134 Longini
2011 5065 2043 5134 ᾗ
2073 5067 2127 5121 '5.

2310 4698 2458 4753 illum
2489 4698 2729 4771 Capuam
2749 4714 2922 4770 usque
2950 4699 3262 4756 deduceret.
3286 4700 3521 4756 Intravit
3548 4711 3732 4757 autem
3756 4702 3901 4757 idem

2310 4787 2453 4860 Papa
2476 4788 2845 4845 Beneventum
2890 4805 3075 4846 mense
3114 4788 3296 4854 .luuio,
3342 4792 3524 4863 vigilia
3566 4791 3627 4848 S.
3676 4791 3910 4852 halitus

2308 4877 2588 4949 Baptista,
2608 4880 2920 4950 mansitque
2947 4880 3019 4934 ibi
3045 4894 3218 4950 usque
3247 4881 3315 4935 ad
3345 4882 3554 4945 mensis
3582 4879 3766 4942 Martii
3784 4889 3909 4942 duo-

2308 4970 2578 5026 decimum
2605 4971 2788 5027 diem:
2825 4970 3008 5040 ibique
3035 4970 3344 5027 inﬁrmatus
3405 4987 3605 5035 uocato
3644 4980 3909 5050 ρῖςειιῖςιο

2307 5057 2537 5125 Canite,
2564 5058 2633 5115 ab
2652 5075 2720 5116 eo
2746 5060 2983 5130 Capuam
3016 5075 3187 5131 usque
3207 5076 3508 5129 mauetus
3528 5079 3630 5126 est.
3674 5072 3751 5125 lbi
3774 5068 3907 5124 dm-
