4062 5352
187 379 288 432 535

848 371 1138 429 PROLEG.
1177 404 1242 412 —
1281 372 1596 429 HISTORIA
1639 374 1896 430 Μυιιτιδ
1935 376 2020 431 E'I‘
2062 377 2294 450 MIRAC.
2339 377 2394 432 S.
2441 377 2684 434 LEONIS
2727 380 2816 435 IX.

3359 384 3464 442 526

185 496 241 549 5.
293 490 520 556 (‘rucis,
579 489 702 544 dein
759 489 1015 544 Summus
1057 488 1304 544 Pontifex
1360 499 1575 545 creatus
1633 506 1774 545 anno
1803 505 1850 564 Α
1878 501 1932 546 et
1963 491 2158 546 summi
2185 475 2530 558 Dcicnltnni,
2554 495 2644 563 qui
2682 495 2838 563 digne
2870 495 3180 554 ministrare
3214 511 3460 568 possent,

182 598 424 642 ωηιί
450 591 506 637 et
533 581 720 636 Victor
743 580 806 636 III
833 581 1030 646 dictus,
1071 581 1171 636 hec
1214 581 1280 636 de
1316 594 1381 636 eo
1404 583 1772 637 testimonium

179 675 388 746 profert
425 693 440 728 :
481 691 501 726 ι
550 673 660 728 Leo
701 673 786 727 vir
819 687 918 742 per
956 673 1137 728 omnia
1181 671 1550 742 Apostolicus,
1582 673 1772 744 Regali

178 781 379 836 genere
409 775 587 829 ortus,
637 764 899 833 sapientia
939 763 1215 834 praeditus,
1259 765 1519 835 religione
1561 765 1774 834 conspi-

176 870 337 918 cuus,
362 856 624 923 omnique
667 852 1048 909 Ecclesiastica
1081 853 1327 908 doctrina
1367 855 1609 923 apprime
1648 871 1772 908 eru-

176 946 345 1009 ditus,
374 961 438 1000 ac
465 944 562 1013 qui
582 943 1072 1016 (quemadmodum
1097 943 1358 1015 scriptum
1392 953 1472 999 est
1505 941 1658 1016 [Gem
1694 960 1767 1010 IV,

173 1035 292 1110 36])
322 1036 490 1104 capit
520 1036 778 1091 invocare
807 1051 1003 1090 nomen
1040 1035 1276 1101 Domini,
1311 1049 1579 1104 quemque
1601 1036 1768 1090 etiam

176 1126 310 1188 vidi,
354 1124 584 1195 ejusque
633 1124 1053 1180 familiaritatem
1100 1124 1300 1180 habere
1346 1124 1516 1184 merui
1565 1143 1578 1178 :
1628 1140 1771 1195 saepe

174 1217 366 1279 etiam,
391 1231 458 1270 ω
484 1216 537 1268 in
570 1215 798 1269 ecclesia
839 1214 1029 1270 Missas
1055 1214 1386 1280 celebrante,
1428 1230 1550 1268 cum
1585 1214 1675 1269 illo
1701 1216 1769 1270 ad

175 1306 418 1359 divinum
463 1303 636 1358 altare
673 1304 842 1359 sacris
887 1304 1106 1359 indutus
1147 1303 1388 1358 vestibus
1428 1304 1576 1369 steti,
1608 1304 1768 1374 eique

175 1395 532 1465 Evangelium
567 1395 671 1466 legi
708 1412 721 1448 :
753 1411 783 1449 a
821 1410 928 1465 quo
963 1395 1144 1450 omnia
1181 1394 1552 1450 ecclesiastica
1585 1395 1766 1448 studia

175 1496 436 1542 renovata
469 1503 536 1542 ac
568 1497 893 1553 restaurata,
926 1485 1288 1557 novaquequ
1312 1486 1514 1540 mundo
1538 1486 1650 1539 visa
1681 1493 1768 1540 est

171 1579 397 1633 exoriri.
433 1578 535 1635 llic
569 1595 711 1649 saepe
749 1579 1093 1634 Sacerdotale
1127 1577 1426 1634 Concilium
1467 1576 1762 1640 advocatis,

159 1668 520 1735 Sacerdotes,
558 1671 846 1736 Diaconos,
874 1680 929 1726 et
955 1670 1191 1740 reliquos
1213 1669 1451 1724 Clericos
1478 1684 1584 1723 non
1609 1684 1763 1738 regu-

166 1760 359 1815 lariter
386 1759 676 1816 ordinatos
705 1761 958 1828 removit,
983 1771 1035 1816 et
1062 1761 1116 1814 in
1139 1775 1328 1815 eorum
1361 1758 1518 1824 locis,
1546 1758 1613 1812 ad
1648 1757 1759 1812 veri

1881 585 2181 640 constituit.
2217 585 2465 652 Quotidie
2495 601 2708 655 quoque
2729 603 2830 656 per
2867 603 2925 643 se
2955 604 3188 662 suosque
3229 591 3464 662 diScipu-

1878 677 1960 737 los
1992 680 2189 749 ubique
2222 681 2415 735 missos
2452 681 2664 750 populis
2692 683 2830 736 viam
2863 684 3100 752 Domini,
3163 686 3358 744 litteris
3404 698 3462 745 et

1878 769 2058 823 verbis
2083 770 2404 838 praedicans,
2445 771 2799 826 ostendebat:
2834 774 2925 843 qui
2958 791 3056 843 per
3087 777 3460 846 Apostolicam

1877 859 2018 913 viam
2069 874 2292 931 semp-er-
2322 863 2594 932 gradiens,
2629 862 2966 932 Apostolicos
3012 866 3176 920 etiam
3218 869 3363 923 viros
3402 868 3458 924 in

1875 949 2152 1004 miraculis
2193 959 2278 1004 est
2327 951 2587 1005 imitatus.
2646 971 2664 1004 ι
2710 952 2835 1007 Ηίευ
2879 953 3212 1019 Desiderius,
3250 973 3316 1012 ex
3351 973 3461 1028 quo

1875 1040 2054 1110 aliqua
2080 1041 2360 1123 'miracula
2402 1043 2540 1097 infra
2580 1044 2898 1100 referemus.
2938 1045 3324 1103 Concludimus
3358 1062 3460 1104 δυο

1876 1144 1983 1189 tem
2006 1135 2150 1188 hunc
2170 1135 2426 1205 prmium
2449 1136 2910 1191 Connueutarium
2933 1153 3055 1192 cum
3086 1139 3235 1201 hisce
3261 1139 3460 1197 Leonis

1874 1225 2140 1281 Ostiensis
2167 1226 2347 1280 verbis
2381 1245 2392 1279 :
2435 1244 2453 1276 ι
2491 1225 2589 1280 llic
2619 1238 2842 1282 sanctus
2869 1227 3144 1291 Pontifex,
3195 1228 3336 1283 inter
3380 1229 3462 1282 in-

1874 1330 2098 1374 numera
2127 1331 2237 1370 suae
2268 1316 2525 1371 bonitatis
2558 1317 2808 1387 insignia,
2871 1318 3108 1388 quandiu
3143 1318 3330 1374 Romae
3376 1334 3461 1374 re-

1872 1419 2114 1465 moratus
2141 1419 2244 1476 cst,
2276 1410 2422 1465 omni
2467 1420 2710 1479 tempore
2741 1411 2913 1466 tribus
2937 1426 3034 1481 per
3064 1410 3460 1466 hebdomadam

1871 1503 2062 1556 diebus
2094 1517 2124 1556 a
2161 1502 2511 1557 Lateranensi
2541 1503 2768 1558 ecclesia
2800 1519 2969 1573 usque
3012 1503 3080 1558 ad
3113 1503 3169 1557 S.
3213 1501 3458 1569 Pett‘um,

1871 1593 2082 1661 privato
2133 1592 2316 1647 habitu
2367 1593 2634 1662 nudisque
2679 1593 2926 1663 pedibus,
2958 1609 3081 1649 cum
3114 1593 3322 1648 duobus
3363 1600 3460 1646 aut

1871 1685 2043 1740 tribus
2099 1684 2364 1750 Clericis,
2416 1693 2577 1740 noctu
2627 1685 2912 1755 psallendo
2959 1697 3014 1741 et
3066 1685 3294 1752 orando,
3337 1699 3460 1754 per-

1868 1778 2046 1849 gebat.

2979 1894 3450 1924 -σ--υ-α-

498 2066 971 2168 HISTORIA
1010 2067 1390 2168 ll-IORTIS
1447 2069 1574 2169 ET
1632 2063 2352 2167 MIBAGULOBUM
2393 2064 2476 2162 S.
2542 2063 2888 2163 LEONIS
2962 2064 3077 2164 IX

801 2299 892 2340 ea:
939 2279 1098 2340 Mss.
1138 2278 1544 2354 Strozziano,
1575 2275 1930 2337 Hubertino
1966 2280 2019 2332 et
2045 2273 2471 2364 Beneventano
2510 2270 2789 2332 collecta.

500 2555 566 2575 “’⁴
763 2559 1162 2618 PROLOGUS.

214 2655 275 2710 ’1.
328 2655 498 2709 Anno
535 2654 824 2709 millesimo
855 2652 1305 2724 quinquagesimo
1336 2658 1529 2720 quarto
1559 2649 1768 2705 Domini

148 2750 328 2804 nostri
357 2747 492 2803 Jesu
517 2748 743 2813 Christi,
772 2749 1065 2802 indictione
1097 2764 1165 2802 vn
1190 2786 1205 2811 ,
1242 2719 1447 2802 decima
1483 2746 1637 2800 tertia
1662 2745 1769 2801 Ka-

161 2841 344 2897 lendas
367 2840 567 2905 Maias,
595 2840 931 2912 depositione
946 2840 1278 2895 exsultemus
1303 2838 1452 2893 Beati
1468 2837 1645 2893 Patris
1671 2854 1770 2894 no-

162 2935 255 2988 stri
286 2934 493 2989 Leonis
526 2933 686 3004 Papa:
724 2933 825 2998 IX,
870 2943 1129 3003 regnante
1169 2931 1400 2987 Henrico
1437 2931 1767 3001 Imperatore

165 3024 270 3080 filio
283 3025 525 3080 Conradi
543 3026 888 3094 imperatoris
905 3023 1222 3096 Reum-(57).
1247 3023 1330 3076 Ad
1346 3023 1558 3076 laudem
1581 3030 1633 3076 et
1649 3022 1766 3093 glo-

166 3117 297 3170 riam
329 3117 550 3171 Domini
595 3117 766 3170 nostri
799 3115 925 3170 Iesu
963 3113 1194 3177 Christi,
1241 3122 1296 3169 et
1338 3112 1404 3167 ad
1443 3112 1762 3167 memoriam

165 3207 309 3263 Beati
341 3208 548 3264 Leonis
571 3206 753 3277 Papaz,
783 3215 1054 3262 certamus
1076 3207 1219 3260 hunc
1241 3204 1496 3258 intimare
1524 3202 1761 3258 laborem

163 3301 507 3366 certaminis,
531 3315 691 3370 quem
715 3299 887 3355 oculis
903 3298 1103 3353 nostris
1122 3297 1378 3362 vidimus,
1400 3311 1593 3352 omnes
1609 3311 1762 3365 pres-

163 3388 336 3460 byteri
365 3398 421 3443 et
445 3389 702 3445 diacones
729 3399 785 3444 et
819 3387 998 3444 cuncti
1031 3386 1244 3442 Sancta:
1279 3386 1541 3442 Romanae
1572 3385 1760 3442 Eccle-
1827 3449 1834 3457 _

154 3482 255 3535 sia:
277 3481 568 3536 Catholici.
597 3480 751 3551 Stepe
783 3480 1013 3535 vidimus
1043 3481 1097 3534 in
1129 3479 1246 3550 ejus
1274 3479 1382 3533 vita
1406 3478 1630 3532 multam
1653 3477 1760 3532 lar-

165 3569 422 3640 gitatem,
453 3570 538 3625 vel
575 3569 945 3641 eleemosynas
984 3578 1296 3646 erpgantem
1322 3567 1650 3639 pauperibus
1676 3569 1758 3623 ci-

157 3663 319 3718 vibus
349 3678 414 3717 ac
440 3663 771 3734 peregrinis,
802 3664 876 3716 ita
905 3670 964 3716 ut
1003 3672 1228 3717 cunctos
1255 3662 1539 3717 thesauros
1574 3661 1759 3716 Eccle-

169 3753 260 3806 sia:
285 3761 341 3806 et
369 3760 567 3807 cuncta
590 3767 709 3821 qua:
734 3749 933 3806 habere
969 3760 1181 3820 poterat
1215 3751 1503 3821 plurimam
1544 3762 1753 3822 partem

165 3843 340 3898 viduis
375 3883 391 3910 ,
456 3843 716 3913 orphanis
767 3849 823 3897 et
866 3842 1035 3898 Deum
1101 3842 1414 3898 timentibus
1482 3853 1748 3914 erogaret.

1791 2562 1835 2620 Β
1864 2554 2101 2612 vissimte
2133 2555 2506 2622 necessitatis,
2545 2562 2601 2608 ut
2634 2555 2890 2625 probaret
2928 2569 2992 2610 ea
3029 2570 3150 2625 qum
3179 2570 3204 2607 a
3247 2556 3457 2612 sanctis

1874 2647 2152 2716 prophetis
2175 2655 2302 2702 ante
2323 2647 2520 2703 sarcula
2553 2647 2814 2716 praedicta
2842 2654 2987 2713 sunt,
3016 2654 3122 2701 tam
3143 2647 3458 2704 Graecorum

1872 2755 2032 2808 quam
2060 2738 2399 2805 Latinorum,
2433 2747 2488 2794 et
2506 2738 2734 2793 aliarum
2758 2738 2999 2810 gentium
3029 2738 3228 2809 linguis
3262 2738 3348 2794 vel
3368 2739 3456 2793 lit-

1870 2829 2037 2896 teris;
2074 2844 2202 2885 vere
2234 2838 2380 2887 totus
2411 2830 2717 2900 explieans,
2755 2839 2900 2885 totus
2932 2845 3230 2895 exornans,
3263 2841 3318 2885 et
3359 2846 3458 2900 per

1867 2919 2251 2989 disputationis
2276 2935 2475 2990 genera
2514 2936 2732 2992 semper
2755 2921 2977 2991 aequalis
3014 2922 3286 2978 incedens.
3319 2922 3459 2978 Cum

1866 3026 1994 3068 vere
2017 3011 2315 3068 dixerimus
2339 3012 2674 3068 Catholicam
2704 3015 2938 3070 hominis
2963 3014 3106 3070 illius
3135 3015 3450 3081 scientiam;

1865 3118 1994 3158 sana
2025 3104 2294 3171 doctrina,
2325 3119 2650 3175 quocunque
2672 3114 3026 3162 conversatus
3067 3115 3151 3161 est
3179 3108 3318 3169 loco,
3343 3117 3457 3162 sta-

1864 3195 1986 3251 bilis
2016 3204 2294 3266 permanet
2317 3196 2574 3253 lirmitate
2597 3197 2716 3252 fidei
2741 3197 3016 3268 (58),nam
3037 3197 3138 3253 ista
3164 3213 3335 3269 pauca
3360 3209 3456 3253 ex-

1861 3287 2162 3356 cerpsimus
2183 3287 2250 3342 de
2261 3285 2380 3355 ejus
2392 3286 2534 3353 Vita,
2553 3286 2850 3358 plura-vero
2875 3287 2941 3342 ad
2955 3288 3336 3359 magistrorum
3353 3301 3456 3358 pe-

1861 3380 2042 3434 ritiam
2073 3380 2449 3449 dimittamus;
2480 3393 2536 3437 et
2565 3381 2632 3436 de
2667 3380 2784 3452 ejus
2819 3379 3188 3447 mirabilibus,
3221 3395 3342 3452 qua:

1860 3469 2058 3536 dimus,
2093 3469 2321 3526 fideliter
2344 3472 2659 3528 doceamus.

2367 3579 2597 3636 CAPUT
2648 3581 2941 3638 PRIMUM.

1859 3673 2109 3728 Extrema
2129 3673 2194 3729 'S.
2220 3673 2407 3730 Leonis
2446 3687 2565 3728 acta
2588 3687 2640 3730 et
2673 3678 2873 3730 monita
2908 3691 2927 3728 .'
2955 3676 3219 3747 piissimus
3257 3676 3461 3751 dbitur;

1927 3765 1979 3818 2.
2009 3765 2207 3832 Quinto
2229 3765 2442 3820 decimo
2469 3766 2740 3822 Kalendas
2761 3767 2950 3832 Maias,
2969 3783 3090 3823 cum
3117 3767 3267 3838 gravi
3297 3757 3462 3847 infir-FI

1858 3857 2044 3911 mitate
2075 3857 2231 3929 longe
2257 3869 2628 3914 maccraretur
2647 3859 2702 3913 in
2729 3874 2978 3929 corpore,
3014 3859 3154 3913 idem
3168 3857 3452 3912 Dominico

156 3933 1102 4010 'Proplereanomanorumperﬁdia
1133 3947 1322 3994 contra
1351 3954 1472 3994 eum
1502 3927 1823 3994 murmur'C
1854 3950 1941 4004 die
1972 3948 2085 4020 (59)
2115 3927 2304 4019 quinto
2350 3951 2559 4005 decimo
2575 3961 2701 4022 post
2729 3927 2956 4014 Pascha,
3002 3949 3217 4003 vocavit
3255 3962 3450 4003 omnes

151 4039 218 4084 et
240 4029 381 4084 bella
412 4031 742 4085 suscitabat:
779 4047 901 4086 nam
939 4041 997 4086 ut
1027 4029 1494 4102 inexpugnabilem
1517 4046 1630 4085 sum
1653 4031 1753 4085 Ec-

164 4119 346 4175 clesiae
376 4137 592 4175 murum
625 4121 888 4178 Dominus
922 4133 1114 4178 contra
1153 4127 1431 4179 dementes
1465 4125 1752 4180 haereticos

151 4217 421 4286 erigeret,
450 4218 581 4273 huic
616 4220 744 4274 viro
774 4219 825 4273 in
853 4219 1154 4276 litterarum
1177 4220 1369 4276 studiis
1392 4219 1635 4289 plerique
1656 4235 1751 4274 ca-

163 4309 420 4364 techizati
450 4309 686 4366 fuerant.
720 4313 826 4367 Iste
855 4313 1120 4369 almilicus
1160 4312 1360 4368 Prtesul
1395 4311 1505 4368 Leo
1539 4311 1753 4366 humili-

163 4400 263 4456 bus
309 4403 552 4456 suaviter
597 4404 873 4459 blanditus
912 4415 1027 4470 est,
1071 4407 1172 4461 iste
1214 4405 1567 4475 superborum
1615 4403 1750 4458 colla

163 4493 567 4564 constringens,
608 4495 726 4549 iste'
749 4496 1156 4566 derogatoribus
1191 4511 1301 4551 suae
1348 4496 1471 4550 vitaz
1505 4510 1752 4550 necessa-

151 4583 301 4635 rium
326 4584 529 4639 victum
554 4584 1001 4650 subministrans,
1042 4585 1405 4656 virginitatem
1425 4585 1748 4656 praedicans,

164 4674 512 4729 matrimonia
567 4685 719 4730 casta
773 4676 1094 4742 defendens,
1146 4677 1402 4731 virtutum
1455 4679 1752 4732 certamina

165 4764 391 4835 gloriosa
413 4767 996 4841 oollaudans,'lapsum
1024 4769 1268 4835 Clericis,
1286 4779 1447 4842 atque
1473 4772 1752 4826 monachis

164 4864 482 4933 pravitatem
524 4881 819 4931 accusans,
853 4868 1018 4923 etiam
1052 4868 1141 4923 ubi
1178 4882 1264 4922 res
1302 4867 1423 4922 tulit
1459 4867 1748 4924 Gentilium

166 4957 403 5027 exempla
430 4957 750 5014 dulcissima
778 4959 1041 5016 varietate
1065 4960 1423 5035 permiscuit;
1449 4962 1543 5017 sed
1569 4970 1753 5017 tamen

167 5046 263 5102 hoc
285 5063 390 5104 non
417 5059 678 5106 eratsua:
707 5049 1018 5117 voluntatis,
1043 5049 1164 5115 sed,
1200 5059 1256 5104 ut
1287 5051 1359 5106 ita
1392 5052 1590 5118 dicam,
1629 5066 1756 5123 gra-

1857 4041 2152 4111 Episc0pos
2181 4051 2237 4095 et
2270 4040 2512 4097 Clericos
2555 4043 2623 4096 ad
2672 4054 2754 4106 se,
2792 4051 2848 4095 et
2882 4041 2956 4094 ita
2988 4041 3200 4094 locutus
3227 4047 3312 4094 est
3343 4038 3457 4102 eis,

1856 4135 2042 4190 dicens
2076 4157 2088 4187 ;
2121 4134 2571 4200 Audite,Fratres
2593 4135 2698 4191 mei
2728 4145 2783 4189 et
2811 4135 3149 4204 Coepiscopi,
3183 4151 3270 4191 me
3297 4129 3458 4191 enim;

1857 4229 2116 4284 Dominus
2137 4229 2316 4283 dehac
2333 4230 2438 4283 vita
2454 4231 2683 4283 vocavit.
2701 4229 2811 4302 (60)
2829 4231 3243 4288 Memores‘vcro
3270 4241 3448 4288 estote

1855 4321 2165 4390 Evangenei
2198 4322 2464 4377 sermonis
2487 4322 2755 4378 dicentis:
2797 4343 2815 4374 ι
2853 4323 3102 4396 Vigilale,
3126 4326 3250 4395 quia
3276 4327 3455 4395 nesci-i

1859 4410 1926 4464 tis
1964 4426 2067 4481 qua
2110 4411 2242 4465 hora
2296 4411 2555 4468 Dominus
2598 4420 2777 4468 vester
2819 4423 3082 4469 venturus
3117 4415 3189 4468 sit
3227 4401 3456 4507 (Matt/ell

1856 4517 1982 4565 xxv,
2009 4502 2116 4571 l5).
2154 4522 2171 4554 ι
2204 4501 2352 4573 Rogo
2377 4501 2520 4557 enim
2545 4518 2662 4569 vos,
2686 4503 3101 4564 charissimi.-ut
3121 4505 3274 4560 inme
3297 4501 3456 4586 aspi-j

1855 4595 2012 4650 ciatis
2039 4606 2093 4650 et
2132 4595 2384 4664 cogitetis
2411 4595 2645 4664 qualiter
2689 4594 2852 4652 ﬂores
2882 4598 3056 4668 huius
3099 4597 3283 4653 mundi
3334 4596 3456 4678 cito;

1856 4698 2213 4743 marcescant.
2233 4687 2373 4742 Nam
2406 4687 2593 4743 infelix
2623 4705 2745 4761 ego,
2785 4690 2876 4759 qui
2908 4690 3162 4759 indignus
3200 4679 3455 4763 Apostolif

1855 4778 2000 4833 Petri
2033 4779 2292 4834 honorem
2322 4779 2554 4849 suscepi,
2591 4781 2751 4834 modo
2778 4789 3040 4857 quantum
3082 4781 3158 4835 ad
3197 4777 3454 4857 corporis:

1854 4882 2036 4944 partes
2063 4873 2177 4928 fere
2206 4873 2274 4927 ad
2309 4874 2540 4935 nihilum
2573 4890 2691 4929 sum
2731 4871 3004 4931 redactus.
3039 4873 3173 4927 Nam
3202 4874 3275 4928 ita
3305 4871 3454 4965 mihi;

1853 4966 2179 5020 obscuratur
2199 4979 2440 5034 praesens
2467 4967 2700 5020 mundus
2724 4966 2849 5031 iste,
2877 4965 3028 5035 quasi
3054 4965 3166 5034 jam
3203 4965 3454 5035 habitem!

1854 5055 1910 5112 in
1942 5054 2329 5113 obscurissima
2373 5057 2534 5112 domo
2574 5073 2591 5113 :
2630 5056 2757 5126 quia
2790 5058 2851 5130 in
2885 5057 2987 5113 hac
3030 5065 3187 5111 nocte
3229 5057 3282 5112 in
3323 5025 3458 5153 visu:
