4062 5352
532 303 633 358 527

1842 303 1897 359 Β.
1938 304 2069 360 LEO
2108 305 2177 361 ΙΧ
2219 306 2419 362 ΡΑΡΑ.

3714 307 3819 364 5Ξ8

530 413 641 469 vidi
673 410 822 471 illum
854 412 1165 482 qumitnrls
1199 427 1316 468 sum
1348 413 1638 482 mundum;
1666 424 1721 471 et
1747 415 1934 472 videor
1959 419 2112 489 quasi
2143 423 2191 482 A
2218 420 2348 478 Item
2377 420 2632 493 praecipio
2652 429 2712 476 ut
2730 422 3142 479 advenientibus
3161 439 3226 479 ex
3249 423 3458 479 cunctis
3483 439 3624 494 pene
3646 428 3821 496 partio

529 505 638 577 iam
686 522 794 561 non
833 505 1072 561 habitem
1117 505 1374 561 smculum
1417 506 1582 573 istud,
1627 510 1719 564 sed
1761 509 1942 579 potius
1985 509 2118 565 illud

533 596 675 668 quod
704 596 756 649 in
789 594 994 649 visione
1033 596 1290 664 praevidi;
1320 611 1421 666 pro
1441 613 1549 667 quo
1572 599 1768 655 timens
1806 609 1864 657 et
1896 600 2118 660 timidus

533 685 758 741 nimium
801 701 942 743 sum.
976 685 1095 741 Vidi
1124 687 1267 742 enim
1312 686 1478 742 multa
1521 703 1642 759 quae
1680 691 1865 747 videre
1902 693 2116 764 eXpavi.

534 777 732 834 Verum
778 782 996 850 gavisus
1043 793 1162 834 sum
1206 780 1261 835 in
1306 782 1512 837 nostris
1559 781 1866 851 Fratribus,
1902 786 1995 856 qui
2021 801 2122 857 pu-

532 877 765 941 gnantes
788 869 843 924 in
880 868 1075 942 Apulia
1100 884 1201 941 pro
1228 870 1339 927 Deo
1368 879 1498 928 sunt
1520 873 1799 931 trucidati.
1825 874 1948 932 Vidi
1969 877 2119 932 enim

532 961 653 1019 illos
668 962 779 1035 (61)
795 962 849 1017 in
872 961 1169 1035 Martyrum
1192 978 1444 1029 numero,
1475 974 1532 1019 et
1550 980 1739 1022 eorum
1762 967 1904 1024 sicut
1924 982 2119 1023 aurum

533 1054 874 1125 splendentia
935 1053 1307 1121 vestimenta;
1363 1064 1611 1113 tenentes
1671 1071 1862 1114 omnes
1925 1059 2121 1130 palma:

532 1162 714 1203 ramos
741 1146 796 1203 in
825 1146 1075 1204 manibus
1113 1146 1250 1214 suis,
1279 1147 1470 1219 plenos
1499 1147 2121 1207 ﬂoribus‘immarcessi-

529 1240 755 1307 bi‘libus,
806 1239 1131 1311 excelsaque
1173 1254 1308 1296 voce
1358 1255 1446 1296 me
1489 1241 1759 1297 vocabant
1803 1241 2052 1299 dicentes
2100 1262 2115 1298 :

533 1324 692 1399 Veni,
742 1348 901 1390 mane
922 1333 1264 1397 onobiscum,
1309 1333 1435 1402 quia
1483 1348 1581 1404 per
1625 1343 1678 1390 te
1715 1334 1858 1391 hanc
1890 1334 2119 1406 gloriam

532 1423 893 1494 pessidemus.
938 1423 1076 1482 Hinc
1105 1438 1171 1480 ex
1210 1424 1315 1481 alia
1358 1434 1513 1495 parte
1553 1426 1931 1497 respondendo
1962 1430 2124 1485 unius

533 1515 692 1569 aliam
721 1530 905 1571 vocem
935 1515 1117 1570 audivi
1164 1533 1178 1570 :
1222 1514 1605 1587 Nequaquam,
1632 1516 1726 1571 sed
1765 1516 1851 1572 die
1881 1518 2039 1573 tertia
2067 1517 2120 1573 in

533 1618 722 1663 nOstro
742 1608 843 1662 erit
875 1606 1102 1678 collegio
1127 1625 1140 1662 :
1168 1607 1294 1678 quia
1319 1608 1467 1664 locus
1488 1608 1604 1679 ejus
1632 1608 1735 1665 iste
1763 1618 1867 1676 est,
1891 1619 1948 1666 et
1968 1611 2124 1667 sedes

532 1698 652 1769 ejus
680 1699 827 1757 inter
856 1713 956 1756 nos
982 1698 1218 1755 feliciter
1241 1709 1546 1770 prmparata
1588 1700 1859 1756 consistit.
1892 1700 1949 1755 Si
1991 1716 2124 1756 vero

2220 514 2321 570 bus
2341 514 2650 571 hominibus
2670 517 2737 570 ad
2757 520 3023 571 orandum
3046 517 3215 572 Deum
3239 527 3294 573 et
3317 516 3438 589 ejus
3462 519 3817 589 Apestolum,

2221 619 2319 675 pro
2366 620 2463 660 sua
2508 615 2565 661 et
2609 606 2851 661 omnium
2893 607 3345 664 Christicolarum
3390 611 3585 673 salute,
3636 612 3822 667 nullus

2221 693 2668 766 impedimentum
2689 697 2981 753 exhibeat:
3006 700 3170 755 etiam
3198 702 3453 772 prrecipio
3477 713 3534 757 ut
3550 718 3616 757 ex
3640 704 3823 759 omni-

2218 788 2322 844 bus
2352 787 2597 860 frugibus
2630 796 2793 845 terra:
2836 807 2975 862 quas
3014 794 3168 849 vobis
3198 795 3343 850 Deus
3384 796 3624 864 dederit,
3655 809 3711 852 et
3749 800 3822 854 de

2221 877 2567 946 animalibus,
2612 881 2661 936 ei
2703 882 2974 952 primitias
3013 886 3181 952 detis;
3224 888 3330 944 nisi
3371 888 3503 944 talia
3549 888 3818 960 feceritis,

2222 969 2357 1026 salvi
2385 986 2507 1027 esse
2532 974 2845 1040 nequibitis.
2930 979 2936 984 “

2289 1060 2346 1116 Δ.
2387 1060 2514 1118 Ηωο
2551 1072 2604 1118 et
2632 1064 2719 1120 bis
2742 1064 2938 1122 similia
2971 1068 3156 1123 dicens
3184 1069 3250 1122 ad
3282 1070 3563 1141 populum,
3595 1073 3817 1126 voravit

2218 1152 2374 1225 juxta
2405 1170 2462 1210 se
2490 1170 2682 1212 omnes
2712 1157 3009 1228 Episcopus
3041 1168 3097 1214 et
3141 1161 3405 1225 Clericos,
3448 1177 3573 1216 cum
3620 1164 3819 1234 quibo;

2221 1260 2407 1300 veram
2454 1244 2662 1302 faciens
2705 1247 3103 1304 confessionem
3148 1260 3204 1306 et
3239 1266 3532 1306 conversus
3574 1250 3707 1308 hinc
3750 1256 3818 1306 ad

2221 1347 2434 1407 partem
2473 1336 2731 1404 Orientis,
2775 1339 3096 1396 incumbens
3120 1341 3174 1396 in
3205 1342 3405 1397 lectulo
3436 1359 3535 1397 suo
3573 1347 3818 1415 respexit

2224 1437 2469 1485 sanctam
2494 1429 2744 1498 Crucem,
2770 1442 2823 1487 et
2856 1432 3109 1503 perfusus
3138 1434 3283 1505 lacry
3295 1434 3394 1489 mis
3415 1436 3599 1488 oravit
3626 1436 3818 1489 diutis-

2224 1519 2390 1586 sime;
2424 1529 2479 1575 et
2503 1520 2783 1577 dimittens
2810 1535 3030 1593 peccata
3076 1523 3381 1594 eorum'qui
3405 1526 3675 1580 canonice
3700 1525 3818 1580 fue—

2225 1617 2345 1663 rant
2370 1607 2591 1680 obligati
2636 1611 2705 1667 ab
2750 1611 2864 1676 illo,
2907 1613 3138 1668 absolvit
3177 1629 3271 1668 eos
3315 1633 3329 1669 :
3373 1615 3483 1669 imo
3510 1625 3567 1670 et
3605 1618 3820 1670 caeteris

2223 1699 2476 1755 omnilms
2502 1699 2592 1755 :Si
2620 1703 2988 1767 servaveritis,
3019 1705 3215 1775 inquit,
3243 1721 3363 1776 quae
3384 1706 3538 1760 vobis
3558 1710 3815 1775 praecepi.

532 1806 669 1848 mea;
711 1791 907 1848 visioni
956 1808 1064 1848 non
1106 1792 1352 1859 creditis,
1397 1794 1626 1864 probate
1656 1807 1717 1849 ea
1749 1808 1869 1864 quae
1898 1794 2034 1849 dixi.
2062 1796 2120 1850 Si
2154 1779 2197 1837 Β
2228 1788 2294 1843 de
2321 1789 2614 1858 praeteritis
2646 1792 2805 1846 malis
2827 1793 2982 1847 vobis
3009 1794 3343 1866 indulgentia
3374 1796 3559 1851 detur.
3599 1797 3665 1850 Et
3710 1800 3819 1851 lucc

533 1898 698 1955 super
719 1892 830 1939 tres
858 1882 913 1938 in
942 1883 1140 1939 saeculo
1170 1883 1275 1940 isto
1303 1898 1654 1953 permansero
1679 1884 1818 1951 dies,
1844 1884 1983 1941 visio
2007 1885 2124 1940 haec

533 1994 688 2036 cassa
713 1986 770 2034 et
794 1993 931 2034 vana
955 1968 1274 2049 deputetur;
1299 1985 1355 2035 et
1375 1977 1420 2034 si
1445 1977 1531 2034 die
1555 1978 1802 2033 nuntiata
1830 1977 2123 2044 transiero,

535 2069 801 2128 servanda
844 2068 997 2126 vobis
1040 2079 1165 2125 sunt
1203 2084 1540 2142 quaecunque
1593 2068 1735 2124 dico.
1778 2068 1931 2124 Nunc
1961 2084 2126 2124 unus-

534 2161 765 2231 quisque
792 2159 866 2215 ite
905 2159 974 2215 ad
1017 2158 1136 2215 loca
1164 2168 1364 2225 vestra,
1388 2168 1445 2215 et
1477 2175 1675 2217 aurora
1708 2159 2019 2215 lueescente
2056 2160 2124 2214 ad

532 2267 621 2308 me
648 2250 848 2307 venite.
887 2249 1069 2306 Multis
1097 2250 1397 2306 secundum
1424 2250 1542 2320 ejus
1577 2258 1904 2321 praeceptum
1928 2249 1996 2305 ad
2024 2250 2124 2305 do-

533 2359 652 2401 mos
703 2343 1082 2401 recedentibus
1124 2358 1271 2408 suas,
1323 2351 1594 2398 steterunt
1630 2342 1851 2412 quidam
1887 2357 2011 2398 cum
2058 2359 2125 2398 eo

531 2451 632 2507 per
656 2444 823 2492 totam
856 2443 1072 2490 noctem
1106 2452 1120 2489 :
1157 2449 1188 2489 a
1216 2433 1413 2503 quibus
1437 2432 1639 2488 dicitur
1670 2441 1729 2488 et
1754 2432 1893 2487 mire
1936 2430 2125 2487 testifi-

534 2543 709 2597 catur,
740 2529 885 2601 quod
915 2537 1083 2584 totam
1108 2527 1255 2582 illam
1283 2534 1519 2592 noctem,
1544 2526 1599 2580 in
1633 2532 1784 2580 tanta
1809 2523 1950 2579 mole
1973 2524 2125 2595 azgri-

536 2622 739 2678 tudinis
767 2620 1000 2693 positus,
1039 2617 1352 2690 pervigilem
1394 2615 1631 2681 duxerit,
1666 2623 1832 2686 atque
1874 2615 1929 2669 in
1979 2623 2122 2669 terra

533 2723 834 2785 prostratus
861 2728 959 2781 pro
987 2723 1150 2783 grege
1173 2708 1279 2765 sibi
1315 2706 1609 2765 commisso
1649 2705 1702 2761 in
1729 2704 1975 2759 oratione
2002 2718 2124 2774 pcr-

533 2803 816 2857 manserit.

604 2893 658 2947 3.
702 2892 857 2948 Mane
888 2892 1054 2961 facto,
1084 2891 1419 2948 adveniente
1458 2891 1605 2947 omni
1652 2889 1811 2946 Clero
1839 2897 1896 2946 et
1923 2898 2123 2945 cuncto

532 2984 730 3054 populo
769 2984 1037 3049 Romano,
1081 2984 1338 3055 prtecepit
1380 2992 1442 3039 ut
1481 2998 1540 3040 se
1566 2983 1634 3038 ad
1664 2983 1930 3037 tumulum
1968 2997 2124 3038 suum

532 3090 900 3131 marmoreum
930 3076 1193 3131 ducerent
1213 3076 1266 3130 in
1293 3074 1578 3131 ecclesiam
1613 3089 1628 3128 :
1658 3089 1767 3144 quo
1796 3074 1939 3130 facto
1962 3071 2126 3143 jussit

531 3168 734 3223 lectum
792 3167 846 3222 in
874 3182 982 3237 quo
1008 3164 1228 3236 iacebat
1261 3166 1315 3221 in
1368 3165 1655 3221 ecclesiam
1693 3164 1856 3219 mitti.
1892 3161 2124 3219 Romani

532 3272 662 3313 vero
686 3256 932 3313 videntes
963 3255 1226 3311 tumulum
1261 3254 1379 3326 ejus
1407 3256 1474 3310 ad
1514 3253 1803 3310 ecclesiam
1826 3252 2124 3323 deportari,

534 3347 815 3401 irruerunt
833 3346 1166 3401 unanimiter
1188 3354 1472 3417 pergentes
1500 3345 1568 3400 ad
1593 3344 1856 3416 palatium
1896 3343 2123 3398 Latera-

534 3454 703 3495 ncnse
724 3448 785 3493 ut
820 3437 951 3493 illud
979 3437 1368 3509 exspoliarcnt,
1395 3436 1538 3493 sicut
1559 3450 1677 3492 mos
1718 3435 1933 3490 illorum
1963 3444 2082 3489 erat
2106 3451 2123 3501 ;

494 3588 497 3591 _
533 3528 628 3585 sed
653 3527 760 3585 tale
788 3526 889 3582 fuit
918 3516 1173 3584 meritum
1197 3535 1253 3582 et
1282 3527 1457 3583 virtus
1484 3525 1792 3581 Beatissimi
1821 3526 2037 3590 Leonis,
2064 3534 2125 3580 ut

532 3634 634 3675 nec
660 3602 815 3675 unus
842 3619 1080 3689 potuerit
1113 3633 1360 3690 pergere,
1408 3633 1513 3673 nec
1551 3615 1691 3672 infra
1735 3616 1993 3688 palatium
2037 3618 2124 3672 in-

532 3713 722 3769 troire.
778 3711 905 3769 Haec
941 3712 1210 3777 videntes,
1254 3727 1446 3768 omnes
1494 3710 1708 3767 confusi
1743 3718 1799 3765 et
1845 3710 2125 3782 perterriti

534 3807 733 3863 timore
764 3821 890 3862 cum
924 3805 1117 3878 grandi
1155 3805 1481 3861 verecundia
1526 3804 1733 3860 reversi
1781 3812 1928 3859 sunt.
1978 3803 2124 3860 Inter

529 3896 646 3953 htec
677 3897 1027 3956 beatissimus
1056 3896 1337 3963 Pontifex,
1377 3912 1498 3952 cum
1550 3896 1689 3951 intra
1729 3895 2016 3953 ecclesiam
2061 3894 2121 3951 S.

528 3990 676 4045 Petri
708 4001 865 4045 suum
895 3989 1111 4044 thorum
1142 3989 1416 4061 deportari
1449 3989 1818 4061 praecepisset,
1849 4004 2121 4045 convoca-

531 4080 602 4133 tis
614 4079 867 4136 omnibus
885 4080 974 4151 qui
998 4080 1227 4135 aderant
1244 4095 1308 4135 ex
1338 4078 1604 4144 ﬁdelibus,
1628 4079 1793 4149 jussit
1813 4093 1909 4135 eos
1930 4079 2122 4135 sedere

530 4179 586 4245 et
608 4171 831 4226 intentis
853 4171 1076 4226 auribus
1098 4185 1195 4226 sua
1219 4181 1488 4242 praecepta
1513 4172 1725 4227 audire.
1751 4171 1959 4239 Quibus
1985 4173 2122 4227 resi-

533 4258 791 4314 dentibus
823 4274 945 4315 cum
965 4275 1181 4316 summo
1204 4260 1442 4327 silentio,
1467 4261 1606 4315 dixit
1637 4279 1650 4315 :
1684 4261 1797 4333 (62)
1816 4262 2037 4317 Fratres
2067 4273 2125 4317 et

533 4349 782 4404 conservi
811 4349 1022 4404 Domini
1058 4350 1228 4407 nostri
1256 4348 1382 4405 Jesu
1404 4350 1631 4416 Christi,
1655 4360 1829 4408 estote
1849 4367 2121 4409 memores

529 4448 924 4511 praeceptorum
954 4441 1069 4506 Dei,
1094 4450 1149 4496 et
1171 4440 1445 4497 ambulate
1467 4443 1519 4497 in
1543 4442 1702 4498 bonis
1734 4444 1966 4513 actibus,
1993 4445 2120 4500 dum
2156 4480 2211 4513 ,λε

533 4529 710 4585 adhuc
736 4529 918 4586 lumen
948 4532 1178 4588 habetis.
1200 4532 1465 4603 Praecipio
1490 4535 1633 4590 enim
1657 4544 1716 4590 ut
1736 4535 1916 4592 nullus
1936 4552 2120 4593 emere

530 4632 825 4701 prmsumat
843 4624 1025 4680 villam
1048 4634 1141 4680 aut
1169 4626 1381 4681 vineam
1406 4641 1500 4682 seu
1525 4637 1745 4696 terram,
1768 4628 1854 4685 vel
1877 4629 2116 4701 aliquam

531 4698 647 4770 rem
688 4715 1050 4785 pertinentem
1094 4715 1165 4772 ad
1210 4716 1452 4787 regimen
1496 4729 1696 4775 sanctae
1723 4698 1986 4778 Ecclesize
2022 4735 2120 4792 per

528 4805 932 4873 possessionem
962 4805 1030 4861 ad
1059 4820 1215 4862 usum
1240 4820 1398 4863 suum
1427 4816 1613 4863 tenere
1638 4828 1651 4863 :
1689 4812 1781 4881 qui
1810 4813 1915 4868 hoc
1936 4812 2119 4869 facere

530 4901 961 4969 prtesumpscrit,
985 4901 1174 4956 teterni
1198 4899 1405 4956 Judicis
1432 4899 1570 4954 iram
1600 4900 1716 4956 sine
1743 4903 1905 4960 dubio
1934 4904 2118 4961 incur-

532 4999 636 5036 ret-
680 4990 814 5036 Item
847 4992 1103 5036 nminin
1138 5001 1199 5036 nt
1242 5006 1377 5036 usus
1405 4989 1621 5036 iurandi
1653 4990 1836 5036 castra
1874 4995 2118 5036 .‘..:l.:atnr

2229 1878 2415 1933 dicens
2438 1879 2632 1934 iterum
2662 1885 2901 1952 respexit
2931 1884 2983 1937 in
3017 1884 3235 1949 cmlum,
3261 1893 3318 1947 at
3347 1885 3431 1940 sic
3453 1887 3637 1941 oravit
3667 1906 3679 1939 :
3716 1889 3819 1941 Do-

2224 1970 2371 2026 mine
2398 1969 2537 2027 Jesu.
2551 1971 2786 2038 Christe,
2810 1972 3004 2028 Pastor
3030 1976 3189 2037 bone.
3215 1976 3306 2046 qui
3336 1988 3434 2046 per
3456 1977 3814 2048 Evangelium

2228 2068 2377 2115 tuum
2399 2062 2752 2118 besternodie
2771 2064 3084 2136 (65)direre
3099 2067 3355 2138 dignatus
3385 2083 3446 2123 es
3479 2086 3492 2120 :
3539 2068 3653 2139 Ego
3696 2084 3817 2122 sum

2225 2159 2412 2220 pastor
2457 2153 2653 2219 bonus,
2695 2155 2786 2224 qui
2837 2171 2934 2226 pro
2981 2158 3175 2212 OVibus
3223 2160 3358 2214 meis
3401 2176 3545 2229 pono
3575 2164 3816 2213 auinam

2228 2244 2442 2297 meam?
2471 2243 2572 2311 Tu,
2614 2246 2702 2315 pie
2740 2246 2955 2315 Pastor,
3002 2249 3069 2303 de
3095 2251 3234 2306 cmlo
3275 2252 3628 2318 descendisti,
3670 2263 3727 2309 et
3758 2255 3816 2307 Β.

2227 2332 2451 2388 Mariam
2481 2347 2671 2391 sancto
2703 2336 2907 2407 Spiritu
2938 2340 3271 2395 obumbrasti
3291 2383 3307 2407 ,
3350 2352 3405 2396 et
3429 2358 3591 2412 quem
3638 2348 3823 2400 omnis

2230 2425 2463 2480 mundus
2486 2441 2683 2497 capere
2706 2443 2813 2483 non
2843 2438 3023 2500 potest
3052 2431 3105 2484 in
3141 2431 3256 2487 solo
3297 2432 3415 2502 ejus
3445 2443 3604 2489 utero
3644 2437 3823 2490 mira-

2227 2513 2414 2570 biliter
2460 2517 2759 2589 babi‘tasti,
2819 2520 3181 2592 scrvilemque
3231 2524 3460 2581 formam
3507 2541 3607 2594 pro
3664 2528 3823 2581 nobis

2228 2610 2613 2677 peccatoribus
2643 2611 2886 2679 induisti,
2910 2624 2965 2669 et
2997 2614 3283 2671 duodecim
3323 2618 3611 2688 Apostolus
3656 2620 3822 2689 elegi-

2227 2698 2320 2762 sti,
2348 2700 2771 2773 quibusligandi
2813 2713 2867 2759 et
2907 2705 3150 2761 solvendi
3208 2707 3483 2763 licentiam
3539 2710 3819 2780 propriam

2231 2790 2489 2857 tribuisti,
2530 2802 2585 2847 et
2614 2793 2835 2849 Petrum
2878 2794 3198 2866 Apostolum
3243 2800 3657 2854 fundamentum
3714 2802 3822 2855 Ec-

2227 2879 2409 2937 clesiae
2442 2897 2563 2938 esse
2590 2882 2786 2950 fecisti,
2816 2887 3003 2942 dicens
3034 2888 3110 2942 illi
3138 2909 3152 2942 :
3191 2910 3210 2942 ι
3248 2891 3640 2963 Quodcumque
3688 2894 3823 2963 liga-

2229 2971 2373 3027 veris
2421 2988 2586 3044 super
2641 2985 2865 3044 terram,
2898 2979 3005 3033 erit
3059 2980 3288 3051 ligatum
3343 2993 3396 3038 et
3445 2984 3500 3038 in
3547 2985 3735 3051 castis;
3768 2998 3822 3040 et

2229 3062 2608 3134 quodcumque
2635 3066 2862 3122 solveris
2888 3082 3052 3139 super
3084 3083 3279 3126 terram
3299 3114 3311 3135 ,
3342 3075 3446 3129 erit
3494 3074 3730 3129 solutum
3769 3076 3822 3130 in

2153 3136 2196 3197 (ἶ
2230 3151 2382 3207 ρωιὶε
2414 3152 2629 3224 (Matth.
2652 3172 2764 3219 xvr,
2794 3157 2906 3229 19).
2932 3136 3087 3222 ι’Τιι,
3113 3158 3357 3227 Domine,
3391 3164 3577 3219 dixisti
3607 3184 3620 3219 :
3654 3184 3673 3217 ‹
3713 3166 3821 3220 Pe-

2230 3244 2327 3298 tite
2354 3253 2409 3298 ct
2447 3246 2750 3316 accipietis,
2780 3250 3005 3318 quaerite
3036 3260 3091 3307 et
3145 3254 3456 3320 invenietis,
3503 3256 3718 3326 pulsate
3768 3268 3821 3311 et

2172 3344 2184 3356 ”
2228 3335 2509 3404 aperietur
2534 3336 2685 3393 vobis
2709 3337 2926 3409 (Matth.
2972 3358 3071 3407 vn,
3102 3342 3185 3413 7);
3227 3364 3245 3397 ι
3284 3345 3403 3417 ideo
3436 3345 3667 3402 obsecro
3712 3348 3820 3401 cle~

2231 3430 2489 3487 mentiam
2517 3438 2663 3484 tuam
2691 3440 2747 3486 ct
2775 3441 2921 3502 peto,
2947 3443 3005 3489 ut
3033 3435 3188 3500 mihi,
3218 3452 3376 3507 quem
3407 3437 3691 3508 indignum
3722 3454 3822 3493 vo-

2229 3520 2372 3576 luisti
2413 3522 2529 3594 ejus
2570 3523 2883 3579 cathedram
2919 3528 3321 3584 sanatissimam
3366 3531 3642 3597 residere,
3688 3531 3821 3601 peti-

2230 3613 2433 3670 tionem
2475 3630 2651 3670 meam
2685 3619 2922 3675 tribuere
2947 3621 3107 3676 solita
3137 3625 3335 3691 pietate
3358 3623 3620 3693 digneris.
3669 3621 3821 3688 Rogo

2227 3706 2371 3760 enim
2411 3713 2470 3762 ut
2501 3707 2797 3764 Ecclesiam
2843 3719 2990 3766 tuam
3034 3723 3278 3768 sanctam
3323 3713 3683 3776 Catholicam,
3718 3714 3821 3770 dif-

2227 3792 2407 3849 fusam
2449 3808 2544 3866 per
2582 3798 2897 3854 universum
2944 3803 3234 3867 mundum,
3265 3805 3570 3871 custodias;
3626 3818 3817 3874 pacem

2226 3884 2277 3940 ei
2331 3886 2568 3954 tribuas;
2617 3904 2647 3943 a
2702 3884 3119 3950 vusibilibus’et
3176 3892 3533 3952 invisibilibus
3582 3896 3821 3950 inimicis

2226 3990 2348 4030 eam
2379 3986 2631 4048 protegas
2659 3989 2825 4050 atque
2871 3981 3147 4046 defendas,
3200 4000 3525 4055 omnemque
3579 3987 3823 4055 pravita-

2225 4074 2336 4120 tem
2365 4067 2744 4124 hzereticorum
2797 4081 2959 4143 atque
3010 4076 3293 4145 perfidiam
3341 4078 3410 4131 ab
3452 4092 3513 4131 ea
3562 4079 3819 4147 repellas.

2224 4155 2499 4226 Deprecor
2530 4176 2744 4231 quoque
2764 4162 3105 4221 clementiam
3131 4174 3274 4222 tuam
3295 4210 3309 4234 ,
3336 4179 3392 4223 ut
3436 4169 3686 4226 fidelibus
3715 4175 3820 4226 tuis

2226 4245 2486 4304 fratribus
2513 4251 2738 4318 nostris,
2762 4254 2855 4322 qui
2882 4256 2948 4309 ad
2990 4256 3382 4313 defendendam
3414 4272 3660 4316 sanctam
3710 4265 3816 4318 Ca~

2226 4337 2485 4393 tholicam
2515 4347 2572 4394 et
2591 4341 2956 4412 Apostolicam
2988 4346 3284 4405 Ecclesiam
3309 4354 3627 4423 sanguinem
3651 4372 3811 4411 suum

2226 4429 2499 4497 fuderunt,
2525 4432 2918 4492 absolutionem
2949 4439 3154 4496 tribuas
3178 4443 3417 4497 omnium
3441 4455 3812 4513 peccatorum,

2225 4531 2279 4577 et
2306 4539 2400 4578 eos
2433 4525 2583 4580 ineo
2634 4542 2862 4582 numero
2910 4532 3124 4587 sociare
3166 4533 3399 4603 jubeas,
3439 4538 3532 4606 qui
3571 4553 3671 4608 pro
3725 4549 3814 4591 tuo

2224 4614 2444 4669 nomine
2480 4630 2609 4671 suas
2656 4618 2869 4674 animas
2902 4634 3228 4691 posuerunt;
3278 4636 3338 4681 ut
3382 4628 3568 4684 fideles
3621 4647 3814 4685 otnncs

2225 4720 2556 4779 cognoscant
2602 4711 2728 4781 quia
2782 4721 2837 4768 tu
2893 4730 2952 4771 es
3007 4719 3246 4773 Omnium
3318 4721 3580 4777 bonorum
3641 4724 3813 4779 fidelis

2226 4810 2624 4858 remunerator.
2666 4803 2899 4875 lmploro
2937 4809 3133 4876 etiam,
3166 4811 3431 4869 immense
3488 4814 3656 4880 Deus,
3705 4819 3811 4872 cle-

2226 4893 2480 4947 mentiam
2535 4899 2703 4962 tttam,
2756 4905 2814 4951 ut
2870 4914 3088 4955 omnem
3138 4904 3460 4972 pravitatem
3514 4907 3809 4964 inﬁdelium

2364 4996 2421 5008 ,ΑΔ

2221 4982 2305 5036 νει
2341 4983 2720 5036 ἲίῖέῖθῑίοοτυηι
2761 4989 3089 5036 disrnmnae
3139 5005 3194 5036 nt
3246 5007 3576 5036 nnmincnont
3619 5010 3672 5036 Ia
3718 4986 3807 5036 si..-
