  <div class='ocr_page' id='page_1' title='image "/cluster/home/n/w/nwhite01/storage/ocr_20150623/143/hvd.32044015471816/268.png"; bbox 0 0 4062 5352; ppageno 0'>
   <div class='ocr_carea' id='block_1_1' title="bbox 215 248 3461 317">
    <p class='ocr_par' dir='ltr' id='par_1_1' title="bbox 215 248 3461 317">
     <span class='ocr_line' id='line_1_1' title="bbox 215 248 3461 317; baseline 0.003 -10"><span class='ocrx_word' id='word_1_1' title='bbox 215 251 304 307; x_wconf 71' lang='lat'><strong>529</strong></span> <span class='ocrx_word' id='word_1_2' title='bbox 830 248 1120 306; x_wconf 76' lang='lat' dir='ltr'><strong>PROLEG.</strong></span> <span class='ocrx_word' id='word_1_3' title='bbox 1161 280 1229 291; x_wconf 88' lang='lat'><strong>—</strong></span> <span class='ocrx_word' id='word_1_4' title='bbox 1265 250 1585 309; x_wconf 73' lang='lat' dir='ltr'><strong>HISTORIA</strong></span> <span class='ocrx_word' id='word_1_5' title='bbox 1624 251 1881 312; x_wconf 74' lang='lat' dir='ltr'><strong>MORTIS</strong></span> <span class='ocrx_word' id='word_1_6' title='bbox 1920 256 2006 312; x_wconf 83' lang='lat' dir='ltr'><strong>ET</strong></span> <span class='ocrx_word' id='word_1_7' title='bbox 2043 257 2272 315; x_wconf 70' lang='lat' dir='ltr'><strong>MIRAC.</strong></span> <span class='ocrx_word' id='word_1_8' title='bbox 2315 258 2372 315; x_wconf 82' lang='lat' dir='ltr'><strong>S.</strong></span> <span class='ocrx_word' id='word_1_9' title='bbox 2416 259 2661 317; x_wconf 77' lang='lat' dir='ltr'><strong>LEONIS</strong></span> <span class='ocrx_word' id='word_1_10' title='bbox 2698 259 2786 315; x_wconf 81' lang='lat' dir='ltr'><strong>IX.</strong></span> <span class='ocrx_word' id='word_1_11' title='bbox 3357 260 3461 316; x_wconf 71' lang='lat'><strong>550</strong></span> 
     </span>
    </p>
   </div>
   <div class='ocr_carea' id='block_1_2' title="bbox 215 365 3463 449">
    <p class='ocr_par' dir='ltr' id='par_1_2' title="bbox 215 365 3463 449">
     <span class='ocr_line' id='line_1_2' title="bbox 215 365 3463 449; baseline 0.005 -31"><span class='ocrx_word' id='word_1_12' title='bbox 215 365 508 427; x_wconf 71' lang='lat' dir='ltr'><strong>veritatem,</strong></span> <span class='ocrx_word' id='word_1_13' title='bbox 555 370 614 416; x_wconf 91' lang='lat' dir='ltr'><strong>ut</strong></span> <span class='ocrx_word' id='word_1_14' title='bbox 655 372 987 432; x_wconf 85' lang='lat' dir='ltr'><strong>cognoscant</strong></span> <span class='ocrx_word' id='word_1_15' title='bbox 1027 381 1117 420; x_wconf 88' lang='lat' dir='ltr'><strong>me</strong></span> <span class='ocrx_word' id='word_1_16' title='bbox 1168 383 1274 423; x_wconf 91' lang='lat' dir='ltr'><strong>non</strong></span> <span class='ocrx_word' id='word_1_17' title='bbox 1323 370 1522 423; x_wconf 59' lang='lat' dir='ltr'><strong>invidia</strong></span> <span class='ocrx_word' id='word_1_18' title='bbox 1567 374 1765 424; x_wconf 86' lang='lat' dir='ltr'><strong>victum</strong></span> <span class='ocrx_word' id='word_1_19' title='bbox 1796 384 1842 441; x_wconf 74' lang='grc' dir='ltr'>Α</span> <span class='ocrx_word' id='word_1_20' title='bbox 1875 383 2074 440; x_wconf 85' lang='lat' dir='ltr'><strong>torem;</strong></span> <span class='ocrx_word' id='word_1_21' title='bbox 2101 384 2354 431; x_wconf 89' lang='lat' dir='ltr'><strong>converte</strong></span> <span class='ocrx_word' id='word_1_22' title='bbox 2386 375 2526 441; x_wconf 88' lang='lat' dir='ltr'><strong>illos,</strong></span> <span class='ocrx_word' id='word_1_23' title='bbox 2559 386 2619 430; x_wconf 90' lang='lat' dir='ltr'><strong>nt</strong></span> <span class='ocrx_word' id='word_1_24' title='bbox 2652 386 2704 431; x_wconf 91' lang='lat' dir='ltr'><strong>te</strong></span> <span class='ocrx_word' id='word_1_25' title='bbox 2735 391 2922 433; x_wconf 86' lang='lat' dir='ltr'><strong>verum</strong></span> <span class='ocrx_word' id='word_1_26' title='bbox 2946 377 3116 436; x_wconf 84' lang='lat' dir='ltr'><strong>Deum</strong></span> <span class='ocrx_word' id='word_1_27' title='bbox 3135 390 3463 449; x_wconf 74' lang='lat' dir='ltr'><strong>cognoscant</strong></span> 
     </span>
    </p>
   </div>
   <div class='ocr_carea' id='block_1_3' title="bbox 216 452 3462 557">
    <p class='ocr_par' dir='ltr' id='par_1_3' title="bbox 216 452 3462 539">
     <span class='ocr_line' id='line_1_3' title="bbox 216 452 3462 539; baseline 0.005 -30"><span class='ocrx_word' id='word_1_28' title='bbox 216 458 392 527; x_wconf 85' lang='lat' dir='ltr'><strong>egisse,</strong></span> <span class='ocrx_word' id='word_1_29' title='bbox 420 454 513 507; x_wconf 89' lang='lat' dir='ltr'><strong>sed</strong></span> <span class='ocrx_word' id='word_1_30' title='bbox 539 453 604 507; x_wconf 87' lang='lat' dir='ltr'><strong>ad</strong></span> <span class='ocrx_word' id='word_1_31' title='bbox 635 452 1063 511; x_wconf 88' lang='lat' dir='ltr'><strong>conﬁrmandam</strong></span> <span class='ocrx_word' id='word_1_32' title='bbox 1109 458 1230 513; x_wconf 87' lang='lat' dir='ltr'><strong>ﬁdei</strong></span> <span class='ocrx_word' id='word_1_33' title='bbox 1264 460 1573 528; x_wconf 79' lang='lat' dir='ltr'><strong>veritatem,</strong></span> <span class='ocrx_word' id='word_1_34' title='bbox 1597 471 1653 515; x_wconf 89' lang='lat' dir='ltr'><strong>et</strong></span> <span class='ocrx_word' id='word_1_35' title='bbox 1677 461 1771 517; x_wconf 89' lang='lat' dir='ltr'><strong>be-</strong></span> <span class='ocrx_word' id='word_1_36' title='bbox 1870 465 2343 534; x_wconf 84' lang='lat' dir='ltr'><strong>Patrem,Filium,</strong></span> <span class='ocrx_word' id='word_1_37' title='bbox 2367 477 2422 523; x_wconf 89' lang='lat' dir='ltr'><strong>et</strong></span> <span class='ocrx_word' id='word_1_38' title='bbox 2445 466 2711 539; x_wconf 86' lang='lat' dir='ltr'><strong>Spiritum</strong></span> <span class='ocrx_word' id='word_1_39' title='bbox 2748 478 2992 525; x_wconf 86' lang='lat' dir='ltr'><strong>sanctum</strong></span> <span class='ocrx_word' id='word_1_40' title='bbox 3023 488 3036 524; x_wconf 93' lang='lat'><strong>:</strong></span> <span class='ocrx_word' id='word_1_41' title='bbox 3068 477 3123 526; x_wconf 89' lang='lat' dir='ltr'><strong>et</strong></span> <span class='ocrx_word' id='word_1_42' title='bbox 3140 485 3332 528; x_wconf 87' lang='lat' dir='ltr'><strong>omnes</strong></span> <span class='ocrx_word' id='word_1_43' title='bbox 3357 471 3462 527; x_wconf 90' lang='lat' dir='ltr'><strong>cir-</strong></span> 
     </span>
    </p>
   </div>
   <div class='ocr_carea' id='block_1_4' title="bbox 216 547 3465 646">
    <p class='ocr_par' dir='ltr' id='par_1_4' title="bbox 216 547 3465 646">
     <span class='ocr_line' id='line_1_4' title="bbox 216 547 3465 646; baseline 0.004 -44"><span class='ocrx_word' id='word_1_44' title='bbox 216 547 431 646; x_wconf 69' lang='lat' dir='ltr'><strong>nedictio</strong></span> <span class='ocrx_word' id='word_1_45' title='bbox 460 553 548 646; x_wconf 66' lang='lat' dir='ltr'><strong>tua</strong></span> <span class='ocrx_word' id='word_1_46' title='bbox 589 559 874 646; x_wconf 44' lang='lat' dir='ltr'><strong>Super-eos</strong></span> <span class='ocrx_word' id='word_1_47' title='bbox 904 547 1146 646; x_wconf 83' lang='lat' dir='ltr'><strong>piissima</strong></span> <span class='ocrx_word' id='word_1_48' title='bbox 1175 552 1513 607; x_wconf 81' lang='lat' dir='ltr'><strong>ostendatur.</strong></span> <span class='ocrx_word' id='word_1_49' title='bbox 1546 552 1773 609; x_wconf 87' lang='lat' dir='ltr'><strong>Domine</strong></span> <span class='ocrx_word' id='word_1_50' title='bbox 1872 560 2276 615; x_wconf 84' lang='lat' dir='ltr'><strong>cnmadstantes</strong></span> <span class='ocrx_word' id='word_1_51' title='bbox 2310 559 2724 632; x_wconf 88' lang='lat' dir='ltr'><strong>responderunt,</strong></span> <span class='ocrx_word' id='word_1_52' title='bbox 2773 561 2967 617; x_wconf 85' lang='lat' dir='ltr'><strong>Amen.</strong></span> <span class='ocrx_word' id='word_1_53' title='bbox 3004 560 3073 617; x_wconf 86' lang='lat' dir='ltr'><strong>Et</strong></span> <span class='ocrx_word' id='word_1_54' title='bbox 3102 562 3297 620; x_wconf 60' lang='lat' dir='ltr'><strong>itcum</strong></span> <span class='ocrx_word' id='word_1_55' title='bbox 3328 561 3465 618; x_wconf 84' lang='lat' dir='ltr'><strong>dixit</strong></span> 
     </span>
    </p>
   </div>
   <div class='ocr_carea' id='block_1_5' title="bbox 216 634 3469 722">
    <p class='ocr_par' dir='ltr' id='par_1_5' title="bbox 216 634 3469 722">
     <span class='ocr_line' id='line_1_5' title="bbox 216 634 3469 722; baseline 0.008 -38"><span class='ocrx_word' id='word_1_56' title='bbox 216 636 324 693; x_wconf 65' lang='lat' dir='ltr'><strong>Iesu</strong></span> <span class='ocrx_word' id='word_1_57' title='bbox 352 634 585 699; x_wconf 69' lang='lat' dir='ltr'><strong>Christe,</strong></span> <span class='ocrx_word' id='word_1_58' title='bbox 615 637 707 704; x_wconf 84' lang='lat' dir='ltr'><strong>qui</strong></span> <span class='ocrx_word' id='word_1_59' title='bbox 738 636 920 691; x_wconf 82' lang='lat' dir='ltr'><strong>dixisti</strong></span> <span class='ocrx_word' id='word_1_60' title='bbox 944 640 1217 709; x_wconf 81' lang='lat' dir='ltr'><strong>Apostolis</strong></span> <span class='ocrx_word' id='word_1_61' title='bbox 1246 643 1354 697; x_wconf 88' lang='lat' dir='ltr'><strong>tuis</strong></span> <span class='ocrx_word' id='word_1_62' title='bbox 1387 659 1400 696; x_wconf 94' lang='lat'><strong>:</strong></span> <span class='ocrx_word' id='word_1_63' title='bbox 1443 662 1459 696; x_wconf 82' lang='grc' dir='ltr'>ι</span> <span class='ocrx_word' id='word_1_64' title='bbox 1492 643 1549 698; x_wconf 91' lang='lat' dir='ltr'><strong>lu</strong></span> <span class='ocrx_word' id='word_1_65' title='bbox 1583 660 1774 715; x_wconf 83' lang='lat' dir='ltr'><strong>quam—</strong></span> <span class='ocrx_word' id='word_1_66' title='bbox 1874 649 2385 707; x_wconf 90' lang='lat' dir='ltr'><strong>circumstantibus:</strong></span> <span class='ocrx_word' id='word_1_67' title='bbox 2413 649 2642 715; x_wconf 89' lang='lat' dir='ltr'><strong>lte,ﬁiii,</strong></span> <span class='ocrx_word' id='word_1_68' title='bbox 2666 652 3035 722; x_wconf 76' lang='lat' dir='ltr'><strong>unusquisque</strong></span> <span class='ocrx_word' id='word_1_69' title='bbox 3050 652 3117 707; x_wconf 88' lang='lat' dir='ltr'><strong>ad</strong></span> <span class='ocrx_word' id='word_1_70' title='bbox 3143 652 3469 709; x_wconf 77' lang='lat' dir='ltr'><strong>dearumve-</strong></span> 
     </span>
    </p>
   </div>
   <div class='ocr_carea' id='block_1_6' title="bbox 215 730 3465 810">
    <p class='ocr_par' dir='ltr' id='par_1_6' title="bbox 215 730 3465 810">
     <span class='ocr_line' id='line_1_6' title="bbox 215 730 3465 810; baseline 0.003 -24"><span class='ocrx_word' id='word_1_71' title='bbox 215 743 420 800; x_wconf 85' lang='lat' dir='ltr'><strong>cumque</strong></span> <span class='ocrx_word' id='word_1_72' title='bbox 456 730 677 783; x_wconf 89' lang='lat' dir='ltr'><strong>domum</strong></span> <span class='ocrx_word' id='word_1_73' title='bbox 726 740 821 784; x_wconf 89' lang='lat' dir='ltr'><strong>aut</strong></span> <span class='ocrx_word' id='word_1_74' title='bbox 852 732 1131 788; x_wconf 87' lang='lat' dir='ltr'><strong>civitatem</strong></span> <span class='ocrx_word' id='word_1_75' title='bbox 1176 734 1535 802; x_wconf 88' lang='lat' dir='ltr'><strong>intraveritis,</strong></span> <span class='ocrx_word' id='word_1_76' title='bbox 1564 737 1770 792; x_wconf 85' lang='lat' dir='ltr'><strong>dicite:</strong></span> <span class='ocrx_word' id='word_1_77' title='bbox 1874 747 2066 805; x_wconf 89' lang='lat' dir='ltr'><strong>stram,</strong></span> <span class='ocrx_word' id='word_1_78' title='bbox 2085 748 2141 794; x_wconf 94' lang='lat' dir='ltr'><strong>et</strong></span> <span class='ocrx_word' id='word_1_79' title='bbox 2162 739 2403 794; x_wconf 86' lang='lat' dir='ltr'><strong>crastina</strong></span> <span class='ocrx_word' id='word_1_80' title='bbox 2425 739 2556 794; x_wconf 88' lang='lat' dir='ltr'><strong>hora</strong></span> <span class='ocrx_word' id='word_1_81' title='bbox 2572 739 2678 795; x_wconf 89' lang='lat' dir='ltr'><strong>diei</strong></span> <span class='ocrx_word' id='word_1_82' title='bbox 2702 739 2876 810; x_wconf 87' lang='lat' dir='ltr'><strong>prima</strong></span> <span class='ocrx_word' id='word_1_83' title='bbox 2898 740 3235 797; x_wconf 77' lang='lat' dir='ltr'><strong>revertimini</strong></span> <span class='ocrx_word' id='word_1_84' title='bbox 3259 741 3326 797; x_wconf 86' lang='lat' dir='ltr'><strong>ad</strong></span> <span class='ocrx_word' id='word_1_85' title='bbox 3359 757 3465 797; x_wconf 87' lang='lat' dir='ltr'><strong>tne.</strong></span> 
     </span>
    </p>
   </div>
   <div class='ocr_carea' id='block_1_7' title="bbox 218 820 3469 903">
    <p class='ocr_par' dir='ltr' id='par_1_7' title="bbox 218 820 3469 903">
     <span class='ocr_line' id='line_1_7' title="bbox 218 820 3469 903; baseline 0.003 -27"><span class='ocrx_word' id='word_1_86' title='bbox 218 822 314 876; x_wconf 81' lang='lat' dir='ltr'><strong>Pax</strong></span> <span class='ocrx_word' id='word_1_87' title='bbox 343 821 461 875; x_wconf 90' lang='lat' dir='ltr'><strong>huic</strong></span> <span class='ocrx_word' id='word_1_88' title='bbox 488 821 673 875; x_wconf 84' lang='lat' dir='ltr'><strong>domui</strong></span> <span class='ocrx_word' id='word_1_89' title='bbox 706 820 856 893; x_wconf 80' lang='lat' dir='ltr'><strong>(Luc.</strong></span> <span class='ocrx_word' id='word_1_90' title='bbox 880 838 956 890; x_wconf 83' lang='lat' dir='ltr'><strong>ix,</strong></span> <span class='ocrx_word' id='word_1_91' title='bbox 978 824 1071 890; x_wconf 72' lang='lat'><strong>4);</strong></span> <span class='ocrx_word' id='word_1_92' title='bbox 1111 845 1128 877; x_wconf 77' lang='grc' dir='ltr'><strong><em>ι</em></strong></span> <span class='ocrx_word' id='word_1_93' title='bbox 1161 843 1291 899; x_wconf 81' lang='lat' dir='ltr'><strong>rogo</strong></span> <span class='ocrx_word' id='word_1_94' title='bbox 1315 828 1572 899; x_wconf 76' lang='lat' dir='ltr'><strong>pietatem</strong></span> <span class='ocrx_word' id='word_1_95' title='bbox 1605 840 1772 897; x_wconf 90' lang='lat' dir='ltr'><strong>tuam,</strong></span> <span class='ocrx_word' id='word_1_96' title='bbox 1878 830 1944 885; x_wconf 86' lang='lat' dir='ltr'><strong>Et</strong></span> <span class='ocrx_word' id='word_1_97' title='bbox 1976 845 2100 885; x_wconf 77' lang='lat' dir='ltr'><strong>mox</strong></span> <span class='ocrx_word' id='word_1_98' title='bbox 2139 830 2379 886; x_wconf 77' lang='lat' dir='ltr'><strong>surrexit</strong></span> <span class='ocrx_word' id='word_1_99' title='bbox 2422 830 2489 887; x_wconf 90' lang='lat' dir='ltr'><strong>de</strong></span> <span class='ocrx_word' id='word_1_100' title='bbox 2517 830 2713 886; x_wconf 82' lang='lat' dir='ltr'><strong>lectulo</strong></span> <span class='ocrx_word' id='word_1_101' title='bbox 2752 831 2807 887; x_wconf 90' lang='lat' dir='ltr'><strong>in</strong></span> <span class='ocrx_word' id='word_1_102' title='bbox 2837 846 2946 901; x_wconf 92' lang='lat' dir='ltr'><strong>quo</strong></span> <span class='ocrx_word' id='word_1_103' title='bbox 2979 831 3200 902; x_wconf 80' lang='lat' dir='ltr'><strong>iacebat</strong></span> <span class='ocrx_word' id='word_1_104' title='bbox 3225 849 3239 886; x_wconf 91' lang='lat'><strong>:</strong></span> <span class='ocrx_word' id='word_1_105' title='bbox 3267 839 3324 888; x_wconf 89' lang='lat' dir='ltr'><strong>et</strong></span> <span class='ocrx_word' id='word_1_106' title='bbox 3344 848 3469 903; x_wconf 90' lang='lat' dir='ltr'><strong>per-</strong></span> 
     </span>
    </p>
   </div>
   <div class='ocr_carea' id='block_1_8' title="bbox 218 913 3473 1013">
    <p class='ocr_par' dir='ltr' id='par_1_8' title="bbox 218 913 3473 994">
     <span class='ocr_line' id='line_1_8' title="bbox 218 913 3473 994; baseline 0.004 -29"><span class='ocrx_word' id='word_1_107' title='bbox 218 920 675 982; x_wconf 84' lang='lat' dir='ltr'><strong>ntquamcumque</strong></span> <span class='ocrx_word' id='word_1_108' title='bbox 704 913 973 969; x_wconf 77' lang='lat' dir='ltr'><strong>ambulavi</strong></span> <span class='ocrx_word' id='word_1_109' title='bbox 998 916 1274 971; x_wconf 87' lang='lat' dir='ltr'><strong>civitatem</strong></span> <span class='ocrx_word' id='word_1_110' title='bbox 1305 918 1390 973; x_wconf 89' lang='lat' dir='ltr'><strong>vel</strong></span> <span class='ocrx_word' id='word_1_111' title='bbox 1418 921 1775 990; x_wconf 79' lang='lat' dir='ltr'><strong>provinciam,</strong></span> <span class='ocrx_word' id='word_1_112' title='bbox 1879 922 2019 979; x_wconf 81' lang='lat' dir='ltr'><strong>rexit</strong></span> <span class='ocrx_word' id='word_1_113' title='bbox 2068 923 2136 977; x_wconf 91' lang='lat' dir='ltr'><strong>ad</strong></span> <span class='ocrx_word' id='word_1_114' title='bbox 2164 922 2428 979; x_wconf 90' lang='lat' dir='ltr'><strong>tumulum</strong></span> <span class='ocrx_word' id='word_1_115' title='bbox 2477 923 2579 979; x_wconf 85' lang='lat' dir='ltr'><strong>sibi</strong></span> <span class='ocrx_word' id='word_1_116' title='bbox 2609 931 3010 994; x_wconf 58' lang='lat' dir='ltr'><strong>preparatum;</strong></span> <span class='ocrx_word' id='word_1_117' title='bbox 3059 934 3115 978; x_wconf 88' lang='lat' dir='ltr'><strong>et</strong></span> <span class='ocrx_word' id='word_1_118' title='bbox 3155 924 3473 979; x_wconf 81' lang='lat' dir='ltr'><strong>incumbens</strong></span> 
     </span>
    </p>
   </div>
   <div class='ocr_carea' id='block_1_9' title="bbox 216 1010 3471 1090">
    <p class='ocr_par' dir='ltr' id='par_1_9' title="bbox 216 1010 3471 1090">
     <span class='ocr_line' id='line_1_9' title="bbox 216 1010 3471 1090; baseline 0.001 -29"><span class='ocrx_word' id='word_1_119' title='bbox 216 1010 380 1079; x_wconf 54' lang='lat' dir='ltr'><strong>pacem</strong></span> <span class='ocrx_word' id='word_1_120' title='bbox 412 1020 465 1063; x_wconf 88' lang='lat' dir='ltr'><strong>et</strong></span> <span class='ocrx_word' id='word_1_121' title='bbox 498 1011 848 1065; x_wconf 75' lang='lat' dir='ltr'><strong>cormordiam</strong></span> <span class='ocrx_word' id='word_1_122' title='bbox 868 1012 949 1068; x_wconf 88' lang='lat' dir='ltr'><strong>eis</strong></span> <span class='ocrx_word' id='word_1_123' title='bbox 973 1015 1240 1071; x_wconf 74' lang='lat' dir='ltr'><strong>concedas</strong></span> <span class='ocrx_word' id='word_1_124' title='bbox 1267 1016 1360 1089; x_wconf 84' lang='lat' dir='ltr'><strong>qui</strong></span> <span class='ocrx_word' id='word_1_125' title='bbox 1401 1034 1500 1088; x_wconf 88' lang='lat' dir='ltr'><strong>pro</strong></span> <span class='ocrx_word' id='word_1_126' title='bbox 1544 1035 1678 1090; x_wconf 87' lang='lat' dir='ltr'><strong>pace</strong></span> <span class='ocrx_word' id='word_1_127' title='bbox 1723 1028 1780 1074; x_wconf 92' lang='lat' dir='ltr'><strong>et</strong></span> <span class='ocrx_word' id='word_1_128' title='bbox 1879 1029 2043 1084; x_wconf 84' lang='lat' dir='ltr'><strong>super</strong></span> <span class='ocrx_word' id='word_1_129' title='bbox 2070 1011 2220 1069; x_wconf 93' lang='lat' dir='ltr'><strong>illum</strong></span> <span class='ocrx_word' id='word_1_130' title='bbox 2256 1028 2378 1068; x_wconf 91' lang='lat' dir='ltr'><strong>cum</strong></span> <span class='ocrx_word' id='word_1_131' title='bbox 2409 1012 2665 1084; x_wconf 83' lang='lat' dir='ltr'><strong>lacrymis</strong></span> <span class='ocrx_word' id='word_1_132' title='bbox 2695 1012 2832 1068; x_wconf 90' lang='lat' dir='ltr'><strong>dixit</strong></span> <span class='ocrx_word' id='word_1_133' title='bbox 2858 1011 3134 1078; x_wconf 87' lang='lat' dir='ltr'><strong>:Cernite,</strong></span> <span class='ocrx_word' id='word_1_134' title='bbox 3158 1010 3379 1079; x_wconf 77' lang='lat' dir='ltr'><strong>fratres,</strong></span> <span class='ocrx_word' id='word_1_135' title='bbox 3407 1027 3471 1067; x_wconf 81' lang='lat' dir='ltr'><strong>ex</strong></span> 
     </span>
    </p>
   </div>
   <div class='ocr_carea' id='block_1_10' title="bbox 216 1100 1826 1177">
    <p class='ocr_par' dir='ltr' id='par_1_10' title="bbox 216 1102 1781 1177">
     <span class='ocr_line' id='line_1_10' title="bbox 216 1102 1781 1177; baseline 0.008 -20"><span class='ocrx_word' id='word_1_136' title='bbox 216 1102 571 1157; x_wconf 84' lang='lat' dir='ltr'><strong>benedictione</strong></span> <span class='ocrx_word' id='word_1_137' title='bbox 603 1111 698 1159; x_wconf 84' lang='lat' dir='ltr'><strong>tua</strong></span> <span class='ocrx_word' id='word_1_138' title='bbox 725 1119 811 1160; x_wconf 89' lang='lat' dir='ltr'><strong>me</strong></span> <span class='ocrx_word' id='word_1_139' title='bbox 852 1118 1197 1177; x_wconf 88' lang='lat' dir='ltr'><strong>receperunt,</strong></span> <span class='ocrx_word' id='word_1_140' title='bbox 1232 1118 1285 1164; x_wconf 90' lang='lat' dir='ltr'><strong>et</strong></span> <span class='ocrx_word' id='word_1_141' title='bbox 1332 1111 1385 1164; x_wconf 91' lang='lat' dir='ltr'><strong>in</strong></span> <span class='ocrx_word' id='word_1_142' title='bbox 1416 1110 1635 1167; x_wconf 88' lang='lat' dir='ltr'><strong>nomine</strong></span> <span class='ocrx_word' id='word_1_143' title='bbox 1688 1123 1781 1169; x_wconf 92' lang='lat' dir='ltr'><strong>tuo</strong></span> 
     </span>
    </p>
   </div>
   <div class='ocr_carea' id='block_1_11' title="bbox 1936 1100 3476 1177">
    <p class='ocr_par' dir='ltr' id='par_1_11' title="bbox 1940 1100 3476 1175">
     <span class='ocr_line' id='line_1_11' title="bbox 1940 1100 3476 1175; baseline -0.002 -16"><span class='ocrx_word' id='word_1_144' title='bbox 1940 1104 2048 1161; x_wconf 87' lang='lat' dir='ltr'><strong>utis</strong></span> <span class='ocrx_word' id='word_1_145' title='bbox 2083 1104 2288 1160; x_wconf 89' lang='lat' dir='ltr'><strong>divitiis</strong></span> <span class='ocrx_word' id='word_1_146' title='bbox 2315 1113 2371 1159; x_wconf 84' lang='lat' dir='ltr'><strong>et</strong></span> <span class='ocrx_word' id='word_1_147' title='bbox 2402 1102 2719 1169; x_wconf 89' lang='lat' dir='ltr'><strong>honoribus,</strong></span> <span class='ocrx_word' id='word_1_148' title='bbox 2746 1117 2911 1173; x_wconf 88' lang='lat' dir='ltr'><strong>quam</strong></span> <span class='ocrx_word' id='word_1_149' title='bbox 2945 1118 3169 1175; x_wconf 87' lang='lat' dir='ltr'><strong>parvam</strong></span> <span class='ocrx_word' id='word_1_150' title='bbox 3197 1110 3253 1158; x_wconf 90' lang='lat' dir='ltr'><strong>et</strong></span> <span class='ocrx_word' id='word_1_151' title='bbox 3274 1100 3476 1158; x_wconf 86' lang='lat' dir='ltr'><strong>vilissi-</strong></span> 
     </span>
    </p>
   </div>
   <div class='ocr_carea' id='block_1_12' title="bbox 217 1193 1826 1271">
    <p class='ocr_par' dir='ltr' id='par_1_12' title="bbox 217 1194 1779 1271">
     <span class='ocr_line' id='line_1_12' title="bbox 217 1194 1779 1271; baseline 0.008 -23"><span class='ocrx_word' id='word_1_152' title='bbox 217 1194 329 1248; x_wconf 88' lang='lat' dir='ltr'><strong>mihi</strong></span> <span class='ocrx_word' id='word_1_153' title='bbox 359 1195 721 1251; x_wconf 60' lang='lat' dir='ltr'><strong>obedientiam</strong></span> <span class='ocrx_word' id='word_1_154' title='bbox 752 1197 1018 1253; x_wconf 78' lang='lat' dir='ltr'><strong>fecerunt.</strong></span> <span class='ocrx_word' id='word_1_155' title='bbox 1062 1198 1139 1255; x_wconf 89' lang='lat' dir='ltr'><strong>Tu</strong></span> <span class='ocrx_word' id='word_1_156' title='bbox 1172 1202 1314 1257; x_wconf 87' lang='lat' dir='ltr'><strong>enim</strong></span> <span class='ocrx_word' id='word_1_157' title='bbox 1341 1203 1524 1259; x_wconf 65' lang='lat' dir='ltr'><strong>dixisti</strong></span> <span class='ocrx_word' id='word_1_158' title='bbox 1558 1223 1570 1259; x_wconf 91' lang='lat'><strong>:</strong></span> <span class='ocrx_word' id='word_1_159' title='bbox 1604 1224 1622 1255; x_wconf 73' lang='grc' dir='ltr'>ί</span> <span class='ocrx_word' id='word_1_160' title='bbox 1676 1202 1779 1271; x_wconf 73' lang='grc' dir='ltr'><strong>ριιὶ</strong></span> 
     </span>
    </p>
   </div>
   <div class='ocr_carea' id='block_1_13' title="bbox 1936 1193 3479 1271">
    <p class='ocr_par' dir='ltr' id='par_1_13' title="bbox 1940 1193 3479 1266">
     <span class='ocr_line' id='line_1_13' title="bbox 1940 1193 3479 1266; baseline -0.001 -16"><span class='ocrx_word' id='word_1_161' title='bbox 1940 1211 2026 1251; x_wconf 90' lang='lat' dir='ltr'><strong>am</strong></span> <span class='ocrx_word' id='word_1_162' title='bbox 2058 1194 2485 1252; x_wconf 81' lang='lat' dir='ltr'><strong>mansiunenlam</strong></span> <span class='ocrx_word' id='word_1_163' title='bbox 2516 1202 2897 1266; x_wconf 77' lang='lat' dir='ltr'><strong>exspectamus</strong></span> <span class='ocrx_word' id='word_1_164' title='bbox 2930 1211 2945 1250; x_wconf 94' lang='lat'><strong>:</strong></span> <span class='ocrx_word' id='word_1_165' title='bbox 2984 1208 3085 1264; x_wconf 78' lang='lat' dir='ltr'><strong>ego</strong></span> <span class='ocrx_word' id='word_1_166' title='bbox 3135 1194 3279 1249; x_wconf 91' lang='lat' dir='ltr'><strong>enim</strong></span> <span class='ocrx_word' id='word_1_167' title='bbox 3313 1193 3479 1249; x_wconf 82' lang='lat' dir='ltr'><strong>tantis</strong></span> 
     </span>
    </p>
   </div>
   <div class='ocr_carea' id='block_1_14' title="bbox 216 1285 3476 1368">
    <p class='ocr_par' dir='ltr' id='par_1_14' title="bbox 216 1285 3476 1368">
     <span class='ocr_line' id='line_1_14' title="bbox 216 1285 3476 1368; baseline -0 -28"><span class='ocrx_word' id='word_1_168' title='bbox 216 1303 297 1341; x_wconf 82' lang='lat' dir='ltr'><strong>vos</strong></span> <span class='ocrx_word' id='word_1_169' title='bbox 322 1288 527 1355; x_wconf 82' lang='lat' dir='ltr'><strong>recipit,</strong></span> <span class='ocrx_word' id='word_1_170' title='bbox 564 1304 652 1345; x_wconf 75' lang='lat' dir='ltr'><strong>nze</strong></span> <span class='ocrx_word' id='word_1_171' title='bbox 707 1291 918 1361; x_wconf 85' lang='lat' dir='ltr'><strong>recipit,</strong></span> <span class='ocrx_word' id='word_1_172' title='bbox 964 1302 1019 1347; x_wconf 91' lang='lat' dir='ltr'><strong>et</strong></span> <span class='ocrx_word' id='word_1_173' title='bbox 1060 1294 1151 1363; x_wconf 89' lang='lat' dir='ltr'><strong>qui</strong></span> <span class='ocrx_word' id='word_1_174' title='bbox 1213 1310 1299 1350; x_wconf 88' lang='lat' dir='ltr'><strong>tne</strong></span> <span class='ocrx_word' id='word_1_175' title='bbox 1345 1297 1558 1368; x_wconf 77' lang='lat' dir='ltr'><strong>recipit,</strong></span> <span class='ocrx_word' id='word_1_176' title='bbox 1590 1298 1783 1367; x_wconf 82' lang='lat' dir='ltr'><strong>recipit</strong></span> <span class='ocrx_word' id='word_1_177' title='bbox 1884 1302 2054 1357; x_wconf 85' lang='lat' dir='ltr'><strong>usque</strong></span> <span class='ocrx_word' id='word_1_178' title='bbox 2085 1286 2245 1343; x_wconf 88' lang='lat' dir='ltr'><strong>modo</strong></span> <span class='ocrx_word' id='word_1_179' title='bbox 2273 1286 2514 1356; x_wconf 87' lang='lat' dir='ltr'><strong>repletus</strong></span> <span class='ocrx_word' id='word_1_180' title='bbox 2542 1286 2769 1353; x_wconf 86' lang='lat' dir='ltr'><strong>divitiis,</strong></span> <span class='ocrx_word' id='word_1_181' title='bbox 2819 1293 2875 1341; x_wconf 89' lang='lat' dir='ltr'><strong>et</strong></span> <span class='ocrx_word' id='word_1_182' title='bbox 2908 1285 3263 1356; x_wconf 79' lang='lat' dir='ltr'><strong>dignitatibus</strong></span> <span class='ocrx_word' id='word_1_183' title='bbox 3313 1286 3476 1341; x_wconf 88' lang='lat' dir='ltr'><strong>deco-</strong></span> 
     </span>
    </p>
   </div>
   <div class='ocr_carea' id='block_1_15' title="bbox 215 1374 1826 1457">
    <p class='ocr_par' dir='ltr' id='par_1_15' title="bbox 215 1380 1782 1457">
     <span class='ocr_line' id='line_1_15' title="bbox 215 1380 1782 1457; baseline 0.005 -22"><span class='ocrx_word' id='word_1_184' title='bbox 215 1396 319 1435; x_wconf 84' lang='lat' dir='ltr'><strong>eum</strong></span> <span class='ocrx_word' id='word_1_185' title='bbox 340 1380 427 1450; x_wconf 85' lang='lat' dir='ltr'><strong>qui</strong></span> <span class='ocrx_word' id='word_1_186' title='bbox 450 1394 538 1436; x_wconf 91' lang='lat' dir='ltr'><strong>me</strong></span> <span class='ocrx_word' id='word_1_187' title='bbox 575 1382 722 1436; x_wconf 88' lang='lat' dir='ltr'><strong>misit</strong></span> <span class='ocrx_word' id='word_1_188' title='bbox 754 1382 971 1455; x_wconf 75' lang='lat' dir='ltr'><strong>(Jlauh.</strong></span> <span class='ocrx_word' id='word_1_189' title='bbox 997 1399 1052 1450; x_wconf 76' lang='lat' dir='ltr'><strong>ii,</strong></span> <span class='ocrx_word' id='word_1_190' title='bbox 1082 1384 1196 1455; x_wconf 74' lang='lat'><strong>40).</strong></span> <span class='ocrx_word' id='word_1_191' title='bbox 1235 1406 1253 1439; x_wconf 74' lang='grc' dir='ltr'><strong><em>ι</em></strong></span> <span class='ocrx_word' id='word_1_192' title='bbox 1280 1386 1528 1455; x_wconf 88' lang='lat' dir='ltr'><strong>Domine,</strong></span> <span class='ocrx_word' id='word_1_193' title='bbox 1556 1389 1647 1457; x_wconf 87' lang='lat' dir='ltr'><strong>qui</strong></span> <span class='ocrx_word' id='word_1_194' title='bbox 1675 1404 1782 1443; x_wconf 88' lang='lat' dir='ltr'><strong>non</strong></span> 
     </span>
    </p>
   </div>
   <div class='ocr_carea' id='block_1_16' title="bbox 1936 1374 3459 1457">
    <p class='ocr_par' dir='ltr' id='par_1_16' title="bbox 1936 1374 3459 1445">
     <span class='ocr_line' id='line_1_16' title="bbox 1936 1374 3459 1445; baseline 0 -16"><span class='ocrx_word' id='word_1_195' title='bbox 1936 1385 2057 1442; x_wconf 75' lang='lat' dir='ltr'><strong>itus,</strong></span> <span class='ocrx_word' id='word_1_196' title='bbox 2087 1391 2153 1432; x_wconf 82' lang='lat' dir='ltr'><strong>ex</strong></span> <span class='ocrx_word' id='word_1_197' title='bbox 2178 1376 2431 1431; x_wconf 88' lang='lat' dir='ltr'><strong>omnibus</strong></span> <span class='ocrx_word' id='word_1_198' title='bbox 2465 1376 2565 1433; x_wconf 90' lang='lat' dir='ltr'><strong>hoc</strong></span> <span class='ocrx_word' id='word_1_199' title='bbox 2591 1376 2765 1432; x_wconf 88' lang='lat' dir='ltr'><strong>solum</strong></span> <span class='ocrx_word' id='word_1_200' title='bbox 2798 1390 3040 1431; x_wconf 81' lang='lat' dir='ltr'><strong>marmor</strong></span> <span class='ocrx_word' id='word_1_201' title='bbox 3066 1375 3212 1445; x_wconf 89' lang='lat' dir='ltr'><strong>quod</strong></span> <span class='ocrx_word' id='word_1_202' title='bbox 3259 1374 3459 1430; x_wconf 87' lang='lat' dir='ltr'><strong>videtis</strong></span> 
     </span>
    </p>
   </div>
   <div class='ocr_carea' id='block_1_17' title="bbox 218 1466 3483 1547">
    <p class='ocr_par' dir='ltr' id='par_1_17' title="bbox 218 1466 3483 1547">
     <span class='ocr_line' id='line_1_17' title="bbox 218 1466 3483 1547; baseline 0.004 -25"><span class='ocrx_word' id='word_1_203' title='bbox 218 1469 337 1523; x_wconf 87' lang='lat' dir='ltr'><strong>meis</strong></span> <span class='ocrx_word' id='word_1_204' title='bbox 358 1470 587 1535; x_wconf 57' lang='lat' dir='ltr'><strong>meridi,</strong></span> <span class='ocrx_word' id='word_1_205' title='bbox 622 1471 716 1525; x_wconf 87' lang='lat' dir='ltr'><strong>sed</strong></span> <span class='ocrx_word' id='word_1_206' title='bbox 738 1472 940 1541; x_wconf 82' lang='lat' dir='ltr'><strong>pietate</strong></span> <span class='ocrx_word' id='word_1_207' title='bbox 969 1481 1084 1538; x_wconf 88' lang='lat' dir='ltr'><strong>tua,</strong></span> <span class='ocrx_word' id='word_1_208' title='bbox 1120 1472 1394 1530; x_wconf 78' lang='lat' dir='ltr'><strong>Vicarium</strong></span> <span class='ocrx_word' id='word_1_209' title='bbox 1435 1476 1678 1547; x_wconf 86' lang='lat' dir='ltr'><strong>Apostoli</strong></span> <span class='ocrx_word' id='word_1_210' title='bbox 1708 1478 1783 1533; x_wconf 88' lang='lat' dir='ltr'><strong>tui</strong></span> <span class='ocrx_word' id='word_1_211' title='bbox 1886 1478 2162 1537; x_wconf 64' lang='grc' dir='ltr'><strong>εκεβοοιο·</strong></span> <span class='ocrx_word' id='word_1_212' title='bbox 2218 1467 2285 1521; x_wconf 51' lang='lat' dir='ltr'><strong>Et</strong></span> <span class='ocrx_word' id='word_1_213' title='bbox 2327 1467 2549 1523; x_wconf 62' lang='grc' dir='ltr'><strong>θίθνθηε</strong></span> <span class='ocrx_word' id='word_1_214' title='bbox 2596 1481 2817 1522; x_wconf 68' lang='lat' dir='ltr'><strong>mimum</strong></span> <span class='ocrx_word' id='word_1_215' title='bbox 2869 1480 3024 1521; x_wconf 66' lang='lat' dir='ltr'><strong>suam</strong></span> <span class='ocrx_word' id='word_1_216' title='bbox 3076 1466 3230 1536; x_wconf 68' lang='grc' dir='ltr'><strong>δίϐηο</strong></span> <span class='ocrx_word' id='word_1_217' title='bbox 3279 1478 3483 1520; x_wconf 65' lang='grc' dir='ltr'><strong>δθηείω</strong></span> 
     </span>
    </p>
   </div>
   <div class='ocr_carea' id='block_1_18' title="bbox 136 1555 3483 1639">
    <p class='ocr_par' dir='ltr' id='par_1_18' title="bbox 136 1555 3483 1639">
     <span class='ocr_line' id='line_1_18' title="bbox 136 1555 3483 1639; baseline 0.002 -25"><span class='ocrx_word' id='word_1_218' title='bbox 136 1562 143 1567; x_wconf 91' lang='grc'>·</span> <span class='ocrx_word' id='word_1_219' title='bbox 219 1561 343 1617; x_wconf 47' lang='lat' dir='ltr'><strong>Petri</strong></span> <span class='ocrx_word' id='word_1_220' title='bbox 373 1577 455 1616; x_wconf 89' lang='lat' dir='ltr'><strong>me</strong></span> <span class='ocrx_word' id='word_1_221' title='bbox 490 1564 860 1628; x_wconf 86' lang='lat' dir='ltr'><strong>constituisti,</strong></span> <span class='ocrx_word' id='word_1_222' title='bbox 892 1572 949 1619; x_wconf 89' lang='lat' dir='ltr'><strong>et</strong></span> <span class='ocrx_word' id='word_1_223' title='bbox 990 1563 1194 1637; x_wconf 78' lang='lat' dir='ltr'><strong>ligandi</strong></span> <span class='ocrx_word' id='word_1_224' title='bbox 1234 1575 1289 1621; x_wconf 89' lang='lat' dir='ltr'><strong>et</strong></span> <span class='ocrx_word' id='word_1_225' title='bbox 1337 1566 1581 1622; x_wconf 85' lang='lat' dir='ltr'><strong>solvendi</strong></span> <span class='ocrx_word' id='word_1_226' title='bbox 1635 1577 1787 1639; x_wconf 87' lang='lat' dir='ltr'><strong>pole-</strong></span> <span class='ocrx_word' id='word_1_227' title='bbox 1888 1557 2079 1613; x_wconf 82' lang='lat' dir='ltr'><strong>Crucis</strong></span> <span class='ocrx_word' id='word_1_228' title='bbox 2110 1556 2240 1612; x_wconf 84' lang='lat' dir='ltr'><strong>illud</strong></span> <span class='ocrx_word' id='word_1_229' title='bbox 2273 1558 2553 1627; x_wconf 74' lang='lat' dir='ltr'><strong>signavit:</strong></span> <span class='ocrx_word' id='word_1_230' title='bbox 2589 1557 2918 1612; x_wconf 77' lang='lat' dir='ltr'><strong>Benedictus</strong></span> <span class='ocrx_word' id='word_1_231' title='bbox 2973 1565 3028 1611; x_wconf 82' lang='grc' dir='ltr'><strong>ιιι</strong></span> <span class='ocrx_word' id='word_1_232' title='bbox 3062 1557 3205 1611; x_wconf 74' lang='lat' dir='ltr'><strong>inter</strong></span> <span class='ocrx_word' id='word_1_233' title='bbox 3253 1555 3483 1627; x_wconf 78' lang='lat' dir='ltr'><strong>lapides.</strong></span> 
     </span>
    </p>
   </div>
   <div class='ocr_carea' id='block_1_19' title="bbox 217 1647 3484 1727">
    <p class='ocr_par' dir='ltr' id='par_1_19' title="bbox 217 1647 3484 1727">
     <span class='ocr_line' id='line_1_19' title="bbox 217 1647 3484 1727; baseline 0.002 -20"><span class='ocrx_word' id='word_1_234' title='bbox 217 1662 387 1707; x_wconf 85' lang='lat' dir='ltr'><strong>statem</strong></span> <span class='ocrx_word' id='word_1_235' title='bbox 408 1653 638 1721; x_wconf 78' lang='lat' dir='ltr'><strong>dedisti;</strong></span> <span class='ocrx_word' id='word_1_236' title='bbox 674 1656 894 1727; x_wconf 86' lang='lat' dir='ltr'><strong>dignare</strong></span> <span class='ocrx_word' id='word_1_237' title='bbox 926 1657 1248 1713; x_wconf 86' lang='lat' dir='ltr'><strong>benedicere</strong></span> <span class='ocrx_word' id='word_1_238' title='bbox 1274 1658 1507 1716; x_wconf 78' lang='lat' dir='ltr'><strong>famulos</strong></span> <span class='ocrx_word' id='word_1_239' title='bbox 1533 1672 1589 1715; x_wconf 90' lang='lat' dir='ltr'><strong>et</strong></span> <span class='ocrx_word' id='word_1_240' title='bbox 1614 1660 1787 1717; x_wconf 76' lang='lat' dir='ltr'><strong>fatriu—</strong></span> <span class='ocrx_word' id='word_1_241' title='bbox 1890 1650 1981 1721; x_wconf 86' lang='lat' dir='ltr'><strong>qui</strong></span> <span class='ocrx_word' id='word_1_242' title='bbox 1999 1665 2105 1705; x_wconf 74' lang='lat'><strong>“011</strong></span> <span class='ocrx_word' id='word_1_243' title='bbox 2131 1665 2254 1705; x_wconf 71' lang='lat' dir='ltr'><strong>mea</strong></span> <span class='ocrx_word' id='word_1_244' title='bbox 2274 1650 2562 1721; x_wconf 61' lang='lat'><strong>(&quot;81131318.</strong></span> <span class='ocrx_word' id='word_1_245' title='bbox 2593 1648 2688 1705; x_wconf 63' lang='lat' dir='ltr'><strong>Sed</strong></span> <span class='ocrx_word' id='word_1_246' title='bbox 2717 1647 3093 1704; x_wconf 66' lang='lat' dir='ltr'><strong>misericordia</strong></span> <span class='ocrx_word' id='word_1_247' title='bbox 3122 1647 3240 1713; x_wconf 66' lang='lat' dir='ltr'><strong>Dei.</strong></span> <span class='ocrx_word' id='word_1_248' title='bbox 3269 1660 3484 1703; x_wconf 71' lang='grc' dir='ltr'><strong>ωθειιιιι</strong></span> 
     </span>
    </p>
   </div>
   <div class='ocr_carea' id='block_1_20' title="bbox 219 1737 3489 1823">
    <p class='ocr_par' dir='ltr' id='par_1_20' title="bbox 219 1737 3489 1823">
     <span class='ocr_line' id='line_1_20' title="bbox 219 1737 3489 1823; baseline 0.002 -23"><span class='ocrx_word' id='word_1_249' title='bbox 219 1746 287 1801; x_wconf 81' lang='lat' dir='ltr'><strong>las</strong></span> <span class='ocrx_word' id='word_1_250' title='bbox 315 1749 468 1802; x_wconf 89' lang='lat' dir='ltr'><strong>totius</strong></span> <span class='ocrx_word' id='word_1_251' title='bbox 504 1748 805 1819; x_wconf 75' lang='lat' dir='ltr'><strong>provincize</strong></span> <span class='ocrx_word' id='word_1_252' title='bbox 827 1790 841 1813; x_wconf 91' lang='lat'><strong>,</strong></span> <span class='ocrx_word' id='word_1_253' title='bbox 873 1764 972 1819; x_wconf 90' lang='lat' dir='ltr'><strong>per</strong></span> <span class='ocrx_word' id='word_1_254' title='bbox 1004 1766 1168 1820; x_wconf 86' lang='lat' dir='ltr'><strong>quam</strong></span> <span class='ocrx_word' id='word_1_255' title='bbox 1198 1751 1472 1807; x_wconf 83' lang='lat' dir='ltr'><strong>ambulavi</strong></span> <span class='ocrx_word' id='word_1_256' title='bbox 1503 1770 1515 1807; x_wconf 92' lang='lat'><strong>:</strong></span> <span class='ocrx_word' id='word_1_257' title='bbox 1560 1762 1615 1808; x_wconf 91' lang='lat' dir='ltr'><strong>et</strong></span> <span class='ocrx_word' id='word_1_258' title='bbox 1650 1768 1787 1823; x_wconf 88' lang='lat' dir='ltr'><strong>quos</strong></span> <span class='ocrx_word' id='word_1_259' title='bbox 1820 1737 1862 1797; x_wconf 77' lang='grc' dir='ltr'><strong>Β</strong></span> <span class='ocrx_word' id='word_1_260' title='bbox 1891 1740 2090 1796; x_wconf 70' lang='grc' dir='ltr'><strong>δοείεὶΐί</strong></span> <span class='ocrx_word' id='word_1_261' title='bbox 2148 1740 2341 1811; x_wconf 70' lang='grc' dir='ltr'><strong>άῑεηυε</strong></span> <span class='ocrx_word' id='word_1_262' title='bbox 2392 1739 2581 1796; x_wconf 48' lang='lat' dir='ltr'><strong>illis“:</strong></span> <span class='ocrx_word' id='word_1_263' title='bbox 2629 1754 2715 1794; x_wconf 68' lang='lat' dir='ltr'><strong>me</strong></span> <span class='ocrx_word' id='word_1_264' title='bbox 2760 1754 2885 1794; x_wconf 75' lang='lat' dir='ltr'><strong>cum</strong></span> <span class='ocrx_word' id='word_1_265' title='bbox 2921 1738 3121 1808; x_wconf 67' lang='grc' dir='ltr'><strong>Βειιιάίο</strong></span> <span class='ocrx_word' id='word_1_266' title='bbox 3165 1737 3402 1809; x_wconf 66' lang='grc' dir='ltr'><strong>διιδείβθι</strong></span> <span class='ocrx_word' id='word_1_267' title='bbox 3431 1746 3489 1795; x_wconf 67' lang='grc' dir='ltr'><strong>ει</strong></span> 
     </span>
    </p>
   </div>
   <div class='ocr_carea' id='block_1_21' title="bbox 217 1830 1826 1917">
    <p class='ocr_par' dir='ltr' id='par_1_21' title="bbox 217 1840 1788 1917">
     <span class='ocr_line' id='line_1_21' title="bbox 217 1840 1788 1917; baseline 0.004 -23"><span class='ocrx_word' id='word_1_268' title='bbox 217 1840 367 1896; x_wconf 79' lang='lat' dir='ltr'><strong>oculis</strong></span> <span class='ocrx_word' id='word_1_269' title='bbox 393 1841 527 1896; x_wconf 90' lang='lat' dir='ltr'><strong>meis</strong></span> <span class='ocrx_word' id='word_1_270' title='bbox 555 1841 670 1895; x_wconf 89' lang='lat' dir='ltr'><strong>vidi</strong></span> <span class='ocrx_word' id='word_1_271' title='bbox 705 1850 761 1896; x_wconf 91' lang='lat' dir='ltr'><strong>et</strong></span> <span class='ocrx_word' id='word_1_272' title='bbox 804 1842 1166 1914; x_wconf 86' lang='lat' dir='ltr'><strong>corporaliter</strong></span> <span class='ocrx_word' id='word_1_273' title='bbox 1208 1843 1481 1911; x_wconf 68' lang='lat' dir='ltr'><strong>benedixi,</strong></span> <span class='ocrx_word' id='word_1_274' title='bbox 1530 1846 1788 1917; x_wconf 88' lang='lat' dir='ltr'><strong>spiritua-</strong></span> 
     </span>
    </p>
   </div>
   <div class='ocr_carea' id='block_1_22' title="bbox 1936 1830 3489 1917">
    <p class='ocr_par' dir='ltr' id='par_1_22' title="bbox 1936 1830 3489 1903">
     <span class='ocr_line' id='line_1_22' title="bbox 1936 1830 3489 1903; baseline -0.003 -15"><span class='ocrx_word' id='word_1_275' title='bbox 1936 1832 2266 1889; x_wconf 82' lang='lat' dir='ltr'><strong>:tributionis</strong></span> <span class='ocrx_word' id='word_1_276' title='bbox 2314 1840 2562 1903; x_wconf 89' lang='lat' dir='ltr'><strong>tempore</strong></span> <span class='ocrx_word' id='word_1_277' title='bbox 2591 1840 2856 1902; x_wconf 65' lang='lat' dir='ltr'><strong>praesenta</strong></span> <span class='ocrx_word' id='word_1_278' title='bbox 2895 1846 2983 1886; x_wconf 91' lang='lat' dir='ltr'><strong>me</strong></span> <span class='ocrx_word' id='word_1_279' title='bbox 3036 1830 3195 1886; x_wconf 84' lang='lat' dir='ltr'><strong>thoro</strong></span> <span class='ocrx_word' id='word_1_280' title='bbox 3247 1844 3489 1885; x_wconf 84' lang='lat' dir='ltr'><strong>resurre-</strong></span> 
     </span>
    </p>
   </div>
   <div class='ocr_carea' id='block_1_23' title="bbox 220 1918 1826 2006">
    <p class='ocr_par' dir='ltr' id='par_1_23' title="bbox 220 1932 1788 2006">
     <span class='ocr_line' id='line_1_23' title="bbox 220 1932 1788 2006; baseline 0.004 -20"><span class='ocrx_word' id='word_1_281' title='bbox 220 1933 327 1987; x_wconf 86' lang='lat' dir='ltr'><strong>liter</strong></span> <span class='ocrx_word' id='word_1_282' title='bbox 361 1932 675 2004; x_wconf 85' lang='lat' dir='ltr'><strong>repleantur</strong></span> <span class='ocrx_word' id='word_1_283' title='bbox 704 1942 761 1989; x_wconf 89' lang='lat' dir='ltr'><strong>et</strong></span> <span class='ocrx_word' id='word_1_284' title='bbox 803 1933 870 1989; x_wconf 87' lang='lat' dir='ltr'><strong>ab</strong></span> <span class='ocrx_word' id='word_1_285' title='bbox 908 1935 1161 1989; x_wconf 88' lang='lat' dir='ltr'><strong>omnibus</strong></span> <span class='ocrx_word' id='word_1_286' title='bbox 1211 1937 1452 2006; x_wconf 85' lang='lat' dir='ltr'><strong>peccatis</strong></span> <span class='ocrx_word' id='word_1_287' title='bbox 1504 1934 1788 1992; x_wconf 86' lang='lat' dir='ltr'><strong>absolvere</strong></span> 
     </span>
    </p>
   </div>
   <div class='ocr_carea' id='block_1_24' title="bbox 1936 1918 3493 2006">
    <p class='ocr_par' dir='ltr' id='par_1_24' title="bbox 1936 1918 3493 1993">
     <span class='ocr_line' id='line_1_24' title="bbox 1936 1918 3493 1993; baseline -0.005 -15"><span class='ocrx_word' id='word_1_288' title='bbox 1936 1923 2108 1980; x_wconf 72' lang='lat' dir='ltr'><strong>tionis.</strong></span> <span class='ocrx_word' id='word_1_289' title='bbox 2134 1923 2311 1981; x_wconf 85' lang='lat' dir='ltr'><strong>Credo</strong></span> <span class='ocrx_word' id='word_1_290' title='bbox 2349 1923 2493 1978; x_wconf 89' lang='lat' dir='ltr'><strong>enim</strong></span> <span class='ocrx_word' id='word_1_291' title='bbox 2516 1924 2663 1993; x_wconf 88' lang='lat' dir='ltr'><strong>quod</strong></span> <span class='ocrx_word' id='word_1_292' title='bbox 2690 1921 3024 1993; x_wconf 75' lang='lat' dir='ltr'><strong>Redemptor</strong></span> <span class='ocrx_word' id='word_1_293' title='bbox 3062 1934 3216 1976; x_wconf 86' lang='lat' dir='ltr'><strong>meus</strong></span> <span class='ocrx_word' id='word_1_294' title='bbox 3247 1918 3401 1983; x_wconf 81' lang='lat' dir='ltr'><strong>vivit,</strong></span> <span class='ocrx_word' id='word_1_295' title='bbox 3437 1925 3493 1980; x_wconf 74' lang='lat' dir='ltr'><strong>ct</strong></span> 
     </span>
    </p>
   </div>
   <div class='ocr_carea' id='block_1_25' title="bbox 219 2010 3490 2097">
    <p class='ocr_par' dir='ltr' id='par_1_25' title="bbox 219 2010 3490 2097">
     <span class='ocr_line' id='line_1_25' title="bbox 219 2010 3490 2097; baseline -0.005 -17"><span class='ocrx_word' id='word_1_296' title='bbox 219 2024 577 2095; x_wconf 83' lang='lat' dir='ltr'><strong>eosdigneris,</strong></span> <span class='ocrx_word' id='word_1_297' title='bbox 603 2032 662 2078; x_wconf 88' lang='lat' dir='ltr'><strong>et</strong></span> <span class='ocrx_word' id='word_1_298' title='bbox 683 2023 950 2079; x_wconf 78' lang='lat' dir='ltr'><strong>fructiﬁca</strong></span> <span class='ocrx_word' id='word_1_299' title='bbox 972 2028 1025 2079; x_wconf 88' lang='lat' dir='ltr'><strong>in</strong></span> <span class='ocrx_word' id='word_1_300' title='bbox 1049 2025 1129 2081; x_wconf 90' lang='lat' dir='ltr'><strong>eis</strong></span> <span class='ocrx_word' id='word_1_301' title='bbox 1156 2026 1598 2097; x_wconf 65' lang='lat' dir='ltr'><strong>pmdiwtionem</strong></span> <span class='ocrx_word' id='word_1_302' title='bbox 1625 2041 1788 2097; x_wconf 82' lang='lat' dir='ltr'><strong>quam</strong></span> <span class='ocrx_word' id='word_1_303' title='bbox 1892 2018 1946 2074; x_wconf 91' lang='lat' dir='ltr'><strong>in</strong></span> <span class='ocrx_word' id='word_1_304' title='bbox 1989 2017 2288 2074; x_wconf 89' lang='lat' dir='ltr'><strong>novissimo</strong></span> <span class='ocrx_word' id='word_1_305' title='bbox 2333 2016 2421 2072; x_wconf 89' lang='lat' dir='ltr'><strong>die</strong></span> <span class='ocrx_word' id='word_1_306' title='bbox 2459 2014 2527 2071; x_wconf 90' lang='lat' dir='ltr'><strong>de</strong></span> <span class='ocrx_word' id='word_1_307' title='bbox 2575 2024 2722 2070; x_wconf 89' lang='lat' dir='ltr'><strong>terra</strong></span> <span class='ocrx_word' id='word_1_308' title='bbox 2774 2023 3122 2071; x_wconf 87' lang='lat' dir='ltr'><strong>surrecturus</strong></span> <span class='ocrx_word' id='word_1_309' title='bbox 3156 2026 3299 2077; x_wconf 87' lang='lat' dir='ltr'><strong>sum,</strong></span> <span class='ocrx_word' id='word_1_310' title='bbox 3351 2018 3406 2065; x_wconf 87' lang='lat' dir='ltr'><strong>et</strong></span> <span class='ocrx_word' id='word_1_311' title='bbox 3436 2010 3490 2064; x_wconf 93' lang='lat' dir='ltr'><strong>in</strong></span> 
     </span>
    </p>
   </div>
   <div class='ocr_carea' id='block_1_26' title="bbox 221 2101 3492 2186">
    <p class='ocr_par' dir='ltr' id='par_1_26' title="bbox 221 2101 3492 2186">
     <span class='ocr_line' id='line_1_26' title="bbox 221 2101 3492 2186; baseline -0.006 -14"><span class='ocrx_word' id='word_1_312' title='bbox 221 2116 480 2184; x_wconf 64' lang='lat' dir='ltr'><strong>praedicari</strong></span> <span class='ocrx_word' id='word_1_313' title='bbox 520 2116 605 2171; x_wconf 90' lang='lat' dir='ltr'><strong>eis</strong></span> <span class='ocrx_word' id='word_1_314' title='bbox 638 2134 653 2171; x_wconf 92' lang='lat'><strong>:</strong></span> <span class='ocrx_word' id='word_1_315' title='bbox 689 2126 742 2171; x_wconf 89' lang='lat' dir='ltr'><strong>et</strong></span> <span class='ocrx_word' id='word_1_316' title='bbox 764 2116 1048 2186; x_wconf 73' lang='lat' dir='ltr'><strong>perfidiam</strong></span> <span class='ocrx_word' id='word_1_317' title='bbox 1088 2116 1397 2174; x_wconf 63' lang='lat' dir='ltr'><strong>Judmorum</strong></span> <span class='ocrx_word' id='word_1_318' title='bbox 1438 2119 1524 2175; x_wconf 78' lang='lat' dir='ltr'><strong>vel</strong></span> <span class='ocrx_word' id='word_1_319' title='bbox 1571 2119 1788 2176; x_wconf 64' lang='lat' dir='ltr'><strong>lucreti-</strong></span> <span class='ocrx_word' id='word_1_320' title='bbox 1893 2123 2060 2165; x_wconf 88' lang='lat' dir='ltr'><strong>carne</strong></span> <span class='ocrx_word' id='word_1_321' title='bbox 2100 2122 2217 2163; x_wconf 90' lang='lat' dir='ltr'><strong>mea</strong></span> <span class='ocrx_word' id='word_1_322' title='bbox 2251 2105 2442 2161; x_wconf 87' lang='lat' dir='ltr'><strong>videbo</strong></span> <span class='ocrx_word' id='word_1_323' title='bbox 2467 2105 2637 2161; x_wconf 89' lang='lat' dir='ltr'><strong>Deum</strong></span> <span class='ocrx_word' id='word_1_324' title='bbox 2687 2104 3027 2161; x_wconf 84' lang='lat' dir='ltr'><strong>Salvatorem</strong></span> <span class='ocrx_word' id='word_1_325' title='bbox 3060 2117 3264 2158; x_wconf 90' lang='lat' dir='ltr'><strong>meum.</strong></span> <span class='ocrx_word' id='word_1_326' title='bbox 3295 2101 3359 2156; x_wconf 85' lang='lat' dir='ltr'><strong>Et</strong></span> <span class='ocrx_word' id='word_1_327' title='bbox 3389 2102 3492 2155; x_wconf 82' lang='lat' dir='ltr'><strong>hoc</strong></span> 
     </span>
    </p>
   </div>
   <div class='ocr_carea' id='block_1_27' title="bbox 220 2196 2538 2283">
    <p class='ocr_par' dir='ltr' id='par_1_27' title="bbox 220 2196 2538 2283">
     <span class='ocr_line' id='line_1_27' title="bbox 220 2196 2538 2283; baseline 0.003 -21"><span class='ocrx_word' id='word_1_328' title='bbox 220 2224 385 2262; x_wconf 73' lang='lat' dir='ltr'><strong>eorum</strong></span> <span class='ocrx_word' id='word_1_329' title='bbox 446 2209 778 2278; x_wconf 71' lang='lat' dir='ltr'><strong>resipiscere</strong></span> <span class='ocrx_word' id='word_1_330' title='bbox 808 2203 1021 2277; x_wconf 76' lang='lat' dir='ltr'><strong>iubeas,</strong></span> <span class='ocrx_word' id='word_1_331' title='bbox 1052 2225 1254 2283; x_wconf 87' lang='lat' dir='ltr'><strong>eosque</strong></span> <span class='ocrx_word' id='word_1_332' title='bbox 1279 2226 1379 2282; x_wconf 88' lang='lat' dir='ltr'><strong>per</strong></span> <span class='ocrx_word' id='word_1_333' title='bbox 1416 2220 1587 2267; x_wconf 79' lang='lat' dir='ltr'><strong>toturn</strong></span> <span class='ocrx_word' id='word_1_334' title='bbox 1630 2198 1801 2266; x_wconf 47' lang='lat' dir='ltr'><strong>tnun-J</strong></span> <span class='ocrx_word' id='word_1_335' title='bbox 1895 2199 2204 2270; x_wconf 55' lang='lat' dir='ltr'><strong>lacrimans</strong></span> <span class='ocrx_word' id='word_1_336' title='bbox 2232 2196 2369 2252; x_wconf 63' lang='grc' dir='ltr'><strong>δίιίι</strong></span> <span class='ocrx_word' id='word_1_337' title='bbox 2401 2196 2538 2270; x_wconf 51' lang='lat'><strong>(65).</strong></span> 
     </span>
    </p>
   </div>
   <div class='ocr_carea' id='block_1_28' title="bbox 224 2296 3494 2374">
    <p class='ocr_par' dir='ltr' id='par_1_28' title="bbox 224 2296 3494 2374">
     <span class='ocr_line' id='line_1_28' title="bbox 224 2296 3494 2374; baseline -0.002 -17"><span class='ocrx_word' id='word_1_338' title='bbox 224 2303 332 2357; x_wconf 68' lang='lat' dir='ltr'><strong>dum</strong></span> <span class='ocrx_word' id='word_1_339' title='bbox 359 2302 423 2355; x_wconf 89' lang='lat' dir='ltr'><strong>ad</strong></span> <span class='ocrx_word' id='word_1_340' title='bbox 456 2312 508 2357; x_wconf 90' lang='lat' dir='ltr'><strong>te</strong></span> <span class='ocrx_word' id='word_1_341' title='bbox 533 2303 764 2374; x_wconf 81' lang='lat' dir='ltr'><strong>dignare</strong></span> <span class='ocrx_word' id='word_1_342' title='bbox 793 2311 1113 2358; x_wconf 86' lang='lat' dir='ltr'><strong>convertere</strong></span> <span class='ocrx_word' id='word_1_343' title='bbox 1157 2312 1213 2358; x_wconf 91' lang='lat' dir='ltr'><strong>et</strong></span> <span class='ocrx_word' id='word_1_344' title='bbox 1260 2312 1408 2358; x_wconf 90' lang='lat' dir='ltr'><strong>tuam</strong></span> <span class='ocrx_word' id='word_1_345' title='bbox 1458 2303 1792 2360; x_wconf 83' lang='lat' dir='ltr'><strong>voluntatem</strong></span> <span class='ocrx_word' id='word_1_346' title='bbox 1964 2300 2019 2354; x_wconf 83' lang='lat'><strong>6.</strong></span> <span class='ocrx_word' id='word_1_347' title='bbox 2052 2299 2117 2355; x_wconf 87' lang='lat' dir='ltr'><strong>Et</strong></span> <span class='ocrx_word' id='word_1_348' title='bbox 2144 2313 2401 2355; x_wconf 87' lang='lat' dir='ltr'><strong>reversus</strong></span> <span class='ocrx_word' id='word_1_349' title='bbox 2417 2297 2484 2353; x_wconf 88' lang='lat' dir='ltr'><strong>ad</strong></span> <span class='ocrx_word' id='word_1_350' title='bbox 2506 2298 2761 2355; x_wconf 87' lang='lat' dir='ltr'><strong>lectulum</strong></span> <span class='ocrx_word' id='word_1_351' title='bbox 2785 2312 2964 2364; x_wconf 88' lang='lat' dir='ltr'><strong>suum,</strong></span> <span class='ocrx_word' id='word_1_352' title='bbox 2997 2296 3278 2353; x_wconf 81' lang='lat' dir='ltr'><strong>benedixit</strong></span> <span class='ocrx_word' id='word_1_353' title='bbox 3302 2309 3494 2351; x_wconf 89' lang='lat' dir='ltr'><strong>omnes</strong></span> 
     </span>
    </p>
   </div>
   <div class='ocr_carea' id='block_1_29' title="bbox 227 2386 3493 2468">
    <p class='ocr_par' dir='ltr' id='par_1_29' title="bbox 227 2386 3493 2468">
     <span class='ocr_line' id='line_1_29' title="bbox 227 2386 3493 2468; baseline -0.002 -22"><span class='ocrx_word' id='word_1_354' title='bbox 227 2392 465 2463; x_wconf 73' lang='lat' dir='ltr'><strong>implere:</strong></span> <span class='ocrx_word' id='word_1_355' title='bbox 498 2393 911 2463; x_wconf 87' lang='lat' dir='ltr'><strong>provinciisque</strong></span> <span class='ocrx_word' id='word_1_356' title='bbox 950 2395 1204 2450; x_wconf 91' lang='lat' dir='ltr'><strong>omnibus</strong></span> <span class='ocrx_word' id='word_1_357' title='bbox 1229 2404 1285 2451; x_wconf 89' lang='lat' dir='ltr'><strong>et</strong></span> <span class='ocrx_word' id='word_1_358' title='bbox 1332 2395 1667 2462; x_wconf 87' lang='lat' dir='ltr'><strong>civitatibus,</strong></span> <span class='ocrx_word' id='word_1_359' title='bbox 1699 2412 1797 2468; x_wconf 91' lang='lat' dir='ltr'><strong>per</strong></span> <span class='ocrx_word' id='word_1_360' title='bbox 1898 2396 1991 2467; x_wconf 85' lang='lat' dir='ltr'><strong>qui</strong></span> <span class='ocrx_word' id='word_1_361' title='bbox 2023 2394 2223 2450; x_wconf 88' lang='lat' dir='ltr'><strong>ibidem</strong></span> <span class='ocrx_word' id='word_1_362' title='bbox 2250 2401 2409 2449; x_wconf 84' lang='lat' dir='ltr'><strong>erant</strong></span> <span class='ocrx_word' id='word_1_363' title='bbox 2437 2410 2452 2447; x_wconf 89' lang='lat'><strong>:</strong></span> <span class='ocrx_word' id='word_1_364' title='bbox 2502 2406 2736 2462; x_wconf 90' lang='lat' dir='ltr'><strong>quorum</strong></span> <span class='ocrx_word' id='word_1_365' title='bbox 2782 2391 3004 2461; x_wconf 89' lang='lat' dir='ltr'><strong>quidam</strong></span> <span class='ocrx_word' id='word_1_366' title='bbox 3035 2388 3239 2445; x_wconf 88' lang='lat' dir='ltr'><strong>reversi</strong></span> <span class='ocrx_word' id='word_1_367' title='bbox 3270 2386 3493 2443; x_wconf 86' lang='lat' dir='ltr'><strong>sunt&#39;ad</strong></span> 
     </span>
    </p>
   </div>
   <div class='ocr_carea' id='block_1_30' title="bbox 226 2480 3493 2557">
    <p class='ocr_par' dir='ltr' id='par_1_30' title="bbox 226 2480 3493 2557">
     <span class='ocr_line' id='line_1_30' title="bbox 226 2480 3493 2557; baseline -0.002 -20"><span class='ocrx_word' id='word_1_368' title='bbox 226 2498 345 2552; x_wconf 81' lang='lat' dir='ltr'><strong>quas</strong></span> <span class='ocrx_word' id='word_1_369' title='bbox 369 2483 675 2539; x_wconf 84' lang='lat' dir='ltr'><strong>ambulavit</strong></span> <span class='ocrx_word' id='word_1_370' title='bbox 724 2498 916 2539; x_wconf 86' lang='lat' dir='ltr'><strong>servus</strong></span> <span class='ocrx_word' id='word_1_371' title='bbox 962 2493 1108 2551; x_wconf 91' lang='lat' dir='ltr'><strong>tuus,</strong></span> <span class='ocrx_word' id='word_1_372' title='bbox 1142 2484 1208 2540; x_wconf 90' lang='lat' dir='ltr'><strong>da</strong></span> <span class='ocrx_word' id='word_1_373' title='bbox 1240 2484 1633 2556; x_wconf 83' lang='lat' dir='ltr'><strong>plenitudinem</strong></span> <span class='ocrx_word' id='word_1_374' title='bbox 1687 2485 1800 2539; x_wconf 83' lang='lat' dir='ltr'><strong>l’ru-</strong></span> <span class='ocrx_word' id='word_1_375' title='bbox 1899 2486 2144 2557; x_wconf 89' lang='lat' dir='ltr'><strong>propria,</strong></span> <span class='ocrx_word' id='word_1_376' title='bbox 2182 2484 2401 2554; x_wconf 88' lang='lat' dir='ltr'><strong>quidam</strong></span> <span class='ocrx_word' id='word_1_377' title='bbox 2432 2498 2555 2538; x_wconf 91' lang='lat' dir='ltr'><strong>cum</strong></span> <span class='ocrx_word' id='word_1_378' title='bbox 2603 2480 2694 2537; x_wconf 90' lang='lat' dir='ltr'><strong>illo</strong></span> <span class='ocrx_word' id='word_1_379' title='bbox 2727 2489 3141 2552; x_wconf 85' lang='lat' dir='ltr'><strong>perseverantes</strong></span> <span class='ocrx_word' id='word_1_380' title='bbox 3174 2488 3363 2549; x_wconf 88' lang='lat' dir='ltr'><strong>postea</strong></span> <span class='ocrx_word' id='word_1_381' title='bbox 3391 2491 3493 2532; x_wconf 89' lang='lat' dir='ltr'><strong>no-</strong></span> 
     </span>
    </p>
   </div>
   <div class='ocr_carea' id='block_1_31' title="bbox 226 2572 1826 2649">
    <p class='ocr_par' dir='ltr' id='par_1_31' title="bbox 226 2572 1800 2645">
     <span class='ocr_line' id='line_1_31' title="bbox 226 2572 1800 2645; baseline 0.004 -21"><span class='ocrx_word' id='word_1_382' title='bbox 226 2573 396 2640; x_wconf 87' lang='lat' dir='ltr'><strong>menti,</strong></span> <span class='ocrx_word' id='word_1_383' title='bbox 425 2574 537 2629; x_wconf 84' lang='lat' dir='ltr'><strong>vini</strong></span> <span class='ocrx_word' id='word_1_384' title='bbox 579 2583 637 2629; x_wconf 92' lang='lat' dir='ltr'><strong>et</strong></span> <span class='ocrx_word' id='word_1_385' title='bbox 680 2572 809 2638; x_wconf 89' lang='lat' dir='ltr'><strong>olei,</strong></span> <span class='ocrx_word' id='word_1_386' title='bbox 838 2582 897 2629; x_wconf 90' lang='lat' dir='ltr'><strong>ut</strong></span> <span class='ocrx_word' id='word_1_387' title='bbox 931 2581 1265 2645; x_wconf 77' lang='lat' dir='ltr'><strong>cognoscant</strong></span> <span class='ocrx_word' id='word_1_388' title='bbox 1307 2574 1452 2644; x_wconf 87' lang='lat' dir='ltr'><strong>quod</strong></span> <span class='ocrx_word' id='word_1_389' title='bbox 1483 2574 1536 2630; x_wconf 86' lang='lat' dir='ltr'><strong>in</strong></span> <span class='ocrx_word' id='word_1_390' title='bbox 1579 2583 1674 2630; x_wconf 84' lang='lat' dir='ltr'><strong>tuo</strong></span> <span class='ocrx_word' id='word_1_391' title='bbox 1704 2589 1800 2630; x_wconf 87' lang='lat' dir='ltr'><strong>no—</strong></span> 
     </span>
    </p>
   </div>
   <div class='ocr_carea' id='block_1_32' title="bbox 1936 2572 3492 2649">
    <p class='ocr_par' dir='ltr' id='par_1_32' title="bbox 1938 2578 3492 2649">
     <span class='ocr_line' id='line_1_32' title="bbox 1938 2578 3492 2649; baseline -0.008 -12"><span class='ocrx_word' id='word_1_392' title='bbox 1938 2583 1983 2637; x_wconf 91' lang='lat' dir='ltr'><strong>is</strong></span> <span class='ocrx_word' id='word_1_393' title='bbox 2014 2579 2317 2637; x_wconf 89' lang='lat' dir='ltr'><strong>retulerunt</strong></span> <span class='ocrx_word' id='word_1_394' title='bbox 2365 2578 2509 2649; x_wconf 81' lang='lat' dir='ltr'><strong>quod</strong></span> <span class='ocrx_word' id='word_1_395' title='bbox 2540 2593 2664 2633; x_wconf 91' lang='lat' dir='ltr'><strong>eum</strong></span> <span class='ocrx_word' id='word_1_396' title='bbox 2696 2586 2806 2632; x_wconf 86' lang='lat' dir='ltr'><strong>tota</strong></span> <span class='ocrx_word' id='word_1_397' title='bbox 2848 2585 3008 2633; x_wconf 88' lang='lat' dir='ltr'><strong>nocte</strong></span> <span class='ocrx_word' id='word_1_398' title='bbox 3053 2582 3492 2646; x_wconf 76' lang='lat' dir='ltr'><strong>perseverantem</strong></span> 
     </span>
    </p>
   </div>
   <div class='ocr_carea' id='block_1_33' title="bbox 227 2665 3493 2746">
    <p class='ocr_par' dir='ltr' id='par_1_33' title="bbox 227 2665 3493 2746">
     <span class='ocr_line' id='line_1_33' title="bbox 227 2665 3493 2746; baseline -0 -27"><span class='ocrx_word' id='word_1_399' title='bbox 227 2666 357 2720; x_wconf 89' lang='lat' dir='ltr'><strong>mine</strong></span> <span class='ocrx_word' id='word_1_400' title='bbox 400 2666 797 2721; x_wconf 85' lang='lat' dir='ltr'><strong>ambulaverim</strong></span> <span class='ocrx_word' id='word_1_401' title='bbox 824 2707 841 2732; x_wconf 91' lang='lat'><strong>,</strong></span> <span class='ocrx_word' id='word_1_402' title='bbox 892 2665 1035 2722; x_wconf 90' lang='lat' dir='ltr'><strong>sicut</strong></span> <span class='ocrx_word' id='word_1_403' title='bbox 1093 2666 1367 2737; x_wconf 81' lang='lat' dir='ltr'><strong>Apostolis</strong></span> <span class='ocrx_word' id='word_1_404' title='bbox 1414 2666 1727 2739; x_wconf 74' lang='lat' dir='ltr'><strong>praecepisti</strong></span> <span class='ocrx_word' id='word_1_405' title='bbox 1784 2684 1796 2720; x_wconf 93' lang='lat'><strong>:</strong></span> <span class='ocrx_word' id='word_1_406' title='bbox 1904 2674 1958 2730; x_wconf 85' lang='lat' dir='ltr'><strong>in</strong></span> <span class='ocrx_word' id='word_1_407' title='bbox 1995 2674 2206 2746; x_wconf 80' lang='lat' dir='ltr'><strong>magnis</strong></span> <span class='ocrx_word' id='word_1_408' title='bbox 2233 2673 2488 2744; x_wconf 88' lang='lat' dir='ltr'><strong>precibus</strong></span> <span class='ocrx_word' id='word_1_409' title='bbox 2529 2671 2886 2735; x_wconf 87' lang='lat' dir='ltr'><strong>audivissent,</strong></span> <span class='ocrx_word' id='word_1_410' title='bbox 2912 2679 2967 2725; x_wconf 89' lang='lat' dir='ltr'><strong>et</strong></span> <span class='ocrx_word' id='word_1_411' title='bbox 2993 2685 3117 2726; x_wconf 91' lang='lat' dir='ltr'><strong>eum</strong></span> <span class='ocrx_word' id='word_1_412' title='bbox 3148 2669 3363 2740; x_wconf 90' lang='lat' dir='ltr'><strong>publice</strong></span> <span class='ocrx_word' id='word_1_413' title='bbox 3398 2687 3493 2722; x_wconf 83' lang='lat' dir='ltr'><strong>an-</strong></span> 
     </span>
    </p>
   </div>
   <div class='ocr_carea' id='block_1_34' title="bbox 231 2757 3499 2830">
    <p class='ocr_par' dir='ltr' id='par_1_34' title="bbox 231 2757 3499 2830">
     <span class='ocr_line' id='line_1_34' title="bbox 231 2757 3499 2830; baseline -0.005 -4"><span class='ocrx_word' id='word_1_414' title='bbox 231 2774 248 2807; x_wconf 73' lang='lat'><strong><em>‘</em></strong></span> <span class='ocrx_word' id='word_1_415' title='bbox 278 2757 346 2813; x_wconf 72' lang='grc' dir='ltr'><strong>Ῑιθ</strong></span> <span class='ocrx_word' id='word_1_416' title='bbox 367 2759 418 2812; x_wconf 67' lang='lat' dir='ltr'><strong>in</strong></span> <span class='ocrx_word' id='word_1_417' title='bbox 449 2759 770 2815; x_wconf 68' lang='grc' dir='ltr'><strong>υιιίνοτδυηι</strong></span> <span class='ocrx_word' id='word_1_418' title='bbox 821 2759 1102 2826; x_wconf 68' lang='lat' dir='ltr'><strong>mundum.</strong></span> <span class='ocrx_word' id='word_1_419' title='bbox 1131 2759 1423 2830; x_wconf 64' lang='grc' dir='ltr'><strong>Ρναὶίιίεθιθ</strong></span> <span class='ocrx_word' id='word_1_420' title='bbox 1451 2758 1800 2830; x_wconf 68' lang='grc' dir='ltr'><strong>Ενθηεειὶυω</strong></span> <span class='ocrx_word' id='word_1_421' title='bbox 1905 2764 2170 2821; x_wconf 86' lang='lat' dir='ltr'><strong>divissent</strong></span> <span class='ocrx_word' id='word_1_422' title='bbox 2200 2772 2447 2818; x_wconf 88' lang='lat' dir='ltr'><strong>orantem</strong></span> <span class='ocrx_word' id='word_1_423' title='bbox 2478 2780 2492 2816; x_wconf 91' lang='lat'><strong>:</strong></span> <span class='ocrx_word' id='word_1_424' title='bbox 2537 2763 2766 2817; x_wconf 87' lang='lat' dir='ltr'><strong>Domine</strong></span> <span class='ocrx_word' id='word_1_425' title='bbox 2816 2760 2961 2816; x_wconf 89' lang='lat' dir='ltr'><strong>Deus</strong></span> <span class='ocrx_word' id='word_1_426' title='bbox 2991 2759 3255 2825; x_wconf 87' lang='lat' dir='ltr'><strong>Sabaoth,</strong></span> <span class='ocrx_word' id='word_1_427' title='bbox 3289 2758 3499 2828; x_wconf 65' lang='lat' dir='ltr'><strong>respice</strong></span> 
     </span>
    </p>
   </div>
   <div class='ocr_carea' id='block_1_35' title="bbox 226 2848 3495 2922">
    <p class='ocr_par' dir='ltr' id='par_1_35' title="bbox 226 2848 3495 2922">
     <span class='ocr_line' id='line_1_35' title="bbox 226 2848 3495 2922; baseline 0 -21"><span class='ocrx_word' id='word_1_428' title='bbox 226 2849 358 2904; x_wconf 90' lang='lat' dir='ltr'><strong>omni</strong></span> <span class='ocrx_word' id='word_1_429' title='bbox 393 2858 665 2905; x_wconf 77' lang='lat' dir='ltr'><strong>creatura:</strong></span> <span class='ocrx_word' id='word_1_430' title='bbox 713 2848 931 2922; x_wconf 73' lang='lat' dir='ltr'><strong>(Manli.</strong></span> <span class='ocrx_word' id='word_1_431' title='bbox 962 2865 1075 2917; x_wconf 84' lang='lat' dir='ltr'><strong>xvi,</strong></span> <span class='ocrx_word' id='word_1_432' title='bbox 1117 2850 1227 2922; x_wconf 75' lang='grc' dir='ltr'><strong>Η).</strong></span> <span class='ocrx_word' id='word_1_433' title='bbox 1269 2870 1288 2903; x_wconf 77' lang='grc' dir='ltr'><strong><em>ι</em></strong></span> <span class='ocrx_word' id='word_1_434' title='bbox 1323 2849 1437 2920; x_wconf 78' lang='lat' dir='ltr'><strong>Ego</strong></span> <span class='ocrx_word' id='word_1_435' title='bbox 1482 2849 1701 2921; x_wconf 82' lang='lat' dir='ltr'><strong>quidem</strong></span> <span class='ocrx_word' id='word_1_436' title='bbox 1749 2848 1802 2902; x_wconf 79' lang='lat' dir='ltr'><strong>in</strong></span> <span class='ocrx_word' id='word_1_437' title='bbox 1907 2856 1959 2910; x_wconf 91' lang='lat' dir='ltr'><strong>in</strong></span> <span class='ocrx_word' id='word_1_438' title='bbox 1989 2869 2076 2910; x_wconf 89' lang='lat' dir='ltr'><strong>me</strong></span> <span class='ocrx_word' id='word_1_439' title='bbox 2107 2868 2325 2908; x_wconf 86' lang='lat' dir='ltr'><strong>servum</strong></span> <span class='ocrx_word' id='word_1_440' title='bbox 2356 2862 2532 2919; x_wconf 89' lang='lat' dir='ltr'><strong>tuum,</strong></span> <span class='ocrx_word' id='word_1_441' title='bbox 2558 2862 2614 2906; x_wconf 89' lang='lat' dir='ltr'><strong>et</strong></span> <span class='ocrx_word' id='word_1_442' title='bbox 2638 2851 2835 2907; x_wconf 72' lang='lat' dir='ltr'><strong>exaudi</strong></span> <span class='ocrx_word' id='word_1_443' title='bbox 2864 2852 3169 2907; x_wconf 87' lang='lat' dir='ltr'><strong>orationem</strong></span> <span class='ocrx_word' id='word_1_444' title='bbox 3202 2863 3402 2913; x_wconf 84' lang='lat' dir='ltr'><strong>meam,</strong></span> <span class='ocrx_word' id='word_1_445' title='bbox 3441 2859 3495 2903; x_wconf 91' lang='lat' dir='ltr'><strong>et</strong></span> 
     </span>
    </p>
   </div>
   <div class='ocr_carea' id='block_1_36' title="bbox 229 2941 3497 3018">
    <p class='ocr_par' dir='ltr' id='par_1_36' title="bbox 229 2941 3497 3018">
     <span class='ocr_line' id='line_1_36' title="bbox 229 2941 3497 3018; baseline -0.006 -5"><span class='ocrx_word' id='word_1_446' title='bbox 229 2951 308 2996; x_wconf 74' lang='grc' dir='ltr'><strong>ωυ</strong></span> <span class='ocrx_word' id='word_1_447' title='bbox 334 2943 601 2998; x_wconf 63' lang='grc' dir='ltr'><strong>δωδυιενί</strong></span> <span class='ocrx_word' id='word_1_448' title='bbox 628 2951 936 3013; x_wconf 59' lang='lat' dir='ltr'><strong>praecepto.</strong></span> <span class='ocrx_word' id='word_1_449' title='bbox 957 2941 1139 3009; x_wconf 73' lang='grc' dir='ltr'><strong>ἀοθυίο</strong></span> <span class='ocrx_word' id='word_1_450' title='bbox 1168 2941 1477 3009; x_wconf 65' lang='grc' dir='ltr'><strong>οὒεεϐτθνίν</strong></span> <span class='ocrx_word' id='word_1_451' title='bbox 1502 2941 1802 3013; x_wconf 57' lang='lat' dir='ltr'><strong>increpa“.</strong></span> <span class='ocrx_word' id='word_1_452' title='bbox 1907 2945 2134 3018; x_wconf 86' lang='lat' dir='ltr'><strong>dignare</strong></span> <span class='ocrx_word' id='word_1_453' title='bbox 2158 2960 2255 3016; x_wconf 86' lang='lat' dir='ltr'><strong>per</strong></span> <span class='ocrx_word' id='word_1_454' title='bbox 2279 2956 2426 3000; x_wconf 89' lang='lat' dir='ltr'><strong>tuam</strong></span> <span class='ocrx_word' id='word_1_455' title='bbox 2456 2945 2691 3014; x_wconf 78' lang='lat' dir='ltr'><strong>gratiam</strong></span> <span class='ocrx_word' id='word_1_456' title='bbox 2718 2958 2905 2999; x_wconf 87' lang='lat' dir='ltr'><strong>omnes</strong></span> <span class='ocrx_word' id='word_1_457' title='bbox 2931 2951 2982 2998; x_wconf 91' lang='lat' dir='ltr'><strong>te</strong></span> <span class='ocrx_word' id='word_1_458' title='bbox 3010 2951 3234 2998; x_wconf 88' lang='lat' dir='ltr'><strong>orantes</strong></span> <span class='ocrx_word' id='word_1_459' title='bbox 3268 2941 3322 2996; x_wconf 90' lang='lat' dir='ltr'><strong>in</strong></span> <span class='ocrx_word' id='word_1_460' title='bbox 3352 2942 3497 2996; x_wconf 87' lang='lat' dir='ltr'><strong>veri-</strong></span> 
     </span>
    </p>
   </div>
   <div class='ocr_carea' id='block_1_37' title="bbox 227 3032 1826 3108">
    <p class='ocr_par' dir='ltr' id='par_1_37' title="bbox 227 3032 1806 3104">
     <span class='ocr_line' id='line_1_37' title="bbox 227 3032 1806 3104; baseline -0.002 -19"><span class='ocrx_word' id='word_1_461' title='bbox 227 3044 273 3085; x_wconf 79' lang='lat' dir='ltr'><strong>tu</strong></span> <span class='ocrx_word' id='word_1_462' title='bbox 315 3035 437 3094; x_wconf 86' lang='lat' dir='ltr'><strong>scis.</strong></span> <span class='ocrx_word' id='word_1_463' title='bbox 477 3034 667 3089; x_wconf 88' lang='lat' dir='ltr'><strong>omnia</strong></span> <span class='ocrx_word' id='word_1_464' title='bbox 709 3034 942 3089; x_wconf 89' lang='lat' dir='ltr'><strong>ﬁdeliter</strong></span> <span class='ocrx_word' id='word_1_465' title='bbox 971 3034 1087 3089; x_wconf 87' lang='lat' dir='ltr'><strong>ﬁeri</strong></span> <span class='ocrx_word' id='word_1_466' title='bbox 1125 3052 1138 3088; x_wconf 92' lang='lat'><strong>:</strong></span> <span class='ocrx_word' id='word_1_467' title='bbox 1182 3034 1277 3089; x_wconf 90' lang='lat' dir='ltr'><strong>sed</strong></span> <span class='ocrx_word' id='word_1_468' title='bbox 1319 3033 1444 3104; x_wconf 90' lang='lat' dir='ltr'><strong>quia</strong></span> <span class='ocrx_word' id='word_1_469' title='bbox 1484 3032 1605 3103; x_wconf 89' lang='lat' dir='ltr'><strong>pius</strong></span> <span class='ocrx_word' id='word_1_470' title='bbox 1652 3040 1806 3102; x_wconf 78' lang='lat' dir='ltr'><strong>pater</strong></span> 
     </span>
    </p>
   </div>
   <div class='ocr_carea' id='block_1_38' title="bbox 1936 3032 3501 3108">
    <p class='ocr_par' dir='ltr' id='par_1_38' title="bbox 1936 3037 3501 3108">
     <span class='ocr_line' id='line_1_38' title="bbox 1936 3037 3501 3108; baseline -0.005 -13"><span class='ocrx_word' id='word_1_471' title='bbox 1936 3049 2022 3095; x_wconf 86' lang='lat' dir='ltr'><strong>ate</strong></span> <span class='ocrx_word' id='word_1_472' title='bbox 2063 3040 2252 3096; x_wconf 85' lang='lat' dir='ltr'><strong>audire</strong></span> <span class='ocrx_word' id='word_1_473' title='bbox 2282 3058 2296 3092; x_wconf 90' lang='lat'><strong>:</strong></span> <span class='ocrx_word' id='word_1_474' title='bbox 2329 3038 2567 3095; x_wconf 86' lang='lat' dir='ltr'><strong>concede</strong></span> <span class='ocrx_word' id='word_1_475' title='bbox 2610 3048 2668 3092; x_wconf 93' lang='lat' dir='ltr'><strong>ut</strong></span> <span class='ocrx_word' id='word_1_476' title='bbox 2698 3037 3013 3108; x_wconf 71' lang='lat' dir='ltr'><strong>praedicatio</strong></span> <span class='ocrx_word' id='word_1_477' title='bbox 3053 3045 3144 3091; x_wconf 92' lang='lat' dir='ltr'><strong>tua</strong></span> <span class='ocrx_word' id='word_1_478' title='bbox 3191 3049 3299 3091; x_wconf 87' lang='lat' dir='ltr'><strong>non</strong></span> <span class='ocrx_word' id='word_1_479' title='bbox 3328 3048 3501 3088; x_wconf 87' lang='lat' dir='ltr'><strong>vacua</strong></span> 
     </span>
    </p>
   </div>
   <div class='ocr_carea' id='block_1_39' title="bbox 230 3094 3499 3196">
    <p class='ocr_par' dir='ltr' id='par_1_39' title="bbox 230 3094 3499 3196">
     <span class='ocr_line' id='line_1_39' title="bbox 230 3094 3499 3196; baseline -0.005 0"><span class='ocrx_word' id='word_1_480' title='bbox 230 3139 299 3189; x_wconf 68' lang='grc' dir='ltr'><strong>θεν</strong></span> <span class='ocrx_word' id='word_1_481' title='bbox 325 3125 553 3196; x_wconf 58' lang='lat' dir='ltr'><strong>diem&quot;?</strong></span> <span class='ocrx_word' id='word_1_482' title='bbox 583 3135 910 3181; x_wconf 70' lang='grc' dir='ltr'><strong>οοηνθτιθτθ</strong></span> <span class='ocrx_word' id='word_1_483' title='bbox 938 3141 1131 3182; x_wconf 69' lang='lat' dir='ltr'><strong>omnes</strong></span> <span class='ocrx_word' id='word_1_484' title='bbox 1181 3124 1531 3180; x_wconf 61' lang='lat' dir='ltr'><strong>adversarios</strong></span> <span class='ocrx_word' id='word_1_485' title='bbox 1576 3132 1698 3178; x_wconf 69' lang='grc' dir='ltr'><strong>ῑυοε</strong></span> <span class='ocrx_word' id='word_1_486' title='bbox 1740 3124 1806 3175; x_wconf 57' lang='lat' dir='ltr'><strong>iiii</strong></span> <span class='ocrx_word' id='word_1_487' title='bbox 1834 3094 1880 3155; x_wconf 64' lang='grc' dir='ltr'><strong>ϐ</strong></span> <span class='ocrx_word' id='word_1_488' title='bbox 1910 3138 1983 3191; x_wconf 87' lang='lat' dir='ltr'><strong>sit</strong></span> <span class='ocrx_word' id='word_1_489' title='bbox 2011 3134 2265 3190; x_wconf 86' lang='lat' dir='ltr'><strong>omnibus</strong></span> <span class='ocrx_word' id='word_1_490' title='bbox 2291 3131 2635 3188; x_wconf 85' lang='lat' dir='ltr'><strong>audientibus</strong></span> <span class='ocrx_word' id='word_1_491' title='bbox 2662 3145 2808 3196; x_wconf 90' lang='lat' dir='ltr'><strong>eam,</strong></span> <span class='ocrx_word' id='word_1_492' title='bbox 2838 3131 2932 3186; x_wconf 82' lang='lat' dir='ltr'><strong>sed</strong></span> <span class='ocrx_word' id='word_1_493' title='bbox 2957 3128 3187 3186; x_wconf 85' lang='lat' dir='ltr'><strong>ostende</strong></span> <span class='ocrx_word' id='word_1_494' title='bbox 3214 3126 3499 3183; x_wconf 85' lang='lat' dir='ltr'><strong>veritatem</strong></span> 
     </span>
    </p>
   </div>
   <div class='ocr_carea' id='block_1_40' title="bbox 229 3215 3500 3291">
    <p class='ocr_par' dir='ltr' id='par_1_40' title="bbox 229 3215 3500 3291">
     <span class='ocr_line' id='line_1_40' title="bbox 229 3215 3500 3291; baseline 0.001 -25"><span class='ocrx_word' id='word_1_495' title='bbox 229 3225 358 3270; x_wconf 85' lang='lat' dir='ltr'><strong>tuam</strong></span> <span class='ocrx_word' id='word_1_496' title='bbox 388 3219 677 3288; x_wconf 79' lang='lat' dir='ltr'><strong>pietatem.</strong></span> <span class='ocrx_word' id='word_1_497' title='bbox 701 3226 762 3273; x_wconf 83' lang='lat' dir='ltr'><strong>ul</strong></span> <span class='ocrx_word' id='word_1_498' title='bbox 787 3225 841 3273; x_wconf 78' lang='lat' dir='ltr'><strong>le</strong></span> <span class='ocrx_word' id='word_1_499' title='bbox 889 3233 1078 3274; x_wconf 71' lang='lat' dir='ltr'><strong>verum</strong></span> <span class='ocrx_word' id='word_1_500' title='bbox 1128 3226 1459 3291; x_wconf 67' lang='lat' dir='ltr'><strong>cognoscam</strong></span> <span class='ocrx_word' id='word_1_501' title='bbox 1492 3215 1686 3282; x_wconf 68' lang='lat' dir='ltr'><strong>Deum.</strong></span> <span class='ocrx_word' id='word_1_502' title='bbox 1714 3216 1806 3284; x_wconf 72' lang='grc' dir='ltr'><strong>Ψιί</strong></span> <span class='ocrx_word' id='word_1_503' title='bbox 1914 3237 2057 3282; x_wconf 79' lang='lat' dir='ltr'><strong>tuam</strong></span> <span class='ocrx_word' id='word_1_504' title='bbox 2088 3226 2144 3281; x_wconf 88' lang='lat' dir='ltr'><strong>in</strong></span> <span class='ocrx_word' id='word_1_505' title='bbox 2174 3225 2331 3281; x_wconf 91' lang='lat' dir='ltr'><strong>nobis</strong></span> <span class='ocrx_word' id='word_1_506' title='bbox 2358 3242 2373 3279; x_wconf 90' lang='lat'><strong>:</strong></span> <span class='ocrx_word' id='word_1_507' title='bbox 2405 3233 2461 3279; x_wconf 90' lang='lat' dir='ltr'><strong>et</strong></span> <span class='ocrx_word' id='word_1_508' title='bbox 2485 3223 2578 3279; x_wconf 87' lang='lat' dir='ltr'><strong>ubi</strong></span> <span class='ocrx_word' id='word_1_509' title='bbox 2600 3222 2908 3279; x_wconf 86' lang='lat' dir='ltr'><strong>invocatum</strong></span> <span class='ocrx_word' id='word_1_510' title='bbox 2939 3220 3103 3277; x_wconf 83' lang='lat' dir='ltr'><strong>fuerit</strong></span> <span class='ocrx_word' id='word_1_511' title='bbox 3126 3234 3323 3275; x_wconf 89' lang='lat' dir='ltr'><strong>nomen</strong></span> <span class='ocrx_word' id='word_1_512' title='bbox 3348 3225 3500 3272; x_wconf 90' lang='lat' dir='ltr'><strong>tuum</strong></span> 
     </span>
    </p>
   </div>
   <div class='ocr_carea' id='block_1_41' title="bbox 230 3306 3508 3388">
    <p class='ocr_par' dir='ltr' id='par_1_41' title="bbox 230 3306 3508 3388">
     <span class='ocr_line' id='line_1_41' title="bbox 230 3306 3508 3388; baseline -0 -29"><span class='ocrx_word' id='word_1_513' title='bbox 230 3320 282 3360; x_wconf 86' lang='lat' dir='ltr'><strong>es</strong></span> <span class='ocrx_word' id='word_1_514' title='bbox 324 3308 645 3365; x_wconf 87' lang='lat' dir='ltr'><strong>benedictus</strong></span> <span class='ocrx_word' id='word_1_515' title='bbox 692 3309 747 3363; x_wconf 92' lang='lat' dir='ltr'><strong>in</strong></span> <span class='ocrx_word' id='word_1_516' title='bbox 794 3308 999 3375; x_wconf 68' lang='lat' dir='ltr'><strong>saecula</strong></span> <span class='ocrx_word' id='word_1_517' title='bbox 1047 3308 1392 3365; x_wconf 73' lang='lat' dir='ltr'><strong>steculorum.</strong></span> <span class='ocrx_word' id='word_1_518' title='bbox 1440 3306 1593 3362; x_wconf 93' lang='lat' dir='ltr'><strong>Tunc</strong></span> <span class='ocrx_word' id='word_1_519' title='bbox 1620 3320 1808 3362; x_wconf 88' lang='lat' dir='ltr'><strong>omnes</strong></span> <span class='ocrx_word' id='word_1_520' title='bbox 1914 3332 2014 3388; x_wconf 68' lang='grc' dir='ltr'><strong>ρει-</strong></span> <span class='ocrx_word' id='word_1_521' title='bbox 2038 3331 2127 3373; x_wconf 69' lang='lat' dir='ltr'><strong>me</strong></span> <span class='ocrx_word' id='word_1_522' title='bbox 2155 3329 2371 3371; x_wconf 63' lang='lat' dir='ltr'><strong>sel-vum</strong></span> <span class='ocrx_word' id='word_1_523' title='bbox 2427 3323 2599 3376; x_wconf 79' lang='grc' dir='ltr'><strong>ιυιιηι,</strong></span> <span class='ocrx_word' id='word_1_524' title='bbox 2643 3312 2766 3370; x_wconf 77' lang='lat' dir='ltr'><strong>illos</strong></span> <span class='ocrx_word' id='word_1_525' title='bbox 2802 3312 2895 3383; x_wconf 77' lang='lat' dir='ltr'><strong>qui</strong></span> <span class='ocrx_word' id='word_1_526' title='bbox 2942 3312 3200 3368; x_wconf 75' lang='lat' dir='ltr'><strong>invocant</strong></span> <span class='ocrx_word' id='word_1_527' title='bbox 3247 3307 3508 3367; x_wconf 74' lang='lat' dir='ltr'><strong>exaudire</strong></span> 
     </span>
    </p>
   </div>
   <div class='ocr_carea' id='block_1_42' title="bbox 231 3398 3509 3482">
    <p class='ocr_par' dir='ltr' id='par_1_42' title="bbox 231 3398 3509 3482">
     <span class='ocr_line' id='line_1_42' title="bbox 231 3398 3509 3482; baseline -0.001 -25"><span class='ocrx_word' id='word_1_528' title='bbox 231 3399 311 3468; x_wconf 83' lang='lat' dir='ltr'><strong>qui</strong></span> <span class='ocrx_word' id='word_1_529' title='bbox 337 3398 404 3455; x_wconf 89' lang='lat' dir='ltr'><strong>ibi</strong></span> <span class='ocrx_word' id='word_1_530' title='bbox 434 3412 601 3457; x_wconf 88' lang='lat' dir='ltr'><strong>erant</strong></span> <span class='ocrx_word' id='word_1_531' title='bbox 635 3403 1062 3481; x_wconf 83' lang='lat' dir='ltr'><strong>responderunt,</strong></span> <span class='ocrx_word' id='word_1_532' title='bbox 1091 3402 1287 3459; x_wconf 86' lang='lat' dir='ltr'><strong>Amen.</strong></span> <span class='ocrx_word' id='word_1_533' title='bbox 1914 3410 2156 3482; x_wconf 80' lang='lat' dir='ltr'><strong>digneris</strong></span> <span class='ocrx_word' id='word_1_534' title='bbox 2179 3409 2246 3464; x_wconf 91' lang='lat' dir='ltr'><strong>de</strong></span> <span class='ocrx_word' id='word_1_535' title='bbox 2266 3421 2611 3480; x_wconf 87' lang='lat' dir='ltr'><strong>quacumque</strong></span> <span class='ocrx_word' id='word_1_536' title='bbox 2638 3404 2991 3462; x_wconf 87' lang='lat' dir='ltr'><strong>tribulatione</strong></span> <span class='ocrx_word' id='word_1_537' title='bbox 3011 3402 3369 3460; x_wconf 87' lang='lat' dir='ltr'><strong>clamaverint</strong></span> <span class='ocrx_word' id='word_1_538' title='bbox 3400 3419 3413 3455; x_wconf 92' lang='lat'><strong>:</strong></span> <span class='ocrx_word' id='word_1_539' title='bbox 3454 3409 3509 3455; x_wconf 89' lang='lat' dir='ltr'><strong>et</strong></span> 
     </span>
    </p>
   </div>
   <div class='ocr_carea' id='block_1_43' title="bbox 290 3489 1826 3571">
    <p class='ocr_par' dir='ltr' id='par_1_43' title="bbox 290 3489 1807 3564">
     <span class='ocr_line' id='line_1_43' title="bbox 290 3489 1807 3564; baseline -0.001 -20"><span class='ocrx_word' id='word_1_540' title='bbox 290 3489 338 3545; x_wconf 87' lang='lat'><strong>5.</strong></span> <span class='ocrx_word' id='word_1_541' title='bbox 364 3492 420 3548; x_wconf 90' lang='lat' dir='ltr'><strong>In</strong></span> <span class='ocrx_word' id='word_1_542' title='bbox 452 3493 545 3550; x_wconf 88' lang='lat' dir='ltr'><strong>illa</strong></span> <span class='ocrx_word' id='word_1_543' title='bbox 576 3495 713 3551; x_wconf 85' lang='lat' dir='ltr'><strong>hora</strong></span> <span class='ocrx_word' id='word_1_544' title='bbox 739 3502 924 3551; x_wconf 86' lang='lat' dir='ltr'><strong>tantus</strong></span> <span class='ocrx_word' id='word_1_545' title='bbox 951 3493 1423 3564; x_wconf 88' lang='lat' dir='ltr'><strong>odor.procedens</strong></span> <span class='ocrx_word' id='word_1_546' title='bbox 1451 3494 1521 3550; x_wconf 88' lang='lat' dir='ltr'><strong>ab</strong></span> <span class='ocrx_word' id='word_1_547' title='bbox 1560 3489 1720 3547; x_wconf 85' lang='lat' dir='ltr'><strong>altari</strong></span> <span class='ocrx_word' id='word_1_548' title='bbox 1747 3490 1807 3545; x_wconf 93' lang='lat' dir='ltr'><strong>S.</strong></span> 
     </span>
    </p>
   </div>
   <div class='ocr_carea' id='block_1_44' title="bbox 1936 3489 3527 3571">
    <p class='ocr_par' dir='ltr' id='par_1_44' title="bbox 1936 3495 3527 3571">
     <span class='ocr_line' id='line_1_44' title="bbox 1936 3495 3527 3571; baseline -0.006 -16"><span class='ocrx_word' id='word_1_549' title='bbox 1936 3504 1963 3558; x_wconf 88' lang='lat' dir='ltr'><strong>.i</strong></span> <span class='ocrx_word' id='word_1_550' title='bbox 1989 3502 2192 3558; x_wconf 79' lang='lat' dir='ltr'><strong>fuerint</strong></span> <span class='ocrx_word' id='word_1_551' title='bbox 2213 3500 2381 3571; x_wconf 87' lang='lat' dir='ltr'><strong>aliqui</strong></span> <span class='ocrx_word' id='word_1_552' title='bbox 2406 3514 2473 3555; x_wconf 88' lang='lat' dir='ltr'><strong>ex</strong></span> <span class='ocrx_word' id='word_1_553' title='bbox 2502 3498 2751 3555; x_wconf 85' lang='lat' dir='ltr'><strong>ﬁdelibus</strong></span> <span class='ocrx_word' id='word_1_554' title='bbox 2793 3498 2883 3567; x_wconf 89' lang='lat' dir='ltr'><strong>qui</strong></span> <span class='ocrx_word' id='word_1_555' title='bbox 2920 3495 3182 3552; x_wconf 85' lang='lat' dir='ltr'><strong>memoria</strong></span> <span class='ocrx_word' id='word_1_556' title='bbox 3211 3508 3391 3550; x_wconf 87' lang='lat' dir='ltr'><strong>meum</strong></span> <span class='ocrx_word' id='word_1_557' title='bbox 3412 3508 3527 3559; x_wconf 34' lang='lat' dir='ltr'><strong>an:</strong></span> 
     </span>
    </p>
   </div>
   <div class='ocr_carea' id='block_1_45' title="bbox 232 3577 3511 3662">
    <p class='ocr_par' dir='ltr' id='par_1_45' title="bbox 232 3577 3511 3662">
     <span class='ocr_line' id='line_1_45' title="bbox 232 3577 3511 3662; baseline -0.005 -9"><span class='ocrx_word' id='word_1_558' title='bbox 232 3577 360 3636; x_wconf 65' lang='grc' dir='ltr'><strong>Ρθῖτί</strong></span> <span class='ocrx_word' id='word_1_559' title='bbox 387 3584 640 3653; x_wconf 75' lang='grc' dir='ltr'><strong>ΑΡοειοιί</strong></span> <span class='ocrx_word' id='word_1_560' title='bbox 672 3593 841 3640; x_wconf 62' lang='lat' dir='ltr'><strong>i013!“</strong></span> <span class='ocrx_word' id='word_1_561' title='bbox 860 3583 1147 3639; x_wconf 61' lang='lat'><strong>80019533&quot;!</strong></span> <span class='ocrx_word' id='word_1_562' title='bbox 1174 3583 1424 3653; x_wconf 58' lang='lat' dir='ltr'><strong>“Nemi</strong></span> <span class='ocrx_word' id='word_1_563' title='bbox 1459 3583 1533 3638; x_wconf 65' lang='lat' dir='ltr'><strong>ita</strong></span> <span class='ocrx_word' id='word_1_564' title='bbox 1556 3590 1615 3638; x_wconf 80' lang='grc' dir='ltr'><strong>ιιι</strong></span> <span class='ocrx_word' id='word_1_565' title='bbox 1636 3579 1815 3635; x_wconf 67' lang='lat' dir='ltr'><strong>&quot;unus</strong></span> <span class='ocrx_word' id='word_1_566' title='bbox 1916 3592 2278 3650; x_wconf 88' lang='lat' dir='ltr'><strong>niversarium</strong></span> <span class='ocrx_word' id='word_1_567' title='bbox 2307 3598 2602 3662; x_wconf 88' lang='lat' dir='ltr'><strong>pernotare</strong></span> <span class='ocrx_word' id='word_1_568' title='bbox 2630 3588 2926 3653; x_wconf 91' lang='lat' dir='ltr'><strong>voluerint,</strong></span> <span class='ocrx_word' id='word_1_569' title='bbox 2970 3587 3087 3643; x_wconf 86' lang='lat' dir='ltr'><strong>sive</strong></span> <span class='ocrx_word' id='word_1_570' title='bbox 3116 3599 3212 3656; x_wconf 86' lang='lat' dir='ltr'><strong>per</strong></span> <span class='ocrx_word' id='word_1_571' title='bbox 3249 3583 3511 3640; x_wconf 88' lang='lat' dir='ltr'><strong>ecclesias</strong></span> 
     </span>
    </p>
   </div>
   <div class='ocr_carea' id='block_1_46' title="bbox 234 3674 1816 3739">
    <p class='ocr_par' dir='ltr' id='par_1_46' title="bbox 234 3674 1816 3739">
     <span class='ocr_line' id='line_1_46' title="bbox 234 3674 1816 3739; baseline 0.006 -18"><span class='ocrx_word' id='word_1_572' title='bbox 234 3680 429 3739; x_wconf 83' lang='lat' dir='ltr'><strong>putaret</strong></span> <span class='ocrx_word' id='word_1_573' title='bbox 457 3688 531 3731; x_wconf 79' lang='lat' dir='ltr'><strong>ex</strong></span> <span class='ocrx_word' id='word_1_574' title='bbox 585 3675 903 3739; x_wconf 87' lang='lat' dir='ltr'><strong>hominibus</strong></span> <span class='ocrx_word' id='word_1_575' title='bbox 945 3674 1048 3730; x_wconf 90' lang='lat' dir='ltr'><strong>nisi</strong></span> <span class='ocrx_word' id='word_1_576' title='bbox 1095 3674 1344 3730; x_wconf 87' lang='lat' dir='ltr'><strong>Paradisi</strong></span> <span class='ocrx_word' id='word_1_577' title='bbox 1393 3689 1671 3731; x_wconf 70' lang='lat' dir='ltr'><strong>ammnum</strong></span> <span class='ocrx_word' id='word_1_578' title='bbox 1697 3688 1816 3731; x_wconf 85' lang='lat' dir='ltr'><strong>esse</strong></span> 
     </span>
    </p>
   </div>
   <div class='ocr_carea' id='block_1_47' title="bbox 234 3748 1816 3836">
    <p class='ocr_par' dir='ltr' id='par_1_47' title="bbox 234 3748 1816 3836">
     <span class='ocr_line' id='line_1_47' title="bbox 234 3748 1816 3836; baseline 0.004 -23"><span class='ocrx_word' id='word_1_579' title='bbox 234 3748 463 3817; x_wconf 45' lang='lat' dir='ltr'><strong>odorem:</strong></span> <span class='ocrx_word' id='word_1_580' title='bbox 486 3762 606 3818; x_wconf 80' lang='lat' dir='ltr'><strong>Hoc</strong></span> <span class='ocrx_word' id='word_1_581' title='bbox 631 3762 955 3832; x_wconf 80' lang='lat' dir='ltr'><strong>factojussit</strong></span> <span class='ocrx_word' id='word_1_582' title='bbox 986 3764 1090 3819; x_wconf 91' lang='lat' dir='ltr'><strong>sibi</strong></span> <span class='ocrx_word' id='word_1_583' title='bbox 1129 3762 1261 3819; x_wconf 85' lang='lat' dir='ltr'><strong>ferri</strong></span> <span class='ocrx_word' id='word_1_584' title='bbox 1283 3780 1508 3819; x_wconf 90' lang='lat' dir='ltr'><strong>aureum</strong></span> <span class='ocrx_word' id='word_1_585' title='bbox 1529 3764 1816 3836; x_wconf 76' lang='lat' dir='ltr'><strong>scyphum,</strong></span> 
     </span>
    </p>
   </div>
   <div class='ocr_carea' id='block_1_48' title="bbox 237 3851 1820 3926">
    <p class='ocr_par' dir='ltr' id='par_1_48' title="bbox 237 3851 1820 3926">
     <span class='ocr_line' id='line_1_48' title="bbox 237 3851 1820 3926; baseline 0.004 -22"><span class='ocrx_word' id='word_1_586' title='bbox 237 3851 433 3918; x_wconf 85' lang='lat' dir='ltr'><strong>plenum</strong></span> <span class='ocrx_word' id='word_1_587' title='bbox 476 3870 627 3924; x_wconf 86' lang='lat' dir='ltr'><strong>pane</strong></span> <span class='ocrx_word' id='word_1_588' title='bbox 658 3863 713 3910; x_wconf 89' lang='lat' dir='ltr'><strong>et</strong></span> <span class='ocrx_word' id='word_1_589' title='bbox 755 3855 902 3911; x_wconf 86' lang='lat' dir='ltr'><strong>vino.</strong></span> <span class='ocrx_word' id='word_1_590' title='bbox 935 3856 1053 3926; x_wconf 86' lang='lat' dir='ltr'><strong>Quo</strong></span> <span class='ocrx_word' id='word_1_591' title='bbox 1095 3856 1350 3923; x_wconf 89' lang='lat' dir='ltr'><strong>adducto,</strong></span> <span class='ocrx_word' id='word_1_592' title='bbox 1387 3857 1621 3913; x_wconf 88' lang='lat' dir='ltr'><strong>comedit</strong></span> <span class='ocrx_word' id='word_1_593' title='bbox 1664 3857 1730 3912; x_wconf 90' lang='lat' dir='ltr'><strong>de</strong></span> <span class='ocrx_word' id='word_1_594' title='bbox 1753 3871 1820 3912; x_wconf 87' lang='lat' dir='ltr'><strong>eo</strong></span> 
     </span>
    </p>
   </div>
   <div class='ocr_carea' id='block_1_49' title="bbox 236 3947 1821 4023">
    <p class='ocr_par' dir='ltr' id='par_1_49' title="bbox 236 3947 1821 4023">
     <span class='ocr_line' id='line_1_49' title="bbox 236 3947 1821 4023; baseline 0.003 -26"><span class='ocrx_word' id='word_1_595' title='bbox 236 3954 481 4012; x_wconf 85' lang='lat' dir='ltr'><strong>quantum</strong></span> <span class='ocrx_word' id='word_1_596' title='bbox 514 3949 696 4018; x_wconf 86' lang='lat' dir='ltr'><strong>potuit</strong></span> <span class='ocrx_word' id='word_1_597' title='bbox 729 3950 978 4018; x_wconf 89' lang='lat' dir='ltr'><strong>accipere</strong></span> <span class='ocrx_word' id='word_1_598' title='bbox 1003 3965 1097 4005; x_wconf 84' lang='lat' dir='ltr'><strong>ore</strong></span> <span class='ocrx_word' id='word_1_599' title='bbox 1123 3949 1269 4023; x_wconf 71' lang='lat'><strong>(64),</strong></span> <span class='ocrx_word' id='word_1_600' title='bbox 1301 3965 1364 4005; x_wconf 89' lang='lat' dir='ltr'><strong>ac</strong></span> <span class='ocrx_word' id='word_1_601' title='bbox 1409 3949 1669 4019; x_wconf 78' lang='lat' dir='ltr'><strong>praecepit</strong></span> <span class='ocrx_word' id='word_1_602' title='bbox 1702 3947 1821 4004; x_wconf 90' lang='lat' dir='ltr'><strong>dari</strong></span> 
     </span>
    </p>
   </div>
   <div class='ocr_carea' id='block_1_50' title="bbox 238 4038 1822 4110">
    <p class='ocr_par' dir='ltr' id='par_1_50' title="bbox 238 4038 1822 4110">
     <span class='ocr_line' id='line_1_50' title="bbox 238 4038 1822 4110; baseline 0.002 -21"><span class='ocrx_word' id='word_1_603' title='bbox 238 4038 590 4107; x_wconf 71' lang='lat' dir='ltr'><strong>praesentibus</strong></span> <span class='ocrx_word' id='word_1_604' title='bbox 610 4038 917 4109; x_wconf 75' lang='lat' dir='ltr'><strong>Episcopis,</strong></span> <span class='ocrx_word' id='word_1_605' title='bbox 941 4041 1032 4110; x_wconf 93' lang='lat' dir='ltr'><strong>qui</strong></span> <span class='ocrx_word' id='word_1_606' title='bbox 1048 4038 1296 4094; x_wconf 90' lang='lat' dir='ltr'><strong>similiter</strong></span> <span class='ocrx_word' id='word_1_607' title='bbox 1312 4055 1378 4094; x_wconf 87' lang='lat' dir='ltr'><strong>ex</strong></span> <span class='ocrx_word' id='word_1_608' title='bbox 1401 4054 1466 4094; x_wconf 88' lang='lat' dir='ltr'><strong>eo</strong></span> <span class='ocrx_word' id='word_1_609' title='bbox 1478 4038 1822 4094; x_wconf 81' lang='lat' dir='ltr'><strong>comedentes</strong></span> 
     </span>
    </p>
   </div>
   <div class='ocr_carea' id='block_1_51' title="bbox 238 4125 1820 4202">
    <p class='ocr_par' dir='ltr' id='par_1_51' title="bbox 238 4125 1820 4202">
     <span class='ocr_line' id='line_1_51' title="bbox 238 4125 1820 4202; baseline 0.003 -22"><span class='ocrx_word' id='word_1_610' title='bbox 238 4125 489 4184; x_wconf 84' lang='lat' dir='ltr'><strong>dederunt</strong></span> <span class='ocrx_word' id='word_1_611' title='bbox 512 4133 733 4186; x_wconf 90' lang='lat' dir='ltr'><strong>cunctis</strong></span> <span class='ocrx_word' id='word_1_612' title='bbox 753 4130 1115 4187; x_wconf 86' lang='lat' dir='ltr'><strong>adstantibus.</strong></span> <span class='ocrx_word' id='word_1_613' title='bbox 1144 4128 1257 4187; x_wconf 76' lang='lat' dir='ltr'><strong>Hoc</strong></span> <span class='ocrx_word' id='word_1_614' title='bbox 1285 4132 1358 4186; x_wconf 89' lang='lat' dir='ltr'><strong>ita</strong></span> <span class='ocrx_word' id='word_1_615' title='bbox 1401 4140 1646 4202; x_wconf 89' lang='lat' dir='ltr'><strong>peracto,</strong></span> <span class='ocrx_word' id='word_1_616' title='bbox 1672 4130 1820 4186; x_wconf 82' lang='lat' dir='ltr'><strong>leva-</strong></span> 
     </span>
    </p>
   </div>
   <div class='ocr_carea' id='block_1_52' title="bbox 240 4216 1826 4291">
    <p class='ocr_par' dir='ltr' id='par_1_52' title="bbox 240 4216 1826 4291">
     <span class='ocr_line' id='line_1_52' title="bbox 240 4216 1826 4291; baseline 0.005 -23"><span class='ocrx_word' id='word_1_617' title='bbox 240 4216 309 4270; x_wconf 87' lang='lat' dir='ltr'><strong>vit</strong></span> <span class='ocrx_word' id='word_1_618' title='bbox 335 4219 526 4279; x_wconf 84' lang='lat' dir='ltr'><strong>oculos</strong></span> <span class='ocrx_word' id='word_1_619' title='bbox 563 4236 697 4277; x_wconf 89' lang='lat' dir='ltr'><strong>suos</strong></span> <span class='ocrx_word' id='word_1_620' title='bbox 746 4221 806 4277; x_wconf 91' lang='lat' dir='ltr'><strong>in</strong></span> <span class='ocrx_word' id='word_1_621' title='bbox 850 4222 1073 4289; x_wconf 79' lang='lat' dir='ltr'><strong>coelum,</strong></span> <span class='ocrx_word' id='word_1_622' title='bbox 1115 4231 1168 4277; x_wconf 94' lang='lat' dir='ltr'><strong>et</strong></span> <span class='ocrx_word' id='word_1_623' title='bbox 1195 4223 1373 4278; x_wconf 88' lang='lat' dir='ltr'><strong>oravit</strong></span> <span class='ocrx_word' id='word_1_624' title='bbox 1416 4230 1628 4278; x_wconf 90' lang='lat' dir='ltr'><strong>secrete</strong></span> <span class='ocrx_word' id='word_1_625' title='bbox 1669 4222 1826 4291; x_wconf 87' lang='lat' dir='ltr'><strong>quasi</strong></span> 
     </span>
    </p>
   </div>
   <div class='ocr_carea' id='block_1_53' title="bbox 243 4311 1827 4385">
    <p class='ocr_par' dir='ltr' id='par_1_53' title="bbox 243 4311 1827 4385">
     <span class='ocr_line' id='line_1_53' title="bbox 243 4311 1827 4385; baseline 0.005 -26"><span class='ocrx_word' id='word_1_626' title='bbox 243 4311 388 4365; x_wconf 86' lang='lat' dir='ltr'><strong>unius</strong></span> <span class='ocrx_word' id='word_1_627' title='bbox 423 4314 577 4368; x_wconf 88' lang='lat' dir='ltr'><strong>horae</strong></span> <span class='ocrx_word' id='word_1_628' title='bbox 618 4313 798 4383; x_wconf 89' lang='lat' dir='ltr'><strong>spatio</strong></span> <span class='ocrx_word' id='word_1_629' title='bbox 827 4327 843 4367; x_wconf 89' lang='lat'><strong>:</strong></span> <span class='ocrx_word' id='word_1_630' title='bbox 871 4322 928 4367; x_wconf 92' lang='lat' dir='ltr'><strong>et</strong></span> <span class='ocrx_word' id='word_1_631' title='bbox 954 4322 1077 4385; x_wconf 89' lang='lat' dir='ltr'><strong>post</strong></span> <span class='ocrx_word' id='word_1_632' title='bbox 1125 4314 1348 4371; x_wconf 87' lang='lat' dir='ltr'><strong>elevans</strong></span> <span class='ocrx_word' id='word_1_633' title='bbox 1376 4328 1588 4380; x_wconf 91' lang='lat' dir='ltr'><strong>vocem,</strong></span> <span class='ocrx_word' id='word_1_634' title='bbox 1628 4312 1827 4369; x_wconf 88' lang='lat' dir='ltr'><strong>leniter</strong></span> 
     </span>
    </p>
   </div>
   <div class='ocr_carea' id='block_1_54' title="bbox 1917 3675 3510 3756">
    <p class='ocr_par' dir='ltr' id='par_1_54' title="bbox 1917 3675 3510 3756">
     <span class='ocr_line' id='line_1_54' title="bbox 1917 3675 3510 3756; baseline -0.009 -14"><span class='ocrx_word' id='word_1_635' title='bbox 1917 3687 2031 3742; x_wconf 88' lang='lat' dir='ltr'><strong>sive</strong></span> <span class='ocrx_word' id='word_1_636' title='bbox 2062 3699 2160 3756; x_wconf 84' lang='lat' dir='ltr'><strong>per</strong></span> <span class='ocrx_word' id='word_1_637' title='bbox 2186 3683 2651 3755; x_wconf 82' lang='lat' dir='ltr'><strong>eleemosynarum</strong></span> <span class='ocrx_word' id='word_1_638' title='bbox 2674 3678 3134 3744; x_wconf 83' lang='lat' dir='ltr'><strong>distributionem,</strong></span> <span class='ocrx_word' id='word_1_639' title='bbox 3158 3677 3383 3748; x_wconf 88' lang='lat' dir='ltr'><strong>dignare</strong></span> <span class='ocrx_word' id='word_1_640' title='bbox 3408 3675 3510 3742; x_wconf 80' lang='lat' dir='ltr'><strong>eis,</strong></span> 
     </span>
    </p>
   </div>
   <div class='ocr_carea' id='block_1_55' title="bbox 1919 3767 3514 3844">
    <p class='ocr_par' dir='ltr' id='par_1_55' title="bbox 1919 3767 3514 3844">
     <span class='ocr_line' id='line_1_55' title="bbox 1919 3767 3514 3844; baseline -0.008 -12"><span class='ocrx_word' id='word_1_641' title='bbox 1919 3778 2166 3843; x_wconf 86' lang='lat' dir='ltr'><strong>Domine,</strong></span> <span class='ocrx_word' id='word_1_642' title='bbox 2192 3776 2481 3833; x_wconf 87' lang='lat' dir='ltr'><strong>restituere</strong></span> <span class='ocrx_word' id='word_1_643' title='bbox 2509 3773 2847 3844; x_wconf 88' lang='lat' dir='ltr'><strong>centuplum,</strong></span> <span class='ocrx_word' id='word_1_644' title='bbox 2876 3778 2933 3827; x_wconf 93' lang='lat' dir='ltr'><strong>et</strong></span> <span class='ocrx_word' id='word_1_645' title='bbox 2957 3780 3082 3842; x_wconf 89' lang='lat' dir='ltr'><strong>post</strong></span> <span class='ocrx_word' id='word_1_646' title='bbox 3118 3770 3225 3825; x_wconf 86' lang='lat' dir='ltr'><strong>hoc</strong></span> <span class='ocrx_word' id='word_1_647' title='bbox 3255 3767 3514 3824; x_wconf 86' lang='lat' dir='ltr'><strong>saeculum</strong></span> 
     </span>
    </p>
   </div>
   <div class='ocr_carea' id='block_1_56' title="bbox 1920 3856 3514 3933">
    <p class='ocr_par' dir='ltr' id='par_1_56' title="bbox 1920 3856 3514 3933">
     <span class='ocr_line' id='line_1_56' title="bbox 1920 3856 3514 3933; baseline -0.011 -6"><span class='ocrx_word' id='word_1_648' title='bbox 1920 3872 2002 3927; x_wconf 88' lang='lat' dir='ltr'><strong>eis</strong></span> <span class='ocrx_word' id='word_1_649' title='bbox 2027 3871 2192 3926; x_wconf 91' lang='lat' dir='ltr'><strong>vitam</strong></span> <span class='ocrx_word' id='word_1_650' title='bbox 2217 3878 2476 3925; x_wconf 65' lang='lat' dir='ltr'><strong>aeternam</strong></span> <span class='ocrx_word' id='word_1_651' title='bbox 2497 3865 2786 3923; x_wconf 90' lang='lat' dir='ltr'><strong>concedas.</strong></span> <span class='ocrx_word' id='word_1_652' title='bbox 2808 3860 2927 3917; x_wconf 84' lang='lat' dir='ltr'><strong>Non</strong></span> <span class='ocrx_word' id='word_1_653' title='bbox 2949 3861 3215 3933; x_wconf 80' lang='lat' dir='ltr'><strong>dignitate</strong></span> <span class='ocrx_word' id='word_1_654' title='bbox 3245 3873 3388 3924; x_wconf 83' lang='lat' dir='ltr'><strong>mea,</strong></span> <span class='ocrx_word' id='word_1_655' title='bbox 3416 3856 3514 3911; x_wconf 89' lang='lat' dir='ltr'><strong>sed</strong></span> 
     </span>
    </p>
   </div>
   <div class='ocr_carea' id='block_1_57' title="bbox 1922 3946 3519 4028">
    <p class='ocr_par' dir='ltr' id='par_1_57' title="bbox 1922 3946 3519 4028">
     <span class='ocr_line' id='line_1_57' title="bbox 1922 3946 3519 4028; baseline -0.012 -10"><span class='ocrx_word' id='word_1_656' title='bbox 1922 3962 2166 4018; x_wconf 88' lang='lat' dir='ltr'><strong>bonitate</strong></span> <span class='ocrx_word' id='word_1_657' title='bbox 2191 3969 2281 4015; x_wconf 92' lang='lat' dir='ltr'><strong>tua</strong></span> <span class='ocrx_word' id='word_1_658' title='bbox 2307 3958 2411 4015; x_wconf 85' lang='lat' dir='ltr'><strong>hoc</strong></span> <span class='ocrx_word' id='word_1_659' title='bbox 2437 3966 2592 4028; x_wconf 87' lang='lat' dir='ltr'><strong>peto;</strong></span> <span class='ocrx_word' id='word_1_660' title='bbox 2643 3964 2698 4009; x_wconf 92' lang='lat' dir='ltr'><strong>tu</strong></span> <span class='ocrx_word' id='word_1_661' title='bbox 2728 3953 2874 4008; x_wconf 89' lang='lat' dir='ltr'><strong>enim</strong></span> <span class='ocrx_word' id='word_1_662' title='bbox 2918 3950 3143 4007; x_wconf 88' lang='lat' dir='ltr'><strong>dixisti:</strong></span> <span class='ocrx_word' id='word_1_663' title='bbox 3180 3968 3199 4001; x_wconf 72' lang='grc' dir='ltr'>ι</span> <span class='ocrx_word' id='word_1_664' title='bbox 3250 3946 3425 4003; x_wconf 80' lang='lat' dir='ltr'><strong>Petito</strong></span> <span class='ocrx_word' id='word_1_665' title='bbox 3463 3954 3519 4001; x_wconf 86' lang='lat' dir='ltr'><strong>et</strong></span> 
     </span>
    </p>
   </div>
   <div class='ocr_carea' id='block_1_58' title="bbox 1924 4039 3517 4120">
    <p class='ocr_par' dir='ltr' id='par_1_58' title="bbox 1924 4039 3517 4120">
     <span class='ocr_line' id='line_1_58' title="bbox 1924 4039 3517 4120; baseline -0.011 -13"><span class='ocrx_word' id='word_1_666' title='bbox 1924 4050 2205 4120; x_wconf 84' lang='lat' dir='ltr'><strong>accipietis</strong></span> <span class='ocrx_word' id='word_1_667' title='bbox 2233 4046 2451 4119; x_wconf 70' lang='lat' dir='ltr'><strong>(Matth.</strong></span> <span class='ocrx_word' id='word_1_668' title='bbox 2482 4061 2575 4111; x_wconf 88' lang='lat' dir='ltr'><strong>vn,</strong></span> <span class='ocrx_word' id='word_1_669' title='bbox 2609 4042 2687 4112; x_wconf 87' lang='lat'><strong>7).</strong></span> <span class='ocrx_word' id='word_1_670' title='bbox 2723 4063 2743 4096; x_wconf 77' lang='grc' dir='ltr'><strong><em>ι</em></strong></span> <span class='ocrx_word' id='word_1_671' title='bbox 2785 4043 2919 4099; x_wconf 84' lang='lat' dir='ltr'><strong>Peto</strong></span> <span class='ocrx_word' id='word_1_672' title='bbox 2964 4039 3363 4097; x_wconf 81' lang='lat' dir='ltr'><strong>incessabiliter</strong></span> <span class='ocrx_word' id='word_1_673' title='bbox 3398 4047 3517 4092; x_wconf 85' lang='lat' dir='ltr'><strong>uta</strong></span> 
     </span>
    </p>
   </div>
   <div class='ocr_carea' id='block_1_59' title="bbox 1927 4129 3521 4205">
    <p class='ocr_par' dir='ltr' id='par_1_59' title="bbox 1927 4129 3521 4205">
     <span class='ocr_line' id='line_1_59' title="bbox 1927 4129 3521 4205; baseline -0.008 -10"><span class='ocrx_word' id='word_1_674' title='bbox 1927 4150 1980 4195; x_wconf 92' lang='lat' dir='ltr'><strong>te</strong></span> <span class='ocrx_word' id='word_1_675' title='bbox 2009 4138 2255 4194; x_wconf 88' lang='lat' dir='ltr'><strong>exaudiri</strong></span> <span class='ocrx_word' id='word_1_676' title='bbox 2284 4136 2516 4202; x_wconf 88' lang='lat' dir='ltr'><strong>valeam,</strong></span> <span class='ocrx_word' id='word_1_677' title='bbox 2550 4148 2661 4205; x_wconf 87' lang='lat' dir='ltr'><strong>quo</strong></span> <span class='ocrx_word' id='word_1_678' title='bbox 2683 4134 2751 4188; x_wconf 87' lang='lat' dir='ltr'><strong>ad</strong></span> <span class='ocrx_word' id='word_1_679' title='bbox 2782 4143 2929 4188; x_wconf 89' lang='lat' dir='ltr'><strong>tuam</strong></span> <span class='ocrx_word' id='word_1_680' title='bbox 2973 4129 3071 4186; x_wconf 91' lang='lat' dir='ltr'><strong>des</strong></span> <span class='ocrx_word' id='word_1_681' title='bbox 3104 4129 3355 4186; x_wconf 75' lang='lat' dir='ltr'><strong>ﬁdelibus</strong></span> <span class='ocrx_word' id='word_1_682' title='bbox 3395 4141 3521 4197; x_wconf 61' lang='lat' dir='ltr'><strong>grai-</strong></span> 
     </span>
    </p>
   </div>
   <div class='ocr_carea' id='block_1_60' title="bbox 1929 4219 3520 4295">
    <p class='ocr_par' dir='ltr' id='par_1_60' title="bbox 1929 4219 3520 4295">
     <span class='ocr_line' id='line_1_60' title="bbox 1929 4219 3520 4295; baseline -0.005 -10"><span class='ocrx_word' id='word_1_683' title='bbox 1929 4230 2079 4285; x_wconf 91' lang='lat' dir='ltr'><strong>tiam.</strong></span> <span class='ocrx_word' id='word_1_684' title='bbox 2105 4228 2271 4284; x_wconf 89' lang='lat' dir='ltr'><strong>Pulso</strong></span> <span class='ocrx_word' id='word_1_685' title='bbox 2296 4236 2353 4281; x_wconf 95' lang='lat' dir='ltr'><strong>ut</strong></span> <span class='ocrx_word' id='word_1_686' title='bbox 2373 4225 2572 4295; x_wconf 86' lang='lat' dir='ltr'><strong>januas</strong></span> <span class='ocrx_word' id='word_1_687' title='bbox 2598 4224 2733 4281; x_wconf 89' lang='lat' dir='ltr'><strong>mihi</strong></span> <span class='ocrx_word' id='word_1_688' title='bbox 2765 4232 2887 4280; x_wconf 88' lang='lat' dir='ltr'><strong>tuas</strong></span> <span class='ocrx_word' id='word_1_689' title='bbox 2915 4222 3148 4294; x_wconf 82' lang='lat' dir='ltr'><strong>aperias.</strong></span> <span class='ocrx_word' id='word_1_690' title='bbox 3193 4219 3310 4276; x_wconf 83' lang='lat' dir='ltr'><strong>Non</strong></span> <span class='ocrx_word' id='word_1_691' title='bbox 3336 4233 3520 4290; x_wconf 83' lang='lat' dir='ltr'><strong>quaero</strong></span> 
     </span>
    </p>
   </div>
   <div class='ocr_carea' id='block_1_61' title="bbox 1928 4307 3565 4385">
    <p class='ocr_par' dir='ltr' id='par_1_61' title="bbox 1928 4307 3565 4385">
     <span class='ocr_line' id='line_1_61' title="bbox 1928 4307 3565 4385; baseline -0.009 -6"><span class='ocrx_word' id='word_1_692' title='bbox 1928 4321 2229 4379; x_wconf 87' lang='lat' dir='ltr'><strong>secundum</strong></span> <span class='ocrx_word' id='word_1_693' title='bbox 2280 4319 2536 4376; x_wconf 88' lang='lat' dir='ltr'><strong>meritum</strong></span> <span class='ocrx_word' id='word_1_694' title='bbox 2590 4328 2797 4385; x_wconf 85' lang='lat' dir='ltr'><strong>meum,</strong></span> <span class='ocrx_word' id='word_1_695' title='bbox 2840 4318 2936 4373; x_wconf 91' lang='lat' dir='ltr'><strong>sed</strong></span> <span class='ocrx_word' id='word_1_696' title='bbox 2999 4307 3295 4373; x_wconf 88' lang='lat' dir='ltr'><strong>secundum</strong></span> <span class='ocrx_word' id='word_1_697' title='bbox 3346 4308 3565 4385; x_wconf 72' lang='lat' dir='ltr'><strong>pieta-&#39;</strong></span> 
     </span>
    </p>
   </div>
   <div class='ocr_carea' id='block_1_62' title="bbox 246 4404 3525 4513">
    <p class='ocr_par' dir='ltr' id='par_1_62' title="bbox 246 4404 3525 4513">
     <span class='ocr_line' id='line_1_62' title="bbox 246 4404 3525 4513; baseline 0.001 -55"><span class='ocrx_word' id='word_1_698' title='bbox 246 4404 407 4462; x_wconf 85' lang='lat' dir='ltr'><strong>dixit:</strong></span> <span class='ocrx_word' id='word_1_699' title='bbox 440 4409 642 4481; x_wconf 79' lang='lat' dir='ltr'><strong>Magne</strong></span> <span class='ocrx_word' id='word_1_700' title='bbox 664 4411 830 4476; x_wconf 89' lang='lat' dir='ltr'><strong>Deus,</strong></span> <span class='ocrx_word' id='word_1_701' title='bbox 876 4410 1099 4465; x_wconf 87' lang='lat' dir='ltr'><strong>humani</strong></span> <span class='ocrx_word' id='word_1_702' title='bbox 1125 4411 1340 4482; x_wconf 84' lang='lat' dir='ltr'><strong>generis</strong></span> <span class='ocrx_word' id='word_1_703' title='bbox 1362 4411 1706 4482; x_wconf 76' lang='lat' dir='ltr'><strong>Redemptor,</strong></span> <span class='ocrx_word' id='word_1_704' title='bbox 1735 4410 1826 4483; x_wconf 92' lang='lat' dir='ltr'><strong>qui</strong></span> <span class='ocrx_word' id='word_1_705' title='bbox 1856 4454 1910 4513; x_wconf 66' lang='grc' dir='ltr'><strong><em>Β</em></strong></span> <span class='ocrx_word' id='word_1_706' title='bbox 1936 4426 2044 4475; x_wconf 73' lang='lat' dir='ltr'><strong>rem</strong></span> <span class='ocrx_word' id='word_1_707' title='bbox 2092 4425 2283 4471; x_wconf 82' lang='lat' dir='ltr'><strong>tuam:</strong></span> <span class='ocrx_word' id='word_1_708' title='bbox 2321 4429 2427 4470; x_wconf 90' lang='lat' dir='ltr'><strong>non</strong></span> <span class='ocrx_word' id='word_1_709' title='bbox 2454 4413 2610 4484; x_wconf 88' lang='lat' dir='ltr'><strong>pulso</strong></span> <span class='ocrx_word' id='word_1_710' title='bbox 2647 4411 2947 4468; x_wconf 83' lang='lat' dir='ltr'><strong>secundum</strong></span> <span class='ocrx_word' id='word_1_711' title='bbox 3002 4408 3273 4479; x_wconf 85' lang='lat' dir='ltr'><strong>justitiam</strong></span> <span class='ocrx_word' id='word_1_712' title='bbox 3324 4421 3525 4470; x_wconf 73' lang='lat' dir='ltr'><strong>meam,</strong></span> 
     </span>
    </p>
   </div>
   <div class='ocr_carea' id='block_1_63' title="bbox 247 4500 1827 4573">
    <p class='ocr_par' dir='ltr' id='par_1_63' title="bbox 247 4500 1827 4573">
     <span class='ocr_line' id='line_1_63' title="bbox 247 4500 1827 4573; baseline 0.004 -23"><span class='ocrx_word' id='word_1_713' title='bbox 247 4512 333 4564; x_wconf 87' lang='lat' dir='ltr'><strong>per</strong></span> <span class='ocrx_word' id='word_1_714' title='bbox 352 4500 642 4569; x_wconf 76' lang='lat' dir='ltr'><strong>Apostolus</strong></span> <span class='ocrx_word' id='word_1_715' title='bbox 669 4509 788 4556; x_wconf 90' lang='lat' dir='ltr'><strong>tuos</strong></span> <span class='ocrx_word' id='word_1_716' title='bbox 814 4500 1035 4556; x_wconf 89' lang='lat' dir='ltr'><strong>Petrum</strong></span> <span class='ocrx_word' id='word_1_717' title='bbox 1069 4510 1125 4556; x_wconf 89' lang='lat' dir='ltr'><strong>et</strong></span> <span class='ocrx_word' id='word_1_718' title='bbox 1156 4501 1384 4558; x_wconf 88' lang='lat' dir='ltr'><strong>Paulum</strong></span> <span class='ocrx_word' id='word_1_719' title='bbox 1415 4501 1656 4558; x_wconf 88' lang='lat' dir='ltr'><strong>Simonis</strong></span> <span class='ocrx_word' id='word_1_720' title='bbox 1704 4516 1827 4573; x_wconf 85' lang='lat' dir='ltr'><strong>per-</strong></span> 
     </span>
    </p>
   </div>
   <div class='ocr_carea' id='block_1_64' title="bbox 251 4584 1819 4664">
    <p class='ocr_par' dir='ltr' id='par_1_64' title="bbox 251 4584 1819 4664">
     <span class='ocr_line' id='line_1_64' title="bbox 251 4584 1819 4664; baseline 0.004 -25"><span class='ocrx_word' id='word_1_721' title='bbox 251 4584 415 4643; x_wconf 85' lang='lat' dir='ltr'><strong>ﬁdiam</strong></span> <span class='ocrx_word' id='word_1_722' title='bbox 445 4591 517 4645; x_wconf 93' lang='lat' dir='ltr'><strong>de</strong></span> <span class='ocrx_word' id='word_1_723' title='bbox 547 4590 659 4645; x_wconf 89' lang='lat' dir='ltr'><strong>alto</strong></span> <span class='ocrx_word' id='word_1_724' title='bbox 689 4589 936 4664; x_wconf 77' lang='lat' dir='ltr'><strong>[cadere]</strong></span> <span class='ocrx_word' id='word_1_725' title='bbox 975 4591 1276 4663; x_wconf 64' lang='lat' dir='ltr'><strong>praecepisti</strong></span> <span class='ocrx_word' id='word_1_726' title='bbox 1326 4592 1575 4648; x_wconf 89' lang='lat' dir='ltr'><strong>invocato</strong></span> <span class='ocrx_word' id='word_1_727' title='bbox 1607 4600 1699 4647; x_wconf 89' lang='lat' dir='ltr'><strong>tuo</strong></span> <span class='ocrx_word' id='word_1_728' title='bbox 1728 4607 1819 4646; x_wconf 91' lang='lat' dir='ltr'><strong>no-</strong></span> 
     </span>
    </p>
   </div>
   <div class='ocr_carea' id='block_1_65' title="bbox 252 4681 1833 4754">
    <p class='ocr_par' dir='ltr' id='par_1_65' title="bbox 252 4681 1833 4754">
     <span class='ocr_line' id='line_1_65' title="bbox 252 4681 1833 4754; baseline 0.006 -26"><span class='ocrx_word' id='word_1_729' title='bbox 252 4681 382 4733; x_wconf 87' lang='lat' dir='ltr'><strong>mine</strong></span> <span class='ocrx_word' id='word_1_730' title='bbox 410 4700 423 4733; x_wconf 88' lang='lat'><strong>:</strong></span> <span class='ocrx_word' id='word_1_731' title='bbox 457 4682 603 4737; x_wconf 87' lang='lat' dir='ltr'><strong>sicut</strong></span> <span class='ocrx_word' id='word_1_732' title='bbox 630 4699 725 4739; x_wconf 85' lang='lat' dir='ltr'><strong>eos</strong></span> <span class='ocrx_word' id='word_1_733' title='bbox 755 4684 1018 4740; x_wconf 79' lang='lat' dir='ltr'><strong>exaudire</strong></span> <span class='ocrx_word' id='word_1_734' title='bbox 1063 4685 1316 4754; x_wconf 81' lang='lat' dir='ltr'><strong>dignatus</strong></span> <span class='ocrx_word' id='word_1_735' title='bbox 1349 4700 1430 4753; x_wconf 90' lang='lat' dir='ltr'><strong>es,</strong></span> <span class='ocrx_word' id='word_1_736' title='bbox 1468 4686 1542 4739; x_wconf 87' lang='lat' dir='ltr'><strong>ita</strong></span> <span class='ocrx_word' id='word_1_737' title='bbox 1572 4683 1833 4739; x_wconf 77' lang='lat' dir='ltr'><strong>exaudire</strong></span> 
     </span>
    </p>
   </div>
   <div class='ocr_carea' id='block_1_66' title="bbox 251 4768 1834 4846">
    <p class='ocr_par' dir='ltr' id='par_1_66' title="bbox 251 4768 1834 4846">
     <span class='ocr_line' id='line_1_66' title="bbox 251 4768 1834 4846; baseline 0.006 -24"><span class='ocrx_word' id='word_1_738' title='bbox 251 4768 464 4840; x_wconf 82' lang='lat' dir='ltr'><strong>dignare</strong></span> <span class='ocrx_word' id='word_1_739' title='bbox 504 4790 595 4829; x_wconf 88' lang='lat' dir='ltr'><strong>me</strong></span> <span class='ocrx_word' id='word_1_740' title='bbox 623 4793 842 4832; x_wconf 89' lang='lat' dir='ltr'><strong>servum</strong></span> <span class='ocrx_word' id='word_1_741' title='bbox 875 4787 1048 4846; x_wconf 88' lang='lat' dir='ltr'><strong>tuum,</strong></span> <span class='ocrx_word' id='word_1_742' title='bbox 1081 4790 1137 4832; x_wconf 90' lang='lat' dir='ltr'><strong>et</strong></span> <span class='ocrx_word' id='word_1_743' title='bbox 1176 4779 1244 4832; x_wconf 87' lang='lat' dir='ltr'><strong>ad</strong></span> <span class='ocrx_word' id='word_1_744' title='bbox 1278 4787 1329 4832; x_wconf 88' lang='lat' dir='ltr'><strong>te</strong></span> <span class='ocrx_word' id='word_1_745' title='bbox 1360 4787 1620 4835; x_wconf 89' lang='lat' dir='ltr'><strong>converte</strong></span> <span class='ocrx_word' id='word_1_746' title='bbox 1659 4776 1834 4832; x_wconf 87' lang='lat' dir='ltr'><strong>Theo-</strong></span> 
     </span>
    </p>
   </div>
   <div class='ocr_carea' id='block_1_67' title="bbox 253 4863 1834 4945">
    <p class='ocr_par' dir='ltr' id='par_1_67' title="bbox 253 4863 1834 4945">
     <span class='ocr_line' id='line_1_67' title="bbox 253 4863 1834 4945; baseline 0.003 -30"><span class='ocrx_word' id='word_1_747' title='bbox 253 4863 555 4933; x_wconf 81' lang='lat' dir='ltr'><strong>pbylactum</strong></span> <span class='ocrx_word' id='word_1_748' title='bbox 590 4875 644 4922; x_wconf 88' lang='lat' dir='ltr'><strong>et</strong></span> <span class='ocrx_word' id='word_1_749' title='bbox 672 4866 992 4938; x_wconf 80' lang='lat' dir='ltr'><strong>Gregorium</strong></span> <span class='ocrx_word' id='word_1_750' title='bbox 1021 4877 1076 4922; x_wconf 89' lang='lat' dir='ltr'><strong>ct</strong></span> <span class='ocrx_word' id='word_1_751' title='bbox 1108 4866 1329 4945; x_wconf 75' lang='lat' dir='ltr'><strong>Petrum</strong></span> <span class='ocrx_word' id='word_1_752' title='bbox 1358 4869 1449 4939; x_wconf 88' lang='lat' dir='ltr'><strong>qui</strong></span> <span class='ocrx_word' id='word_1_753' title='bbox 1482 4870 1533 4923; x_wconf 88' lang='lat' dir='ltr'><strong>in</strong></span> <span class='ocrx_word' id='word_1_754' title='bbox 1568 4877 1677 4922; x_wconf 91' lang='lat' dir='ltr'><strong>toto</strong></span> <span class='ocrx_word' id='word_1_755' title='bbox 1697 4883 1834 4936; x_wconf 85' lang='lat' dir='ltr'><strong>pene</strong></span> 
     </span>
    </p>
   </div>
   <div class='ocr_carea' id='block_1_68' title="bbox 256 4956 1841 5042">
    <p class='ocr_par' dir='ltr' id='par_1_68' title="bbox 256 4956 1841 5029">
     <span class='ocr_line' id='line_1_68' title="bbox 256 4956 1841 5029; baseline 0.004 -19"><span class='ocrx_word' id='word_1_756' title='bbox 256 4956 445 5010; x_wconf 58' lang='lat' dir='ltr'><strong>mando</strong></span> <span class='ocrx_word' id='word_1_757' title='bbox 471 4956 843 5014; x_wconf 85' lang='lat' dir='ltr'><strong>Simoniacam</strong></span> <span class='ocrx_word' id='word_1_758' title='bbox 866 4961 1115 5015; x_wconf 83' lang='lat' dir='ltr'><strong>haeresim</strong></span> <span class='ocrx_word' id='word_1_759' title='bbox 1140 4959 1542 5029; x_wconf 56' lang='lat' dir='ltr'><strong>solidaverunll:</strong></span> <span class='ocrx_word' id='word_1_760' title='bbox 1573 4967 1629 5013; x_wconf 88' lang='lat' dir='ltr'><strong>et</strong></span> <span class='ocrx_word' id='word_1_761' title='bbox 1654 4959 1731 5013; x_wconf 89' lang='lat' dir='ltr'><strong>ita</strong></span> <span class='ocrx_word' id='word_1_762' title='bbox 1757 4959 1841 5016; x_wconf 82' lang='lat' dir='ltr'><strong>fac</strong></span> 
     </span>
    </p>
   </div>
   <div class='ocr_carea' id='block_1_69' title="bbox 260 5052 1843 5124">
    <p class='ocr_par' dir='ltr' id='par_1_69' title="bbox 260 5052 1843 5124">
     <span class='ocr_line' id='line_1_69' title="bbox 260 5052 1843 5124; baseline 0.006 -23"><span class='ocrx_word' id='word_1_763' title='bbox 260 5062 343 5102; x_wconf 87' lang='lat' dir='ltr'><strong>eos</strong></span> <span class='ocrx_word' id='word_1_764' title='bbox 369 5064 699 5121; x_wconf 84' lang='lat' dir='ltr'><strong>cognoscere</strong></span> <span class='ocrx_word' id='word_1_765' title='bbox 731 5054 869 5107; x_wconf 88' lang='lat' dir='ltr'><strong>viam</strong></span> <span class='ocrx_word' id='word_1_766' title='bbox 899 5054 1176 5117; x_wconf 87' lang='lat' dir='ltr'><strong>veritatis,</strong></span> <span class='ocrx_word' id='word_1_767' title='bbox 1204 5060 1263 5105; x_wconf 93' lang='lat' dir='ltr'><strong>ut</strong></span> <span class='ocrx_word' id='word_1_768' title='bbox 1282 5052 1660 5124; x_wconf 86' lang='lat' dir='ltr'><strong>derelinquant</strong></span> <span class='ocrx_word' id='word_1_769' title='bbox 1695 5067 1843 5111; x_wconf 79' lang='lat' dir='ltr'><strong>erro-</strong></span> 
     </span>
    </p>
   </div>
   <div class='ocr_carea' id='block_1_70' title="bbox 1937 4494 3526 4574">
    <p class='ocr_par' dir='ltr' id='par_1_70' title="bbox 1937 4494 3526 4574">
     <span class='ocr_line' id='line_1_70' title="bbox 1937 4494 3526 4574; baseline -0.007 -13"><span class='ocrx_word' id='word_1_770' title='bbox 1937 4506 2033 4561; x_wconf 90' lang='lat' dir='ltr'><strong>sed</strong></span> <span class='ocrx_word' id='word_1_771' title='bbox 2079 4503 2378 4561; x_wconf 89' lang='lat' dir='ltr'><strong>secundum</strong></span> <span class='ocrx_word' id='word_1_772' title='bbox 2409 4517 2660 4574; x_wconf 89' lang='lat' dir='ltr'><strong>magnam</strong></span> <span class='ocrx_word' id='word_1_773' title='bbox 2702 4501 3137 4557; x_wconf 87' lang='lat' dir='ltr'><strong>misericordiam</strong></span> <span class='ocrx_word' id='word_1_774' title='bbox 3194 4509 3364 4555; x_wconf 88' lang='lat' dir='ltr'><strong>tuam.</strong></span> <span class='ocrx_word' id='word_1_775' title='bbox 3408 4494 3526 4551; x_wconf 83' lang='lat' dir='ltr'><strong>Non</strong></span> 
     </span>
    </p>
   </div>
   <div class='ocr_carea' id='block_1_71' title="bbox 1939 4591 3529 4667">
    <p class='ocr_par' dir='ltr' id='par_1_71' title="bbox 1939 4591 3529 4667">
     <span class='ocr_line' id='line_1_71' title="bbox 1939 4591 3529 4667; baseline -0.008 -13"><span class='ocrx_word' id='word_1_776' title='bbox 1939 4613 2135 4654; x_wconf 88' lang='lat' dir='ltr'><strong>nomen</strong></span> <span class='ocrx_word' id='word_1_777' title='bbox 2190 4612 2372 4652; x_wconf 89' lang='lat' dir='ltr'><strong>meum</strong></span> <span class='ocrx_word' id='word_1_778' title='bbox 2424 4605 2548 4667; x_wconf 88' lang='lat' dir='ltr'><strong>peto</strong></span> <span class='ocrx_word' id='word_1_779' title='bbox 2578 4604 2639 4650; x_wconf 91' lang='lat' dir='ltr'><strong>ut</strong></span> <span class='ocrx_word' id='word_1_780' title='bbox 2684 4594 2982 4659; x_wconf 84' lang='lat' dir='ltr'><strong>exaltetur,</strong></span> <span class='ocrx_word' id='word_1_781' title='bbox 3008 4591 3099 4664; x_wconf 87' lang='lat' dir='ltr'><strong>qui</strong></span> <span class='ocrx_word' id='word_1_782' title='bbox 3148 4591 3378 4646; x_wconf 82' lang='lat' dir='ltr'><strong>meritus</strong></span> <span class='ocrx_word' id='word_1_783' title='bbox 3422 4603 3529 4642; x_wconf 91' lang='lat' dir='ltr'><strong>non</strong></span> 
     </span>
    </p>
   </div>
   <div class='ocr_carea' id='block_1_72' title="bbox 1941 4677 3535 4758">
    <p class='ocr_par' dir='ltr' id='par_1_72' title="bbox 1941 4677 3535 4758">
     <span class='ocr_line' id='line_1_72' title="bbox 1941 4677 3535 4758; baseline -0.009 -13"><span class='ocrx_word' id='word_1_784' title='bbox 1941 4706 2060 4747; x_wconf 92' lang='lat' dir='ltr'><strong>sum</strong></span> <span class='ocrx_word' id='word_1_785' title='bbox 2102 4688 2228 4744; x_wconf 88' lang='lat' dir='ltr'><strong>talia</strong></span> <span class='ocrx_word' id='word_1_786' title='bbox 2258 4688 2441 4743; x_wconf 89' lang='lat' dir='ltr'><strong>dona:</strong></span> <span class='ocrx_word' id='word_1_787' title='bbox 2474 4688 2570 4743; x_wconf 89' lang='lat' dir='ltr'><strong>sed</strong></span> <span class='ocrx_word' id='word_1_788' title='bbox 2604 4695 2663 4743; x_wconf 91' lang='lat' dir='ltr'><strong>ut</strong></span> <span class='ocrx_word' id='word_1_789' title='bbox 2714 4684 3089 4758; x_wconf 83' lang='lat' dir='ltr'><strong>Apostolicam</strong></span> <span class='ocrx_word' id='word_1_790' title='bbox 3136 4680 3335 4745; x_wconf 71' lang='lat' dir='ltr'><strong>Sedeat</strong></span> <span class='ocrx_word' id='word_1_791' title='bbox 3366 4677 3535 4734; x_wconf 88' lang='lat' dir='ltr'><strong>subli-</strong></span> 
     </span>
    </p>
   </div>
   <div class='ocr_carea' id='block_1_73' title="bbox 1941 4768 3539 4852">
    <p class='ocr_par' dir='ltr' id='par_1_73' title="bbox 1941 4768 3539 4852">
     <span class='ocr_line' id='line_1_73' title="bbox 1941 4768 3539 4852; baseline -0.008 -14"><span class='ocrx_word' id='word_1_792' title='bbox 1941 4797 2093 4838; x_wconf 88' lang='lat' dir='ltr'><strong>mare</strong></span> <span class='ocrx_word' id='word_1_793' title='bbox 2121 4781 2380 4852; x_wconf 85' lang='lat' dir='ltr'><strong>digneris.</strong></span> <span class='ocrx_word' id='word_1_794' title='bbox 2395 4788 2618 4850; x_wconf 88' lang='lat' dir='ltr'><strong>propter</strong></span> <span class='ocrx_word' id='word_1_795' title='bbox 2644 4794 2842 4835; x_wconf 86' lang='lat' dir='ltr'><strong>nomen</strong></span> <span class='ocrx_word' id='word_1_796' title='bbox 2869 4789 3041 4842; x_wconf 84' lang='lat' dir='ltr'><strong>tuum,</strong></span> <span class='ocrx_word' id='word_1_797' title='bbox 3073 4773 3322 4841; x_wconf 86' lang='lat' dir='ltr'><strong>Domine,</strong></span> <span class='ocrx_word' id='word_1_798' title='bbox 3356 4768 3448 4842; x_wconf 89' lang='lat' dir='ltr'><strong>qui</strong></span> <span class='ocrx_word' id='word_1_799' title='bbox 3478 4786 3539 4826; x_wconf 82' lang='lat' dir='ltr'><strong>es</strong></span> 
     </span>
    </p>
   </div>
   <div class='ocr_carea' id='block_1_74' title="bbox 1942 4868 3181 4932">
    <p class='ocr_par' dir='ltr' id='par_1_74' title="bbox 1942 4868 3181 4932">
     <span class='ocr_line' id='line_1_74' title="bbox 1942 4868 3181 4932; baseline -0.01 0"><span class='ocrx_word' id='word_1_800' title='bbox 1942 4875 2259 4932; x_wconf 88' lang='lat' dir='ltr'><strong>benedictus</strong></span> <span class='ocrx_word' id='word_1_801' title='bbox 2290 4873 2343 4927; x_wconf 91' lang='lat' dir='ltr'><strong>in</strong></span> <span class='ocrx_word' id='word_1_802' title='bbox 2372 4872 2571 4929; x_wconf 61' lang='lat' dir='ltr'><strong>saecula</strong></span> <span class='ocrx_word' id='word_1_803' title='bbox 2597 4871 2945 4928; x_wconf 72' lang='lat' dir='ltr'><strong>saeculorum.</strong></span> <span class='ocrx_word' id='word_1_804' title='bbox 2987 4868 3181 4923; x_wconf 85' lang='lat' dir='ltr'><strong>Amen.</strong></span> 
     </span>
    </p>
   </div>
   <div class='ocr_carea' id='block_1_75' title="bbox 2020 4956 3549 5034">
    <p class='ocr_par' dir='ltr' id='par_1_75' title="bbox 2020 4956 3549 5034">
     <span class='ocr_line' id='line_1_75' title="bbox 2020 4956 3549 5034; baseline -0.007 -14"><span class='ocrx_word' id='word_1_805' title='bbox 2020 4966 2074 5020; x_wconf 88' lang='lat'><strong>7.</strong></span> <span class='ocrx_word' id='word_1_806' title='bbox 2113 4966 2375 5034; x_wconf 84' lang='lat' dir='ltr'><strong>Sequenti</strong></span> <span class='ocrx_word' id='word_1_807' title='bbox 2410 4980 2543 5019; x_wconf 88' lang='lat' dir='ltr'><strong>vero</strong></span> <span class='ocrx_word' id='word_1_808' title='bbox 2571 4972 2730 5020; x_wconf 91' lang='lat' dir='ltr'><strong>nocte</strong></span> <span class='ocrx_word' id='word_1_809' title='bbox 2758 4965 3020 5021; x_wconf 86' lang='lat' dir='ltr'><strong>viderunt</strong></span> <span class='ocrx_word' id='word_1_810' title='bbox 3060 4957 3283 5029; x_wconf 86' lang='lat' dir='ltr'><strong>quidam</strong></span> <span class='ocrx_word' id='word_1_811' title='bbox 3308 4956 3549 5027; x_wconf 83' lang='lat' dir='ltr'><strong>religiosi</strong></span> 
     </span>
    </p>
   </div>
   <div class='ocr_carea' id='block_1_76' title="bbox 1945 5039 3556 5124">
    <p class='ocr_par' dir='ltr' id='par_1_76' title="bbox 1945 5039 3556 5124">
     <span class='ocr_line' id='line_1_76' title="bbox 1945 5039 3556 5124; baseline -0.01 -7"><span class='ocrx_word' id='word_1_812' title='bbox 1945 5060 2050 5117; x_wconf 88' lang='lat' dir='ltr'><strong>viri</strong></span> <span class='ocrx_word' id='word_1_813' title='bbox 2100 5074 2206 5113; x_wconf 89' lang='lat' dir='ltr'><strong>non</strong></span> <span class='ocrx_word' id='word_1_814' title='bbox 2248 5057 2572 5112; x_wconf 89' lang='lat' dir='ltr'><strong>dissimilem</strong></span> <span class='ocrx_word' id='word_1_815' title='bbox 2618 5054 2917 5124; x_wconf 88' lang='lat' dir='ltr'><strong>visionem,</strong></span> <span class='ocrx_word' id='word_1_816' title='bbox 2969 5053 3103 5109; x_wconf 83' lang='lat' dir='ltr'><strong>duos</strong></span> <span class='ocrx_word' id='word_1_817' title='bbox 3149 5039 3556 5109; x_wconf 76' lang='lat' dir='ltr'><strong>candidissintis</strong></span> 
     </span>
    </p>
   </div>
  </div>
