4062 5352
552 340 649 400 831

1887 341 1943 398 S.
1982 343 2114 398 LEO
2151 344 2219 399 IX
2260 344 2450 400 PAPA.

3718 343 3825 398 53:!

551 459 686 515 lam.
735 455 849 511 lioe
873 454 1118 510 videntes
1149 463 1508 510 surrexerunt
1535 470 1789 516 aesomno
1824 475 1836 510 :
1875 446 1930 512 et
1987 473 2135 513 cam-
2164 463 2210 520 Α
2241 462 2622 530 obtemperans
2662 458 2936 514 consentit
2981 457 3208 524 servire,
3264 472 3462 529 corpus
3502 459 3623 531 ejus
3669 461 3827 530 quasi

553 564 710 620 pana;
736 557 1027 619 cmperunt
1053 546 1258 619 pulsari
1303 556 1547 618 tempore
1574 549 1860 604 matutino.
1895 547 2138 620 Cumque

555 641 675 696 dies
735 638 1042 705 illuxisset,
1095 639 1444 709 congregatis
1506 639 1756 695 omnibus
1819 639 2136 710 Episcopis,

554 729 902 802 Presbyteris
930 740 986 787 et
1021 729 1376 792 Diacouibus,
1409 737 1715 800 cunctoque
1759 729 1916 785 Clero
1947 741 2002 785 et
2045 744 2140 799 po—

554 818 685 890 pulo
739 819 990 880 Romano
1042 819 1095 874 in
1145 818 1376 874 ecclesia
1437 819 1497 874 Β.
1549 819 1731 887 Petri,
1783 821 2020 876 surrexit
2075 822 2142 876 de

557 912 779 977 lectulo,
811 911 940 966 hinc
979 919 1032 966 et
1074 911 1196 966 inde
1251 925 1280 964 a
1336 910 1605 966 ministris
1648 912 1762 966 suis
1809 911 2143 983 gubernatus

559 1002 799 1067 duobus,
828 1003 895 1056 ad
946 1001 1122 1072 ipsum
1170 1001 1230 1055 Β.
1267 1001 1412 1056 Petri
1473 1017 1690 1058 sacrum
1743 1003 1913 1060 altare
1954 1019 1968 1058 :
2019 1013 2144 1059 ante

559 1093 706 1164 quod
735 1109 857 1148 cum
890 1093 1196 1164 lacrymans
1226 1101 1534 1163 prostratus
1569 1093 1756 1149 fuisset
1809 1096 1862 1150 in
1919 1105 2143 1162 terram,

559 1188 740 1243 oravit
765 1186 930 1258 quasi
967 1186 1143 1256 spatio
1191 1187 1340 1240 horae
1388 1187 1550 1241 unius
1593 1195 1619 1242 ι
1666 1197 1721 1242 et
1777 1203 2027 1244 reversus
2078 1187 2146 1242 ad

559 1280 817 1338 lectulum
875 1280 1043 1352 jussit
1085 1279 1361 1335 silentium
1417 1279 1557 1343 ﬁeri,
1613 1295 1838 1336 monens
1883 1279 2141 1350 populum

560 1387 814 1429 sermone
850 1373 1023 1428 brevi.
1072 1373 1210 1427 Hinc
1256 1372 1488 1427 munivit
1539 1387 1737 1443 corpus
1782 1389 1941 1428 suum
1993 1372 2148 1442 signo

561 1463 970 1536 gloriosissima:
1011 1463 1202 1520 Crucis
1255 1463 1481 1530 Christi,
1530 1474 1584 1518 et
1613 1465 1818 1519 vocatis
1869 1464 2150 1533 Episcopis

563 1555 962 1612 confessionem
996 1552 1146 1622 fecit,
1173 1553 1409 1624 etjussit
1454 1555 1556 1610 sibi
1601 1556 1670 1610 ab
1702 1571 1808 1610 uno
1854 1556 2152 1628 Episcopo-

563 1661 689 1702 rnm
719 1646 842 1702 cani
873 1645 1092 1702 Missam
1121 1663 1135 1698 :
1175 1662 1205 1700 a
1237 1661 1346 1717 quo
1379 1648 1652 1718 accipiens
1697 1647 1906 1717 Corpus
1949 1647 2150 1702 Christi

562 1747 620 1795 et
659 1739 1013 1811 Sanguinem,
1058 1739 1202 1795 dixit
1249 1753 1275 1793 τ·
1307 1738 1513 1796 Audite
1558 1751 1782 1812 propter
1829 1740 2149 1806 DOmi‘num‘,

2241 551 2460 605 domum
2502 549 2776 620 pr0priam
2825 549 3090 604 intramus
3120 589 3137 616 ,
3192 549 3338 620 quod
3385 551 3606 620 quidem
3657 553 3830 607 multo

2245 651 2488 712 tempore
2513 641 2824 696 habitamus
2855 639 3090 695 occulte.
3118 639 3270 696 Tunc
3305 641 3562 697 dixerunt
3604 642 3842 713 quidam.

2242 733 2308 788 de
2338 727 2724 786 Sacerdotibus
2759 747 2774 785 :
2818 730 3239 797 Dic,.scelerate,
3268 741 3471 787 etcum
3515 733 3733 790 occulte
3779 736 3834 789 in

2243 825 2479 881 hominis
2503 840 2731 896 corpore
2763 826 3043 891 habitatis,
3084 828 3357 895 quomodo
3390 839 3515 882 tunr
3554 845 3683 884 eum
3716 830 3835 899 pri-

2245 932 2393 970 mum
2431 915 2646 970 lazditis.
2693 917 2910 971 Daemon
2942 918 3266 986 respondit:
3297 918 3352 972 In
3394 919 3588 988 primis
3641 921 3835 990 incipi".

2247 1021 2368 1060 mus
2393 1005 2446 1060 in
2476 1005 2568 1060 illo
2600 1007 2816 1060 mittere
2853 1006 3292 1071 somnolentiam,
3326 1009 3604 1078 prigitiam
3653 1019 3720 1064 et
3757 1009 3848 1064 t‘a-

2245 1113 2389 1154 mem
2428 1115 2445 1154 :
2485 1107 2539 1154 et
2574 1098 2700 1154 dum
2737 1099 3054 1154 dormienda
3110 1109 3165 1154 et
3218 1102 3526 1172 pigritando
3579 1105 3834 1173 quiescit.

2248 1190 2545 1245 maximum
2578 1190 2915 1259 acquirimus
2957 1189 3189 1246 lucrum.
3231 1192 3474 1262 Cumque
3505 1201 3681 1248 totum
3721 1210 3840 1250 cor-

2247 1297 2349 1353 pus
2396 1279 2513 1350 ejus
2572 1291 2772 1336 nostrae
2833 1281 3171 1338 subdidimus
3227 1287 3519 1353 potestati,
3567 1287 3841 1358 contingit

2250 1386 2374 1427 eum
2403 1372 2470 1426 ad
2499 1371 2784 1428 ecclesiam
2825 1373 2927 1438 ire,
2955 1381 3009 1428 et
3039 1374 3179 1430 inter
3206 1373 3379 1431 bonos
3425 1386 3491 1432 et.
3527 1376 3842 1434 Catholicos

2250 1463 2397 1518 viros
2427 1463 2765 1518 commisceri
2797 1481 2811 1517 :
2843 1479 3071 1534 quorum
3096 1465 3460 1537 eloquentiam
3497 1467 3852 1538 spiritu-alem-

2255 1569 2360 1610 non
2413 1555 2658 1610 valentes
2690 1553 2940 1619 sufferre,
2986 1556 3274 1626 incipimus
3322 1558 3400 1614 ira
3443 1559 3670 1615 excitati
3695 1560 3846 1616 lace-

2255 1662 2376 1702 rare
2403 1662 2598 1718 corpus
2627 1645 2764 1716 ejus,
2791 1663 2855 1703 eo
2877 1647 3020 1717 quod
3065 1648 3204 1703 ultra
3251 1665 3358 1705 non
3409 1666 3707 1720 possumus
3752 1666 3848 1706 oe-

2253 1739 2472 1796 cultari.
2500 1739 2652 1796 Tunc
2683 1740 2819 1794 dixit
2842 1756 2984 1795 unus
3007 1740 3078 1796 de
3117 1740 3459 1797 adstantibus
3507 1742 3794 1814 Episcopis
3825 1760 3843 1798 :

562 1830 763 1888 habete
787 1830 1086 1895 silentium,
1122 1831 1350 1886 forsitan
1377 1847 1589 1902 possem
1617 1843 1842 1904 propter
1880 1832 2153 1887 modicum
2185 1815 2230 1874 Β
2258 1829 2462 1898 Adjuro
2504 1839 2555 1886 te
2589 1845 2685 1900 per
2719 1830 2995 1885 viventem
3041 1831 3095 1886 in
3136 1832 3330 1887 saecula
3387 1833 3749 1899 saeculorum,
3787 1843 3859 1890 ut.

565 1923 815 1994 accipere
856 1938 1106 1978 somnum
1150 1937 1165 1976 :
1218 1933 1274 1978 et
1330 1939 1455 1980 cum
1516 1919 1832 1980 inclinasset
1881 1932 2044 1995 caput
2098 1924 2152 1978 in

565 2017 770 2074 Rectum
824 2017 979 2088 quasi
1029 2017 1220 2072 horam
1281 2017 1561 2072 dimidiam
1619 2017 1825 2088 quievit
1877 2035 1890 2071 :
1947 2017 2000 2071 in
2049 2032 2153 2087 qua

567 2107 882 2178 quietudine
922 2107 1252 2164 obdormivit
1281 2107 1331 2162 in
1380 2123 1534 2178 pace.
1569 2108 1721 2164 Tunc
1750 2125 1891 2164 unus
1919 2109 1986 2163 de
2035 2109 2156 2179 Epi-

568 2201 752 2270 scopis
777 2199 1019 2254 surrexit
1071 2209 1127 2254 et
1178 2200 1355 2271 tetigit
1398 2199 1574 2266 illum,
1617 2212 1812 2271 putans
1855 2201 2041 2258 vivere
2093 2201 2155 2256 il-

566 2290 682 2348 lum
715 2309 730 2346 :
760 2306 922 2362 quem
962 2307 1087 2348 cum
1140 2293 1484 2363 cognovisset
1515 2292 1854 2360 defunctum,
1884 2294 2157 2349 nuntiavit

571 2385 790 2440 steteris
815 2384 1168 2455 Coepiscopis
1216 2386 1310 2455 qui
1353 2385 1580 2441 aderant
1618 2403 1809 2444 omnes
1867 2387 2155 2444 Dominum

567 2490 820 2532 exorare.
853 2475 995 2531 Mira
1016 2476 1259 2532 dicturus
1307 2491 1447 2542 sum,
1477 2493 1598 2548 quae
1643 2477 1906 2534 Dominus
1954 2479 2007 2533 in
2045 2479 2160 2536 suis

567 2567 731 2626 factis
758 2569 1010 2640 dignatns
1037 2578 1139 2625 est.
1190 2569 1331 2625 llora
1378 2585 1481 2640 qua
1522 2572 1753 2627 eximius
1777 2571 1975 2627 Praesul
2005 2585 2158 2629 suam

569 2661 810 2717 animam
851 2661 1069 2718 Christo
1115 2661 1550 2728 conmendavit,
1596 2662 1742 2718 nullo
1790 2661 2160 2719 ministrorum

567 2751 853 2826 pulsante,
882 2767 912 2807 a
943 2768 1001 2808 se
1036 2752 1149 2823 ipsa
1181 2751 1238 2808 S.
1274 2753 1418 2808 Petri
1449 2768 1709 2823 campana
1741 2768 1936 2808 sonare
1975 2754 2160 2822 cmpit.

569 2847 690 2915 Qua
726 2845 934 2902 scilicet
984 2846 1116 2901 hora
1163 2845 1381 2916 quidam
1428 2844 1681 2901 Albertns
1711 2847 1948 2908 nomine,
1973 2843 2161 2898 casteri

569 2937 812 3008 quinque
839 2936 906 2992 de
955 2935 1251 2991 Tudertina
1292 2935 1427 2991 urbe
1463 2937 1748 3007 protestati
1800 2943 1927 2991 sunt
1962 2935 2163 2990 vidisse

569 3042 634 3085 se
681 3029 837 3100 quasi
900 3036 1127 3083 stratam
1194 3027 1372 3097 palliis
1445 3027 1773 3099 fulgentibus
1841 3026 2162 3080 adornatam

571 3128 631 3176 et
653 3119 965 3174 innumeris
997 3127 1374 3174 coruscantem
1427 3117 1786 3187 lampadibus,
1824 3130 1930 3186 qua
1979 3114 2162 3169 anima

571 3209 1016 3282 ejusabAngelis
1038 3210 1338 3265 ducebatur
1359 3209 1428 3264 ad
1465 3208 1659 3264 cmluni
1693 3207 1828 3279 (67).
1860 3205 2032 3260 Tanta
2063 3204 2164 3258 ita-

571 3317 686 3372 que
710 3300 812 3356 fuit
837 3302 1096 3372 quietudo
1143 3302 1196 3356 in
1239 3301 1358 3371 ejus
1408 3302 1556 3356 obitu
1603 3315 1698 3371 per
1750 3308 1917 3354 totam
1971 3299 2164 3353 urbem

573 3389 905 3456 Romanam,
942 3400 1006 3446 ut
1027 3408 1126 3447 nec
1173 3393 1252 3447 ar!
1274 3409 1428 3448 orum
1463 3392 1681 3447 frondes
1727 3407 1856 3445 aura
1892 3391 2163 3447 modicum

580 3483 834 3553 agitaret.
865 3483 1011 3540 Obiit
1042 3496 1221 3539 autem
1245 3484 1599 3540 Beatissiruus
1627 3483 1735 3539 Leo
1763 3483 1906 3554 Papa
1934 3498 2031 3536 xm
2060 3482 2165 3536 Ka-

576 3575 774 3631 lendas
799 3575 992 3646 Maias,
1021 3575 1156 3632 feria
1196 3594 1272 3644 iv,
1301 3587 1356 3633 et
1378 3579 1619 3648 sepultus
1647 3587 1736 3634 est
1755 3578 1806 3632 in
1838 3592 1988 3648 pace.
2028 3578 2166 3632 Vere

577 3667 726 3721 extim
748 3665 892 3722 Deus
919 3682 1013 3722 sua
1039 3668 1240 3739 pietate
1277 3669 1423 3740 pium
1465 3669 1698 3724 Leonem
1745 3669 1892 3724 fecit.
1946 3669 2054 3724 Sed
2099 3683 2167 3724 ne

580 3759 846 3829 temporis
873 3759 1098 3814 tarditas
1128 3775 1214 3816 me
1248 3760 1691 3832 comprehendat,
1721 3761 1787 3816 ad
1818 3776 1881 3816 ea
1932 3776 2052 3830 qua:
2081 3759 2164 3815 di-

578 3863 776 3909 cturus
802 3869 922 3909 sum
962 3855 1224 3927 attingam
1267 3872 1434 3911 :nam
1471 3857 1573 3911 ista
1625 3873 1796 3929 pauca
1842 3858 2167 3914 detersimus

576 3943 648 3998 de
685 3943 808 4014 ejus
827 3945 951 4002 Vita
985 3945 1052 4002 de
1097 3947 1310 4013 multis;
1356 3948 1449 4003 sed
1481 3949 1547 4003 de
1586 3949 1861 4005 miraculis
1913 3965 2032 4019 qum
2070 3963 2168 4020 per

579 4051 704 4090 eum
756 4038 1018 4094 Dominus
1071 4040 1322 4111 dignatus
1380 4050 1464 4097 est
1520 4052 1643 4113 post
1701 4043 1818 4113 ejus
1877 4043 2166 4098 transitum

581 4129 890 4195 ostendere,
923 4129 1154 4187 ﬁdeliter
1181 4134 1491 4190 doceaimis.

1218 4226 1450 4282 CAPUT
1485 4228 1547 4282 ll.

580 4307 847 4364 lfiracula
895 4322 1009 4380 post
1034 4323 1250 4368 niortem
1282 4332 1441 4386 usque
1469 4318 1539 4370 ad
1562 4319 1790 4389 vigiliam
1813 4322 2174 4377 Ascenstoms.

525 4391 530 4395 ’
653 4399 706 4455 8.
729 4400 914 4456 Altera
939 4417 1070 4458 vero
1099 4405 1186 4459 die
1210 4414 1333 4474 post
1361 4408 1477 4477 ejus
1513 4409 1739 4476 obitum,
1777 4412 2020 4478 quaedam
2053 4427 2171 4464 mu-

2255 1921 2404 1976 dicas
2436 1921 2592 1977 nobis
2644 1921 2688 1976 si
2712 1920 2823 1976 Leo
2849 1921 2942 1976 Dei
2968 1936 3158 1977 servus
3177 1931 3233 1978 et
3257 1921 3398 1993 Papa
3429 1923 3578 1979 inter
3607 1923 3852 1980 Sanctus

2255 2012 2454 2068 fruitur
2510 2012 2688 2083 aliqua
2743 2021 3032 2084 potestate.
3089 2014 3159 2070 At
3214 2015 3303 2070 ille
3346 2030 3468 2070 cum
3522 2017 3734 2088 gemitu
3792 2026 3850 2071 et

2255 2104 2488 2175 suspirio
2509 2105 2692 2160 dixit:
2741 2105 2784 2161 Ο
2820 2104 3087 2172 maleﬁce,
3134 2121 3306 2177 quare
3349 2107 3641 2162 nominasti
3695 2107 3848 2163 illum

2257 2196 2632 2253 adversarium
2663 2205 2910 2253 nostrum
2944 2205 3001 2252 et
3046 2197 3386 2253 seductorem
3418 2197 3586 2253 totius
3626 2198 3858 2268 [novin-.-

2256 2290 2374 2346 cize.
2406 2306 2506 2362 per
2538 2304 2700 2359 quem
2729 2297 2879 2344 tanta
2905 2305 3038 2361 gens
3068 2290 3329 2345 subversa
3355 2299 3466 2354 est,
3501 2301 3558 2346 et
3588 2306 3619 2345 a
3661 2299 3860 2346 nostro

2257 2370 2486 2454 collegio
2532 2391 2818 2452 separata;
2873 2397 2973 2438 nos
3017 2383 3181 2437 etiam
3232 2382 3477 2453 quotidie
3522 2382 3753 2454 expellit
3797 2394 3851 2437 et

2261 2472 2492 2528 vinculis
2540 2483 2856 2528 catenarum
2888 2472 3244 2543 constringit,
3272 2481 3435 2543 atque
3476 2471 3627 2542 ejicit
3658 2474 3726 2528 de
3757 2473 3854 2528 ba-

2261 2565 2512 2622 bitaculis
2542 2583 2557 2620 :
2592 2567 2735 2621 unde
2777 2566 2896 2637 vagi
2927 2575 2983 2619 et
3031 2565 3315 2621 instabiles
3365 2580 3432 2620 ac
3475 2565 3725 2633 venales,
3754 2581 3858 2636 per

2261 2661 2473 2714 deserta
2511 2669 2567 2714 et
2595 2659 2932 2714 infructuosa
2957 2656 3072 2712 loca
3099 2656 3572 2728 perambulantes,
3604 2657 3656 2710 in
3703 2656 3868 2711 nullo-

2263 2765 2502 2821 uuquam
2561 2747 2804 2818 requiem
2854 2747 3180 2802 invenimus.
3234 2747 3301 2802 Et
3359 2747 3660 2817 Episc0pus
3708 2747 3789 2801 ait
3833 2762 3850 2799 :

2263 2837 2378 2893 Non
2411 2837 2475 2892 ad
2507 2853 2570 2892 ea
2612 2853 2732 2906 quae
2764 2837 3092 2908 interrogavi
3120 2837 3414 2908 respondes
3447 2854 3463 2903 ;
3496 2837 3590 2892 sed
3619 2836 3728 2891 alia
3768 2836 3856 2889 vi-

2265 2929 2413 2985 deris
2461 2939 2706 2984 enatare.
2761 2928 2830 2982 Et
2868 2927 3080 2983 daemon
3121 2928 3453 2998 respondit:
3479 2927 3616 2993 Leo,
3670 2935 3856 2982 vester

2267 3020 2409 3092 Papa
2463 3036 2526 3076 ac
2579 3020 2858 3083 Dominus,
2909 3034 3036 3072 vere
3089 3019 3233 3074 inter
3289 3017 3522 3074 Sanctos
3569 3028 3675 3084 est,
3711 3019 3854 3072 inter

2267 3127 2402 3181 quos
2430 3126 2686 3181 magnum
2712 3109 2921 3164 obtinet
2941 3109 3272 3178 triumphum
3314 3126 3327 3161 :
3375 3109 3467 3180 qni
3513 3125 3621 3163 non
3676 3118 3859 3163 Cessat

2267 3205 2508 3276 quotidie
2563 3201 2813 3274 persequi
2853 3216 2984 3266 nos,
3036 3209 3095 3254 ut
3143 3211 3388 3255 nostrum
3436 3200 3608 3270 possit
3652 3214 3854 3254 nomen

2265 3309 2533 3353 evacuare
2562 3308 2576 3347 :
2610 3309 2706 3364 per
2733 3307 2892 3362 quem
2921 3302 2974 3346 et
3004 3292 3166 3347 hodie
3197 3292 3264 3346 de
3306 3291 3407 3346 hac
3432 3291 3593 3346 domo
3630 3289 3860 3359 ejicien-

2267 3388 2366 3442 dus
2396 3401 2536 3441 sum.
2562 3383 2713 3438 Talia
2741 3399 2807 3440 eo
2848 3383 3084 3445 dicente,
3114 3383 3310 3438 mulier
3339 3383 3583 3454 quaedam
3626 3397 3853 3452 respon-

2267 3479 2363 3544 dit,
2391 3478 2530 3533 inter
2548 3486 2771 3531 cmteros
2793 3484 2973 3529 mente
2996 3472 3225 3545 perﬁda,
3253 3473 3436 3528 dicens
3459 3473 3601 3544 (68):
3638 3473 3694 3526 In
3720 3474 3852 3526 hora

2268 3587 2370 3642 qua
2406 3571 2514 3624 Leo
2537 3568 2678 3638 Papa
2721 3566 2994 3621 daemones
3019 3565 3308 3636 fugaverit,
3350 3580 3450 3635 ego
3496 3565 3679 3635 regina
3725 3580 3850 3628 ero;

2267 3673 2323 3718 et
2369 3677 2557 3716 omnes
2608 3675 2744 3730 quos
2793 3658 2920 3712 fecit
2973 3657 3154 3727 gladio
3214 3657 3452 3726 perimi,
3514 3671 3616 3728 ego
3669 3656 3851 3710 statim

2269 3751 2626 3809 resuscitabo.
2683 3749 2781 3802 Vix
2829 3747 2956 3802 talia
3003 3747 3373 3818 compleverat
3417 3745 3581 3801 verba
3608 3785 3625 3811 ,
3673 3745 3855 3801 subito

2268 3863 2300 3903 a
2349 3847 2616 3903 daemonio
2664 3844 2960 3902 crudeliter
3014 3842 3179 3912 erepit
3239 3842 3460 3906 vexari;
3516 3839 3603 3894 illa
3671 3849 3852 3893 autem

2268 3941 2485 4005 mulier,
2517 3954 2636 4011 qua:
2659 3954 2688 3992 a
2720 3936 2929 3993 Tuscia:
2958 3935 3202 4005 partibus
3235 3943 3492 3997 venerat,
3524 3932 3712 3988 cuidem
3758 3931 3858 3986 bo-

2271 4051 2330 4090 ra
2361 4050 2390 4088 a
2415 4031 2682 4088 da‘monio
2709 4039 2791 4085 est
2818 4028 3070 4082 liberata.
3110 4027 3264 4082 Tunc
3305 4039 3496 4080 omnes
3542 4023 3722 4094 populi
3762 4022 3854 4091 qui

2271 4125 2501 4180 aderant
2530 4128 2810 4192 emperunt
2841 4134 2952 4187 pra:
3002 4119 3196 4171 timore
3239 4131 3362 4171 esse
3404 4115 3703 4186 perterriti,
3747 4113 3854 4168 cla-

2271 4223 2485 4270 mantes
2515 4211 2844 4268 unanimiter
2873 4227 2885 4262 :
2913 4208 3111 4264 Sancte
3142 4205 3252 4262 Leo
3272 4247 3287 4272 ,
3319 4221 3479 4276 parce
3507 4205 3664 4260 nobis
3688 4245 3704 4269 ,
3729 4204 3851 4273 quia

2272 4306 2470 4375 injuste
2499 4308 2726 4374 egimus.

2344 4411 2397 4465 9.
2429 4410 2484 4464 In
2513 4401 2603 4463 illa
2629 4407 2761 4462 hora
2788 4405 2895 4461 duo
2935 4404 3035 4458 viri
3067 4403 3328 4456 contracti
3363 4409 3631 4455 venerunt
3671 4399 3737 4453 ad
3769 4408 3854 4451 tu-

580 4492 692 4594 ιὶειδ⁸
713 4494 780 4548 de
826 4494 1039 4549 Tusciae
1073 4497 1322 4565 partibus
1377 4499 1528 4553 venit
1571 4500 1638 4552 ad
1686 4501 1974 4556 ecclesiam
2015 4502 2165 4557 Beati
2201 4536 2247 4594 ο
2274 4503 2480 4559 mulum
2503 4499 2639 4568 ejus,
2664 4498 2929 4553 habentes
2956 4497 3154 4550 nodosa
3183 4504 3236 4548 et
3259 4501 3508 4548 contorta
3533 4506 3708 4562 genua
3731 4505 3852 4554 sua,

580 4572 823 4654 Δῶειοιὶ
859 4601 872 4638 :
903 4593 1107 4640 etcum
1153 4587 1409 4657 coepisset
1459 4605 1558 4659 per
1599 4591 1800 4661 gradus
1850 4595 2163 4659 ascendere,

581 4678 751 4748 cmpit
775 4693 894 4734 eam
926 4680 1136 4736 ᾱωιηοιι
1177 4696 1376 4738 vexare
1402 4693 1458 4737 et
1477 4698 1573 4752 per
1597 4699 1660 4739 os
1684 4685 1799 4755 ejus
1845 4685 2083 4740 clamare
2113 4695 2168 4740 et

582 4775 767 4828 dicere
793 4789 812 4826 τ
841 4771 887 4828 0
915 4771 1118 4829 Sancte
1151 4773 1264 4829 Leo
1287 4815 1302 4839 ,
1352 4789 1524 4844 quare
1584 4777 1796 4832 catenis
1853 4777 2026 4848 igneis
2083 4793 2168 4832 me

578 4869 823 4924 vinctum
852 4868 1061 4923 trahis?
1087 4883 1194 4924 non
1219 4878 1272 4923 te
1307 4867 1416 4924 laesi
1455 4885 1711 4940 unquam.
1747 4872 1813 4927 Et
1857 4887 1978 4928 cum
2007 4872 2165 4926 ducta

581 4959 772 5016 fuisset
799 4961 867 5015 ad
896 4959 1157 5018 tumulum
1185 4959 1322 5028 ejus,
1361 4973 1645 5031 cmperunt
1678 4964 1957 5019 adstantes
1984 4963 2165 5018 incre-

2273 4608 2504 4664 quoruin
2533 4588 2772 4644 calcanei
2806 4587 3026 4651 natibus
3068 4583 3455 4638 adlurrebant:
3491 4582 3583 4651 qui
3633 4581 3856 4635 venien-

2278 4693 2382 4748 tes,
2412 4680 2528 4736 sani
2561 4677 2760 4733 reversi
2790 4684 2937 4739 sunt,
2963 4673 3168 4729 nullum
3200 4672 3410 4742 signent
3445 4670 3711 4725 habentes
3740 4668 3850 4739 pri-

2276 4777 2433 4833 stinm
2463 4771 2817 4828 inﬁrmitatis.
2870 4769 2993 4838 Ipso
3039 4767 3170 4822 item
3217 4765 3306 4820 die
3341 4765 3476 4820 hora
3526 4763 3853 4832 vespertina,

2275 4867 2426 4922 venit
2445 4865 2664 4936 quidam
2689 4863 2770 4916 vir
2797 4870 2978 4925 mutus
3002 4868 3053 4913 et
3081 4857 3301 4922 surdus,
3326 4865 3382 4911 et
3418 4854 3695 4910 sinistrum
3716 4853 3854 4907 latus

2276 4957 2487 5012 aridum
2516 4954 2742 5016 habens,
2771 4959 3028 5020 totusque
3058 4949 3440 5020 phantasmate
3466 4944 3701 5016 quodam
3744 4958 3853 4998 ma-

2505 5062 2517 5068 -
2551 5044 2636 5068 -..ἔ
2686 5058 2800 5068 -..ηε
2835 5040 3023 5068 fuit-nni
3081 5039 3146 5068 ΑιΙ
3189 5051 3403 5068 ann-Iann‘
3455 5033 3723 5068 θεοί-’.11111111
3769 5032 3856 5068 ΑΔ-

3189 5053 3343 5068 ann-ul
3353 5051 3403 5068 n1
