4062 5352
288 244 395 300 535

286 360 587 414 currebant
612 362 863 416 certatim
893 378 1015 418 cum
1040 359 1216 418 cereis
1242 365 1296 413 et
1321 358 1722 430 oblationibus,
1746 377 1873 434 gau-
1900 366 1949 424 Α
1980 362 2033 419 in
2084 362 2260 422 nobis.
2319 363 2411 419 Ait
2463 362 2758 435 Episcopus
2804 378 2819 416 :

285 450 479 505 dentes
498 458 556 504 et
578 449 938 505 exsultantes.

356 540 446 595 ίο.
484 538 608 595 Alia
631 556 763 597 vero
787 540 876 596 die
920 540 1069 597 venit
1112 538 1331 612 quidam
1383 541 1467 598 vir
1516 543 1583 599 de
1613 544 1871 610 Francia,

281 631 376 701 qui
415 630 656 687 habebat
692 647 890 702 corpus
932 647 1091 688 suum
1140 631 1322 690 ferreo
1363 634 1582 706 cingulo
1628 644 1875 692 coarcta-

283 732 425 789 tum,
455 721 529 777 ita
567 733 625 777 ut
659 737 757 794 per
795 739 988 796 gyrum
1034 725 1279 795 corporis
1329 726 1509 783 sanies
1563 727 1730 783 multa
1782 728 1875 801 de-

280 824 535 870 curreret
584 814 640 871 in
699 824 904 873 terram
957 833 970 871 :
1025 815 1169 887 quod
1222 817 1467 874 videntes
1509 818 1601 889 qui
1647 818 1876 875 aderant

277 920 448 961 nares
482 905 588 961 sibi
641 920 756 975 prce
795 906 964 965 nimio
1008 921 1211 977 pavore
1258 916 1315 965 et
1364 907 1539 966 fetore
1587 909 1876 966 obturave-

277 1005 449 1062 runt,
517 997 874 1071 deprecantes
933 996 1224 1054 Dominum
1298 1006 1362 1054 ut
1426 1013 1523 1070 per
1575 998 1635 1053 S.
1681 997 1875 1055 Leonis

276 1088 480 1144 merita
510 1088 713 1144 misero
739 1087 816 1143 illi
842 1102 1167 1145 succurrere
1195 1087 1534 1160 dignaretur.
1570 1087 1678 1145 Res
1702 1090 1868 1146 mira!

275 1180 470 1235 statim
500 1178 711 1235 ferrum
758 1180 989 1252 crepuit,
1037 1190 1093 1236 et
1127 1181 1295 1238 multa
1349 1179 1466 1236 fusa
1510 1182 1664 1237 sanie
1714 1183 1874 1239 homo

276 1271 529 1328 redditus
557 1281 646 1327 est
692 1272 923 1344 penitus
943 1272 1163 1328 sanitati
1190 1290 1204 1326 :
1229 1288 1297 1328 ex
1324 1288 1433 1344 quo
1475 1272 1644 1345 gavisi
1686 1290 1875 1333 omnes

278 1360 456 1417 Deum
500 1370 558 1416 ct
603 1376 823 1418 servum
882 1378 1038 1418 suum
1087 1362 1145 1419 S.
1195 1363 1511 1421 Pontiﬁcem
1566 1365 1873 1423 collaudare

274 1463 590 1525 ceperunt.

356 1545 442 1600 ti.
484 1545 543 1602 in
573 1545 663 1601 illa
690 1547 825 1603 hora
858 1546 1069 1604 tlzemon
1092 1552 1188 1619 pd-
1222 1564 1286 1606 os
1313 1548 1561 1607 mulieris
1583 1549 1729 1607 illius
1750 1565 1872 1621 quae

274 1638 533 1707 superius
559 1638 961 1695 dixerat:Hora
996 1655 1101 1712 qua
1134 1639 1246 1697 Leo
1285 1639 1434 1712 Papa
1477 1642 1752 1698 daemones
1788 1642 1871 1696 fu-

968 246 1255 306 Ρῑιοιεα.
1286 244 1695 305 -ΗΙΞΤΟΠΙΑ
1738 250 1864 309 MOI

1971 253 1995 308 5
2033 253 2121 309 ΕΤ
2159 251 2391 310 ιιιιιΑα.
2433 252 2491 308 S.
2533 249 2776 309 LEONlS
2814 249 2905 309 ιχ.

3455 250 3561 306 εει

2878 358 3157 415 Venerunt
3213 359 3313 431 ipsi
3373 359 3561 416 Sancti

1980 454 2241 521 Romam!
2286 453 2583 525 Respondit
2609 453 2859 508 daemon:
2892 450 3372 521 Vere,,inquiens,
3404 451 3564 508 hodie

1980 545 2198 601 venient
2218 558 2340 600 cum
2372 543 2516 615 Papa
2546 541 2746 597 Leone.
2782 541 3044 596 Dixerunt
3071 541 3292 612 quidam
3323 542 3390 599 de
3432 542 3562 598 Pre-

1978 634 2234 706 sbyteris,
2260 632 2353 704 qui
2379 639 2678 703 prrescntes
2725 630 2993 705 aderant:
3023 629 3091 689 Et
3130 630 3273 687 unde
3322 631 3566 687 sciemus

1977 725 2198 796 quando
2227 725 2333 779 huc
2363 723 2617 780 venient?
2658 732 2752 777 aut
2779 723 2996 792 quando
3040 714 3367 794 cognoscere
3410 732 3564 794 pole—

1979 816 2189 873 rimus?
2219 816 2437 871 Damon
2466 812 2774 886 respondit?
2795 812 2968 870 Citius
2996 812 3111 884 jam
3138 830 3307 886 prope
3334 815 3563 871 Romani

1979 917 2147 963 sunt:
2180 907 2378 978 quibus
2413 906 2757 963 venientibus
2792 921 2892 977 ego
2934 907 3022 964 hic
3071 917 3217 963 stare
3266 908 3410 964 ultra
3456 925 3564 964 non

1978 1007 2187 1072 potero.
2220 998 2360 1056 Sunt
2385 999 2530 1059 enim
2556 999 2643 1056 hic
2664 1009 2719 1056 et
2757 999 2847 1056 alii
2894 999 3100 1059 fratres
3142 1002 3280 1059 mei:
3327 1002 3457 1061 dum
3489 1003 3565 1059 illi

1980 1091 2253 1158 venerint,
2282 1107 2475 1148 omnes
2511 1107 2722 1149 mecum
2763 1090 2945 1162 fugam
2980 1093 3264 1164 arripient.
3314 1095 3423 1151 Vos
3470 1112 3567 1151 au-

1981 1192 2089 1240 tem
2119 1183 2349 1255 aspicite
2391 1183 2447 1239 in
2484 1182 2732 1255 lampade
2770 1192 2898 1241 ante
2944 1184 3162 1258 signum
3209 1186 3348 1258 ejus,
3384 1195 3441 1243 et
3476 1203 3569 1246 co-

1977 1275 2254 1347 gnoscetis
2279 1275 2513 1347 signum,
2547 1275 2814 1331 adventus
2849 1289 3060 1332 eorum.
3113 1274 3268 1333 Tunc
3310 1291 3443 1334 vere
3482 1292 3568 1332 sc-

1979 1367 2222 1423 cundum
2272 1368 2536 1423 daemonis
2561 1366 2799 1436 dictum,
2817 1368 2973 1439 quasi
3003 1368 3148 1425 circa
3172 1369 3364 1425 horam
3411 1384 3569 1440 quar-

1981 1466 2115 1521 tam,
2147 1456 2285 1511 odor
2304 1470 2546 1528 magnus
2563 1455 2742 1513 factus
2771 1466 2857 1514 est
2902 1472 2999 1529 per
3022 1466 3191 1515 totam
3244 1459 3563 1524 ecclesiam;

1977 1557 2034 1604 et
2061 1547 2453 1619 aspicientibus
2484 1548 2539 1605 in
2567 1548 2895 1620 lampadem,
2921 1550 3175 1607 viderunt
3217 1565 3337 1608 eam
3369 1566 3566 1608 ascen-

1982 1639 2112 1696 dere
2150 1654 2319 1711 prope
2356 1639 2606 1696 ecclesia:
2652 1650 2951 1713 tegmenta,
2999 1657 3124 1699 cum
3181 1657 3290 1713 qua
3349 1653 3409 1701 et
3456 1654 3567 1700 tres

274 1728 516 1798 gaverit,
564 1742 666 1801 ego
689 1729 881 1799 regina
904 1738 1116 1797 ero;et
1157 1745 1296 1804 quos
1330 1729 1447 1802 ipse
1490 1728 1623 1787 fecit
1668 1731 1863 1804 perimi
1896 1716 1944 1778 Β
1972 1731 2169 1788 ardere
2217 1731 2498 1803 lampades
2539 1731 2717 1789 visum
2783 1741 2887 1790 est.
2948 1731 3006 1788 In
3054 1732 3172 1804 ipsa
3218 1735 3352 1791 hora
3399 1737 3567 1806 coepit

272 1817 479 1890 gladio,
506 1834 607 1889 ego
633 1820 974 1876 resnscitabo
991 1861 1008 1889 ,
1033 1819 1867 1894 ompitelamaredleensclleul

274 1907 415 1964 heu!
455 1924 627 1980 quare
673 1909 1012 1982 ingredimur
1057 1921 1114 1968 et
1158 1920 1503 1969 coarctamur
1525 1914 1680 1971 exire
1733 1929 1870 1971 cum

270 2002 601 2059 tormentis?
637 2001 788 2060 Nihil
832 2013 884 2061 te
922 2003 1182 2073 liesimus,
1204 2004 1337 2072 Leo,
1380 2022 1555 2078 quare
1602 2021 1705 2065 nos
1757 2023 1863 2065 non

274 2095 551 2164 permittis
578 2095 664 2152 vel
689 2111 794 2152 una
828 2098 1174 2167 requiescere
1216 2099 1388 2155 hora?
1415 2098 1567 2157 Tunc
1611 2100 1862 2173 Episcopi

271 2187 363 2256 qui
416 2187 646 2243 aderant
691 2187 950 2245 dixerunt
983 2208 996 2244 :
1026 2189 1331 2258 Maledicte,
1392 2203 1670 2250 revertere
1717 2191 1862 2259 unde

273 2280 383 2335 huc
408 2280 703 2349 advenisti,
734 2290 791 2338 et
814 2282 903 2338 exi
928 2282 999 2339 ab
1041 2282 1152 2339 illa.
1202 2281 1303 2351 Qui
1349 2285 1631 2357 respondit
1675 2304 1689 2341 :
1745 2285 1862 2343 Non

272 2387 500 2443 possum
530 2374 732 2430 reverti
765 2375 910 2432 unde
928 2375 1096 2443 exivi,
1124 2377 1253 2448 quia
1301 2376 1519 2450 signata
1546 2384 1631 2433 est
1678 2392 1694 2433 :
1736 2392 1862 2433 nam

270 2462 528 2522 hesterno
556 2466 647 2523 die
676 2468 821 2524 exivi
850 2468 915 2526 de
940 2468 1104 2526 domo
1128 2485 1270 2537 mea,
1300 2478 1356 2527 et
1378 2470 1519 2525 hanc
1542 2469 1596 2524 in
1620 2457 1864 2526 commu-

271 2555 534 2612 tationem
567 2559 772 2629 recepi.
803 2559 1057 2630 Dixitque
1098 2559 1397 2632 Episcopus
1427 2578 1441 2615 :
1474 2560 1539 2616 ιι
1580 2575 1752 2630 quare
1796 2573 1888 2618 de.

271 2646 375 2702 ista
411 2646 559 2704 ultro
585 2648 865 2712 exis?Jl|e
899 2650 1217 2721 respondit:
1243 2650 1380 2718 Quia
1425 2649 1538 2706 Leo
1569 2650 1699 2705 mihi
1740 2666 1862 2706 eam

267 2737 417 2795 dedit
466 2739 536 2795 ad
592 2741 978 2811 possidendum
1032 2741 1149 2797 heri
1216 2750 1438 2813 propter
1490 2742 1862 2812 blasphemias

265 2843 406 2898 quas
430 2828 615 2885 locuta
641 2840 728 2885 est
754 2830 807 2884 in
847 2845 972 2885 eum
1005 2847 1020 2897 ;
1054 2831 1149 2887 sed
1180 2841 1358 2887 tamen
1391 2830 1480 2886 ille
1506 2822 1723 2888 mobilis
1754 2840 1860 2897 est,

264 2928 323 2974 et
348 2935 633 2976 sermones
659 2920 779 2989 eius
804 2937 912 2977 non
943 2931 1071 2977 sunt
1108 2922 1223 2979 veri
1256 2937 1271 2976 :
1303 2911 1564 2978 hesterno
1587 2921 1676 2977 die
1713 2920 1864 2977 dedit

267 3010 430 3065 nobis
476 3020 525 3063 cl
558 3011 719 3066 hodie
749 3010 932 3080 cjicict
961 3028 1062 3068 nos
1087 3014 1153 3065 de
1182 3013 1283 3069 ista
1313 3012 1672 3067 habitatione.
1709 3012 1860 3068 Tunc

1968 1823 2186 1881 daimon
2231 1823 2441 1881 ululare
2489 1824 2632 1883 sicut
2680 1824 2880 1896 lupus,
2931 1834 2987 1882 et
3033 1826 3305 1883 modicum
3356 1843 3562 1882 vexans

1968 1915 2248 1973 mulierem
2270 1916 2439 1974 exivit
2467 1918 2539 1973 ab
2584 1932 2672 1973 ea.
2723 1918 2878 1973 Tunc
2906 1917 3328 1976 circumstantes
3364 1932 3556 1990 cmpe-

1968 2018 2095 2065 runt
2118 2009 2337 2065 laudare
2352 1998 2522 2066 Deum
2542 2018 2597 2066 et
2623 2008 2686 2065 B.
2709 2008 2946 2065 Leonem
2980 2008 3243 2066 famulum
3270 2008 3543 2082 ejus(7l).

1988 2100 1991 2103 λ
2039 2100 2127 2155 i2.
2173 2097 2357 2155 Tertia
2392 2099 2478 2155 die
2522 2108 2644 2170 post
2682 2098 3015 2169 sepulturam
3064 2098 3129 2154 Β.
3177 2099 3378 2156 Leonis
3421 2100 3562 2156 Noui

1966 2189 2144 2259 Papae,
2182 2187 2326 2245 facta
2357 2196 2485 2245 sunt
2528 2190 2634 2245 duo
2662 2187 2920 2244 miracula
2959 2189 3027 2244 ad
3074 2187 3338 2244 tumulum
3371 2188 3563 2259 ipsius,

1969 2280 2221 2337 videlicet
2247 2281 2354 2336 duo
2392 2279 2661 2346 homines,
2690 2280 2781 2351 qui
2828 2280 2920 2335 diu
2956 2288 3083 2337 ante
3100 2280 3303 2351 ‘januas
3335 2281 3568 2352 Aposto-

1966 2371 2141 2429 lorum
2169 2371 2437 2443 Principis
2460 2371 2745 2441 jacuerant
2777 2371 3066 2437 contracti,
3094 2386 3193 2440 per
3216 2370 3469 2427 meritum
3499 2370 3562 2424 Β.

1964 2463 2163 2520 Leonis
2189 2464 2351 2536 Papa
2387 2463 2641 2521 abierunt
2666 2463 2854 2530 erecti,
2887 2474 2942 2518 et
2990 2463 3104 2519 hoc-
3117 2477 3255 2534 pene
3287 2470 3397 2518 tota
3430 2461 3562 2517 civi-

1967 2566 2049 2612 tas
2095 2557 2267 2621 novit,
2310 2571 2432 2627 qua:
2476 2571 2571 2612 eos
2619 2563 2931 2611 contractos
2975 2565 3135 2610 antea
3176 2553 3329 2609 vidit.
3377 2552 3567 2607 Mulier

1965 2646 2243 2717 quaedam,
2273 2646 2450 2715 spatio
2481 2644 2719 2701 sedecim
2750 2659 3016 2699 annorum
3063 2644 3325 2716 languens
3354 2653 3405 2697 et
3437 2658 3566 2697 cou-

1966 2738 2369 2810 tracta,jaccns
2396 2738 2450 2792 in
2495 2736 2743 2809 grabato,
2789 2734 2907 2806 ejus
2935 2736 3004 2792 ad
3034 2733 3299 2791 tumulum
3331 2734 3565 2789 devecta

1964 2839 2085 2886 est:
2118 2836 2173 2884 et
2217 2828 2341 2899 quia
2372 2827 2605 2883 ﬁdeliter
2635 2827 2902 2891 credidit,
2936 2842 3070 2881 sana
3100 2834 3158 2881 et
3201 2833 3381 2881 erecta
3416 2823 3564 2878 illine

1966 2921 2126 2977 rediit
2156 2938 2168 2973 :
2193 2929 2248 2975 et
2272 2920 2385 2974 hzec
2412 2918 2663 2974 similiter
2692 2918 2903 2974 civibus
2930 2925 3054 2973 nota
3087 2925 3193 2971 est.
3220 2914 3406 2971 Altera
3430 2929 3564 2971 vero

1968 3009 2159 3065 mulier
2186 3009 2250 3064 de
2284 3006 2592 3073 Lateranis,
2621 3006 2896 3077 Stephana
2922 2996 3161 3071 nomine,
3197 3019 3337 3060 uxor
3379 3002 3562 3074 cujus-

266 3099 405 3157 dixit
434 3101 736 3175 Episcopus
775 3078 791 3156 ἐ
831 3103 905 3158 Ει
935 3104 1077 3159 unde
1122 3104 1235 3161 scis
1259 3104 1403 3173 quod
1436 3104 1599 3160 hodie
1639 3103 1864 3163 eiiciat?
1890 3078 1934 3137 (ἶ
1969 3100 2091 3156 dam
2120 3099 2289 3165 Petri,
2321 3099 2643 3155 daemonium
2665 3098 2893 3165 habens,
2920 3098 2988 3154 ad
3014 3097 3278 3153 tumulum
3309 3095 3452 3153 illius
3475 3112 3565 3152 ve-

265 3187 570 3260 Respondit
611 3191 822 3247 dmmon
869 3210 882 3244 :
922 3192 1114 3249 Vidisti
1166 3194 1327 3260 heri,
1381 3194 1605 3267 quando
1658 3204 1863 3250 mutam

264 3282 504 3352 linguam
537 3283 778 3349 resolvit,
809 3285 923 3356 ipsa
950 3286 1084 3341 hora
1116 3288 1358 3357 perrexit
1386 3303 1506 3343 cum
1533 3287 1715 3344 Marco
1734 3289 1862 3360 Epi-

1971 3193 2087 3246 nit:
2122 3193 2211 3248 ubi
2252 3192 2570 3262 sanguinem
2607 3206 2830 3247 vomens
2859 3201 2915 3247 et
2956 3190 3209 3248 volutans
3239 3206 3300 3247 se
3343 3201 3454 3247 tres
3482 3192 3564 3246 ni—

1969 3297 2094 3352 gros
2146 3281 2411 3338 carbones
2461 3296 2567 3336 oro.
2584 3280 2854 3347 reddidit;
2892 3295 3015 3335 cum
3055 3280 3251 3352 quibus
3278 3288 3334 3336 et
3364 3282 3566 3337 daemo-

263 3387 431 3442 ιοοΡο
452 3372 660 3444 Apulia!
678 3385 733 3429 el
754 3390 876 3430 cum
892 3375 1164 3432 Marciano
1187 3375 1450 3448 Episcopo
1465 3377 1578 3451 (69)
1594 3377 1871 3451 Frequen-
1968 3374 2115 3428 nium
2147 3373 2430 3440 abscessit,
2459 3380 2513 3427 ct
2540 3371 2652 3434 illa,
2684 3388 2845 3430 sensu
2861 3380 3104 3445 recepto,
3133 3372 3362 3429 laudans
3390 3373 3561 3428 Deum

266 3466 394 3520 tinze
434 3466 549 3537 (70)
594 3465 854 3522 Ecclesiae
888 3467 1296 3523 Beneventum.
1344 3468 1492 3524 Dixit
1524 3469 1861 3542 Episcopus:

263 3558 372 3613 Pro
418 3574 527 3629 qua
579 3575 745 3615 causa
802 3569 1180 3633 perrexerunt.
1239 3561 1535 3632 Respondit
1591 3562 1801 3621 daemon
1845 3580 1857 3616 :

266 3647 487 3714 Nescio,
514 3649 608 3704 sed
635 3649 765 3707 scio.
793 3650 918 3720 quia
951 3651 1004 3705 in
1055 3651 1244 3722 Apulia
1294 3662 1444 3718 sunt,
1490 3652 1580 3708 ubi
1627 3665 1860 3725 pugnam

267 3750 462 3795 contra
492 3740 724 3797 Sanetus
752 3740 1010 3797 Norinani
1042 3744 1451 3799 commiserunt.
1498 3743 1587 3799 Ait
1629 3743 1857 3816 Episco-

266 3845 369 3904 pus
402 3850 418 3886 :
453 3828 593 3887 Vere
619 3843 747 3889 sunt
785 3834 960 3889 sancti
1008 3833 1316 3901 Alemanni,
1343 3835 1436 3905 qui
1483 3844 1612 3890 sunt
1659 3834 1857 3891 ibidem

267 3920 584 3978 interfecti?
627 3923 724 3980 Ait
768 3923 1011 3981 demon:
1057 3923 1304 3997 Triginta
1339 3935 1391 3981 et
1442 3925 1680 3995 quinque
1730 3936 1858 3982 sunt

265 4010 598 4069 sanctiﬁcati
625 4028 693 4070 ex
719 4014 805 4071 eis
837 4028 936 4086 per
958 4030 1095 4086 quos
1120 4015 1273 4088 signa
1307 4025 1364 4072 et
1405 4016 1679 4072 mirabilia
1719 4015 1857 4073 fiunt

262 4102 468 4161 inloco
498 4104 608 4171 illo,
640 4120 709 4163 eo
732 4108 879 4177 quod
902 4117 1095 4178 sponte
1126 4116 1392 4165 venerunt
1435 4118 1492 4165 et
1520 4124 1645 4165 cum
1685 4108 1856 4166 fideli-

260 4200 375 4248 tate
420 4208 523 4264 pro
568 4192 782 4264 justitia
823 4211 1067 4267 pugnare
1117 4196 1449 4253 maluerunt.
1503 4195 1697 4253 Caneri
1748 4196 1857 4254 illic

260 4297 395 4342 tunc
421 4286 624 4341 mortui
651 4286 704 4341 in
729 4288 987 4357 paradiso
1012 4297 1141 4345 sunt
1169 4303 1380 4355 omnes,
1404 4289 1500 4346 sed
1523 4290 1650 4360 quia
1687 4288 1855 4347 invite

1966 3464 2148 3521 rediit.

2038 3556 2125 3611 15.
2158 3556 2213 3611 ln
2243 3554 2465 3611 Letania
2494 3556 2718 3627 majore,
2751 3557 2816 3611 ad
2861 3556 3125 3613 tumulum
3176 3556 3319 3612 illius
3356 3556 3563 3628 lampas

1964 3646 2146 3701 divino
2176 3647 2299 3717 igne
2334 3661 2561 3703 accensa
2602 3657 2704 3704 est.
2738 3647 2849 3705 Nec
2892 3648 2993 3705 hoc
3028 3649 3197 3705 semel
3235 3659 3438 3716 actum,
3470 3650 3563 3703 sed

1962 3736 2044 3792 bis
2068 3745 2124 3792 et
2152 3747 2258 3803 ter,
2297 3745 2353 3792 et
2383 3738 2484 3793 hoc
2514 3738 2651 3793 vidit
2706 3753 2828 3810 quae
2856 3739 2943 3795 illa
2978 3740 3066 3795 die
3090 3738 3244 3795 ﬂuxit
3281 3739 3351 3795 ad
3390 3739 3564 3797 eccle-

1961 3828 2094 3882 siam
2121 3826 2185 3882 Β.
2221 3826 2368 3885 Petri
2404 3828 2584 3883 omnis
2614 3826 2859 3885 Romana
2906 3830 3217 3886 multitudo.
3248 3829 3309 3885 in
3355 3828 3563 3885 Mercu-

1959 3918 2081 3973 lana
2139 3918 2360 3989 regione
2400 3918 2515 3991 (72)
2547 3919 2793 3989 quaedam
2823 3919 3039 3987 mulier,
3087 3920 3295 3991 Rogata
3318 3921 3560 3984 nomine,

1960 4008 2169 4067 habens
2191 4009 2518 4066 daemonium
2548 4011 2618 4067 ab
2646 4013 2761 4082 ipsa
2786 4009 3037 4078 infantia,
3067 4011 3267 4066 auditis
3287 4009 3563 4066 miraculis

1960 4101 2028 4156 ad
2062 4102 2325 4158 tumulum
2355 4103 2540 4159 venit:
2575 4102 2662 4158 ubi
2686 4103 2876 4175 jacens
2898 4104 3207 4159 immundos
3236 4102 3462 4172 spiritus
3486 4102 3560 4158 ita

1957 4193 2211 4260 reddidit,
2258 4194 2510 4253 videlicet
2553 4194 2704 4266 prius
2730 4208 2941 4250 murem
2980 4194 3084 4251 tria
3135 4194 3311 4268 capita
3358 4191 3561 4249 haben-

1960 4292 2068 4340 tem
2096 4326 2113 4353 ,
2164 4286 2406 4342 secundo
2451 4283 2829 4348 ranunculum,
2858 4285 3022 4341 tertio
3058 4282 3320 4340 lacertam
3363 4293 3561 4356 quarto

258 4384 553 4443 venerunt,
583 4376 728 4433 inter
748 4376 871 4434 illas
893 4378 1118 4436 minime
1146 4378 1388 4452 deputati
1417 4389 1562 4437 sunt.
1606 4377 1685 4436 illi
1719 4395 1855 4452 quo.
1885 4426 1931 4484 υ
1959 4391 2171 4444 ranam,
2202 4375 2713 4446 quintoseabronem
2738 4373 3564 4484 (73){etpestmultam-ell‘usio-

258 4483 370 4541 que
411 4469 637 4540 triginta
660 4471 903 4542 quinque
926 4471 1143 4543 propria
1178 4470 1458 4530 voluntate
1484 4484 1769 4541 venerunt,
1800 4485 1855 4530 et
1885 4468 1928 4484 ¹’
1958 4472 2164 4527 sionem
2188 4469 2489 4540 sanguinis,
2521 4470 3023 4529 sanitatirestituta
3063 4477 3163 4538 est,
3196 4468 3379 4525 multis
3408 4470 3563 4524 testi-

259 4556 563 4630 gaudentes
610 4559 777 4615 morti
833 4575 892 4615 se
947 4560 1328 4628 tradiderunt,
1390 4572 1615 4634 prepter
1683 4562 1852 4623 Deum
1957 4562 2057 4618 bus
2087 4577 2191 4617 non
2220 4562 2393 4618 solum
2425 4562 2610 4618 auditu
2644 4562 2737 4618 sed
2763 4571 2818 4617 et
2859 4563 2977 4618 visu
3022 4562 3403 4634 probantibus.
3441 4560 3559 4615 Mu-

256 4665 418 4722 quem
443 4650 757 4719 coluerunt,
786 4660 841 4709 et
884 4667 981 4724 per
1003 4653 1152 4725 ipsos
1198 4652 1365 4710 multa
1404 4654 1544 4710 mala
1598 4666 1857 4712 crescunt
1958 4656 2063 4712 lier
2095 4659 2371 4728 quaedam,
2393 4655 2610 4712 nomine
2638 4654 2965 4726 Stephania,
2987 4654 3239 4712 habitans
3271 4660 3423 4710 trans
3467 4653 3560 4708 Τί-

258 4822 261 4825 ’
328 4827 440 4910 (69)
460 4829 600 4910 §unt
626 4826 1073 4910 hiduo§anctiin
1106 4846 1299 4910 magna
1328 4831 1857 4910 veneratione_Bcne-
1962 4843 2087 4910 sunt
2112 4818 2461 4910 quam-olim,
2494 4831 2581 4889 vel
2606 4831 2660 4887 in
2691 4830 2888 4910 plures.
2906 4838 3091 4910 partes
3130 4828 3421 4910 subdivisae
3446 4828 3560 4910 sin-

254 4901 421 4979 venti,
452 4900 515 4979 S_.
544 4900 761 4979 Marcus
806 4901 1103 4979 Episcopus
1147 4900 1532 4979 Lacerncnsis,
1571 4913 1628 4979 et
1662 4904 1853 4979 Patro-
1960 4900 2383 4979 guliefqnarum
2432 4900 2707 4979 hiec‘una‘
2754 4900 2935 4979 fuerit,
2979 4900 3060 4954 vel
3109 4901 3406 4979 ctianmnum
3436 4900 3559 4979 .sitg

256 4987 354 5041 nus
381 4972 703 5026 Bovinensis
738 4973 790 5025 in
819 4968 1036 5039 Apulia,
1064 4973 1169 5041 qni
1216 4974 1413 5027 colitur
1460 4973 1527 5027 14
1562 4972 1748 5039 Junii;
1798 4986 1851 5030 et
1962 4968 2232 5041 namque
2261 4973 2474 5027 ratione
2502 4972 2643 5027 infra
2683 4972 2999 5041 nominatur
3025 4971 3167 5041 r_egio
3197 4968 3471 5041 Colossmt',
3506 4968 3558 5025 id

256 5039 313 5115 S.
346 5041 659 5115 yorcianua
699 5038 998 5115 Episcopus
1053 5038 1469 5115 Frequentinus,
1521 5046 1614 5115 qui
1660 5038 1856 5103 colitur
1963 5053 2045 5115 est
2074 5038 2473 5112 Amphitheatri
2512 5045 2656 5114 (quae
2680 5040 2805 5095 alibi
2836 5038 3225 5115 qnamﬁomie
3252 5039 3420 5115 quaeri
3450 5053 3560 5095 non

1963 5114 2141 5176 debet,
2167 5104 2223 5166 et
2264 5104 2580 5168 tamennon
2612 5117 2695 5179 est
2730 5104 2936 5165 una-ex
2965 5104 3030 5162 M
3064 5109 3226 5167 dictis
3246 5104 3397 5177 [sed
3436 5124 3562 5179 per-

1967 5184 2102 5237 tinet
2130 5182 2197 5235 ad
2247 5181 2544 5250 Regionem
2598 5178 2883 5242 Montium)
2915 5180 2986 5234 ita
3018 5183 3437 5250 persuademus,
3464 5195 3563 5233 no-

1966 5255 2051 5328 bis
2080 5251 2215 5328 alias
2235 5249 2484 5323 quoque,
2518 5252 2609 5328 hic
2646 5251 2975 5328 nominatas,
3018 5265 3141 5306 esse
3176 5252 3358 5328 ipsius
3399 5249 3561 5328 Urbis

257 5112 321 5166 14
342 5112 469 5167 Julii
496 5128 512 5175 ;
542 5115 707 5169 ainbo
737 5114 840 5166 sui)
876 5112 1156 5179 Metropoli
1185 5114 1512 5171 Benevento.

319 5183 430 5251 (70)
463 5181 834 5252 Frequenlum
859 5184 1014 5254 vulgo
1042 5180 1318 5254 Frigemo,
1353 5185 1702 5254 Hirpinorum
1716 5187 1855 5244 anti-

253 5255 506 5316 qnissima
543 5256 780 5328 civitas;
820 5254 871 5307 in
904 5253 1232 5328 ~i'riueipatu
1278 5253 1559 5321 uiteriere,
1609 5257 1678 5312 12
1725 5259 1855 5315 mill.
