4062 5352
492 270 609 326 535

1844 278 1900 333 S.
1943 276 2077 334 LEO
2108 279 2171 333 lX
2218 279 2411 336 ΡΑΡᾹ.

3671 290 3771 312 mea

3668 310 3772 345 0J0

489 378 686 447 beriin,
716 382 983 439 diemonio
1014 395 1203 441 vexata
1236 382 1394 456 longo
1426 395 1698 458 tempore,
1726 389 1909 445 audita
1943 390 2083 445 fama
2111 398 2159 450 A
2189 391 2278 459 qui
2310 391 2590 447 sinistrum
2620 397 2811 464 pedem
2836 398 3067 456 habebat
3096 402 3326 456 aridum.
3365 401 3474 457 Hie
3518 418 3618 473 per
3666 421 3779 458 me-

490 475 636 531 Leati
687 476 943 547 Corporis
987 478 1159 545 venit,
1214 487 1268 535 et
1312 478 1448 537 duos
1497 480 1763 538 carbones
1810 498 1913 538 una
1961 496 2086 538 cum

492 567 665 624 multo
695 569 955 639 sanguine
976 571 1241 628 evomuit.
1268 571 1385 639 Quo
1416 572 1559 629 facto
1586 575 1810 631 sanitati
1836 577 2086 632 restituta

490 668 597 725 est,
627 668 682 714 et
708 670 890 716 mente
919 673 1138 733 recepta
1166 663 1279 719 visa
1305 673 1389 719 est
1410 665 1478 721 ab
1502 668 1753 723 omnibus
1784 668 2089 726 astantibus

494 750 675 805 redire
696 750 884 805 libera.
909 752 968 807 ln
998 754 1218 825 regione
1248 753 1482 811 Arenula
1512 758 1647 831 (74),
1672 760 1890 830 quidam
1925 762 2083 817 habi-

496 842 650 896 tabat
669 840 907 898 Joannes
929 846 1170 912 nomine,
1194 847 1311 918 qui,
1331 849 1513 905 nervis
1531 854 1853 920 contractis,
1869 846 2087 911 manum

492 932 703 987 aridam
743 934 812 990 ab
846 944 1001 990 utero
1041 938 1231 993 matris
1260 939 1512 995 habebat.
1544 940 1643 998 llic
1672 943 1815 999 beati
1850 945 1953 1001 viri
1994 960 2086 1003 ve-

494 1019 655 1077 niens
680 1023 749 1079 ad
775 1025 1074 1098 tumulum,
1101 1038 1382 1086 extensam
1411 1040 1466 1088 et
1492 1031 1723 1088 validam
1751 1050 1872 1091 eam
1901 1051 2090 1107 repor-

494 1115 650 1171 tavit.

566 1208 653 1270 14.
689 1208 862 1267 Homo
893 1211 1134 1282 quidam,
1162 1214 1386 1272 veniens
1416 1217 1481 1273 de
1519 1217 1826 1291 longinquis
1857 1221 2091 1293 regioni-

493 1298 627 1365 bus,
655 1301 709 1355 in
724 1302 1045 1371 pmnitentia
1072 1304 1218 1380 [erro
1237 1305 1452 1378 ligatus,
1478 1318 1604 1365 ante
1626 1310 1887 1367 tumulum
1913 1313 2095 1381 stetit,

497 1402 554 1447 et
592 1393 719 1448 dum
764 1395 968 1452 diutius
1009 1396 1328 1455 incumbens
1371 1399 1605 1456 orationi
1650 1404 1941 1459 commissa
1989 1420 2089 1460 sua

496 1483 737 1552 deﬁeret,
786 1485 994 1543 Divina:
1036 1489 1253 1559 pietatis
1287 1490 1458 1556 dono,
1510 1492 1736 1559 ferrum,
1774 1495 1877 1549 ubi
1914 1496 2087 1567 magis

493 1575 727 1632 solidum
756 1575 955 1644 fuerat,
1006 1582 1245 1659 crepuit.
1270 1583 1714 1641 Sanctimonialis
1740 1588 1983 1657 quaedam
2015 1588 2091 1644 si-

2190 481 2351 535 ritum
2396 481 2455 535 B.
2497 482 2695 539 Leonis
2742 490 2958 544 sanitati
3005 493 3309 557 restitutus,
3359 493 3606 563 gaudens
3654 509 3779 548 cum

2187 581 2342 641 patre
2373 574 2554 629 rediit.
2586 576 2814 644 Quidam
2849 582 2951 647 vir,
2983 584 3202 638 nomine
3225 583 3443 649 Petrus,
3474 582 3617 638 illius
3638 582 3795 637 Nuc-

2187 665 2254 720 cii
2306 666 2821 738 phlebotomatoris,
2872 674 3146 730 habitatur
3193 676 3360 747 ipsius
3404 675 3664 746 regionis,
3712 674 3784 728 ab

2189 766 2348 811 utero
2379 760 2568 814 matris
2606 771 2809 827 mutus,
2839 764 3143 821 astantibus
3169 764 3354 819 multis
3391 764 3662 834 loquelam
3695 778 3784 818 re—

2187 849 2351 918 cepit.
2386 849 2639 917 Quaedam
2677 854 2871 909 mulier
2898 857 2964 911 de
2996 855 3193 912 Fallari
3235 857 3370 929 (78),
3417 857 3665 912 daemone
3690 872 3785 910 ve-

2188 951 2336 1000 xata.
2360 942 2425 996 ad
2458 945 2717 999 tumulum
2750 947 2925 1014 venit,
2957 950 3138 1019 ibique
3184 949 3409 1006 liberata
3444 959 3549 1006 est.
3590 947 3790 1005 Mulier

2189 1034 2436 1105 quaedam
2465 1037 2530 1093 de
2558 1037 3003 1110 Aquapendente,
3045 1058 3265 1096 manum
3294 1041 3503 1097 habens
3545 1043 3783 1107 aridam,

2190 1127 2391 1184 auditis
2421 1128 2722 1198 miraculis,
2755 1132 2818 1185 ad
2846 1131 3025 1188 locum
3054 1134 3220 1201 venit,
3248 1144 3304 1189 et
3326 1134 3561 1189 oilicinm
3589 1149 3795 1189 manus

2189 1217 2417 1288 recepit.
2470 1217 2700 1286 Quidam
2752 1220 2856 1286 vir,
2893 1233 3048 1278 ortus
3090 1222 3159 1278 de
3197 1223 3460 1279 Tuscanis
3504 1222 3754 1292 partibus

2187 1325 2408 1366 manum
2440 1310 2647 1367 habens
2674 1312 3015 1385 aridam,per
3033 1315 3285 1370 meritum
3310 1314 3369 1369 Β.
3388 1315 3588 1371 Leonis
3613 1313 3790 1388 [sani-

2190 1401 2312 1474 tati]
2332 1403 2612 1458 restitutus
2628 1414 2730 1458 est.
2746 1402 3000 1472 Quaedam
3015 1405 3325 1475 mulier-,Ma
3336 1407 3414 1462 ria
3431 1406 3674 1469 nomine,
3690 1406 3797 1459 ha-

2188 1494 2369 1550 bitans
2390 1495 2442 1549 in
2456 1494 2651 1552 Castro
2668 1496 3018 1564 Cornazano,
3031 1513 3249 1553 manum
3272 1498 3552 1553 sinistram
3577 1496 3797 1551 habens

2190 1587 2420 1651 aridam,
2452 1588 2519 1643 ad
2549 1585 2814 1642 tumulum
2839 1588 3218 1660 venit:ibique
3252 1600 3444 1645 samta
3469 1598 3576 1643 est.
3600 1588 3792 1641 Altera

492 1667 699 1724 militer
725 1669 870 1726 ferro
897 1671 1087 1743 ligata,
1115 1674 1181 1729 ad
1218 1674 1453 1731 loculum
1503 1679 1773 1747 accessit;
1802 1689 1860 1736 et
1898 1682 2087 1738 eodem
2192 1677 2408 1744 mulier,
2442 1677 2660 1733 Beatrix
2687 1680 2935 1745 llOlllillCr
2954 1679 3019 1735 de
3039 1680 3246 1750 Λρυιῑεε
3268 1681 3532 1751 pal'libus.
3563 1693 3791 1737 manum

494 1761 660 1817 modo
684 1762 859 1819 soluta
883 1779 913 1819 a
944 1764 1110 1833 ferro,
1134 1767 1456 1825 benedicens
1473 1768 1784 1841 Dominum,
1806 1774 1899 1845 qui
1926 1783 2008 1830 est
2035 1776 2089 1832 in
2123 1754 2164 1815 Β
2192 1768 2471 1824 deXlel‘alll
2522 1769 2727 1827 Ιιίιὺυιιδ
2772 1771 3014 1838 aridam,
3057 1771 3312 1828 Similiter
3357 1771 3580 1827 εῧηίῑθῑί
3634 1769 3793 1825 1⁵⁸⁵ίῇ

497 1852 716 1911 Sanctis
760 1857 873 1912 suis
904 1858 1201 1924 mirabilis,
1233 1861 1300 1915 ad
1335 1863 1556 1934 propria
1590 1864 1876 1922 incolumis
1907 1867 2088 1923 rediit.

494 1945 556 2000 ln
582 1961 697 2002 una
721 1947 807 2003 die
848 1949 1083 2005 restituti
1127 1960 1252 2005 sunt
1280 1953 1386 2007 duo
1407 1946 1639 2025 juvenes
1682 1957 1924 2024 sanitati,
1958 1975 2091 2030 quo-

496 2053 621 2093 rum
657 2049 797 2094 unus
828 2039 1031 2097 habens
1057 2058 1120 2099 os
1152 2053 1414 2100 retortum
1448 2048 1517 2101 ad
1553 2062 1742 2103 aurem
1785 2050 2087 2119 dexteram,

497 2139 557 2182 et
581 2144 800 2184 manum
829 2131 1035 2187 aridam
1067 2149 1189 2189 cum
1221 2144 1334 2190 toto
1362 2134 1532 2192 latere
1557 2153 1573 2192 :
1596 2154 1757 2209 quem
1787 2151 1965 2197 mater
1993 2158 2090 2199 no-

497 2217 649 2273 mine
678 2217 869 2286 Maria,
902 2237 1042 2277 uxor
1076 2222 1300 2281 Joannis
1334 2226 1603 2294 Orbitani,
1630 2228 1834 2286 deﬂens
1854 2235 2091 2311 scapulis

497 2313 842 2383 apportavit;
876 2316 969 2371 sed
1001 2315 1162 2386 duplo
1207 2317 1326 2373 beta
1371 2320 1651 2388 miraculo,
1684 2324 1924 2394 gaudens
1967 2342 2094 2383 cum

499 2404 613 2459 ﬁlio
642 2406 821 2473 rediit,
849 2416 905 2461 et
934 2408 1021 2463 hic
1060 2419 1143 2464 est
1170 2420 1328 2465 notus
1364 2411 1617 2468 onmibns
1650 2416 1789 2482 apud
1826 2415 1883 2471 S.
1915 2417 2094 2490 Ange-

500 2494 612 2551 lum
639 2499 1001 2556 morantibus.
1028 2500 1179 2556 Alter
1209 2518 1340 2558 vero
1367 2504 1436 2558 ab
1456 2504 1684 2560 infantia
1709 2506 1884 2563 ofﬁcio
1906 2512 2091 2567 amba~

498 2602 623 2643 rum
652 2603 909 2645 manuum
940 2592 1204 2661 privatus,
1235 2595 1453 2650 sanitati
1481 2597 1794 2665 restitutus,
1835 2616 2093 2658 manuum

498 2694 723 2736 suarum
754 2681 1030 2740 laboribus
1057 2686 1208 2740 vivit.

574 2772 662 2828 15.
688 2772 872 2829 Multis
894 2776 1203 2833 astantibus
1227 2776 1494 2849 loquelam
1527 2782 1729 2853 recepit
1757 2793 1938 2840 mutus
1977 2787 2098 2857 qni-

502 2864 651 2934 dam,
683 2867 904 2923 nomine
934 2866 1131 2934 Guido,
1179 2870 1247 2925 de
1290 2872 1572 2931 Casus-sala
1602 2884 1775 2934 ortus.
1809 2876 1951 2934 Puer
1979 2880 2099 2949 qui-

503 2952 653 3025 dam,
673 2952 872 3016 Petrus
891 2960 1130 3028 neruine,
1154 2959 1387 3021 cilicium
1404 2967 1603 3038 recepit
1626 2983 1817 3022 manus
1838 2968 2096 3024 dexterae.

502 3046 649 3106 Puer
692 3052 912 3123 quidam
943 3053 1010 3110 de
1038 3056 1259 3126 regione
1311 3056 1539 3115 Coloseo
1596 3059 1831 3116 habebat
1878 3077 2098 3117 manum

504 3142 785 3201 dexteram
832 3146 1062 3213 aridam,
1110 3163 1233 3203 cum
1284 3160 1395 3205 toto
1439 3151 1608 3207 latere
1638 3161 1694 3209 et
1731 3154 1904 3222 pede:
1937 3170 2099 3224 quem

504 3246 703 3303 mater,
731 3238 1026 3309 Stephania
1044 3244 1281 3309 nomine,
1305 3244 1512 3301 deﬂens
1539 3247 1604 3301 ad
1637 3248 1899 3303 tumulum
1922 3250 2100 3319 ipsum

506 3329 854 3397 apportavit;
883 3339 937 3385 et
966 3332 1183 3387 sanitati
1212 3335 1493 3390 restitutus
1518 3344 1603 3392 est
1647 3338 1833 3394 multis
1878 3341 2104 3396 astanti-

505 3415 611 3501 bus
632 3428 687 3470 et
710 3418 1037 3475 videntibus.
1058 3421 1232 3477 liomo
1245 3425 1491 3494 quidam,
1512 3427 1836 3485 Benedictus
1858 3433 2102 3501 nomine,

510 3498 954 3592 Phlebotomator
979 3510 1123 3582 (75),
1151 3512 1405 3570 habitans
1437 3516 1488 3570 in
1511 3518 1730 3587 regione
1755 3498 2101 3592 Septemviis,

509 3590 783 3649 ulceribus
800 3595 1013 3666 plenus,
1038 3599 1238 3656 auditis
1258 3603 1532 3660 miraculis
1554 3606 1621 3660 ad
1646 3590 1910 3664 tumulum
1927 3590 2101 3681 venit;

509 3678 692 3749 ibique
719 3696 817 3752 per
844 3687 1096 3743 meritum
1119 3690 1260 3747 beati
1288 3689 1566 3748 Pontiﬁcis
1592 3709 1757 3752 sanus
1802 3696 1979 3755 factus
1999 3678 2103 3769 est,

509 3773 585 3826 ita
617 3781 676 3827 ut
704 3792 806 3833 nec
830 3779 1043 3849 signum
1080 3783 1351 3841 cicatricis
1375 3786 1429 3841 in
1465 3800 1629 3843 carne
1655 3788 1771 3859 ejus
1795 3802 2105 3862 appareret.

510 3864 739 3932 Quidam
764 3870 848 3926 vir
873 3869 1046 3942 Maius
1066 3877 1303 3944 nomine,
1326 3878 1391 3934 de
1414 3878 1657 3939 Pallianu
1684 3882 1798 3953 (76)
1816 3923 1830 3948 ,
1858 3883 2106 3941 habitans

513 3968 664 4014 trans
687 3958 924 4018 Tiberim
947 4005 963 4031 ,
1002 3980 1034 4019 a
1071 3967 1335 4024 damionio
1368 3981 1593 4026 vexatus
1619 3987 1718 4043 per
1747 3989 1917 4032 annos
1943 3978 2104 4046 quin-

515 4051 716 4119 decim,
750 4056 931 4111 audita
961 4055 1106 4113 fama
1154 4060 1295 4115 beati
1340 4061 1469 4129 viri,
1525 4064 1672 4120 venit
1716 4066 1784 4121 ad
1836 4069 2105 4125 tumulum

518 4141 656 4210 ejus,
699 4151 754 4199 et
800 4145 937 4203 duas
976 4147 1241 4208 blactulas
1278 4153 1410 4226 (77)
1461 4169 1582 4221 cum
1630 4158 1801 4214 multo
1841 4160 2106 4229 sanguine

522 4234 781 4298 evomuit,
800 4251 923 4292 cum
941 4239 1136 4309 quibus
1148 4251 1203 4299 et
1216 4245 1540 4301 dzetnonium
1564 4248 1845 4305 abscessit.
1873 4250 2104 4318 Quidam

513 4322 753 4393 juvenis,
784 4326 996 4386 Franco
1028 4336 1265 4401 nomine,
1315 4338 1407 4406 qui
1437 4353 1612 4394 caecus
1641 4342 1872 4409 exstitit,
1922 4343 2104 4399 lumen

2196 1870 2308 1916 tuta
2339 1872 2443 1916 est.
2476 1862 2704 1929 Quidam
2726 1861 2947 1919 Juvenis
2992 1863 3192 1919 ibidem
3237 1865 3411 1919 visum
3459 1862 3670 1933 recepit
3698 1875 3801 1931 per

2194 1951 2386 2005 merita
2402 1949 2461 2006 Β.
2477 1948 2694 2006 Leonis.
2721 1952 2914 2007 Mulier
2940 1954 3207 2024 quaedam,
3232 1952 3600 2023 Ermengarda
3616 1950 3801 2006 nomi-

2195 2054 2292 2108 ne,
2319 2040 2508 2095 relicta
2530 2040 2672 2095 Petri
2707 2042 2931 2098 textoris
2956 2042 3020 2097 de
3049 2040 3244 2097 Castro
3264 2043 3385 2098 vico
3402 2042 3540 2114 (79),
3568 2054 3795 2095 manum

2197 2134 2472 2188 sinistram
2515 2134 2720 2189 habens
2749 2135 2981 2202 aridam,
3028 2150 3129 2205 per
3174 2135 3427 2190 meritum
3474 2134 3537 2188 Β.
3590 2131 3805 2187 Leonis

2196 2225 2355 2297 Papae
2373 2267 2390 2293 ,
2427 2224 2734 2282 videntibus
2762 2226 2946 2282 multis
2972 2226 3207 2283 ollicium
3236 2243 3430 2283 manus
3458 2226 3693 2298 recepit-

2807 2338 3038 2397 CAPUT
3087 2339 3177 2396 lli.

2201 2433 2464 2489 Miracula
2518 2441 2731 2504 patrata
2763 2450 2796 2485 a
2858 2430 3049 2504 Vigiiia
3081 2431 3418 2487 Ascensiam's
3454 2447 3619 2502 usque
3648 2430 3801 2485 ultra

2663 2501 2936 2557 Οινιιιιυατη⁷
2962 2501 3316 2557 Pentecostes.

2272 2593 2359 2647 l7.
2392 2591 2450 2647 In
2496 2590 2681 2659 vigilia
2730 2591 3081 2646 Ascensionis
3125 2589 3362 2655 Domini,
3390 2605 3489 2662 per
3520 2590 3794 2645 interces-

2200 2683 2407 2740 sionem
2450 2682 2759 2739 Beatissimi
2813 2680 2971 2751 Papae
3001 2680 3220 2748 Leonis,
3251 2691 3453 2736 sanataz
3505 2689 3636 2737 sunt
3685 2690 3798 2734 tres

2201 2776 2416 2830 femime
2452 2794 2465 2829 :
2506 2791 2612 2830 una
2638 2789 2862 2829 manum
2893 2776 3116 2844 recepit,
3152 2774 3323 2830 altera
3355 2776 3626 2842 auditum,
3661 2775 3798 2829 alte-

2204 2884 2260 2922 ra
2290 2869 2481 2923 visum.
2520 2868 2576 2922 In
2615 2867 2795 2937 vigilia
2822 2868 2999 2923 noctis
3024 2868 3373 2923 Ascensionis
3400 2867 3616 2922 Domini
3639 2908 3655 2930 ,
3680 2884 3797 2919 mu-

2204 2956 2305 3010 lier
2328 2956 2595 3026 quendam,
2624 2953 2785 3009 Berta
2834 2955 3300 3021 nomine,lamula
3356 2956 3502 3011 Petri
3551 2958 3793 3026 opiticis,

2209 3047 2300 3116 qui
2344 3046 2543 3102 dicitur
2580 3045 2647 3101 de
2678 3046 2814 3110 Udo,
2845 3046 3103 3102 habitans
3153 3048 3209 3102 in‘
3254 3048 3471 3118 regione
3502 3047 3799 3116 Campitel—

2205 3140 2256 3194 lo
2282 3139 2420 3210 (80),
2447 3139 2770 3194 dremonium
2796 3140 3024 3210 habens,
3058 3140 3127 3195 ibi
3150 3140 3378 3196 liberata
3402 3149 3505 3195 est.
3523 3139 3580 3193 ln
3599 3141 3795 3194 eadem

2205 3234 2382 3288 nectis
2413 3233 2616 3301 vigilia,
2644 3234 2890 3302 quadam
2919 3231 3115 3286 mulier
3155 3234 3308 3303 enjns
3338 3248 3537 3286 nomen
3578 3231 3801 3302 ignora-

2205 3340 2346 3389 mus,
2380 3325 2571 3378 ambas
2599 3339 2813 3389 manus,
2841 3338 2978 3394 quas
3006 3325 3227 3395 gerebat
3253 3331 3567 3377 contractas
3588 3363 3603 3385 ,
3637 3338 3801 3376 sanas

2205 3414 2430 3486 recepit.
2458 3398 2575 3482 Quo
2618 3413 2764 3470 facto
2793 3416 3062 3485 quoddam
3097 3414 3414 3469 miraculum
3447 3414 3517 3468 ibi
3563 3414 3801 3467 miriﬁce

2206 3505 2423 3561 accidit.
2482 3505 2708 3571 Quidam
2755 3502 2995 3559 Joannes
3042 3505 3107 3559 de
3135 3504 3408 3570 Civitale,
3439 3504 3698 3558 habitans
3744 3506 3803 3557 iu

2209 3600 2429 3670 regione
2469 3597 2672 3667 Campo
2702 3597 2899 3652 Martio
2921 3639 2935 3662 ,
2966 3613 3187 3653 cereum
3217 3598 3285 3652 de
3318 3596 3498 3679 tumba
3550 3596 3796 3667 ejusdem

2208 3690 2509 3745 beatissimi
2542 3689 2701 3759 Papa:
2728 3689 2927 3744 Leonis
2957 3705 3244 3745 accensum
3289 3690 3343 3743 in
3393 3704 3555 3742 manu
3585 3688 3801 3756 accepit

2207 3790 2263 3835 et
2285 3780 2565 3836 exstinxit.
2597 3780 2709 3835 Hoc
2737 3780 2907 3845 facto,
2946 3780 3074 3835 dum
3112 3794 3302 3834 secure
3350 3779 3679 3834 exstinctum
3715 3789 3799 3832 te—

2208 3885 2388 3941 neret,
2426 3875 2604 3930 subito
2630 3889 2923 3931 accensum
2960 3876 3114 3930 vidit.
3148 3875 3317 3942 Quem
3361 3874 3451 3929 ille
3495 3890 3600 3929 non
3659 3875 3803 3929 bene

2203 3967 2541 4023 exstinctum
2575 3967 2840 4032 credens,
2878 3966 3075 4022 iterum
3106 3964 3386 4020 exstinxit.
3430 3964 3497 4019 Et
3537 3964 3662 4033 quis
3706 3963 3802 4017 Dei

2207 4058 2473 4115 miracula
2536 4064 2677 4113 valet
2731 4057 3096 4128 perscrutari?
3146 4057 3343 4112 iterum
3397 4071 3455 4110 se
3509 4055 3562 4108 in
3630 4071 3795 4108 manu

2213 4152 2355 4205 illius
2383 4150 2650 4206 accendit.
2682 4149 2780 4204 llic
2806 4150 2971 4204 etiam
2996 4164 3183 4204 cereus
3207 4148 3260 4202 iu
3289 4150 3661 4203 testimonium
3686 4166 3801 4202 sero

2209 4252 2369 4296 vatus
2394 4251 2497 4297 est.

2283 4334 2370 4389 18.
2409 4332 2465 4387 ln
2491 4332 2580 4388 die
2619 4331 2969 4387 Ascensionis
3011 4331 3225 4387 Domini
3266 4340 3455 4387 sanata
3498 4339 3585 4384 est
3623 4329 3798 4401 puella

513 4419 740 4519 recepit,
769 4433 936 4526 nepos
960 4424 1169 4526 ostiarii
1201 4426 1259 4481 s.
1291 4426 1565 4526 Man-imae
1590 4429 1771 4526 nume
1799 4441 1976 4488 acuto.
1999 4434 2103 4526 _Ju—
2134 4466 2187 4526 υ
2215 4423 2410 4526 Amata
2429 4422 2542 4495 (81)
2568 4424 2810 4526 ιξξηιιίιλεν
2830 4433 2988 4525 patre;
3010 4423 3195 4526 senili:
3215 4421 3560 4526 Ειιεθιξκξξίξο
3586 4418 3652 4475 ΗΞ
3682 4421 3799 4526 fue-

518 4509 680 4564 venis
704 4511 921 4578 quidam
947 4514 1013 4569 de
1035 4515 1252 4572 civitate
1280 4517 1585 4585 Tiburtina,
1607 4519 1843 4579 Joannes
1866 4524 2106 4590 nomine,

516 4598 663 4655 ﬁlius
704 4600 953 4669 Joannis,
1003 4606 1073 4662 ab
1119 4617 1274 4664 utero
1322 4611 1513 4666 matris
1556 4620 1757 4680 mutus,
1807 4616 2109 4673 astantibus

518 4689 706 4745 multis
735 4691 1004 4761 loquelam
1034 4698 1257 4767 recepit.
1354 4734 1357 4737 »

592 4782 679 4835 16.
734 4782 907 4839 Homo
948 4786 1165 4854 quidam
1195 4788 1517 4849 Benedictus
1564 4794 1805 4859 nomine,
1854 4795 2108 4855 habitans

515 4873 571 4927 in
600 4873 807 4931 Camoo
848 4874 1062 4937 Martio.
1087 4879 1319 4938 habebat
1348 4882 1515 4939 (ilium
1547 4884 1763 4941 nomine
1787 4884 2106 4948 Gratianum

588 5048 703 5116 (74)
737 5049 837 5102 Ms.
869 5049 1249 5109 Strozzianum
1276 5055 1527 5111 Tcrnula.

592 5118 1074 5193 (Ἰξιλοᾷιϐοτομῖα.
1104 5141 1245 5179 vena:
1291 5126 1473 5191 sectio,
1530 5127 1659 5181 hinc
1706 5125 2111 5181 Phlebotomare

525 5186 664 5265 apud
690 5186 966 5265 Bedauret'
1009 5195 1171 5256 alios,
1203 5211 1302 5265 pro
1332 5186 1511 5250 venant
1534 5197 1784 5253 incidere.
1825 5196 2108 5251 Phleboto-

525 5264 723 5350 miritis,
746 5255 1218 5350 ‘l’ltiebotontt‘alor;
1236 5276 1342 5347 etc.

2214 4522 2343 4569 runt
2363 4529 2428 4569 ex
2459 4514 2704 4584 partibus
2725 4513 3035 4583 Campaniae
3062 4514 3128 4567 de
3159 4513 3335 4569 Bucca
3367 4512 3434 4567 de
3474 4512 3603 4566 Risa
3638 4528 3653 4565 :
3689 4513 3799 4568 lucc

2215 4617 2398 4660 autem
2429 4606 2504 4660 ita
2536 4605 2639 4659 fuit
2678 4614 2961 4661 contracta
2996 4613 3055 4658 ut
3100 4620 3377 4673 nunquam
3418 4603 3649 4673 pedibus
3680 4619 3797 4657 am-

2211 4697 2444 4753 bularet.
2485 4696 2604 4753 Una
2628 4697 2733 4751 alia
2775 4693 2973 4765 puella,
3005 4694 3223 4748 nomine
3249 4692 3440 4758 Maria,
3477 4693 3586 4746 tilia
3632 4692 3798 4756 Cicar,

2211 4806 2333 4861 qua:
2395 4790 2674 4844 habitabat
2729 4788 2783 4841 in
2825 4787 3047 4859 regione
3082 4786 3355 4851 Arenula,
3409 4785 3591 4840 lumen
3651 4801 3799 4840 rece-

2213 4883 2315 4951 pit.
2351 4897 2471 4941 ana:
2497 4897 2595 4952 per
2621 4895 2794 4935 annos
2830 4879 3140 4951 quindecim
3170 4895 3274 4935 non
3304 4879 3535 4935 viderat.
3568 4881 3797 4947 Quidam

2213 5056 2485 5195 sui’i‘é‘i‘iﬁ
2520 5123 2739 5205 Sabinis
2770 5122 2919 5177 locus
2947 5132 3031 5204 est
3054 5122 3219 5205 ,γέρρ’
3247 5123 3301 5205 di
3326 5120 3791 5205 Surrentogdictns.

2212 5191 2515 5264 quein'pra:
2544 5194 2663 5246 aliis
2696 5195 3010 5264 synonymis
3052 5194 3278 5264 intelligi
3309 5194 3599 5262 persuadet
3649 5191 3795 5245 urbis

2216 5264 2478 5318 Romana:
2507 5263 2724 5317 vicinia.

2294 5335 2391 5348 Ann.
2429 5334 2470 5348 ΙΙ
