4062 5352
177 334 277 392 531

844 322 1137 381 PliOLEG.
1172 352 1243 362 -—-
1281 316 1605 376 HISTORIA
1642 313 1809 372 MORT

1937 313 2026 368 ΕΤ
2067 310 2298 366 Μιιιλα.
2342 309 2401 364 S.
2443 306 2690 365 LEONIS
2729 304 2819 360 IX.

3366 297 3470 353 5'38

178 462 318 522 puer
342 456 506 518 patre
540 443 745 500 rustico
772 440 1008 513 genitus,
1036 438 1103 493 de
1127 435 1354 492 civitate
1378 432 1583 490 Ortana
1610 470 1627 497 ,
1653 436 1776 483 erat
1809 434 1851 487 Α
1883 426 1950 480 de
1980 434 2162 479 monte
2191 423 2440 488 Cassiuo,
2474 426 2526 476 In
2552 420 2837 476 Dominica
2872 432 2995 487 quo:
3034 424 3234 471 utentur
3261 413 3470 469 Pascha

180 544 259 600 ita
286 546 637 597 contractus,
670 545 730 589 ut
754 548 923 588 animi
951 531 1096 585 latus
1139 529 1191 582 in
1215 542 1312 583 sua
1350 532 1621 595 potestate
1669 535 1779 575 non

181 631 417 686 haberet
447 643 463 692 ;
496 625 593 682 sed
618 622 880 679 Dominus
898 635 1023 676 eum
1051 634 1146 690 per
1175 615 1505 673 sanctissimi
1551 612 1781 668 Pontiﬁ-

182 722 262 778 cis
289 720 555 774 meritum
576 715 810 780 sanavit,
830 722 886 766 et
908 712 1077 766 latere
1105 717 1324 779 recepto
1358 722 1482 762 cum
1508 704 1783 777 gaudente

182 822 341 881 patre
372 819 564 862 votum
592 806 643 860 ei
672 806 820 860 vovit
844 844 859 866 ,
886 810 943 857 et
974 799 1264 856 incolumis
1317 796 1497 853 rediit.
1551 794 1619 849 Et
1668 793 1783 875 fere

184 901 322 956 hora
356 897 539 953 noctis
566 907 691 952 erat
732 894 933 960 media,
986 908 1109 946 cum
1149 891 1286 944 duos
1334 903 1508 945 caecos
1556 868 1783 941 miriﬁce

186 991 401 1046 sanavit
430 1006 444 1041 :
480 1003 625 1047 unus
660 986 817 1055 Pipo,
855 983 997 1039 alter
1035 995 1166 1035 vero
1201 977 1527 1035 Adelbertus
1567 974 1785 1029 diceba-

189 1096 280 1139 tur
311 1103 327 1138 :
353 1082 444 1138 isti
472 1082 626 1137 enim
648 1082 715 1135 de
742 1079 910 1133 Lauta
936 1075 1047 1147 (8‘2)
1070 1073 1292 1128 civitate
1315 1069 1486 1125 fuere.
1509 1067 1576 1121 Et
1597 1079 1786 1135 quem—

188 1178 340 1238 dam,
390 1170 707 1228 Randiﬁum
759 1167 1012 1230 nomine,
1067 1162 1237 1219 ﬁlium
1282 1158 1506 1221 Berardi
1560 1153 1789 1212 Comitis

188 1263 516 1330 Mur-sicani,
559 1262 653 1333 qui
695 1261 887 1316 lancea
932 1270 1228 1328 percussus
1266 1251 1390 1333 fuit,
1426 1258 1483 1304 et
1513 1249 1585 1303 ita
1617 1255 1790 1303 attra—

191 1366 335 1423 ctus,
360 1355 511 1426 quod
541 1354 733 1424 pedem
759 1365 925 1405 unum
958 1348 1027 1404 ad
1061 1356 1263 1402 terram
1288 1357 1491 1415 ponere
1516 1356 1621 1396 non
1644 1337 1792 1394 vale-

188 1447 319 1513 bat;
352 1446 471 1511 sed,
493 1445 727 1515 jubente
762 1442 891 1505 Deo,
923 1455 1023 1510 per
1052 1438 1308 1493 meritum
1336 1437 1476 1492 beati
1508 1431 1791 1488 Pontiﬁcis

192 1555 364 1593 sanus
389 1537 647 1593 recessit.
693 1534 949 1602 Quadam
982 1529 1158 1601 puella
1196 1526 1509 1584 omnimodo
1541 1521 1793 1578 manibus

195 1643 249 1689 et
275 1633 512 1702 pedibus
543 1630 616 1685 ita
653 1636 936 1684 contracta
990 1626 1086 1680 fuit
1117 1624 1261 1695 quod
1289 1635 1563 1691 nunquam
1597 1616 1791 1674 ambu-

195 1724 311 1778 lare
341 1723 584 1787 valebat,
609 1736 710 1776 nec
732 1734 950 1776 manum
980 1719 1048 1774 ad
1076 1733 1139 1773 os
1164 1717 1394 1780 ducere;
1417 1722 1470 1768 et
1500 1727 1594 1782 per
1624 1710 1785 1765 meri-

201 1824 311 1869 tum
336 1814 394 1866 Β.
426 1785 628 1868 Leonis
669 1809 903 1867 cilicium
926 1808 1295 1864 membrorum
1322 1804 1552 1875 recepit,
1571 1811 1629 1858 et
1662 1816 1790 1857 sana
1822 1785 1869 1845 Β

200 1905 456 1960 recessit.

269 1999 362 2053 i9.
398 1997 661 2053 Proxima
692 1995 779 2050 die
815 2003 937 2064 post
972 1992 1361 2049 Ascensionem
1402 1987 1648 2051 Domini,
1679 1986 1799 2042 dua:

200 2090 462 2146 mulieres
508 2102 631 2158 qua;
684 2102 717 2141 a
758 2085 951 2157 spiritu
997 2083 1278 2139 immundo
1308 2082 1668 2143 vexabantur,
1703 2092 1801 2146 per

200 2182 379 2240 sancti
435 2180 541 2235 viri
611 2178 866 2234 meritum
927 2176 1150 2233 sanitati
1208 2174 1455 2245 pristime
1537 2170 1803 2227 restituta:

202 2283 355 2330 sunt.
399 2271 784 2327 lnvestituram
820 2268 1096 2331 Culcitrze,
1136 2267 1281 2337 quod
1310 2275 1396 2322 est
1437 2280 1695 2335 magnum
1746 2271 1802 2319 et

204 2365 516 2420 inauditum
573 2362 945 2425 miraculum,
998 2359 1245 2430 quaedam
1320 2358 1517 2413 mulier
1560 2352 1802 2410 Amantii

205 2457 432 2512 Diaconi
468 2454 673 2509 famula
716 2453 900 2508 lavare
945 2450 1067 2517 ivit,
1112 2467 1236 2521 qua:
1284 2450 1505 2520 preprie
1557 2455 1677 2503 erat
1736 2445 1804 2499 de

206 2549 350 2603 lecto
377 2547 653 2603 beatisimi
711 2545 910 2600 Leonis
965 2544 1143 2613 Papaa.
1191 2543 1271 2597 Ex
1295 2557 1403 2611 qua
1442 2540 1570 2594 dum
1607 2553 1804 2608 aquam

208 2648 588 2709 extorqueret,
644 2638 790 2692 inter
833 2651 994 2691 crura
1044 2650 1142 2690 sua
1182 2634 1391 2697 tenuit,
1427 2639 1482 2685 et
1527 2631 1602 2684 ita
1628 2630 1806 2684 media

209 2739 369 2799 parte
398 2729 482 2782 sui
515 2726 768 2797 corporis
818 2723 1119 2794 stupefacta
1163 2721 1287 2786 fuit,
1327 2737 1392 2785 ac
1416 2720 1463 2775 si
1511 2718 1806 2790 paralysim

210 2820 462 2876 haberet.
491 2819 598 2874 Sed
625 2818 696 2871 ad
724 2815 865 2871 istud
890 2815 1089 2869 malum
1115 2811 1430 2881 supervenit
1466 2809 1612 2865 aliud
1638 2827 1650 2862 :
1682 2823 1807 2862 nam

210 2912 493 2970 ulceribus
546 2895 708 2980 pleria
756 2907 871 2961 visa
898 2912 981 2960 est
1020 2904 1077 2958 in
1109 2902 1301 2957 eadem
1331 2909 1488 2971 parte
1520 2896 1806 2967 corporis;

212 3012 267 3058 et
293 3002 413 3057 haec
462 2999 611 3055 venit
670 2996 739 3052 ad
794 2993 1058 3049 tumulum
1095 2991 1152 3045 Β.
1198 2990 1415 3056 Leonis,
1443 2997 1498 3044 et
1542 3003 1676 3043 sana
1722 3001 1809 3040 re—

213 3095 404 3150 cessit.

280 3185 374 3240 20.
406 3184 667 3252 Quadam
695 3177 871 3251 puella
892 3218 908 3243 ,
939 3176 1148 3245 Rogata
1196 3172 1443 3238 nomine,
1472 3169 1578 3224 ﬁlia
1606 3167 1810 3231 Μαι-ξω,
1839 3156 1884 3218 C

216 3277 353 3333 feria
394 3276 625 3346 septima
675 3284 865 3327 mense
914 3267 1056 3322 Maio
1103 3267 1359 3326 intrante,
1395 3262 1586 3318 colem
1628 3272 1815 3313 mense

216 3370 302 3425 die
326 3375 523 3438 quarto
560 3364 797 3426 decimo,
838 3359 906 3414 ad
949 3357 1263 3414 venerabile
1312 3355 1428 3424 ejus
1482 3350 1812 3423 sepulcrum,

217 3460 503 3517 sinistrum
520 3455 809 3511 brachium
824 3460 1166 3509 contractum
1182 3448 1389 3511 ferens,
1406 3445 1577 3510 venit;
1593 3440 1816 3513 ejusque

219 3561 410 3609 saneta
443 3548 841 3617 suffragatione
868 3544 1119 3600 sanitatis
1159 3539 1482 3597 beneﬁcium
1516 3543 1813 3591 consecuta

219 3654 325 3707 est,
356 3652 412 3696 et
444 3642 557 3695 haec
579 3648 699 3694 erat
728 3638 796 3691 de
827 3636 1018 3691 Castro
1039 3633 1181 3703 quod
1211 3640 1436 3685 vocatur
1463 3624 1812 3697 Stabla'tb‘S).

223 3734 459 3801 Quidam
495 3732 562 3787 de.
593 3729 815 3786 civitate
843 3726 1177 3791 Florentino,
1215 3737 1338 3778 cum
1367 3720 1540 3777 servis
1579 3718 1718 3782 suis,
1750 3714 1819 3770 ad

225 3825 498 3883 tumulum
524 3823 769 3894 ejusdem
808 3817 1109 3876 beatissimi
1160 3815 1353 3871 Leonis
1400 3813 1550 3868 venit
1601 3824 1816 3874 cmcus;

223 3930 280 3974 et
307 3919 487 3990 gratia
530 3916 715 3971 divina
774 3914 1071 3969 comitante
1121 3911 1302 3965 lumen
1353 3907 1577 3977 recepit,
1617 3913 1672 3959 et
1711 3918 1821 3973 pra:

224 4009 429 4081 gaudio
478 4022 677 4078 magno
733 4006 876 4075 quod
936 4003 1064 4058 inde
1110 3999 1323 4065 habuit,
1372 3997 1596 4054 eosdem
1635 4009 1824 4051 servos

220 4102 484 4158 libertate
536 4100 781 4154 donavit.
838 4097 1066 4165 Quidam
1120 4096 1439 4156 Romanus,
1497 4088 1823 4145 Adelbcrtss

225 4194 473 4254 nomine,
514 4192 639 4246 dum
665 4189 813 4244 ferro
844 4188 1111 4242 recideret
1136 4186 1350 4239 vineam
1382 4196 1568 4245 suam,
1596 4178 1826 4248 contigit

226 4287 373 4359 quod
408 4284 479 4341 de
534 4284 732 4338 domno
790 4280 1101 4352 Apostolico
1150 4278 1335 4335 Leone
1389 4274 1621 4344 turpiter
1675 4270 1825 4339 loqui

227 4394 339 4434 non
367 4376 678 4432 exhorruit.
707 4374 813 4429 Sed
862 4372 1006 4449 istud
1048 4370 1259 4425 facinus
1294 4368 1499 4436 absque
1528 4363 1685 4433 culpa
1716 4377 1823 4415 nm

224 4472 441 4529 evasit:
475 4470 602 4540 quia
638 4469 906 4539 malignus
927 4466 1155 4537 Spiritus
1199 4478 1396 4533 corpus
1424 4460 1569 4516 illius
1607 4466 1827 4526 repente

1884 516 2085 571 Rosata
2118 514 2256 585 (84),
2288 513 2355 567 ad
2387 511 2651 567 tumulum
2678 509 2831 565 Beati
2863 507 3143 564 Pontiﬁcis
3173 506 3248 561 ita
3288 514 3472 561 mutus

1882 610 2205 681 :egritudine
2243 605 2483 671 advenit,
2536 605 2680 674 quod
2710 619 2872 658 nemo
2923 601 3189 671 loquelam
3221 601 3338 670 ejus
3390 599 3475 653 in-

1885 702 2126 773 telligere
2153 701 2357 757 valeret
2386 715 2401 755 :
2436 700 2552 764 sed,
2585 700 2677 754 Dei
2704 697 2918 754 favente
2944 697 3138 769 gratia,
3164 712 3262 767 per
3302 693 3472 750 meri-

1886 806 1999 852 tum
2037 796 2078 850 Β
2142 795 2341 851 Leonis
2382 804 2586 849 rectam
2643 791 2914 862 loquelam
2966 789 3187 860 recepit.
3242 787 3473 855 Quidam

1887 902 2040 958 puer,
2071 886 2162 955 qui
2212 885 2311 939 fuit
2335 885 2402 938 de
2435 882 2648 937 Verona
2691 890 2921 951 utroque
2951 880 3087 950 pede
3136 887 3472 942 contrax-tus,

1886 977 1982 1031 Dei
2013 977 2313 1032 comitante
2342 975 2516 1046 gratia
2549 987 2646 1043 per
2668 973 2920 1027 meritum
2965 972 3109 1027 beati
3139 971 3240 1025 viri
3289 971 3361 1027 ibi
3387 985 3477 1024 sa~

1888 1079 2074 1136 natus,
2105 1083 2229 1124 cum
2275 1067 2594 1139 parentibus
2649 1066 2828 1121 rediit.
2858 1064 3117 1133 Quaedam
3170 1063 3363 1118 mulier
3410 1061 3479 1115 de

1888 1162 2314 1233 Aquapendente
2347 1176 2376 1214 a
2406 1159 2674 1214 daemonio
2711 1155 2896 1229 erepta
2930 1166 3048 1219 est,
3090 1164 3251 1209 nocte
3288 1153 3478 1207 eadem

1887 1270 2010 1324 qua:
2062 1254 2264 1309 dicitur
2328 1254 2398 1308 de
2455 1252 2665 1308 Pascha
2724 1250 2953 1305 Rosata.
3022 1249 3256 1316 Quidam
3302 1261 3483 1317 puer,

1890 1343 2252 1399 Petruuculus
2282 1343 2522 1406 nomine,
2556 1343 2622 1398 de
2670 1340 2837 1407 Sena,
2882 1357 3006 1396 cum
3052 1339 3371 1409 parentibus
3414 1336 3483 1391 ad

1892 1436 2161 1493 tumulum
2210 1436 2403 1490 venit:
2453 1435 2543 1490 hic
2609 1436 2756 1490 enim
2818 1434 3047 1506 pedibus
3125 1430 3483 1498 manibusque

1891 1535 2209 1586 contractus
2252 1537 2393 1583 erat.
2420 1526 2592 1594 Quem
2637 1541 2737 1596 ego
2767 1526 2895 1580 dum
2931 1532 3121 1595 regatu
3157 1520 3483 1577 Senensium

1891 1619 1985 1689 qui
2017 1634 2117 1688 pro
2148 1618 2327 1673 anima
2356 1634 2454 1671 sua
2487 1616 2599 1689 (85)
2634 1630 2759 1670 eum
2795 1615 3168 1677 adduxerant,
3194 1613 3259 1666 ad
3308 1621 3486 1672 tumu-

1894 1710 2005 1766 lum
2033 1709 2186 1766 Beati
2206 1708 2488 1767 Pontiﬁcis
2514 1707 2810 1762 erexissem
2837 1723 2852 1771 ;
2881 1714 3103 1776 repente
3130 1719 3217 1758 me
3247 1701 3483 1764 vidente,

1894 1819 2078 1861 coram
2102 1803 2248 1858 omni
2279 1801 2494 1873 populo,
2542 1799 2786 1855 ofﬁcium
2837 1797 3207 1855 membrorum
3254 1793 3485 1862 recepit.

1896 1896 2128 1963 Quidam
2150 1894 2444 1965 Presbyter
2474 1892 2685 1947 France
2708 1891 2959 1953 nomine,
2988 1889 3057 1943 de
3086 1887 3227 1943 Cora
3255 1885 3366 1953 (86)
3391 1900 3489 1953 op-

1899 1989 2047 2059 pido,
2070 1987 2312 2058 quinque
2336 1985 2497 2040 annis
2518 1992 2748 2038 vexatus
2774 1981 2899 2048 fuit,
2917 1990 2974 2036 et
2997 1994 3120 2035 cum
3136 1979 3188 2032 in
3212 1978 3299 2030 die
3315 1974 3489 2030 Domi-

1899 2080 2023 2136 nica
2038 2095 2159 2149 quae
2178 2078 2380 2133 dicitur
2400 2075 2611 2131 Pascha
2633 2074 2835 2128 Rosata
2850 2072 2929 2139 ,ad
2955 2070 3217 2126 tumulum
3237 2065 3487 2134 ejusdem

1902 2172 2242 2229 Sanctissimi
2271 2171 2373 2225 viri
2399 2169 2670 2224 adductus
2693 2166 2910 2232 fuisset,
2936 2164 3117 2219 statim
3164 2159 3492 2217 daemonium

1901 2282 1997 2338 per
2022 2265 2343 2335 sanguinem
2369 2261 2634 2323 evomuit,
2664 2260 2868 2315 cadens
2891 2258 2945 2312 in
2986 2264 3192 2311 terram
3220 2259 3488 2307 mortuus.

1904 2358 2112 2412 Etcum
2152 2355 2331 2411 omnis
2361 2351 2592 2424 populus
2641 2365 2767 2405 eum
2818 2353 3107 2417 asportare
3147 2341 3333 2403 vellet,
3362 2338 3493 2408 quia

1903 2447 2213 2503 exanimem
2239 2445 2518 2507 videbant,
2542 2441 2727 2497 divina
2769 2438 2985 2493 favente
3016 2433 3213 2506 gratia,
3252 2447 3350 2502 per
3376 2444 3494 2484 me-

1904 2538 2071 2592 ritum
2103 2535 2165 2589 B.
2194 2533 2394 2589 Leonis
2426 2532 2496 2588 ad
2541 2532 2709 2585 vitam
2751 2542 2918 2586 sanus
2970 2524 3150 2590 rediit,
3202 2519 3351 2578 ouiui
3400 2533 3495 2586 po-

1905 2630 2031 2700 pulo
2073 2629 2168 2699 qui
2214 2627 2411 2683 aderat
2485 2623 2721 2680 Domino
2761 2632 2821 2677 et
2850 2620 3057 2676 Sancto
3108 2616 3316 2688 gratias
3356 2611 3497 2668 refe-

1906 2737 2001 2777 reo
2009 2732 2081 2778 te.

1977 2814 2067 2868 22.
2107 2812 2338 2879 Quidam
2358 2808 2689 2865 Benedictus
2718 2807 2962 2870 nomine,
2991 2802 3161 2857 ﬁliam
3187 2814 3369 2862 suam,
3400 2810 3495 2852 no-

1909 2908 2059 2964 mine
2102 2905 2329 2968 Bonam,
2370 2918 2535 2958 causa
2586 2898 2914 2969 recipiendae
2952 2895 3243 2958 sanitatis,
3291 2891 3357 2945 ad
3413 2898 3502 2943 tu-

1910 3002 2116 3059 mulum
2149 2998 2293 3055 beati
2342 2995 2626 3052 Pontiﬁcis
2677 2991 2880 3056 attulit,
2919 3004 3041 3060 quae
3090 2996 3210 3041 erat
3236 2980 3502 3037 ambabus

1913 3093 2165 3150 [nauibus
2193 3095 2474 3144 contracta
2503 3105 2517 3141 :
2551 3084 2670 3150 sed,
2690 3084 2872 3139 divina
2912 3080 3131 3135 favente
3159 3075 3360 3147 gratia,
3404 3086 3502 3142 per

1917 3192 2170 3248 meritum
2184 3190 2334 3244 Beati
2349 3183 2849 3253 l'ontiﬁcisrecepit
2870 3178 3123 3236 sanitatis
3145 3172 3363 3245 gaudia.
3377 3169 3505 3226 Fuit

1917 3288 1972 3341 in
2023 3285 2325 3340 Marsicaua
2355 3280 2471 3351 (87)
2501 3280 2627 3335 villa
2666 3280 2733 3335 de
2766 3276 2976 3343 Monte,
3014 3271 3265 3344 quaedam
3305 3265 3505 3324 mulier

1916 3377 1984 3432 de
2009 3375 2241 3430 Civitatc
2271 3371 2593 3443 Spoletana,
2638 3370 2731 3424 diu
2758 3382 2901 3424 caeca
2931 3385 2944 3420 :
2973 3379 3094 3435 quae
3133 3365 3261 3417 dum
3300 3358 3505 3413 oratio-

1917 3468 2004 3524 nis
2028 3467 2205 3538 gratia
2231 3465 2373 3520 beati
2399 3463 2502 3518 viri
2532 3460 2843 3532 sepulcrum
2872 3456 3181 3527 requireret
3202 3493 3217 3518 ,
3258 3452 3313 3506 in
3346 3448 3508 3504 Sabi—

1922 3560 2075 3616 nensi
2106 3558 2461 3628 Episcopatu,
2510 3563 2804 3623 antequam
2850 3551 2920 3605 ad
2962 3550 3141 3603 locum
3187 3543 3277 3598 ubi
3310 3556 3508 3609 corpus

1920 3658 2039 3726 ejus
2070 3653 2364 3724 requiescit
2390 3650 2723 3722 perveniret,
2752 3661 2849 3717 per
2878 3643 3134 3699 meritum
3166 3636 3340 3694 sancti
3364 3634 3509 3688 Pon-

1921 3748 2083 3803 tiﬁcis
2118 3748 2298 3801 lumen
2336 3744 2557 3813 recepit,
2580 3756 2646 3796 ac
2673 3741 2778 3795 iter
2810 3738 2953 3807 quod
2990 3742 3235 3804 cmperat
3268 3729 3510 3801 gaudens
3581 3750 3592 3759 -

1921 3839 2147 3910 peregit.
2178 3836 2406 3904 Quidam
2441 3848 2576 3903 puer
2604 3832 2673 3885 de
2703 3828 2960 3899 praedicta
2995 3825 3240 3888 civitate,
3270 3820 3510 3891 quinque

1922 3908 2090 3985 anulos
2122 3930 2351 3991 habens,
2383 3935 2545 3995 atque
2574 3940 2603 3977 a
2629 3921 2910 3976 nativitate
2944 3931 3135 3988 gressu
3186 3923 3251 3978 ;et
3294 3908 3511 3979 loquela

1923 4037 2140 4089 carens,
2166 4027 2452 4089 parentum
2482 4012 2686 4068 auxilio
2720 4010 2789 4065 ad
2842 4006 3152 4079 sepulcrum
3186 4001 3373 4057 Sancti
3416 3998 3514 4051 duo

1925 4120 2067 4175 ctus,
2100 4087 2197 4180 per
2219 4108 2474 4162 meritum
2498 4103 2617 4174 ejus
2642 4115 2889 4172 gressum
2933 4104 2991 4152 et
3035 4093 3307 4163 loquelam
3343 4087 3508 4146 simul

1928 4200 2158 4269 recepit.
2188 4199 2321 4253 Item
2354 4196 2496 4250 alius
2530 4192 2777 4261 ejusdem
2826 4185 3108 4251 territorii,
3161 4189 3369 4253 septem
3415 4193 3519 4233 an-

1928 4308 2146 4354 norum,
2177 4304 2275 4361 per
2301 4299 2413 4343 tres
2442 4296 2615 4341 annos
2663 4299 2854 4355 gressu
2900 4281 3097 4351 pedum
3143 4274 3362 4330 caruit:
3418 4269 3515 4325 sed

1928 4385 2056 4439 dum
2085 4383 2154 4437 ad
2184 4380 2493 4452 sepulcrum
2531 4376 2806 4432 Antistitis
2857 4372 3164 4433 accederet,
3215 4380 3311 4438 per
3353 4362 3517 4418 meri-

1931 4487 2044 4531 tum
2066 4475 2187 4545 ejus
2212 4473 2394 4529 subito
2426 4480 2643 4527 erectus
2672 4478 2774 4524 est.
2804 4466 3034 4534 Quidam
3068 4462 3181 4534 (88)
3213 4475 3348 4531 puer
3367 4499 3381 4523 ,
3406 4456 3518 4510 Leo

227 4564 459 4629 invasit,
478 4573 533 4617 et
560 4563 804 4633 graviter
824 4575 1024 4615 vexare
1046 4560 1232 4627 cmpit.
1265 4558 1375 4611 Hoc
1403 4563 1587 4609 autem
1610 4551 1826 4606 vivente
1852 4537 1905 4596 Ι)
1931 4571 2173 4633 nomine,
2227 4568 2296 4623 de
2351 4575 2535 4621 monte
2572 4564 2772 4619 Casino
2792 4603 2806 4624 ,
2862 4561 2914 4615 in
2989 4558 3177 4611 eadem
3234 4549 3517 4607 υοηιίηίω

226 4654 321 4708 illo
350 4665 536 4708 actum
568 4662 672 4708 est.
701 4652 810 4707 Sed
848 4652 1030 4705 divina
1063 4649 1278 4704 favente
1312 4646 1510 4719 gratia,
1552 4658 1676 4699 cum
1706 4649 1831 4712 post

226 4749 439 4804 obitum
478 4746 625 4803 illius
652 4746 867 4801 veniret
914 4744 994 4800 ad.
1031 4743 1341 4814 sepulcrum
1395 4739 1535 4809 ejus,
1583 4753 1680 4809 per
1709 4751 1826 4791 me-

230 4841 399 4895 ritum
431 4838 608 4907 ipsius
630 4847 857 4893 sanatus
886 4845 992 4892 est.

299 4931 391 4989 2i.
424 4930 661 4999 Quidam
690 4928 1040 4987 Grimoaldus
1062 4926 1303 4991 nomine,
1326 4926 1393 4980 de
1421 4919 1824 4989 S.'Benedicto,

305 5132 418 5204 (82)
442 5132 613 5204 Forte
649 5132 868 5198 Larina,
896 5146 1020 5203 quae
1053 5138 1137 5204 est
1181 5128 1372 5204 civitas
1391 5126 1725 5204 Capitanatie
1773 5126 1828 5180 in

236 5196 789 5328 ἓξῆιὶοῗέὣεοιὶωηο,
806 5196 939 5260 alias
953 5205 1004 5258 in
1021 5202 1211 5258 eadem
1233 5196 1550 5269 Capitanata
1565 5208 1649 5254 est
1668 5196 1832 5251 Torre

1928 4662 2154 4718 claudus
2187 4660 2260 4714 ita
2291 4657 2510 4712 advenit
2531 4655 2674 4725 quod
2702 4651 2851 4707 nullo
2893 4648 3053 4705 modo
3077 4648 3286 4715 absque
3308 4642 3519 4696 duobus

1930 4756 2340 4815 sustentatoriis
2387 4752 2596 4807 baculis
2654 4748 2907 4804 incedere
2952 4743 3169 4798 valebat

1928 4851 2180 4907 meritum
2229 4848 2271 4900 B
2320 4844 2602 4901 Pontiﬁcis
2638 4841 2845 4909 absque
2876 4838 3123 4899 ductore,
3170 4828 3400 4897 abjeetis
3423 4826 3518 4878 ba—

1929 4946 2085 5010 culis,
2152 4942 2448 4998 sanitatem
2525 4936 2898 4992 membrorum
2960 4932 3147 4984 s'ecum
3204 4917 3519 4994 reportavit.

2007 5126 2121 5189 (86l
2157 5120 2327 5187 Vulgo
2348 5118 2494 5182 Cori,
2527 5113 2835 5189 Campanis?
2865 5102 3435 5189 ¹¹⁰¹¹¹ἓ¹⁰²ῬῙ⁰¹Ψί⁴¹¹¹¹¹¹έ

2007 5172 2123 5266 (8η
2149 5172 2350 5266 Βιψῖέκ
2366 5172 2851 5266 Μαξδὶεςιηιῖιιοέξῳ
2874 5177 3185 5262 nominatur
3203 5176 3254 5266 in
3280 5172 3532 5266 confiniis

1934 5246 2206 5328 eitei'idris
2233 5246 2405 5329 atque
2443 5255 2718 5334 ulterioris
2741 5251 3100 5334 Principatus
3121 5246 3317 5334 ,“qliud
3365 5250 3532 5299 vetus,

3218 4735 3373 4792 :sed
3426 4747 3521 4803 per
3611 4806 3624 4818 ’
