4062 5352
554 306 661 367 5.39

1918 300 1974 357 S.
2019 299 2150 356 ι.εο
2178 298 2249 356 ιι
2288 298 2483 356 ΡᾹΡΑ.

3745 308 3847 365 διο

553 428 699 483 Puer
722 420 1073 497 quid-tm,qui
1099 420 1430 476 fuitduobus
1446 419 1989 499 pedibtsattractus,
2015 431 2133 469 crr-
2167 421 2212 476 Α
2244 424 2325 468 tre
2370 424 2560 470 orante
2608 430 2674 471 ac
2714 416 2876 472 ﬁeute
2900 459 2915 485 ,
2966 428 3189 489 repente
3233 432 3422 478 noster
3462 424 3846 483 sanctissimus

555 526 722 576 uento
775 514 972 588 populo
1017 512 1243 568 miriﬁce
1279 519 1542 567 extensus
1584 518 1668 565 est
1703 527 1718 566 :
1750 526 1874 563 mox
1926 509 2014 562 ille
2047 507 2139 577 qui

557 623 830 679 nunquam
873 605 1208 670 ambulavit,
1251 603 1524 659 currendo
1559 602 1625 655 ad
1671 615 1854 656 arcam
1903 601 1961 654 S.
2000 597 2147 653 Petri

557 705 638 757 ire
657 701 860 769 cmpit;
897 707 950 752 ct
998 694 1411 752 innumerabilis
1448 693 1736 748 multitudo
1791 693 1882 762 qui
1918 689 2148 747 aderant

560 793 787 849 Domino
820 792 929 847 Deo
954 801 1006 845 et
1030 790 1089 846 S.
1118 789 1281 844 Leoni
1308 789 1495 844 laudes
1524 788 1818 842 itmncusas
1841 783 2143 840 reddidere.

625 884 718 939 93.
740 882 1043 952 Trigesimo
1064 892 1120 937 et
1139 881 1374 935 secundo
1390 879 1475 934 die
1497 879 1608 950 (.89)
1623 877 1979 949 depositionis
1999 877 2146 947 ejus-

557 976 680 1032 dem
694 972 974 1029 Pontiﬁcis
989 981 1170 1026 mutus
1181 971 1399 1040 quidam
1414 969 1804 1040 deepiscopatu
1819 968 2147 1032 Castellauo,

559 1068 627 1123 de
651 1066 885 1137 quadam
918 1064 1073 1137 plebe
1110 1062 1358 1134 ejusdem
1398 1062 1767 1132 episcopatus,
1799 1076 1920 1131 qua:
1954 1060 2153 1114 dicitur

559 1157 895 1233 Graciolum,
925 1156 1076 1211 venit
1101 1157 1167 1210 ad
1198 1155 1503 1226 sepulcrum
1522 1154 1635 1223 jam
1666 1154 1795 1209 dicti
1828 1151 2108 1207 Pontiﬁcis
2134 1169 2147 1205 ε

560 1250 653 1306 ubi
679 1260 949 1321 praesente
964 1248 1075 1320 (90)
1094 1249 1358 1318 Episcopo
1379 1262 1480 1302 suo
1490 1258 1545 1301 et
1558 1246 1741 1301 multis
1751 1246 1842 1316 qui
1855 1260 1977 1299 eum
1993 1259 2154 1314 agno-

562 1343 808 1403 scebant,
831 1340 1096 1410 loquelam
1145 1339 1371 1408 recepit,
1401 1337 1556 1406 cujus
1585 1338 1659 1391 rei
1691 1337 1846 1392 testis
1874 1344 1958 1391 est
1997 1334 2157 1392 Ordi-

564 1449 701 1489 naus
729 1432 1025 1504 Episcopus
1051 1432 1143 1502 qui
1191 1432 1329 1486 bene
1356 1425 1479 1486 eum
1510 1430 1747 1501 agnovit.
1788 1429 2020 1497 Quidam
2048 1427 2154 1483 Ve-

566 1523 711 1577 tudus
730 1522 1031 1577 monachus
1054 1521 1121 1575 de
1150 1519 1331 1575 Monte
1365 1518 1562 1574 Casino
1581 1560 1597 1584 ,
1647 1518 1866 1572 nomine
1893 1516 2151 1583 Joannes,

564 1623 680 1669 erat
710 1621 892 1667 mutus
926 1620 982 1668 et
1016 1611 1299 1666 surduset
1339 1626 1516 1666 eiectis
1555 1620 1612 1665 et
1642 1610 1839 1665 dextra
1877 1624 2041 1664 manu
2073 1617 2156 1663 ab-

565 1714 816 1760 tractus:
851 1704 960 1758 has
975 1713 1155 1759 autem
1185 1703 1467 1772 passiones
1495 1717 1592 1772 per
1615 1717 1789 1758 annos
1811 1716 2002 1756 novem
2031 1716 2157 1773 por-

2246 507 2387 577 Papa
2412 507 2642 562 contulit
2671 509 2751 564 eis
2777 511 2970 566 salutis
2993 514 3156 566 dona.
3189 513 3265 568 ita
3296 514 3419 586 ille,
3448 516 3542 585 qui
3571 531 3848 586 nunquam

2245 598 2448 668 absque
2470 598 2675 656 baculis
2702 602 2952 658 incedere
2977 603 3166 670 valuit,
3204 606 3433 674 abjectis
3479 606 3609 673 illis,
3663 623 3848 663 coram

2245 689 2390 742 omni
2420 690 2616 759 populo
2644 691 2735 755 qui
2762 691 2973 758 aderat,
3005 693 3071 748 de
3118 693 3291 750 altare
3319 695 3380 749 Β.
3425 694 3572 751 Petri
3622 696 3852 753 ﬁrmiter

2249 778 2328 833 ire
2353 781 2621 835 currendo
2647 783 2813 853 erepit
2837 799 2851 845 ;
2909 791 2965 837 et
2987 783 3178 840 laudes
3198 800 3320 840 cum
3346 794 3501 856 patre
3516 787 3569 842 ei
3594 787 3851 853 reddidit,

2250 875 2340 944 qui
2370 891 2494 929 eum
2521 892 2617 946 per
2653 879 2847 933 merita
2883 878 2942 932 Β.
2970 878 3167 935 Leonis
3192 881 3426 937 sanavit.
3458 881 3511 935 In
3542 881 3739 937 eadem
3769 884 3853 938 die

2253 960 2447 1020 mulier
2489 968 2771 1038 quadam,
2821 985 2941 1040 qua:
2986 985 3084 1040 per
3117 971 3283 1027 multa
3328 981 3572 1043 tempora
3611 974 3857 1045 graviter

2253 1056 2353 1111 fuit
2376 1072 2406 1111 a
2446 1057 2713 1114 daemonio
2741 1069 2957 1125 vexata,
2986 1061 3221 1126 advenit,
3263 1078 3386 1134 quze
3418 1079 3541 1119 cum
3569 1064 3853 1121 osculare-

2255 1158 2343 1204 tur
2374 1151 2636 1218 tumbam,
2667 1152 2851 1206 statim
2880 1168 2976 1222 per
2999 1153 3262 1209 vomitum
3286 1156 3567 1225 sanguinis
3599 1157 3858 1227 antiquus

2254 1241 2426 1297 hostis
2455 1241 2822 1298 habitaculum
2850 1247 3096 1316 corporis
3116 1245 3234 1315 ejus
3254 1247 3513 1313 deseruit,
3539 1259 3599 1304 et
3623 1248 3855 1303 salutem

2254 1334 2477 1404 recepit.
2508 1334 2634 1390 Hmc
2654 1345 2835 1392 autem
2861 1337 2928 1392 de
2961 1346 3103 1392 terra
3136 1355 3258 1409 quae
3296 1350 3525 1396 vocatur
3564 1340 3860 1398 Camerino

2256 1425 2382 1495 (9|).
2413 1423 2533 1480 fuit.
2563 1426 2746 1482 Puella
2791 1429 3069 1499 quaedam,
3113 1429 3259 1484 Laeta
3297 1431 3537 1497 nomine,
3591 1448 3721 1503 quae
3759 1432 3860 1487 fuit

2256 1525 2489 1571 attracta
2531 1531 2692 1571 manu
2739 1518 2982 1584 sinistra,
3010 1534 3133 1574 eum
3165 1529 3362 1586 matre,
3416 1520 3513 1576 Dei
3560 1521 3860 1577 comitante

2258 1608 2455 1679 gratia,
2487 1609 2736 1680 pervenit
2764 1609 2833 1664 ad
2866 1609 3162 1666 tumulum:
3189 1619 3246 1666 et
3274 1612 3399 1667 dum
3442 1610 3711 1668 Sanctum
3744 1614 3861 1667 teti-

2267 1698 2458 1768 gisset,
2488 1699 2669 1756 subito
2698 1715 2918 1756 manum
2939 1741 2955 1769 ,
2994 1716 3157 1773 quam
3195 1717 3308 1775 per
3320 1702 3616 1775 paralysim
3657 1704 3861 1761 amise-

562 1799 702 1854 tavit
733 1798 786 1853 in
832 1813 1085 1868 corpore.
1115 1769 1220 1854 Sed
1247 1812 1370 1853 eum
1421 1769 1683 1852 sensisset
1709 1792 1971 1864 quotidie,
1995 1769 2167 1846 divul-
2198 1769 2241 1829 Β
2271 1798 2377 1856 rat,
2407 1791 2611 1861 recepit
2637 1807 2848 1847 sanam.

565 1890 684 1960 gari
729 1888 998 1944 miracula
1025 1888 1357 1946 sanctissimi
1387 1886 1731 1944 Confessoris
1764 1884 1938 1941 nostri
1969 1882 2166 1938 Leonis

564 1980 745 2052 Papae,
773 1990 956 2036 votum
987 1982 1035 2037 ei
1067 1981 1120 2035 in
1150 1996 1251 2038 suo
1300 1980 1467 2036 corde
1495 1978 1734 2045 devovit,
1765 1978 1909 2049 quod
1951 1976 1996 2032 si
2041 1991 2165 2031 eum

564 2071 1042 2128 orationibus'suis
1072 2072 1263 2127 beatus
1285 2072 1429 2141 Papa
1458 2070 1717 2134 salvaret,
1747 2069 1964 2124 veniret
1989 2068 2058 2122 ad
2084 2076 2168 2121 tu—

567 2164 772 2220 mulum
795 2163 913 2233 ejus
936 2179 1060 2219 cnm
1093 2162 1470 2218 luminaribus.
1504 2146 1631 2217 llaec
1651 2177 1775 2216 cum
1806 2160 2055 2224 dixisset,
2077 2174 2167 2215 su-

567 2254 692 2311 hito.
712 2254 891 2309 divina
930 2264 1211 2324 respectus
1254 2254 1453 2325 gratia,
1483 2252 1714 2308 salutem
1752 2251 2039 2322 pristinam
2074 2264 2164 2305 re-

568 2347 713 2418 cepit
738 2347 821 2402 sui
846 2346 1131 2417 corporis;
1162 2346 1346 2418 itaque
1385 2361 1553 2401 sanus
1588 2343 1838 2415 apparuit
1863 2358 1928 2399 ac
1974 2342 2022 2398 si
2069 2341 2167 2396 has

569 2437 921 2493 inﬁrmitates
948 2452 1235 2507 nunquam.
1265 2436 1563 2493 habuisset.
1590 2435 1662 2492 Ut
1686 2444 1868 2489 autem
1891 2449 1950 2490 se
1973 2445 2166 2487 sanum

570 2528 726 2594 vidit,
753 2537 935 2583 votum
963 2528 1105 2597 quod
1139 2527 1373 2583 Domino
1392 2544 1458 2583 ac
1482 2520 2167 2585 sanetissimoConl‘essori

570 2621 738 2687 vovit,
775 2620 1109 2690 adimplevit,
1140 2630 1197 2676 et
1223 2622 1290 2676 ad
1320 2621 1585 2675 tumulum
1608 2620 1726 2691 ejus
1754 2618 1917 2681 venit,
1950 2613 2168 2670 laudes-

572 2732 681 2789 que
710 2718 758 2773 ci
794 2717 1001 2784 retulit,
1034 2726 1091 2773 et
1118 2734 1241 2773 cmn
1288 2718 1435 2773 omni
1474 2716 1668 2788 pepulo
1712 2715 1802 2784 qui
1834 2712 2031 2769 ibidem
2075 2710 2169 2764 ad-

571 2823 695 2865 erat
730 2812 971 2881 gaudens
1015 2811 1380 2875 annuntiavit,
1411 2810 1643 2880 qualiter
1686 2809 1827 2863 Deus
1870 2821 1967 2877 per
2011 2817 2169 2860 suum

572 2901 952 2958 Confessorem
1004 2902 1053 2957 ei
1102 2903 1354 2971 dignatus
1406 2912 1492 2957 cst
1542 2902 1826 2971 pristinam
1881 2898 2170 2954 sanitatem

575 2994 822 3049 reddere.
854 2993 1090 3062 Quidam.
1111 2991 1303 3048 Petrus
1333 2993 1549 3048 nomine
1579 3033 1596 3055 ,
1623 2993 1691 3047 de
1719 2991 1939 3046 civitate
1966 2987 2167 3056 Caieta,

576 3084 743 3139 tilium
769 3100 925 3141 suum
970 3100 1196 3156 parvum
1222 3083 1508 3148 Joannem,
1538 3084 1631 3153 qui
1660 3082 1895 3138 habebat
1928 3079 2070 3135 latus
2098 3079 2175 3132 si-

2335 1880 2427 1937 26.
2453 1882 2584 1938 Erat
2607 1883 2804 1939 mulier
2826 1884 3072 1955 quaedam
3102 1884 3156 1940 in
3187 1884 3322 1942 urbe
3345 1884 3541 1954 Roma,
3564 1902 3691 1957 qua:
3717 1900 3862 1942 eme-

2266 1972 2363 2028 bat
2392 1982 2448 2029 et
2473 1975 2739 2030 vendebat
2753 1975 2908 2046 piper
2924 1986 2981 2032 et
3000 1976 3294 2048 thymiama
3310 1993 3324 2031 :
3340 1978 3466 2033 dum
3488 1978 3714 2049 quidam
3735 1977 3867 2033 situ-

2268 2066 2388 2138 plex
2416 2067 2501 2123 vir
2526 2083 2556 2123 a
2586 2069 2833 2140 partibus
2856 2069 3378 2137 Croatiaa-venisset,
3403 2071 3536 2127 emit
3563 2071 3635 2128 ab
3672 2072 3863 2128 eadem

2269 2160 2500 2216 muliere
2520 2161 2831 2232 thymiama.
2846 2162 2989 2233 quod
3005 2163 3246 2221 deferret
3265 2165 3332 2220 ad
3354 2164 3621 2219 tumulum
3644 2164 3708 2219 B.
3736 2163 3868 2220 Leo-

2250 2252 2358 2306 nis
2394 2250 2573 2322 Papa).
2604 2250 2708 2320 Qui
2737 2254 3081 2310 adtoxicatus
3113 2254 3396 2311 maleﬁciis
3425 2256 3690 2321 mulieris,
3720 2254 3872 2310 dedit

2270 2342 2578 2410 denarium,
2604 2344 2888 2415 visuraque
2913 2353 2996 2403 est
3032 2345 3106 2401 illi
3136 2346 3385 2417 accipere
3405 2341 3641 2402 multum
3666 2364 3681 2403 :
3706 2362 3867 2405 acoe-

2269 2435 2345 2505 pit
2386 2446 2569 2491 autem
2620 2437 2773 2492 nihil.
2822 2437 3069 2509 Cumque
3102 2439 3433 2509 perrexisset
3472 2441 3542 2496 ad
3573 2439 3869 2506 tumulum,

2270 2536 2578 2598 prostratus
2608 2530 2660 2584 in
2706 2529 2954 2587 oratione
2987 2532 3243 2596 surrexit,
3287 2534 3616 2604 mittensque
3659 2534 3715 2588 in
3743 2548 3871 2589 sac-

2273 2620 2395 2677 culo
2422 2635 2714 2678 manmnut
2736 2624 3029 2695 thymiama
3057 2626 3348 2696 proferret,
3377 2626 3581 2681 invenit
3604 2626 3756 2682 illum
3782 2626 3868 2683 ni-

2272 2713 2347 2768 hil
2382 2714 2694 2771 habentem.
2725 2715 2878 2770 Tuuc
2922 2716 3012 2770 ille
3054 2718 3219 2787 erepit
3262 2717 3602 2787 proclamare
3648 2719 3864 2789 magnis

2271 2805 2497 2861 vocibus
2528 2806 2752 2861 dicens:
2785 2806 2830 2863 Ο
2854 2818 3042 2864 sancte
3064 2807 3192 2875 Leo,
3222 2809 3668 2885 interJtomanos
3693 2812 3872 2866 haere-

2275 2897 2411 2951 ticos
2424 2896 2638 2952 voluisti
2654 2913 2874 2954 manere
2898 2917 2909 2952 :
2935 2914 3037 2971 ego
3060 2899 3113 2954 si
3133 2900 3186 2954 in
3212 2901 3429 2955 domum
3455 2901 3571 2957 iero
3590 2902 3868 2972 propriam

2273 2990 2340 3046 tle
2373 2998 2423 3045 te
2468 2990 2758 3060 plurimam
2795 2990 3188 3061 blasphemiam
3226 2991 3438 3062 loquar,
3470 2992 3574 3048 nisi
3626 2992 3874 3048 vindicer

2274 3098 2343 3137 cx
2372 3082 2614 3138 maleﬁca
2641 3082 2729 3137 illa
2758 3083 2982 3138 muliere
3021 3092 3077 3138 et
3104 3084 3307 3153 iniqua.
3356 3083 3557 3139 Eodem
3586 3083 3695 3150 die,
3742 3084 3869 3139 dum

576 3179 806 3233 nistrqu
852 3193 975 3232 cum
1005 3193 1165 3232 manu
1208 3177 1356 3231 arida
1386 3193 1482 3246 per
1509 3191 1678 3231 annos
1710 3185 1947 3244 septem,
1987 3173 2054 3226 ad
2086 3170 2163 3225 fa-
2198 3150 2243 3210 (ἶ
2274 3189 2335 3228 ea
2368 3174 2563 3229 mulier
2590 3174 2643 3229 iu
2672 3174 2881 3244 porticu
2911 3183 3056 3229 esset
3077 3174 3284 3230 faciens
3310 3175 3522 3246 negatia
3553 3175 3718 3242 mala,
3746 3176 3871 3231 mit-

555 3283 728 3324 ‘mam
747 3268 1077 3323 sanctissimi
1103 3268 1301 3323 Leonis
1331 3284 1453 3324 cum
1482 3268 1671 3323 eodem
1698 3266 1806 3320 ﬁlio
1843 3280 2007 3320 causa
2032 3262 2172 3317 reci-

577 3360 787 3430 pienda:
815 3358 1007 3414 salutis
1030 3359 1268 3413 advenit.
1301 3357 1546 3427 Cumque
1574 3357 1714 3411 ﬁlius
1743 3356 1981 3409 tumbam
2020 3368 2173 3408 oscu-

579 3450 806 3514 laretur,
836 3457 887 3504 et
914 3458 1068 3519 pater
1088 3448 1502 3519 laerymaretur,
1535 3447 1715 3501 divina
1741 3456 2019 3513 respeetus
2044 3455 2177 3511 puer

581 3541 751 3612 gratia
803 3540 1032 3595 salutem
1089 3540 1375 3608 pristinam
1412 3538 1616 3609 recepit
1662 3535 2009 3606 gaudensque
2050 3547 2173 3587 cum

583 3642 738 3705 patre
762 3635 829 3688 ad
860 3632 1074 3704 propria
1109 3632 1388 3688 remeavit.

653 3724 744 3779 Si.
779 3725 1033 3792 Quaedam
1062 3723 1256 3779 mulier
1284 3722 1485 3789 vetula,
1532 3721 1752 3776 nomine
1792 3717 1958 3773 Maria
1987 3715 2179 3770 Marsi-

583 3833 737 3881 cana,
772 3818 838 3872 de
858 3815 1081 3873 castello
1108 3817 1264 3874 Alvo.
1293 3815 1513 3885 triginta
1536 3827 1708 3867 annos
1736 3828 1767 3866 a
1794 3805 2059 3865 diemonio
2080 3806 2179 3861 fuit

585 3919 777 3965 vexata
805 3928 819 3965 :
843 3910 936 3966 sed
970 3907 1207 3964 secunda
1247 3905 1380 3960 feria
1402 3947 1416 3968 ,
1446 3921 1567 3975 qua:
1597 3914 1680 3961 est
1713 3902 1959 3975 proxima
1988 3899 2179 3955 Pente-

585 4013 783 4069 costes,
814 4004 943 4057 hora
968 4002 1075 4058 diei
1106 4017 1271 4066 nona,
1303 3999 1626 4055 dae-monium
1658 3998 1710 4052 iu
1740 3998 1953 4051 modum
1979 4009 2179 4049 muscrc

585 4095 844 4149 evomuit.
867 4093 1050 4148 Altera
1070 4101 1248 4147 autem
1272 4090 1483 4152 mulier,
1508 4088 1667 4143 Berta
1688 4087 1927 4150 nomine,
1952 4085 2019 4140 de
2038 4093 2178 4139 terra

589 4184 649 4236 ὃ.
684 4183 980 4247 Benedicti,
1009 4183 1196 4236 eadem
1224 4183 1311 4237 die
1335 4190 1391 4236 et
1418 4183 1549 4237 hora
1581 4177 1905 4236 diemouium
1934 4191 2057 4232 cum
2086 4189 2182 4229 vo-

591 4277 725 4331 mitu
770 4275 958 4330 fmtido
985 4277 1260 4330 evomuit:
1293 4276 1468 4345 gratia
1511 4275 1581 4330 sit
1612 4274 1724 4329 Deo
1753 4283 1808 4328 et
1838 4268 2181 4328 sanctissimo

591 4366 838 4422 Pontiﬁci
870 4368 959 4435 qtti
999 4381 1119 4422 eam
1150 4365 1309 4422 saluti
1343 4365 1599 4420 restituit.

660 4457 752 4513 25.
784 4457 1017 4525 Quidam
1040 4454 1322 4525 parvulus,
1345 4454 1438 4525 qui
1458 4469 1555 4524 per
1596 4454 1766 4509 multa
1810 4462 2054 4523 tempora
2075 4464 2181 4507 cre-

593 4563 692 4604 cus
717 4546 891 4602 fuerat
923 4585 938 4610 ,
968 4547 1099 4601 hora
1138 4560 1279 4600 nona
1310 4543 1364 4598 in
1412 4552 1602 4599 octava
1635 4542 1979 4607 Pentecostes
2003 4541 2181 4596 lumen

596 4638 801 4707 recepit
827 4654 840 4691 :
870 4645 1030 4708 pater
1058 4633 1176 4704 eius
1202 4632 1464 4689 Amulius
1505 4634 1819 4696 vocabatur,
1852 4640 1908 4687 et
1933 4639 2051 4687 erat
2071 4631 2186 4701 qui-

595 4730 717 4787 dem
747 4728 816 4784 de
844 4739 991 4783 terra
1016 4726 1074 4781 S.
1105 4726 1406 4782 Benedicti.
1438 4726 1670 4795 Quidam
1696 4726 1878 4789 homo,
1917 4724 2185 4781 Lodoicus

596 4821 834 4886 nomine,
864 4819 931 4875 de
956 4829 1099 4874 terra
1127 4820 1193 4873 de
1218 4817 1484 4885 Forcone,
1511 4833 1632 4873 eum
1675 4816 1786 4872 ﬁlio
1816 4815 1907 4888 qui
1954 4824 2073 4871 erat
2102 4824 2184 4869 at-

600 4921 802 4967 tractus
853 4910 1081 4980 genibus
1133 4909 1351 4964 advenit
1401 4909 1469 4965 ad
1522 4908 1804 4963 -tntnulnm
1884 4905 2180 4961 beatissimi

597 5000 962 5057 Confessoris:
997 5009 1051 5055 ct
1079 5000 1203 5055 dum
1237 5000 1536 5054 residerent
1574 4998 1727 5067 juxta
1778 4998 2060 5062 tumulum,
2094 5013 2187 5066 pa—

674 5136 784 5208 (89)
818 5138 1025 5192 Fuisset
1049 5140 1134 5192 hic
1168 5139 1279 5207 ipsa
1297 5136 1487 5207 Vigilia
1505 5138 1868 5201 Pentecostes,
1894 5150 2054 5208 atque
2084 5140 2186 5193 hoc

606 5208 924 5279 miraculum
953 5210 1173 5279 deberet
1203 5211 1507 5277 praecedere
1537 5210 1780 5279 qua-dam
1829 5211 2181 5279 antescripta.

675 5278 954 5352 (90)_Au_no
981 5278 1115 5352 1055
1137 5280 1351 5352 cuidam
1376 5278 1646 5352 Benedicti
1674 5278 1743 5352 lX
1765 5280 2044 5352 privilegio
2067 5278 2189 5335 Sub-

2277 3276 2395 3322 tens
2424 3269 2476 3322 in
2512 3283 2610 3322 suo
2641 3266 2855 3322 sacculo
2884 3282 3102 3321 manum
3135 3276 3192 3321 ut
3218 3267 3369 3337 piper
3397 3268 3677 3334 venderet,
3729 3267 3873 3320 inve-

2276 3360 2357 3413 nit
2389 3358 2534 3413 illum
2563 3358 2942 3429 serpenticulis
2965 3358 3207 3429 plenum,
3239 3374 3270 3413 a
3302 3359 3498 3429 quibus
3528 3347 3869 3413 vulneratam

2277 3465 2492 3505 manum
2532 3450 2805 3521 produxit.
2848 3448 3192 3520 Cognoscens
3238 3450 3422 3521 itaque
3450 3458 3661 3504 reatum
3688 3463 3866 3513 suum,

2276 3540 2516 3595 cucurrit
2543 3542 2610 3595 ad
2643 3539 2906 3594 tumulum
2934 3539 2994 3593 Β.
3024 3538 3248 3604 Leonis,
3289 3554 3471 3595 coram
3499 3540 3647 3593 onmi
3676 3536 3871 3609 popqu

2278 3645 2373 3685 sua
2401 3628 2755 3684 manifestans
2777 3630 3090 3685 commissa.
3115 3628 3268 3685 Tunc
3291 3627 3538 3684 videntes
3564 3644 3758 3683 omnes
3776 3629 3866 3699 qui

2277 3723 2501 3777 aderant
2525 3737 2745 3776 manum
2772 3720 3017 3777 mulieris
3040 3730 3207 3776 totam
3230 3721 3568 3777 vulneratam
3594 3738 3624 3777 a
3651 3737 3870 3792 serpen-

2280 3814 2444 3879 tibus,
2477 3814 2674 3869 timore
2716 3828 2910 3884 ntagno
2955 3814 3231 3884 perterriti
3279 3821 3623 3884 stupuerunt.
3678 3812 3870 3867 Mulier

2277 3919 2426 3970 vero,
2450 3920 2555 3958 nou
2576 3903 2841 3960 suti‘ercus
2860 3906 3095 3972 dolores,
3118 3905 3372 3962 clamavit
3388 3907 3612 3960 vocibus
3625 3905 3863 3976 magnis:

2280 3995 2337 4052 S.
2364 3996 2493 4062 Leo,
2524 3998 2833 4053 beatissime
2857 3998 3001 4069 Papa
3022 4039 3036 4064 ,
3074 4000 3292 4069 ignosce
3324 4000 3454 4055 mihi
3479 4001 3678 4070 iniquze
3718 4010 3773 4055 et
3802 4000 3868 4053 li-

2279 4090 2408 4145 bera
2438 4103 2523 4144 nte
2550 4104 2581 4143 a
2609 4090 2896 4144 tormentis
2923 4090 3118 4145 horum
3142 4091 3498 4161 serpentium,
3526 4090 3725 4161 quibus
3744 4106 3865 4146 eru-

2279 4183 2473 4238 deliter
2491 4184 2727 4239 crucior.
2754 4182 2906 4238 Tunc
2929 4183 3017 4237 ille
3043 4182 3134 4253 qui
3155 4192 3365 4238 emerat
3384 4183 3452 4238 ab
3476 4197 3540 4237 ea
3568 4182 3866 4255 thymiama

2282 4275 2431 4342 illud,
2456 4275 2644 4331 videns
2665 4275 2788 4342 hoc,
2812 4275 2992 4331 dicere
3005 4275 3201 4345 carpit:
3225 4273 3431 4345 Dignus
3450 4289 3535 4340 es,
3558 4274 3868 4330 beatissime

2281 4366 2411 4432 Leo,
2444 4369 2654 4438 magnis
2677 4369 2989 4433 honoribus,
3014 4368 3108 4439 qui
3132 4369 3198 4424 ad
3230 4378 3282 4423 te
3302 4367 3582 4423 venientes
3608 4369 3866 4438 protegis,

2286 4470 2341 4513 et
2386 4459 2694 4530 iniquorum
2741 4459 2884 4516 facta
2931 4460 3296 4531 constringis:
3329 4459 3537 4530 gaudeo
3570 4460 3791 4529 quidem
3816 4458 3869 4512 in

2288 4554 2489 4608 virtute
2537 4561 2614 4608 tut
2661 4554 2922 4624 triumphi
2962 4572 2976 4608 :
3019 4568 3129 4620 ne,
3175 4567 3380 4624 quaeso,
3431 4551 3693 4607 irascaris
3738 4547 3869 4605 mihi

2288 4645 2509 4717 indigno
2543 4645 2667 4715 quia
2704 4645 2887 4715 iniqua
2924 4645 3136 4700 locutus
3178 4642 3330 4699 fuero
3359 4650 3546 4699 contra
3590 4649 3682 4696 te:
3711 4639 3870 4696 mise-

2287 4752 2410 4793 rere
2455 4737 2580 4793 mei.
2625 4735 2819 4791 Mulier
2859 4745 3038 4791 autem
3070 4750 3174 4791 non
3205 4736 3455 4791 cessabat
3501 4730 3867 4790 clamare:8.

2285 4827 2416 4894 Leo,
2446 4842 2706 4883 succurre
2732 4826 2892 4890 mihi,
2920 4827 3202 4893 miserere,
3255 4835 3309 4881 et
3354 4824 3518 4879 libera
3548 4838 3636 4879 me
3675 4822 3746 4879 ab
3791 4823 3881 4877 bis

2288 4921 2576 4976 tormentis
2606 4912 2724 4990 qua:
2756 4919 2969 4989 patior:
2999 4921 3254 4988 promitto
3280 4919 3421 4971 enim
3461 4916 3605 4971 nullo
3631 4926 3870 4986 tempore

2260 5016 2261 5019 “
2291 5014 2526 5082 pessima
2569 5029 2688 5082 qua:
2735 5011 2875 5082 gessi
2906 5011 3121 5081 negotia
3167 5025 3441 5065 exercere.
3485 5009 3609 5063 llaec
3644 5022 3765 5062 cum
3796 5006 3867 5057 la-

2292 5158 2519 5227 primus,
2536 5154 2624 5225 qui
2648 5153 2940 5227 anninS9
2963 5152 3202 5209 Concilio
3227 5150 3863 5227 Romanosubscripsisse

2295 5223 2584 5288 invenitur,
2627 5241 2723 5294 per
2753 5223 2813 5278 P.
2856 5226 3082 5294 primam
3135 5227 3368 5278 nominis
3398 5226 3477 5278 sui
3523 5223 3777 5282 litteram,
3812 5229 3865 5273 et

2295 5298 2537 5352 ultimus.
2564 5297 2718 5352 cuius
2752 5297 3008 5349 memoria
3043 5305 3317 5352 postrema
3342 5301 3526 5348 exstat
3567 5294 3632 5346 ad
3664 5304 3859 5344 annum
