4062 5352
250 331 347 388 δ’ῒι

947 334 1239 391 PROLEG.
1273 365 1338 373 —
1377 330 1696 388 HISTORIA
1734 329 1885 387 MOll‘

1964 330 1989 385 5
2026 332 2115 388 ΕΤ
2153 335 2383 392 MIIUC.
2423 334 2481 390 S.
2522 334 2765 390 LEOAIS
2803 334 2892 388 IX.

3430 327 3546 382 ετξ

249 449 458 520 crymis
491 447 584 504 illa
609 449 842 512 dicente,
871 457 926 505 et
952 450 1164 503 caeteris
1190 449 1281 517 qui
1314 447 1540 502 aderant
1577 458 1683 498 una
1727 459 1849 497 eum
1882 451 1923 506 Λ
1957 447 2166 516 pliciter
2205 450 2346 518 quod
2379 449 2528 518 prius
2565 447 2860 502 abstulerat
2886 445 2934 500 ei
2958 463 2974 502 :
3001 454 3056 500 et
3096 458 3285 499 omnes
3311 440 3401 512 qui
3432 441 3546 496 hoe

249 541 368 594 viro
417 539 516 596 illo
570 541 813 612 simplice
859 557 958 612 pro
1005 557 1067 597 ea
1112 539 1436 605 orantibus,
1480 536 1632 592 alluit
1669 536 1847 590 divina

250 634 545 690 clementia
573 645 632 690 et
665 635 944 692 mulierem
976 636 1122 690 illam
1152 653 1181 690 a
1223 646 1369 706 peste
1411 631 1697 696 liberavit;
1729 646 1848 700 qua:

249 727 543 784 sanitatem
574 729 642 784 ad
669 731 884 801 plenum
918 731 1204 802 recipiens,
1239 729 1476 785 deditilli
1508 731 1712 786 homini
1743 731 1846 785 tri-
1903 750 1911 760 ·

1957 540 2207 594 viderunt
2249 549 2303 594 et
2351 541 2637 595 audierunt
2710 538 3100 595 benediserunt
3156 536 3323 592 Deum
3373 541 3428 590 et
3475 532 3541 586 St

1956 631 2190 690 Leonem
2220 635 2478 692 famulum
2512 637 2646 706 ejus.

668 927 1401 1044 MIRACULA
1499 923 2321 1046 BENEVENTI
2415 923 3079 1040 PATRATA

252 1154 451 1223 partim
484 1168 554 1207 ea:
598 1151 707 1207 ιιι.
739 1151 1110 1208 Beneventano
1130 1169 1163 1206 a
1189 1149 1532 1205 Fenh'nando
1565 1119 1788 1221 Ugltello
1812 1153 1868 1206 in
1889 1152 2144 1275 episcopis
2168 1150 2557 1205 Beneventanis.
2576 1152 2740 1216 edita,
2762 1153 2957 1220 partim
2995 1169 3060 1206 ea:
3088 1151 3192 1208 Ife.
3229 1152 3556 1212 Strozziano-

1805 1239 1956 1275 accep
1983 1240 2038 1275 a.

1805 1239 2038 1292 accepta.

1167 1391 1986 1487 PREMONITIO
2049 1395 2627 1484 UGHELLI.‘

325 1588 421 1644 27.
439 1586 561 1642 Non
576 1588 1012 1657 przeteretmdum
1032 1589 1198 1656 quod,
1213 1579 1683 1658 Waiderieo(9l")
1707 1586 1853 1641 Pna-

256 1661 396 1725 sule,
429 1661 499 1712 ad
531 1659 731 1713 etelum
777 1659 1008 1714 evolavit
1037 1660 1146 1714 Leo
1175 1659 1244 1714 IX
1273 1659 1518 1715 Pontifex
1546 1660 1809 1714 Maximus
1837 1673 1852 1712 :

258 1732 344 1784 cui
386 1739 514 1799 post
545 1731 776 1794 obitum,
816 1747 939 1786 cum
995 1731 1179 1785 multis
1219 1731 1508 1785 claruisset
1553 1728 1854 1799 miraculis,

261 1798 684 1855 Beneventanus
715 1801 940 1870 populus
965 1802 1313 1856 sanctissimo
1358 1802 1494 1862 viro,
1522 1812 1577 1856 et
1621 1801 1690 1853 de
1739 1798 1856 1866 ejns

259 1872 486 1926 civitate
515 1870 628 1938 (92)
657 1873 793 1926 bene
825 1871 1040 1934 merito,
1067 1872 1186 1938 ejus
1212 1873 1431 1926 nomine
1457 1873 1594 1926 intra
1618 1870 1858 1925 civitatis

264 1941 466 2013 lIICBllla
497 1941 788 2013 ecclesiam
817 1942 1172 2005 adillearunt,
1217 1952 1273 1997 et
1309 1943 1553 2013 quolibet
1581 1958 1725 1996 anno
1762 1956 1856 2013 so-

264 2009 430 2065 lemni
464 2011 664 2082 ritu‘ae
695 2012 834 2066 fastu
865 2028 985 2067 eam
1040 2013 1276 2066 incolere
1328 2009 1617 2082 emperunt
1645 2031 1660 2065 :
1703 2010 1858 2078 cujus

263 2090 319 2136 et
352 2095 518 2135 causa
545 2079 792 2148 ejusdem
851 2082 1112 2136 miracula
1145 2083 1352 2150 aliquot
1381 2079 1433 2136 iii
1478 2082 1856 2137 Beneventano

267 2151 496 2223 legione
526 2152 739 2207 meritis
763 2153 906 2207 illius
938 2162 1150 2222 patrata
1194 2153 1392 2208 litteris
1431 2153 1741 2225 consignari
1781 2153 1859 2208 fe-

1962 1595 2174 1659 cerunt.
2226 1588 2355 1659 Quae
2399 1604 2525 1642 eum
2569 1589 2630 1643 in.
2676 1591 3056 1659 antiquissimo
3111 1594 3299 1649 codice
3351 1595 3561 1652 littoris.

1962 1657 2385 1727 Longobardieis
2436 1670 2655 1713 exarata
2689 1659 2742 1714 in
2789 1657 3111 1716 bibliotheca
3167 1666 3546 1720 Beneventana

1963 1727 2262 1808 invenisset
2295 1731 2850 1808 noste_r_Ca:lestin_us
2871 1773 2886 1796 ,
2936 1734 3167 1808 ﬁdeliter
3191 1735 3548 1808 conscripsit,

1962 1798 2204 1873 miliitpre
2233 1801 2535 1873 transmisit
2571 1819 2584 1853 :
2615 1812 2683 1873 ut
2724 1804 2792 1857 ad
2818 1805 3121 1873 augendam
3153 1798 3559 1873 pietatem'hoe'

1960 1868 2014 1922 in
2047 1868 2167 1922 loco
2191 1868 2486 1925 lectoribus
2539 1868 2936 1927 exhiberemus.
2986 1868 3417 1940 Quod‘libenter
3460 1876 3559 1932 tea

1960 1941 2156 2016 cimus,
2181 1955 2304 1994 cum
2338 1941 2390 1994 in
2423 1941 2490 2016 iis
2518 1942 3273 2016 aliqua_contineautur,.qua:
3309 1949 3376 2001 ab
3402 1946 3558 2013 aliis,

1961 2009 2053 2079 qui
2094 2009 2271 2064 Vitam
2317 2009 2644 2066 sanctissimi
2693 2012 2974 2069 Pontificis
3001 2009 3197 2071 litteris
3250 2009 3545 2072 demanda;

1964 2089 2112 2158 runt,
2157 2081 2359 2158 omissa
2393 2082 2616 2137 fuerint.
2645 2084 2850 2140 Auctor
2886 2101 3190 2158 anonymus
3216 2098 3298 2143 est
3319 2097 3371 2142 et
3413 2088 3550 2144 Leo:

1961 2151 2050 2206 ais
2075 2150 2442 2222 synehrouus.

1102 2350 1683 2444 HISTORIA
1780 2351 2710 2445 MIRACULORUM.

344 2545 436 2600 28.
463 2543 651 2618 Longe
675 2545 946 2618 divulgata
977 2545 1118 2600 fama
1143 2547 1527 2602 miraculorum
1555 2547 1863 2602 beatissimi
1892 2551 1935 2611 Β
1965 2545 2086 2600 tulit
2116 2545 2282 2601 lilium
2308 2545 2424 2614 ejus
2451 2547 2757 2616 puerulum,
2788 2555 2843 2601 et
2884 2545 3068 2617 fugam
3105 2547 3356 2616 arripuit.
3389 2547 3560 2615 Quod

268 2636 492 2703 Leonis,
524 2638 822 2694 Beneventi
854 2648 1032 2710 carpta
1065 2649 1148 2694 est
1195 2640 1449 2694 aedificari
1481 2641 1545 2692 ad
1593 2640 1710 2709 (δῖυδ
1766 2641 1862 2694 ho-

268 2746 465 2786 norem
494 2733 725 2787 ecclesia
759 2749 773 2786 :
807 2744 887 2798 ut,
918 2749 1078 2803 quem
1108 2732 1472 2787 Beneventani
1504 2736 1650 2788 cives
1685 2734 1862 2786 vivum

271 2836 307 2876 τι
344 2821 679 2877 Normannis
732 2838 956 2878 carcere
1010 2824 1288 2878 detentum
1341 2834 1702 2894 aspexerant,
1751 2821 1862 2887 jam

271 2921 549 2967 mortuum
581 2923 636 2968 et
675 2915 867 2982 spatiis
915 2914 1222 2969 emlestibus
1257 2915 1626 2985 perfrueutem
1698 2929 1864 2970 vene-

274 3019 550 3060 rarentur.
583 3006 790 3061 Interea
823 3009 1018 3062 accidit
1050 3009 1160 3077 (93)
1190 3021 1246 3062 ut
1285 3008 1536 3065 Nicolaus
1557 3013 1773 3080 quidam
1801 3012 1866 3066 de

273 3097 515 3153 Castello
563 3097 871 3152 Molliti-iano
921 3108 974 3154 et
1011 3099 1279 3154 Berardus
1311 3101 1376 3155 de
1430 3102 1548 3156 loco
1594 3103 1861 3166 Carrara,

275 3202 512 3257 quorum
560 3189 702 3243 alter
746 3191 958 3260 perdito
1012 3193 1236 3246 brachio
1286 3197 1554 3257 dextero,
1614 3197 1866 3250 retractis

273 3282 576 3350 poplitibus
621 3293 676 3336 et
723 3285 941 3348 nervis;
994 3284 1131 3338 alter
1180 3301 1310 3339 vero
1359 3285 1528 3356 frigus
1569 3295 1621 3339 et
1671 3286 1862 3340 febrim

275 3387 450 3443 usque
478 3375 546 3427 ad
575 3373 939 3444 dysenteriam
980 3392 1208 3445 passus;
1260 3393 1382 3432 cum
1415 3386 1644 3448 uterque
1690 3393 1748 3431 se
1775 3379 1865 3431 dc-

273 3461 425 3520 ferre
451 3465 705 3522 fecissent
747 3469 814 3522 ad
871 3472 1184 3539 prmiictam
1233 3474 1538 3536 cci-Iesiam,
1571 3489 1690 3542 qua:
1738 3489 1866 3526 con-

275 3557 592 3610 struebatur
625 3557 938 3625 Beneventi,
974 3562 1118 3616 illico
1147 3565 1388 3618 omnium
1420 3563 1625 3632 judicio
1669 3564 1862 3634 deSpe-

276 3657 454 3704 ratam
499 3663 894 3721 recuperarunt
936 3656 1247 3710 sanitatem.

347 3739 440 3796 29.
466 3742 718 3799 Rusticus
735 3747 954 3814 quidam
979 3763 1044 3800 ex
1075 3749 1270 3818 oppido
1284 3747 1558 3804 Ordonum
1580 3750 1714 3822 (9i),
1739 3767 1863 3806 cum

277 3834 589 3888 annnaliter
612 3838 791 3891 votive
808 3836 1002 3892 festum
1021 3839 1077 3892 Β.
1099 3839 1296 3895 Leonis
1315 3844 1610 3908 excoleret,
1636 3843 1864 3913 contigit

279 3934 339 3979 ut
393 3942 504 3995 prae
548 3929 712 3983 nimia
771 3933 1121 4000 oppressione
1165 3932 1406 3988 labormu
1444 3952 1582 4004 quos
1633 3937 1686 3989 in
1735 3952 1866 4007 agro

278 4021 524 4090 gerebat,
574 4023 658 4077 die
688 4024 987 4087 Dominica,
1040 4030 1256 4096 quando
1289 4029 1420 4084 festa
1472 4031 1868 4088 annuntiantur

276 4114 501 4184 populo,
541 4117 764 4171 minime
791 4119 1075 4175 ecclesiam
1105 4122 1331 4175 adierat.
1385 4122 1513 4176 Erat
1541 4133 1720 4176 autem
1751 4123 1865 4176 dies

278 4203 450 4259 festus
482 4204 538 4258 S.
567 4205 768 4262 Leonis
795 4209 846 4263 in
874 4212 1062 4280 quinta
1099 4211 1230 4265 feria
1272 4213 1517 4281 sequenti
1545 4213 1684 4283 (95),
1720 4213 1864 4284 quod

278 4295 540 4364 prmdietn
567 4299 773 4352 rustico
801 4310 919 4354 erat
972 4303 1328 4372 incognitum.
1364 4303 1456 4357 Ille
1505 4304 1683 4372 itaque
1711 4304 1866 4358 valde

280 4402 444 4441 mane
486 4404 753 4458 surgens,
805 4394 1036 4462 sumpsit
1085 4409 1270 4449 secnm
1325 4411 1487 4448 unum
1535 4395 1862 4462 puerulum,

279 4493 440 4547 quem
474 4479 642 4534 filium
679 4481 898 4536 uniemn
943 4485 1199 4549 habebat,
1243 4494 1291 4540 et
1323 4502 1567 4542 securem
1600 4497 1862 4542 rastrum-

281 4582 391 4635 que
420 4567 732 4624 fossorium.
761 4571 880 4626 Mox
913 4581 971 4626 ut
1021 4574 1280 4643 applicuit
1318 4591 1418 4630 suo
1448 4592 1602 4646 agro.
1656 4577 1866 4632 dimisit

279 4658 598 4727 prmdietum
631 4661 913 4730 puerulum
946 4677 1100 4716 suum
1133 4664 1198 4716 ad
1243 4666 1514 4719 sarcinam
1555 4684 1568 4720 :
1603 4667 1692 4720 ille
1732 4683 1864 4722 vero

280 4746 464 4806 fodere
497 4751 660 4806 anxie
702 4755 889 4827 erepit.
919 4755 995 4808 Ex
1034 4753 1137 4808 alia
1167 4767 1318 4826 parte
1362 4757 1517 4828 lupus
1554 4776 1652 4815 ore
1675 4771 1865 4830 aperto

351 4977 497 5043 (91⁸)
519 4974 828 5049 Vuldericns
848 4977 1136 5034 initioJulii
1161 4991 1302 5032 anno
1320 4978 1453 5033 l05'5
1476 4977 1526 5032 in
1550 4977 1862 5049 episcopum

279 5063 307 5101 ἢ
341 5049 395 5100 S.
428 5049 612 5102 Leone
642 5045 780 5116 Papa
819 5056 1174 5103 consecratur
1220 5050 1359 5118 apud
1412 5049 1691 5118 Ughellum
1726 5045 1749 5102 ί
1773 5051 1862 5116 qui

278 5120 422 5201 addit
457 5120 739 5204 illustrenr
760 5119 953 5199 bullam
984 5118 1197 5206 tuncei
1244 5135 1556 5175 concessam
1595 5136 1692 5189 pro
1739 5139 1865 5176 con-

1967 2653 1996 2691 a
2030 2638 2188 2709 longe
2219 2652 2449 2692 cernens
2484 2645 2658 2706 pater,
2695 2652 2918 2692 currere
2953 2649 3075 2706 post
3124 2637 3306 2708 lupum
3362 2639 3550 2708 coepit,

1966 2729 2083 2784 haec
2110 2729 2398 2783 clamitans
2431 2747 2442 2781 :
2476 2728 2520 2784 Ο
2552 2728 2750 2783 Sancte
2781 2728 2912 2792 Leo,
2954 2728 3188 2782 Patrone
3223 2729 3317 2793 mi,
3359 2730 3554 2798 adjuva

1968 2834 2055 2874 me
2079 2835 2225 2873 nunc
2261 2820 2314 2877 in
2346 2819 2621 2887 przesenti,
2670 2827 2724 2872 et
2759 2819 2927 2872 redde
2968 2819 3098 2872 mihi
3134 2823 3349 2873 unicum
3383 2819 3553 2872 tilium

1967 2929 2169 2966 meum.
2216 2910 2346 2978 Qua:
2391 2911 2480 2965 vix
2539 2912 2750 2965 locutus
2802 2911 3000 2974 fuerat,
3044 2925 3166 2964 cum
3215 2926 3343 2966 ecce
3394 2911 3552 2980 lupus

1968 3004 2174 3060 dimisit
2205 3019 2431 3074 puerum
2479 3003 2550 3057 ita
2593 3003 2840 3067 ill:esum,
2875 3013 2933 3056 ut
2986 3004 3038 3056 in
3075 3003 3413 3058 vestimentis
3452 3019 3554 3058 nec

1967 3097 2255 3167 vestigium
2320 3096 2534 3163 quidem
2586 3103 2872 3164 appareret
2917 3095 3156 3149 dentium
3195 3095 3336 3164 lupi,
3387 3096 3438 3149 in
3489 3112 3552 3151 ea

1969 3199 2253 3258 partequa
2303 3202 2426 3241 eum
2466 3187 2624 3256 lupus
2669 3187 2995 3255 arripuerat.
3053 3186 3322 3242 Reversus
3371 3188 3554 3258 itaque

1970 3281 2208 3335 rusticus
2231 3280 2298 3334 ad
2327 3280 2605 3350 oppidum,
2633 3280 2745 3333 luce
2770 3280 2954 3334 omnia
2973 3281 3217 3334 narravit
3243 3281 3555 3335 :-scntiens-

1969 3389 2074 3440 que
2100 3389 2218 3427 eam
2257 3373 2430 3443 ipsam
2460 3373 2604 3426 diem
2631 3387 2752 3427 esse
2803 3373 3229 3426 anniversariam
3259 3371 3310 3425 in
3345 3388 3554 3426 taenio-

1972 3466 2104 3519 riam
2136 3465 2198 3519 B.
2231 3464 2449 3529 Leonis,
2502 3480 2641 3519 novo
2691 3481 2748 3519 se
2801 3465 3092 3519 adstrinxit
3135 3474 3262 3518 voto
3309 3465 3376 3518 ad
3429 3479 3549 3518 cam

1969 3558 2262 3628 quotannis
2293 3558 2610 3613 solemniter
2646 3559 3076 3614 custodiendam.
3125 3559 3324 3628 Sicque
3358 3559 3553 3612 nedum

1968 3653 2282 3718 Beneventi,
2319 3655 2412 3710 sed
2449 3671 2546 3724 per
2571 3664 2733 3708 totam
2783 3655 2988 3724 Apuliae
3038 3670 3214 3718 oram,
3267 3655 3555 3710 celeberri-

1968 3759 2116 3797 mum
2142 3745 2316 3798 evasit
2353 3745 2550 3799 Leonis
2577 3761 2815 3798 nomen:
2856 3745 2966 3799 Deo
3007 3746 3084 3798 sic
3128 3745 3447 3812 disponente
3499 3757 3557 3800 ut

1972 3833 2016 3886 is
2044 3833 2096 3886 in
2127 3833 2328 3889 eisdem
2395 3835 2527 3889 locis
2588 3836 2638 3888 in
2706 3849 2901 3904 quibus
2960 3839 3149 3905 paucis
3207 3846 3331 3890 ante
3376 3839 3556 3901 annis,

1895 3903 1940 3963 Ο
1972 3925 2258 3994 profligato
2287 3924 2404 3993 ejus
2429 3935 2483 3980 et
2528 3927 2783 3980 Ecclesia:
2835 3928 3109 3988 exercitu,
3143 3928 3253 3995 ipse
3313 3929 3556 3994 captivus

1971 4017 2222 4071 detentus
2244 4017 2419 4070 fuerat
2439 4058 2452 4080 ,
2479 4017 2844 4086 postmodum,
2866 4017 3152 4086 ingruente
3171 4015 3551 4072 miraculorum

1968 4107 2084 4176 ejus
2117 4107 2277 4172 lania,
2310 4109 2468 4161 iidem
2516 4109 2606 4175 qui
2666 4109 2925 4161 adversus
2983 4123 3105 4162 eum
3167 4117 3429 4161 steterant
3497 4108 3549 4162 in

1967 4197 2176 4266 prndio,
2231 4198 2500 4266 supplices
2545 4207 2599 4251 et
2646 4199 3014 4253 venerabundi
3067 4201 3184 4268 ejus
3231 4202 3550 4256 memoriam

1969 4288 2298 4350 exeolerent,
2333 4299 2385 4342 et
2419 4290 2589 4360 magis
2621 4306 2685 4344 ac
2713 4293 2886 4362 magis
2916 4308 3043 4362 erga
3076 4302 3319 4348 sanetam
3373 4294 3554 4350 Eccle-

1969 4382 2102 4436 siam
2137 4381 2320 4436 fideles
2351 4398 2409 4436 se
2454 4394 2804 4451 praestarent,
2852 4385 2919 4438 ad
2969 4385 3179 4442 laudem
3223 4396 3276 4440 et
3326 4387 3552 4458 gloriam

1967 4474 2358 4543 omnipotentis
2392 4474 2504 4540 Dei,
2537 4476 2689 4543 cujus
2724 4492 2920 4531 nomen
2964 4492 3063 4548 per
3107 4489 3302 4534 cuncta
3357 4479 3553 4534 sazeula

1965 4566 2047 4622 sic
2083 4565 2448 4623 benedictum.
2484 4569 2681 4624 Amen.
2709 4569 2848 4641 (96),

2036 4661 2130 4717 3t).
2162 4660 2288 4716 Haec
2317 4673 2446 4716 sunt
2478 4663 2737 4718 miracula
2765 4680 2885 4734 quae
2917 4663 3059 4719 Deus
3108 4663 3223 4719 fieri
3263 4664 3429 4716 voluit
3457 4678 3555 4732 per

1966 4756 2340 4812 beatissimum
2375 4755 2606 4812 Leonem
2654 4755 2912 4812 famulum
2955 4754 3071 4824 ejus
3117 4757 3170 4810 in
3221 4755 3546 4810 Benevento.

1968 4975 2306 5036 Strozziano,
2340 4986 2390 5028 et
2417 4976 2564 5044 prius
2591 4974 2868 5028 castellum
2905 4973 3101 5025 dicitur
3134 4971 3340 5033 Marco,
3365 4982 3556 5044 secun-

1969 5048 2091 5099 dum
2125 5048 2286 5098 (farre.
2312 5063 2324 5099 :
2350 5040 2600 5099 videntur
2635 5045 2788 5113 juxta
2823 5044 3183 5113 Beneventum
3233 5040 3556 5113 requirenda

1969 5117 2082 5171 luet:
2114 5117 2227 5170 loca
2258 5134 2270 5167 :
2299 5116 2430 5168 alias
2463 5109 2691 5169 ειη-γαῖα
2739 5123 2794 5168 cl
2823 5111 3149 5182 Modigltana
3177 5116 3244 5170 ad
3291 5109 3558 5166 lletruria:

1976 5188 2156 5210 1..-"...
2204 5188 2471 5210 ...ιμιῖμηυι
