4062 5352
520 219 625 271 5ἱ5

1837 226 1894 279 S.
1943 225 2072 282 LEO
2114 226 2182 281 lX
2224 224 2420 280 l’APA.

3685 231 3792 286 5M

518 329 760 386 Joannes
796 328 1014 398 quidam
1045 329 1285 396 nomine,
1316 348 1380 386 ex
1421 320 1665 389 castello.
1687 337 1947 394 vocabulo
1974 338 2105 393 Ser-
2134 347 2182 404 Α
2277 336 2459 391 522.8);
2478 336 2751 393 territorio
2771 337 3007 393 civitatis
3023 340 3280 396 vocalmlo
3303 341 3795 422 S.Agalbaa(105),

521 438 580 474 ra
617 420 763 492 (97),
796 430 1105 477 contractus
1136 423 1320 478 dolore
1357 426 1553 496 capitis
1580 442 1647 481 ex
1684 429 1917 497 quadam
1941 445 2101 485 occa-

521 513 697 576 sione,
728 511 979 566 videlicet
1002 513 1125 566 dum
1156 514 1349 568 inarea
1376 517 1869 590 discuteretfruges
1893 520 2103 586 hordei,

520 601 701 655 volatu
761 601 920 655 unius
982 603 1136 672 grani
1221 603 1462 672 ejusdem
1540 606 1711 677 frugis
1771 609 1824 662 in
1888 608 2104 663 oculum

521 693 757 763 caligine
792 693 1001 749 obsitus
1048 695 1226 750 lumen
1271 697 1455 753 videre
1505 716 1610 753 non
1644 711 1893 771 poterat;
1945 719 2103 771 quem

521 785 616 839 Dei
645 785 817 839 virtus
846 794 901 838 et
938 785 994 839 S.
1023 785 1217 845 Leonis
1261 786 1420 857 Papa:
1448 790 1680 860 primum
1721 791 1773 845 in
1801 791 2105 855 Benevento

521 878 754 943 curavit,
825 880 1074 934 restituto
1125 880 1228 941 sibi
1269 881 1491 938 lumine.
1537 882 1651 954 (98)
1691 886 1820 941 Item
1883 887 2103 956 quidam

520 970 807 1041 puerulus,
839 972 1045 1027 habens
1073 974 1352 1029 brachium
1376 977 1442 1029 ad
1462 975 1749 1031 humerum
1790 978 2105 1046 stupefactis

519 1066 701 1121 nervis
726 1068 902 1136 spatio
914 1076 1120 1137 septem
1136 1083 1422 1135 annorum,
1441 1068 1706 1123 veniendo
1722 1070 1789 1124 ad
1818 1070 2104 1140 prarfatam

519 1155 826 1217 ecclesiam,
855 1171 974 1225 quae
996 1157 1417 1212 eonstrnebatur
1441 1158 1739 1214 Beneventi
1764 1161 1816 1214 in
1842 1162 2102 1217 honorem

521 1245 581 1301 Β.
611 1245 806 1302 Leonis
838 1247 1017 1316 Papa‘,
1046 1247 1138 1301 Dei
1168 1249 1536 1303 misericordia
1560 1258 1615 1325 et
1632 1250 1885 1320 precibus
1911 1252 2102 1322 ipsius,

522 1336 800 1405 pristinam
828 1337 1116 1391 sanitatem
1147 1338 1369 1409 recepit.
1412 1340 1565 1394 Alius
1609 1357 1740 1397 vero
1773 1340 2008 1399 Joannes
2037 1344 2104 1399 de

520 1427 799 1495 cujusdam
823 1430 1060 1484 civitatis
1091 1431 1330 1501 regione,
1358 1432 1621 1487 vocabulo
1648 1434 1780 1488 Vico
1814 1434 1950 1504 (99),
1975 1435 2102 1489 dum

520 1530 663 1573 esset
695 1536 887 1589 passus
921 1522 1219 1593 paralysin,
1275 1524 1509 1595 perdidit
1552 1524 1794 1580 ofﬁcium
1821 1526 2017 1597 lingua:
2048 1537 2106 1582 et

520 1613 868 1669 brachiorum
900 1625 952 1670 et
986 1616 1215 1671 aliorum
1262 1619 1653 1687 membrorum,
1711 1621 1885 1675 tribus
1923 1621 2100 1686 annis,

520 1704 573 1757 in
607 1714 813 1760 tantum
857 1717 1045 1762 utnec
1109 1723 1379 1777 quoquam
1443 1719 1645 1779 posset,
1713 1711 1818 1766 nisi
1883 1720 2104 1780 reptans

519 1810 643 1849 cum
663 1796 915 1851 scabellis
939 1812 1038 1866 per
1066 1808 1288 1864 terram,
1318 1800 1598 1855 ambulare
1622 1819 1636 1855 :
1666 1801 1760 1855 sed
1792 1802 1845 1856 in
1874 1802 2103 1858 ecclesia

519 1887 710 1941 eadem
753 1886 1041 1957 pristinam
1098 1889 1387 1944 sanitatem
1427 1891 1649 1960 recepit.
1702 1892 1936 1947 Bursum
1967 1894 2105 1949 alius

516 1979 775 2044 Joannes,
803 1981 867 2035 de
898 1992 1079 2036 castro
1101 1984 1317 2037 notnine
1338 1982 1541 2041 Celone
1571 1983 1742 2055 (l00),
1768 1985 1894 2040 dum
1913 1996 2105 2041 contra

520 2071 614 2125 Dei
650 2072 821 2142 legem
854 2074 1122 2143 percussit
1176 2085 1403 2129 matrem
1451 2091 1627 2141 suam,
1668 2077 1849 2131 divina
1905 2078 2107 2139 ultione

520 2164 737 2219 amissis
763 2175 993 2236 quatuor
1016 2166 1197 2236 digitis
1214 2168 1407 2237 pedum
1432 2176 1486 2221 et
1517 2167 1726 2221 duobus
1748 2182 2007 2221 manuum
2035 2184 2104 2223 ex

519 2272 703 2310 morsu
762 2257 965 2322 cancri,
1019 2258 1201 2313 nervis
1270 2258 1437 2311 etiam
1495 2257 1751 2315 tibiarum
1805 2260 2105 2316 contraetis

520 2349 621 2411 (sic
648 2359 703 2401 ut
730 2366 834 2403 non
867 2350 1001 2405 bene
1027 2361 1262 2415 erectus,
1292 2350 1384 2405 sed
1407 2351 1560 2405 flexis
1587 2351 1881 2421 poplitibus
1908 2353 2104 2409 ambu-

519 2438 663 2495 laret
692 2438 1108 2511 Beneventum),
1135 2441 1187 2496 in
1215 2441 1300 2495 via
1321 2450 1544 2496 sanatus
1572 2449 1676 2496 est.

587 2533 676 2587 51.
704 2532 837 2587 ltem
864 2532 1059 2588 mulier
1111 2534 1382 2602 quaadam,
1439 2533 1701 2588 vocabulo
1746 2533 1986 2590 Uzancia
2034 2550 2104 2590 ex

517 2623 848 2688 Benevento,
882 2622 1163 2692 cujusdam
1218 2624 1439 2678 Balzani
1494 2624 1703 2690 clerici,
1731 2625 1872 2681 forte
1912 2618 2042 2681 casu
2072 2643 2103 2683 e

435 2702 455 2723 ⁹
518 2714 660 2770 lecto
681 2716 878 2771 cecidit
903 2735 916 2770 :
953 2718 1120 2772 rnime
1141 2726 1321 2772 autem
1350 2716 1500 2786 lapsu
1531 2718 1582 2772 in
1602 2727 1812 2773 tantum
1836 2719 1966 2775 tibia
1988 2720 2103 2789 ejus

432 2791 437 2796 ’
517 2805 821 2875 stupefacta
842 2815 944 2871 est,
970 2817 1027 2861 ut
1056 2807 1201 2861 nullo
1230 2810 1389 2863 modo
1415 2807 1720 2873 ambulans,
1746 2809 1799 2863 in
1830 2809 1973 2864 lecto
2004 2810 2104 2864 tri-

517 2895 621 2951 bus
644 2897 803 2951 annis
815 2899 1135 2968 aegritudine
1152 2899 1403 2954 cubaret:
1420 2914 1541 2969 qua:
1568 2901 1782 2956 tandem
1805 2917 1927 2956 cum
1950 2902 2103 2960 invo-

516 2995 667 3040 caret
707 2988 968 3041 auxilium
997 2988 1055 3043 B.
1084 2988 1305 3058 Leonis,
1338 2990 1523 3046 statim
1558 2989 1822 3065 [sanitati]
1848 2995 2100 3048 restituta

516 3087 619 3140 est.
650 3086 813 3148 atque
844 3079 1128 3134 confestim
1164 3084 1229 3136 ad
1260 3084 1542 3153 praefatum
1576 3084 1773 3150 locum,
1808 3086 1898 3141 ubi
1927 3085 2100 3140 eccle-
2129 3079 2174 3108 "

516 3170 597 3225 sia
630 3173 1053 3226 construeliatur
1084 3174 1135 3227 in
1168 3175 1374 3231 honore
1404 3176 1544 3244 ejus,
1578 3178 1837 3246 perrexit,
1882 3175 2101 3249 Deoque

516 3258 658 3312 etB.
692 3260 861 3314 Leoni
901 3264 1105 3333 gratias
1127 3265 1380 3320 reddidit.
1430 3266 1609 3322 Puella
1639 3282 1855 3338 quoque
1904 3268 2100 3323 nobilis

518 3350 736 3405 femina:
761 3369 871 3407 uno
903 3369 1047 3409 anno
1079 3356 1131 3409 in
1155 3356 1293 3411 lecto
1317 3357 1530 3412 inﬁrma
1554 3359 1783 3424 cubans,
1815 3365 2101 3429 ut'nequa-

516 3460 679 3513 quam
712 3445 941 3517 ingredi,
968 3449 1052 3503 vel
1077 3451 1283 3519 egredi,
1309 3451 1408 3505 nisi
1445 3450 1687 3505 brachiis
1727 3465 1951 3505 suorum
1973 3467 2102 3521 sup-

515 3550 727 3609 portata
748 3542 953 3596 valeret
977 3557 990 3595 :
1011 3557 1152 3611 qme,
1178 3542 1302 3595 dum
1327 3553 1571 3611 repertus
1596 3551 1680 3597 est
1704 3542 1924 3613 sanguis
1949 3544 2100 3616 (101)

515 3635 632 3701 ejus
651 3645 705 3690 et
722 3636 1176 3704 deportatuscum
1199 3634 1411 3705 hymnis
1434 3646 1484 3689 et
1504 3634 1752 3689 laudibus
1779 3636 1833 3689 in
1872 3635 2103 3691 ecclesia

515 3729 803 3796 rpiscopii;
841 3728 967 3783 illuc
992 3729 1152 3782 ducta
1174 3736 1229 3781 et
1256 3736 1526 3796 prostrata
1552 3736 1678 3782 ante
1705 3728 1877 3783 altare
1897 3737 2102 3784 sancta:

518 3820 611 3874 Dei
642 3821 957 3887 Genitricis,
1008 3821 1295 3877 confestim
1350 3831 1532 3876 erecta
1573 3830 1656 3875 est
1692 3831 1746 3876 et
1780 3822 2101 3879 ambulavit.

516 3910 659 3966 Puer
684 3912 925 3981 quidam,
960 3913 1270 3967 Dominicus
1303 3913 1539 3975 nomine,
1568 3928 1635 3967 ex
1667 3912 1887 3968 castello
1924 3915 2102 3970 Vicari

517 4001 689 4071 (10:2),
717 4011 967 4070 arreptus
989 4019 1018 4056 a
1048 4003 1337 4067 daemonio,
1357 4003 1883 4059 venitBeneventum
1908 4004 2103 4060 ductus

516 4108 546 4143 a
576 4102 788 4158 matre;
840 4109 1002 4162 quem
1051 4095 1131 4147 sic
1181 4093 1420 4148 ablatum
1469 4094 1537 4148 ab
1578 4095 1760 4150 ofﬁcio
1809 4094 2003 4165 lingua:
2045 4106 2104 4150 ut

517 4199 860 4254 nequaquam
890 4186 1036 4255 loqui
1067 4186 1231 4241 vellet
1284 4186 1387 4241 nisi
1437 4187 1598 4241 nimis
1628 4188 1999 4258 fustigaretur,
2049 4198 2105 4244 et

518 4275 620 4329 hoc
650 4277 755 4329 duo
782 4275 865 4331 vel
893 4276 997 4331 tria
1031 4278 1191 4331 verba
1224 4292 1331 4331 non
1360 4276 1501 4345 plus,
1532 4278 1782 4333 meritum
1814 4277 1874 4332 Β.
1908 4279 2103 4334 Leonis

2205 444 2324 498 quin
2368 428 2596 483 conﬁnis
2631 438 2714 483 est
2759 427 3066 493 Beneventi,
3118 442 3376 486 narratur
3421 438 3565 505 quod
3606 439 3796 495 adole-

2206 538 2385 586 scens,
2430 522 2649 575 nomine
2691 522 2973 587 Nicolaus,
3026 524 3152 579 dum
3205 526 3463 583 incoleret
3514 537 3796 590 transacto

2206 628 2392 667 mense
2432 611 2554 665 Maii
2585 613 2767 667 vineas
2804 630 2927 668 cum
2955 625 3109 685 patre
3132 626 3186 670 et
3213 615 3403 684 fratre,
3446 623 3631 676 subito
3658 627 3800 680 ceci-

2207 700 2286 756 dit
2335 701 2386 755 in
2449 712 2646 756 terram
2704 703 2905 759 amisso
2966 704 3159 776 lingua:
3219 705 3397 762 officio
3453 709 3797 783 aliorumque

2208 794 2572 849 membrorum
2612 796 2852 851 omnium
2882 816 2894 851 :
2928 800 3068 869 quod
3101 800 3354 856 accidens
3390 813 3547 874 pater
3589 816 3647 861 et
3687 808 3799 863 fra-

2208 892 2289 936 ter
2310 884 2463 939 valde
2483 884 2829 940 condolentes
2848 898 3129 957 coeperunt
3149 887 3277 963 ﬁere
3304 910 3317 945 :
3341 892 3537 950 dehinc
3574 895 3799 953 invento

2206 978 2360 1031 asino
2388 977 2759 1046 imposuerunt
2791 978 2939 1033 illum
2977 980 3047 1035 ibi
3075 989 3130 1036 et
3159 982 3503 1040 deduxerunt
3531 1001 3657 1042 eum
3694 989 3797 1043 do-

2208 1086 2376 1124 mum.
2409 1069 2504 1125 Die
2540 1085 2670 1126 vero
2702 1070 2802 1126 alia
2837 1072 2920 1128 usi
2957 1073 3168 1129 meliori
3204 1076 3447 1139 consilio,
3486 1078 3688 1135 iterum
3742 1080 3798 1136 in

2206 1158 2348 1215 leczo
2381 1160 2526 1215 illum
2551 1174 2838 1230 ponentes,
2862 1161 3227 1220 Beneventum
3259 1166 3532 1223 duxerunt
3560 1169 3628 1223 ad
3658 1186 3797 1240 pra:-

2206 1254 2539 1308 nominatam
2562 1254 2866 1321 ecclesiam,
2895 1255 2982 1311 ubi
3007 1257 3216 1311 meritis
3237 1256 3297 1310 B.
3322 1257 3521 1314 Leonis
3551 1261 3798 1316 redditus

2204 1354 2289 1402 est
2320 1345 2574 1415 perfecta:
2610 1346 2850 1411 sanitati,
2880 1346 2932 1402 in
2976 1356 3182 1401 tantum
3215 1357 3272 1401 ut
3298 1350 3388 1417 qui
3422 1360 3604 1405 mutus
3632 1368 3799 1406 vene-

2206 1443 2291 1489 rat
2316 1443 2369 1489 et
2400 1434 2589 1490 alienis
2619 1435 2829 1490 delatus
2857 1435 3113 1501 humeris,
3148 1437 3243 1492 Dei
3270 1437 3497 1507 loquens
3521 1442 3797 1510 magnalia

2204 1541 2369 1581 sanus
2407 1536 2460 1582 et
2492 1526 2647 1581 laetus
2675 1524 2845 1581 veloci
2878 1541 3063 1597 gressu
3094 1528 3208 1582 suis
3237 1530 3463 1597 pedibus
3485 1531 3552 1583 ad
3576 1530 3798 1602 propria

2208 1624 2499 1683 remearet,
2513 1616 2793 1671 castellum
2808 1616 3054 1672 videlicet
3075 1617 3215 1672 unde
3229 1628 3470 1683 venerat,
3485 1620 3801 1679 Torrelico—

2133 1693 2179 1752 B
2208 1706 2252 1760 si
2278 1704 2430 1776 (104)
2445 1704 2722 1759 vocabulo.
2754 1703 2977 1760 Femina
2999 1706 3245 1776 qua-dam
3258 1722 3325 1761 ex
3341 1709 3561 1779 regione
3578 1708 3797 1766 Murro-

2203 1799 2289 1853 nis
2319 1797 2468 1868 (105)
2496 1797 2736 1853 civitatis
2764 1796 3009 1867 pluribus
3036 1813 3069 1853 a
3095 1800 3428 1855 damonibus
3452 1811 3676 1868 vexata,
3700 1820 3799 1857 au-

2204 1893 2357 1948 diens
2399 1906 2672 1946 rumorem
2705 1891 3092 1946 miraculorum
3123 1891 3183 1946 B.
3227 1890 3453 1959 Leonis,
3499 1896 3801 1966 assumpsit

2203 2002 2353 2055 spem
2377 1986 2518 2056 (qua:
2540 2000 2646 2039 non
2671 1983 2930 2039 frustrata
2950 1982 3053 2054 est)
3069 1983 3209 2054 quod
3231 1983 3277 2038 si
3300 1983 3488 2051 adjam
3510 1986 3797 2056 prmiatam

2204 2076 2484 2131 basilicam
2510 2077 2740 2138 veniret,
2768 2090 2797 2128 a
2819 2074 3064 2129 dmmone
3095 2074 3187 2130 illo
3204 2085 3493 2130 curaretur
3518 2092 3532 2128 :
3565 2078 3714 2147 quod
3742 2089 3799 2132 et

2203 2168 2364 2234 fecit;
2399 2183 2519 2237 quae
2539 2166 2665 2221 dum
2690 2174 2860 2220 staret
2883 2163 3032 2237 [ante
3051 2163 3267 2236 altare],
3294 2166 3617 2220 daemonium
3650 2169 3798 2236 quod

2205 2260 2454 2329 decipere
2493 2258 2640 2313 illam
2681 2266 2801 2313 erat
2837 2257 3082 2322 solitum,
3123 2257 3295 2311 instar
3322 2257 3470 2311 corvi
3500 2258 3570 2312 ab
3599 2259 3795 2315 hume-

2205 2354 2281 2408 ris
2306 2350 2423 2420 ejus
2460 2351 2716 2418 avolavit,
2743 2359 2797 2406 et
2826 2364 3095 2420 nusquam
3131 2349 3363 2419 amplius
3380 2363 3499 2402 eam
3531 2352 3791 2405 vexavit:

2206 2445 2331 2518 [sic]
2366 2445 2458 2499 Dei
2486 2443 2698 2500 favente
2726 2441 2897 2514 gratia
2925 2450 2982 2497 et
3028 2440 3419 2497 intercessione
3455 2440 3516 2499 Β.
3566 2442 3799 2509 Leonis,

2203 2547 2391 2595 curata
2421 2547 2505 2593 est
2529 2553 2560 2591 a
2590 2537 2848 2592 daemone.

2275 2630 2365 2685 55.
2412 2629 2640 2696 Quidam
2685 2627 2958 2703 oriundus.
2988 2641 3058 2683 ex
3102 2626 3318 2683 civitate
3343 2625 3593 2682 Conﬁnia
3634 2625 3793 2698 (l06)

2204 2722 2444 2787 nomine,
2465 2720 2646 2775 audita
2683 2719 2825 2774 fama
2852 2718 3131 2790 signorum
3161 2718 3299 2788 ejus,
3338 2719 3489 2773 venit
3516 2733 3639 2771 cum
3666 2716 3790 2771 aliis

2204 2812 2444 2882 ejusdem
2492 2810 2592 2865 loci
2641 2809 3045 2874 Beneventum;
3100 2818 3153 2863 et
3203 2823 3300 2878 per
3344 2808 3792 2863 intercessionem

2205 2903 2266 2958 B.
2296 2902 2494 2958 Leonis
2536 2901 2695 2971 Papae
2725 2901 3012 2956 sanitatem
3042 2915 3205 2971 quam
3234 2900 3494 2956 amiserat
3525 2915 3793 2955 consecu-

2208 3006 2295 3051 tus
2322 3004 2424 3050 cst.
2455 2993 2681 3061 Quidam
2712 2992 3047 3064 [contractus
3076 2989 3348 3064 brachio],
3380 3008 3505 3047 cum
3540 3007 3640 3062 per
3678 2994 3795 3047 dies

2206 3104 2301 3143 sex
2333 3087 2387 3141 in
2413 3086 2635 3156 praafata
2665 3085 2893 3141 ecclesia
2921 3086 3163 3155 degeret,
3196 3100 3387 3140 somno
3414 3084 3743 3156 opprimitur
3773 3099 3788 3138 :

2202 3180 2296 3235 sed
2312 3196 2341 3234 a
2357 3177 2511 3233 turba
2523 3176 2803 3232 hominum
2816 3183 3032 3231 coactus
3051 3176 3333 3247 estfugere
3353 3185 3409 3230 et
3424 3175 3670 3246 vigilare.
3691 3175 3790 3242 Qui

2203 3272 2343 3326 bene
2381 3269 2611 3337 vigilans
2648 3267 2907 3333 surrexit,
2937 3281 3204 3339 opemque
3235 3266 3475 3321 divinam
3506 3266 3609 3320 sibi
3637 3265 3793 3319 attri-

2202 3359 2388 3417 butam
2412 3359 2582 3414 sens‘lt
2609 3375 2623 3412 :
2653 3357 2816 3429 cmpit
2836 3357 2981 3412 enim
3003 3357 3297 3412 extendere
3317 3356 3623 3411 brachium.
3649 3356 3790 3426 quod

2204 3451 2503 3508 contractis
2528 3450 2708 3504 nervis
2727 3450 2793 3506 ad
2819 3449 3016 3505 collum
3039 3448 3262 3519 ligatum
3285 3449 3573 3512 habuerat,
3605 3458 3660 3503 et
3684 3449 3783 3504 hac

2204 3543 2437 3613 illaeque
2467 3540 2685 3596 volvere
2716 3582 2731 3607 ,
2769 3548 2826 3595 et
2853 3555 2973 3611 quae
2999 3539 3190 3594 solitus
3211 3548 3351 3603 erat,
3384 3538 3636 3609 expedite
3671 3553 3790 3591 cum

2203 3649 2269 3688 eo
2300 3648 2479 3704 agere.
2512 3631 2664 3698 Quod
2698 3645 2820 3685 cum
2850 3631 3095 3685 viderent
3139 3630 3231 3700 qui
3259 3632 3509 3694 aderant,
3549 3628 3794 3698 omnipoo

2206 3724 2341 3779 teuti
2369 3723 2482 3777 Deo
2529 3732 2584 3776 et
2619 3721 2676 3776 S.
2725 3719 2890 3775 Leoni
2936 3719 3347 3775 benedixerunt.
3398 3718 3610 3773 Rursus
3655 3733 3793 3772 unus

2205 3816 2519 3872 adolescens
2554 3825 2608 3869 et
2630 3813 2749 3867 dua:
2778 3811 2966 3883 puella:
2998 3812 3049 3865 in
3077 3810 3371 3866 festivitate
3409 3809 3470 3863 B.
3502 3809 3793 3880 Augustini

2206 3909 2495 3964 sanitatem
2516 3907 2586 3961 ibi
2609 3915 2911 3961 consecuta:
2930 3912 3055 3958 sunt
3079 3918 3093 3957 :
3124 3918 3353 3973 quorum
3382 3918 3485 3957 una
3512 3902 3689 3971 puella
3727 3918 3792 3957 ex

2205 4005 2426 4060 civitate
2457 4001 2723 4071 Monopoli
2755 4010 2895 4066 erat,
2941 3999 3112 4054 altera
3160 4015 3291 4055 vero
3320 4015 3385 4054 ex
3430 3998 3794 4067 Frequentina

2209 4094 2355 4165 (107)
2372 4092 2622 4148 civitate:
2648 4089 2959 4145 adolescens
2978 4104 3108 4144 vero
3121 4104 3186 4144 ex
3213 4088 3409 4144 ﬁnibus
3429 4087 3657 4160 Apulia),
3686 4089 3796 4142 iste

2206 4194 2387 4239 autem
2416 4192 2471 4237 et
2499 4180 2806 4254 puellaque
2827 4179 3193 4250 Frequentina
3212 4180 3440 4235 oriunda
3469 4178 3667 4244 fuerat,
3696 4194 3794 4248 per

2205 4279 2445 4348 quinque
2472 4291 2645 4330 annos
2674 4273 2951 4329 oculorum
2975 4272 3177 4327 Iumina
3201 4272 3499 4326 amiserunt
3526 4288 3539 4324 :
3573 4272 3670 4325 sed
3692 4270 3794 4324 lar-

517 4367 591 4420 ita
622 4382 789 4422 sanus
822 4368 1074 4435 reddidit,
1112 4379 1170 4423 ut
1204 4377 1351 4423 recte
1382 4378 1436 4423 et
1457 4369 1709 4438 expedite
1759 4369 2097 4440 loqueretur.
2133 4393 2178 4451 υ
2206 4373 2384 4443 giente
2431 4369 2527 4425 Dei
2562 4365 2932 4423 misericordia
2955 4374 3009 4421 et
3049 4364 3437 4419 intercessione
3478 4363 3555 4451 Β.⁹
3569 4361 3793 4425 Leonis,

593 4504 706 4576 (97)
745 4505 945 4575 Duplex
978 4507 1140 4561 etiam
1175 4505 1337 4561 Serra
1366 4503 1527 4576 estin
1555 4502 1893 4576 Qapitanata,
1928 4505 2096 4559 altera

516 4572 872 4645 cognomento
903 4577 1169 4640 Cnpriola.
1199 4576 1367 4629 altera
1383 4574 1520 4628 della
1549 4572 1978 4643 Caslngnaﬂnec
2001 4577 2090 4641 40,

518 4648 607 4701 illa
640 4647 709 4700 50
738 4648 958 4701 circiter
978 4648 1036 4700 1).
1076 4646 1140 4699 Μ.
1175 4649 1481 4701 Benevento
1516 4645 1742 4698 distans.

590 4718 701 4784 (98)
735 4718 829 4770 llic
855 4719 1316 4771 inter-serebantur
1340 4715 1602 4770 miracula
1636 4731 1798 4783 supra
1833 4715 2005 4770 relata
2035 4716 2102 4771 de

516 4788 736 4841 N‘colao
766 4797 820 4841 et
853 4786 1089 4839 Berardo
1127 4803 1218 4841 seu
1248 4787 1522 4843 Bernardo
1552 4787 1778 4839 sanatis.

596 4858 708 4927 (99)
734 4857 983 4911 Forsitan
1019 4857 1163 4919 Vite;
1200 4874 1322 4911 nam
1351 4858 1402 4911 in
1435 4856 1631 4911 tabulis
1651 4854 2105 4927 Chorographicis

519 4922 659 4983 inter
714 4929 933 4996 'l‘rojam
977 4938 1033 4982 et
1084 4927 1451 4982 Beneventum
1518 4937 1707 4982 notant
1751 4922 1997 4994 oppidum
2046 4922 2103 4980 S.

531 4998 655 5055 l’iti.
688 5001 899 5054 Ezedem
955 5010 1133 5054 tamen
1188 4998 1352 5051 etiam
1410 4999 1596 5052 Vicum
1654 5006 1864 5061 notant,
1909 4996 2003 5050 sed
2049 4998 2102 5050 in

519 5070 818 5137 quadt'uplo
857 5071 1046 5141 majori
1073 5069 1329 5123 distantia
1362 5068 1428 5122 ad
1462 5069 1691 5123 extimos
1721 5067 1856 5123 ﬁnes
1886 5066 2105 5136 Capita-

521 5151 663 5193 nata:
690 5155 877 5195 ινστεαδ
900 5157 1074 5195 mare.

598 5209 746 5278 (100)
773 5210 853 5263 An
882 5209 1077 5263 (λειαιιο
1100 5210 1165 5262 ad
1195 5209 1371 5263 locum
1384 5207 1667 5275 Fucinum,
1683 5208 1773 5279 qui
1791 5224 1936 5264 nunc
1952 5207 2022 5263 ab
2042 5222 2108 5263 eo

522 5294 719 5333 nomen
751 5281 912 5352 habet
944 5281 994 5352 in
1018 5278 1591 5352 Aprutio_ulteriori?_
1650 5349 1657 5352 _

2278 4507 2427 4577 (105)
2449 4506 2655 4577 Printer
2672 4504 2777 4577 duo
2799 4501 2957 4569 huius
2982 4502 3222 4577 nominis
3237 4501 3431 4577 oppida
3456 4500 3509 4554 in
3535 4499 3793 4577 Ulteriori

2208 4595 2272 4634 ac
2285 4570 2545 4633 ‘Cite'rio’ri
2562 4574 2833 4636 Calabria,
2870 4573 3090 4628 tertium
3106 4580 3189 4627 est
3211 4573 3262 4626 in
3284 4570 3629 4640 Capitanata,
3651 4570 3793 4623 haud

2209 4651 2363 4718 longe
2390 4662 2420 4701 a
2445 4647 2635 4718 Desina
2667 4645 2902 4718 vicinum
2934 4644 3105 4718 mari,
3131 4652 3187 4695 et
3217 4641 3385 4695 multo
3429 4641 3607 4718 minus
3627 4655 3792 4718 quam

2210 4711 2325 4773 duo
2346 4719 2431 4772 illa
2465 4716 2772 4771 Benevento
2800 4714 3023 4777 distant,
3056 4712 3144 4766 vix
3179 4722 3357 4767 tamen
3393 4711 3589 4766 minori
3625 4711 3791 4765 inter-

2211 4789 2349 4843 vallo
2375 4803 2539 4857 quam
2574 4785 2642 4839 40
2670 4787 2737 4838 Μ.
2766 4784 2823 4839 Ρ.

2281 4851 2430 4928 (104)
2456 4857 2676 4911 Tabula:
2696 4853 3144 4935 chorographiem.
3156 4852 3476 4935 simpliciter
3507 4851 3788 4935 Terreno-

2211 4921 2442 4994 minani,
2473 4937 2663 4995 estque
2689 4926 2801 4999 jam
2830 4921 2975 4979 dicto
3022 4924 3219 4995 oppido
3246 4921 3547 4992 proximum
3592 4922 3645 4974 in
3676 4921 3787 4987 ipso

2212 5000 2392 5054 littore
2425 5000 2609 5052 maris.

2282 5069 2430 5139 (105)
2457 5068 2627 5138 Vulgo
2660 5065 2930 5132 Murrane,
2964 5074 3115 5120 trans
3141 5064 3512 5137 Apenninum,
3535 5063 3587 5118 in
3609 5060 3785 5116 Comi-

2213 5151 2322 5197 tatn
2357 5139 2624 5195 Molisino.

2282 5210 2449 5285 (l06)_
2472 5208 2725 5285 Nicolans
2751 5206 2981 5285 _Sa_mson
3027 5209 3078 5262 in
3105 5206 3309 5262 Tabula
3341 5202 3682 5285 Alphalietica
3712 5200 3786 5254 lo-

2211 5277 2395 5337 corum
2416 5277 2597 5334 'ltalize
2626 5277 2923 5346 Conﬁdiani
2976 5290 3206 5333 castrum
3242 5278 3502 5333 nominat.
3534 5277 3587 5327 in
3622 5286 3789 5339 regno.
