4062 5352
256 365 367 425 6δὸ

946 353 1239 408 Ριιυι.ε‹;.
1284 384 1351 394 —-
1387 349 1712 408 HISTORIA
1749 349 1879 407 MOU

1982 350 2010 404 5
2049 346 2135 403 ET
2178 348 2409 403 MlII.\C.
2454 350 2512 403 S.
2559 347 2805 405 LEONIS
2843 348 2930 407 IX.

3438 350 3544 409 5H3

258 480 420 533 ambo
452 475 647 533 eodem
674 474 763 528 die
807 483 1091 544 ceperunt
1138 474 1324 528 videre
1360 474 1439 528 sic
1481 486 1540 527 ut
1573 487 1847 541 nunquam
1880 477 1923 533 Α
1956 470 2094 523 Vere
2120 468 2242 538 pius
2270 467 2530 523 Dominus
2570 476 2815 538 petentes
2853 483 2913 524 se
2949 482 3223 539 nunquam
3262 471 3550 541 rrpellitet

263 569 463 623 melius
490 586 505 621 :
541 566 631 621 illa
661 575 841 621 autem
873 581 993 634 qnze
1015 580 1080 619 ex
1115 563 1377 634 Menepoli
1410 573 1550 627 erat,
1580 579 1744 617 unum
1783 563 1861 616 la-

262 669 351 712 tus
378 667 553 712 totum
598 656 805 710 habens
831 655 1122 723 perditum,
1169 655 1417 710 similiter
1460 660 1748 709 consecuta
1775 661 1862 707 est

265 750 555 803 sanitatem
588 762 677 817 per
715 747 905 800 merita
935 745 992 798 Β.
1026 744 1225 799 Leonis
1252 745 1426 815 Papae.
1455 744 1535 799 Ad
1567 743 1708 813 quod
1739 756 1865 813 spe-

265 839 540 894 ctaculum
574 847 689 892 tota
725 837 917 892 civitas
946 836 1284 892 Beneventus
1310 836 1600 901 confluxit,
1635 836 1861 889 horum-

264 931 566 1001 que.trium
595 930 984 984 miraculorum
1010 928 1161 984 testis
1184 929 1411 994 exstitit,
1425 929 1618 984 domin
1650 929 1860 983 laudem

267 1024 362 1078 Dei
392 1025 625 1094 hymnos
651 1031 707 1076 et
736 1021 1035 1093 gratiarum
1066 1022 1312 1076 actiones
1340 1020 1465 1075 altis
1491 1022 1714 1077 vocibus
1741 1036 1865 1091 per-

266 1116 477 1169 sonuit.

340 1206 431 1259 δι.
465 1206 725 1273 Quasdam
756 1203 969 1265 mulier,
996 1204 1064 1258 de
1086 1202 1283 1258 ﬁnibus
1308 1202 1628 1269 Beneventi,
1654 1203 1864 1260 habens

268 1296 490 1348 unicam
523 1296 713 1356 ﬁliam,
762 1309 882 1364 qua:
921 1294 991 1347 ab
1022 1292 1249 1347 infantia
1293 1310 1550 1348 manuum
1582 1304 1639 1349 et
1667 1294 1862 1364 pedum

268 1384 452 1440 oliicio
465 1401 664 1440 carens
691 1384 837 1439 nullo
861 1384 1043 1449 modo,
1065 1387 1364 1440 contractis
1384 1386 1637 1440 omnibus
1660 1386 1862 1451 nervis,

271 1478 356 1529 vel
388 1477 670 1544 ambulare
693 1485 903 1546 poterat
934 1476 1017 1531 vel
1037 1492 1174 1547 opus
1204 1476 1452 1531 manibus
1478 1476 1726 1546 operari:
1751 1477 1868 1530 lucc

270 1584 398 1622 cum
447 1568 693 1622 audisset
720 1567 922 1621 famam
962 1567 1348 1623 miraculorum
1392 1583 1512 1637 qua:
1545 1568 1597 1621 in
1643 1565 1865 1636 praefata

272 1660 509 1713 ecclesia
542 1658 797 1713 Christus
823 1674 918 1728 per
942 1673 1101 1713 suum
1126 1674 1344 1713 servum
1375 1658 1610 1713 Leonem
1639 1655 1871 1711 sanctis-

273 1751 475 1802 simum
504 1750 762 1820 dignatus
779 1758 864 1804 est
888 1750 1123 1818 operari,
1148 1765 1180 1804 a
1210 1765 1306 1805 sua
1339 1759 1512 1804 matre
1539 1764 1704 1818 super
1728 1746 1869 1800 asclo

1960 574 2087 614 suos
2123 559 2354 613 Sanctus
2398 559 2650 613 omnibus
2696 557 2962 630 gloriﬁcat
3004 560 3196 615 modis.
3242 560 3374 615 Nam
3423 578 3547 619 cum

1962 653 2338 723 prolongasset
2364 654 2432 706 ab
2454 652 2681 707 ecclesia
2710 654 2862 721 quasi
2877 655 3068 708 stadiis
3087 653 3350 723 quinque,
3375 669 3550 710 matre

1966 743 2240 813 paululum
2288 753 2633 808 remorante,
2677 759 2799 797 cum
2846 743 3069 799 asellum
3105 748 3157 799 in
3194 762 3299 815 quo
3327 746 3552 801 sedebat

1967 833 2082 903 ipsa
2111 834 2273 888 vellet
2300 848 2556 905 pausare,
2591 834 2923 909 vehiculum,
2953 835 3095 905 quod
3120 838 3400 892 brachium
3423 855 3548 893 sus—

1964 927 2208 982 tentabat
2241 943 2363 981 cum
2392 942 2551 981 manu
2587 925 2722 995 ejus,
2756 928 2807 981 in
2841 935 3042 982 terram
3071 929 3304 983 cecidit:
3341 932 3554 986 statiqu

1961 1032 2068 1087 que
2096 1016 2264 1073 oblita
2316 1032 2427 1073 sua:
2468 1019 2817 1083 inﬁrmitatis,
2867 1020 3023 1089 quasi
3073 1035 3238 1076 sanus
3278 1023 3382 1088 vir,
3432 1035 3556 1093 post

1963 1108 2215 1185 baculum
2240 1108 2291 1163 in
2315 1117 2514 1164 terram
2543 1123 2602 1164 se
2623 1109 2792 1174 dedit,
2821 1118 2881 1165 ut
2900 1126 3024 1164 eunt
3056 1110 3311 1167 aufferret
3338 1127 3552 1169 rursum

1962 1209 2018 1255 et
2048 1200 2313 1255 resideret
2364 1201 2609 1255 asellum.
2663 1200 2771 1255 Sed
2820 1203 2947 1257 dum
2992 1203 3153 1271 pedes
3191 1202 3307 1272 ejus
3356 1215 3555 1259 terrain

1935 1291 2293 1360 .tetigissent,
2322 1292 2578 1345 virtutem
2616 1292 2816 1346 Chiisti
2846 1294 3018 1347 Sensit
3044 1308 3206 1364 super
3241 1307 3300 1348 se
3349 1294 3400 1348 in
3435 1303 3555 1348 tau-

1965 1387 2079 1433 tum
2106 1380 2369 1442 evenisse,
2404 1390 2464 1435 ut
2489 1383 2710 1437 veniens
2736 1382 2854 1452 ejus
2882 1385 3114 1453 genitrix
3141 1385 3405 1453 reperiret
3432 1401 3554 1441 eam

1969 1480 2134 1526 totam
2156 1473 2522 1539 sanissimam,
2548 1471 2704 1541 juxta
2741 1474 2966 1530 asellum
3015 1477 3282 1546 expeditis
3334 1478 3561 1546 pedibus

1969 1578 2033 1616 ac
2067 1570 2179 1617 toto
2230 1578 2460 1634 corpore
2514 1574 2771 1630 stantem,
2825 1575 2881 1621 et
2920 1581 3054 1621 voce
3087 1566 3235 1621 clara
3282 1568 3560 1623 caelestem

1971 1652 2241 1706 medicum
2272 1653 2687 1711 collaudantem.
2742 1656 2872 1723 Qua:
2904 1672 3028 1711 mox
3066 1659 3135 1711 ad
3181 1658 3467 1712 ecclesiam
3499 1658 3559 1712 S.

1971 1742 2170 1798 Leonis
2204 1742 2386 1814 Papae,
2416 1761 2484 1799 ex
2512 1763 2618 1816 qua
2653 1761 2887 1812 egressae
2931 1747 3167 1813 fuerant,
3198 1757 3535 1803 revertentes

274 1842 383 1894 lum
416 1842 617 1911 posita,
645 1843 929 1911 deportata
967 1850 1053 1897 est
1081 1843 1176 1896 ibi.
1207 1843 1453 1913 Cumque
1491 1858 1587 1913 per
1621 1857 1715 1896 sex
1751 1841 1868 1895 dies
1899 1848 1945 1909 υ
1973 1834 2148 1905 palam
2195 1837 2297 1890 sibi
2329 1838 2675 1893 obviantibus
2706 1838 2916 1895 Domini
2953 1851 3414 1895 annunttaverunt
3454 1842 3563 1894 vir-

274 1942 658 2004 perseveraret
689 1935 886 1989 ibidem
903 1933 1114 2002 jaceus,
1142 1945 1219 2000 et,
1242 1935 1492 2006 plurimis
1523 1933 1743 1988 sanitati
1786 1947 1870 1987 re-

271 2028 505 2092 stitutis,
547 2028 662 2096 ipsa
709 2026 841 2081 nihil
863 2026 989 2081 boni
1036 2036 1483 2096 consequeretur,
1524 2027 1662 2081 dixit
1706 2023 1867 2080 matri

272 2133 383 2170 sua:
407 2134 422 2169 :
450 2116 646 2181 Mater,
677 2117 932 2186 quoniam
970 2127 1153 2172 nostra
1187 2126 1408 2186 peccata
1456 2118 1648 2171 merita
1677 2114 1867 2170 Sancti

271 2214 562 2277 superant,
586 2206 839 2260 celeriter
858 2222 1047 2261 eamus
1071 2207 1197 2260 hinc
1220 2221 1235 2260 :
1260 2207 1489 2276 indigna:
1515 2207 1659 2261 enim
1683 2220 1872 2259 sumus

273 2297 535 2366 consequi
565 2297 859 2351 sanitatem
901 2299 971 2351 ab
1002 2297 1111 2352 illo.
1136 2299 1309 2364 Quam
1335 2314 1457 2352 mox
1487 2298 1606 2367 ejus
1634 2297 1872 2368 genitrix

272 2390 440 2444 asello
464 2389 747 2460 imposuit,
770 2390 905 2444 etad
929 2390 1204 2461 prepriam
1226 2391 1444 2445 domum
1469 2392 1546 2445 ire
1565 2398 1870 2461 coeperunt.

1978 1937 2169 1994 tutem,
2203 1930 2386 1999 ibique
2414 1931 2615 1986 Christi
2642 1943 2693 1985 et
2734 1931 2792 1985 S.
2826 1932 2991 1987 Leoni
3039 1935 3244 2004 gratias
3278 1943 3334 1988 et
3378 1932 3563 1987 laudes

1975 2031 2205 2092 egerunt
2251 2040 2265 2089 ;
2322 2025 2622 2079 admirante
2670 2026 2866 2096 populo
2911 2036 2967 2080 et
3015 2027 3356 2081 collaudante
3399 2024 3563 2095 ipsius

1974 2114 2175 2168 Christi
2204 2116 2434 2185 gratiam
2462 2126 2513 2169 et
2536 2118 2764 2187 gloriam
2813 2127 2867 2172 et
2896 2117 3151 2173 virtutem
3193 2135 3205 2171 :
3241 2118 3333 2189 qui
3383 2127 3443 2171 ut
3473 2131 3591 2169 vo-,

1978 2208 2160 2273 luerit,
2185 2226 2312 2264 suos
2337 2211 2537 2279 ubique
2568 2212 2637 2264 ita
2666 2212 2931 2282 glorillcat
2955 2214 3208 2274 Sauctos,
3233 2221 3289 2266 ut
3308 2221 3362 2263 et
3391 2211 3566 2264 hami-

1977 2315 2106 2353 num
2134 2315 2351 2371 semper
2377 2302 2563 2357 laudes
2588 2305 2844 2372 consequi
2878 2313 3212 2368 mereantur,
3242 2317 3296 2356 et
3322 2317 3444 2357 cum
3474 2299 3568 2355 iI.o

1979 2388 2098 2443 sine
2136 2390 2242 2445 ﬁne
2272 2393 2323 2445 in
2352 2393 2492 2447 coelo
2523 2394 2663 2447 inter
2684 2394 2917 2463 Angelos
2947 2395 3268 2464 glorientur.
3295 2392 3492 2446 Amen.

1437 2588 2050 2681 MIBACULA
2128 2591 2412 2684 DUO.

964 2785 1004 2834 Α
1053 2779 1323 2836 Desiderio
1350 2782 1539 2836 abbate
1571 2780 1870 2846 Casineusi,
1898 2782 2020 2836 dein
2058 2780 2264 2835 Victore
2287 2800 2424 2850 papa
2458 2780 2552 2837 111
2562 2824 2577 2847 ,
2613 2780 2901 2852 descripta.

350 2939 443 2995 35.
476 2937 608 2992 Post
636 2934 846 2991 obitum
875 2934 1173 2990 beatissimi
1196 2933 1476 2991 Pontiﬁcis
1494 2934 1689 2990 Leonis
1712 2932 1877 2989 multa

281 3043 338 3089 ct
377 3045 575 3102 magna
628 3028 695 3083 ad
743 3028 862 3097 ejus
912 3027 1206 3091 tumulum,
1232 3028 1463 3097 aliisque
1492 3028 1545 3081 in
1592 3027 1745 3092 locis,
1778 3042 1879 3095 per

284 3136 412 3175 eum
462 3118 696 3174 Domino
746 3117 1016 3171 tribuente
1063 3117 1308 3171 claruere
1339 3117 1619 3171 miracula.
1677 3116 1720 3170 E
1755 3117 1880 3186 qui-

1980 2934 2137 3002 equis
2193 2936 2456 2999 ascensis,
2510 2950 2678 3004 puero
2735 2937 2787 2990 in
2843 2938 3036 2991 eadem
3089 2938 3320 2995 ecclesia
3374 2943 3567 3014 oblito,

1984 3020 2213 3079 festinus
2240 3027 2385 3080 viam
2438 3042 2557 3096 qua:
2586 3044 2713 3082 eum
2757 3030 2825 3082 ad
2861 3045 3016 3083 suam
3048 3031 3279 3087 ducebat
3313 3037 3567 3104 patriam,

1982 3133 2237 3188 egressus
2271 3118 2414 3174 Urbe
2441 3119 2812 3189 gradiebatur.
2845 3120 2979 3176 Cum
3032 3123 3216 3195 itaque
3239 3125 3576 3197 longiuscule

285 3213 392 3266 bus
417 3209 639 3264 omissis
672 3208 911 3271 czeteris,
941 3206 1047 3260 duo
1073 3216 1278 3260 tantum
1299 3208 1675 3262 aadilicationis
1706 3208 1878 3276 gratia
1908 3246 1954 3307 Ο
1986 3209 2165 3262 adhuc
2191 3217 2340 3262 esset
2370 3209 2439 3262 ab
2476 3208 2618 3265 Urbe
2666 3210 2966 3279 profectus,
3002 3223 3226 3283 repente
3266 3216 3315 3270 ei
3364 3218 3418 3272 in
3461 3235 3564 3274 ῃιυ.

287 3303 652 3362 subuectam,
715 3296 857 3352 sicut
918 3309 949 3348 a
992 3295 1244 3349 veridicis
1315 3295 1446 3349 viris
1505 3296 1660 3349 nobis
1714 3296 1880 3350 relata

290 3399 442 3446 sunt.
457 3390 648 3444 Victor
666 3388 810 3457 Papa
827 3383 998 3459 (108),
1013 3386 1105 3457 qui
1124 3386 1176 3440 in
1199 3386 1461 3454 regimine
1472 3385 1808 3440 Sacerdotali
1833 3384 1882 3440 ei

292 3488 660 3546 successerat,
677 3480 859 3535 audita
881 3479 1025 3534 fama
1051 3477 1435 3534 miraculorum
1464 3477 1602 3546 ejus,
1629 3480 1771 3549 quod
1790 3494 1885 3549 per

291 3586 418 3626 eum
450 3570 709 3626 Dominus
732 3569 860 3624 talia
887 3576 1227 3639 operaretur,
1249 3567 1407 3622 tidem
1437 3583 1544 3621 non
1573 3582 1885 3623 accommo-

296 3664 484 3719 dabat.
509 3661 617 3718 Sed
638 3661 789 3733 quia,
812 3671 871 3716 ut
891 3663 969 3715 ait
985 3661 1294 3730 Apostolus,
1316 3679 1335 3712 ‹
1357 3659 1579 3731 Linguae
1599 3660 1653 3716 in
1676 3661 1885 3732 signum

298 3765 430 3809 sunt
451 3769 557 3808 non
588 3752 858 3817 ﬁdelibus,
881 3753 976 3808 sed
1006 3752 1312 3808 inﬁdelibus
1339 3750 1390 3823 (I
1414 3752 1535 3807 Cor.
1563 3754 1703 3822 xm),
1724 3772 1742 3803 ι
1771 3768 1889 3809 om-

297 3850 553 3918 nipotens
583 3846 843 3902 Dominus
891 3844 1265 3915 eXperimento
1303 3859 1427 3898 eum
1474 3846 1672 3900 docere
1719 3846 1891 3899 vo'uit

299 3957 422 4013 qua:
450 3941 633 3995 audita
655 3955 686 3993 a
718 3937 964 4009 pluribus
994 3936 1216 3992 minime
1250 3937 1472 3992 credere
1497 3937 1729 3991 volebat.

373 4033 465 4089 36.
493 4032 773 4087 Curiensis
819 4029 1036 4100 quidam
1079 4027 1404 4102 EpiscOpus,
1449 4028 1604 4099 cujus
1634 4043 1828 4082 nomen
1861 4043 1893 4083 e

302 4127 565 4181 memoria
587 4127 789 4182 excidit
810 4127 979 4199 (109),
1002 4142 1124 4181 cum
1145 4140 1309 4195 supra
1325 4130 1623 4178 memorato
1634 4121 1894 4176 Pontiﬁce

306 4218 527 4274 Victore
552 4234 582 4272 a
607 4218 899 4274 Germania
927 4220 1172 4282 veniens,
1200 4216 1318 4286 ejus
1342 4216 1395 4268 in
1425 4213 1684 4281 obsequio
1709 4211 1897 4267 Romae

304 4309 643 4364 morabatur.
700 4308 800 4363 Hic
848 4323 1072 4378 puerum
1112 4308 1181 4362 ab
1236 4315 1392 4360 utero
1436 4302 1631 4357 matris
1681 4309 1893 4355 mutum

303 4401 565 4466 habebat,
604 4413 766 4471 quem
809 4415 909 4470 pro
961 4398 1214 4454 mercede
1264 4396 1462 4451 anima:
1518 4410 1630 4450 sua:
1672 4407 1899 4464 pascens

307 4513 372 4552 ac
399 4496 659 4561 vestiens,
701 4508 1047 4565 quocumque
1094 4492 1227 4556 ibat,
1275 4504 1459 4546 secum
1516 4489 1714 4543 ducere
1763 4501 1900 4541 con-

1986 3298 2216 3352 moriam
2250 3298 2411 3351 rediit
2454 3298 2598 3365 quod
2636 3307 2843 3353 mutum
2875 3315 3099 3369 puerum
3138 3302 3194 3367 in
3228 3305 3459 3362 ecclesia
3510 3307 3572 3361 Β.

1984 3387 2130 3444 Petri
2146 3388 2473 3458 reliquisset.
2497 3389 2599 3457 Qui
2626 3405 2751 3443 mox
2773 3392 3035 3457 substitit,
3062 3409 3128 3448 ac
3148 3394 3385 3452 famulos
3414 3413 3576 3463 suos,

1986 3496 2018 3535 a
2038 3482 2234 3552 quibus
2252 3497 2389 3552 puer
2404 3483 2585 3537 reduci
2608 3482 2852 3549 deberet,
2877 3485 3141 3556 quosdam
3160 3489 3389 3545 remisit.
3407 3489 3579 3561 Igitur

1987 3589 2111 3628 cum
2130 3572 2203 3626 illi
2218 3572 2586 3644 apostolorum
2604 3573 2874 3645 Principis
2886 3576 3164 3633 basilicam
3192 3589 3375 3635 essent
3388 3598 3579 3652 egres-

1990 3664 2059 3729 si,
2076 3664 2421 3734 conspiciunt
2444 3680 2671 3734 puerum
2696 3675 2823 3721 ante
2845 3667 3107 3723 tumidum
3130 3668 3190 3724 Β.
3210 3669 3409 3727 Leonis
3431 3683 3581 3730 staa-

1991 3762 2126 3818 tem,
2154 3762 2319 3824 atque
2344 3769 2470 3809 cum
2504 3754 2593 3810 bis
2619 3756 2711 3825 qui
2750 3756 3189 3812 circumstabant
3243 3760 3577 3830 loquentem.

1992 3844 2101 3898 Illis
2132 3845 2315 3915 itaque
2344 3847 2689 3912 mirantibus,
2715 3856 2771 3902 et
2793 3848 3029 3918 qualiter
3060 3852 3161 3905 hoc
3183 3853 3581 3911 sibievenisset

1992 3937 2386 4007 quaarcntibus,
2468 3954 2605 4008 puer
2681 3938 2860 4009 inquit
2908 3954 2924 3992 :
2970 3939 3263 4011 Postquam
3331 3945 3584 4002 dominus

1996 4043 2173 4093 meus,
2201 4029 2305 4084 hac
2334 4029 2392 4084 in
2416 4029 2647 4085 ecclesia
2679 4046 2765 4084 me
2805 4030 3144 4100 relinquens,
3165 4033 3436 4102 discessit,
3467 4038 3576 4093 huc

1998 4116 2065 4172 ad
2092 4118 2405 4188 sepulcrum
2432 4117 2495 4172 Β.
2526 4119 2724 4174 Leonis
2752 4135 2841 4175 me
2871 4121 3109 4187 contuli;
3139 4123 3185 4178 si
3216 4125 3357 4180 forte
3402 4131 3583 4183 omni-

1997 4216 2194 4279 potens
2254 4209 2519 4265 Dominus
2578 4210 2849 4277 ofﬁcium,
2919 4227 3031 4283 quo
3092 4216 3367 4284 carebam,
3437 4225 3590 4277 vocis

2002 4304 2216 4358 meritis
2258 4301 2379 4372 ejus
2409 4303 2541 4359 mihi
2601 4304 2890 4360 restituere
2941 4306 3277 4377 dignaretur.
3330 4310 3442 4368 Nec
3467 4329 3588 4369 sum

2000 4410 2144 4460 meo,
2168 4396 2311 4466 quod
2328 4396 2493 4450 corde
2513 4397 2825 4466 poscebam,
2847 4406 2976 4452 voto
2996 4397 3278 4456 fraudatus
3302 4417 3318 4455 :
3346 4405 3439 4459 sed
3463 4422 3591 4462 mox

2002 4497 2064 4541 ut
2117 4492 2244 4542 ante
2296 4485 2414 4556 ejus
2464 4487 2829 4542 venerandam
2893 4490 3212 4545 memoriam
3270 4491 3583 4567 lacrymans

308 4597 587 4653 sueverat,
620 4587 675 4641 in
699 4585 860 4654 cujus
891 4599 1065 4655 vacuo
1088 4598 1186 4638 ore
1231 4598 1332 4637 nec
1382 4579 1643 4635 iudicium
1677 4578 1896 4648 quidem
1930 4610 1977 4668 ο
2003 4579 2400 4649 aliquantulum
2436 4588 2741 4651 prostratus
2782 4580 2954 4649 jacui,
2989 4583 3133 4638 illico
3186 4597 3403 4659 recepta
3460 4604 3595 4648 voce

309 4682 506 4751 lingiue
533 4680 714 4734 inesse
752 4677 1059 4731 videbatur.
1102 4674 1205 4741 Qui
1259 4673 1424 4727 etiam
1473 4671 1779 4742 episcopus,
1828 4685 1897 4724 ex

310 4772 656 4828 mirabilibus
726 4770 795 4824 ad
844 4767 905 4822 Β.
959 4767 1157 4823 Leonis
1206 4765 1494 4834 tumulum,
1549 4761 1802 4818 similiter
1842 4770 1903 4815 ut

310 4864 477 4934 Papa,
534 4860 883 4917 incredulum
951 4860 1194 4913 animum
1268 4856 1513 4927 gerebat.
1556 4852 1693 4908 Cum
1741 4852 1903 4921 igitur

310 4960 544 5027 quadam
571 4956 659 5011 die
692 4954 763 5009 ad
784 4953 970 5008 sedem
1014 4952 1097 5007 sui
1131 4950 1497 5021 episcopatus,
1526 4946 1637 5015 jam
1681 4955 1905 5016 accepta

310 5048 555 5113 licentia,
611 5042 817 5101 reverti
876 5040 1230 5101 decrevisset.
1303 5038 1591 5095 ecclesiam
1647 5034 1706 5090 Β.
1759 5034 1907 5090 Petri

308 5141 542 5174 ..Μοοηις
582 5135 858 5176 Annam-ie
907 5133 1082 5178 gratia
1138 5132 1447 5178 ingressus-
1508 5135 1797 5180 Destituam
1843 5125 1903 5179 Β.

2006 4669 2257 4739 loquens,
2294 4679 2354 4723 ut
2382 4670 2483 4740 ipsi
2512 4670 2730 4735 videtis,
2760 4672 2993 4727 surrexi.
3025 4673 3108 4728 Ab
3139 4675 3226 4729 illa
3269 4679 3457 4749 utique
3482 4683 3591 4747 die,

2006 4762 2151 4831 quod
2182 4761 2486 4816 mirabilius
2509 4769 2616 4826 est,
2649 4762 2818 4831 erepit
2872 4764 2926 4818 in
2951 4779 3049 4819 ore
3074 4763 3193 4834 ejus
3242 4767 3444 4840 lingua,
3474 4787 3595 4841 qua:

2009 4852 2281 4915 defuerat,
2310 4852 2570 4922 paulatim
2597 4868 2872 4920 crescere,
2905 4855 2977 4908 ita
3010 4865 3069 4909 ut
3090 4856 3228 4911 intra
3253 4876 3454 4929 paucos
3480 4864 3599 4921 dies

2010 4944 2172 5016 pleno
2196 4957 2293 4999 ore
2315 4942 2552 5014 linguam
2580 4943 2819 5014 perfecte
2874 4946 3159 5016 reciperet;
3201 4960 3257 5004 et
3284 4953 3449 5007 verba
3481 4956 3601 5014 sine

2011 5034 2400 5106 impedimento
2420 5034 2711 5105 sonaret.(I
2726 5033 3062 5106 lO)Denique
3089 5038 3178 5107 qui
3197 5041 3346 5098 missi
3363 5042 3603 5114 fuerant,

2011 5135 2345 5182 curaverunt
2374 5140 2603 5182 puerum
2643 5124 2709 5179 ad
2737 5124 3062 5182 Eniscooum
3095 5130 3312 5182 dueere-
3341 5142 3399 5182 et
3430 5150 3597 5182 «luem
