4062 5352
513 279 616 338 5'47

1847 286 1901 339 S.
1943 287 2086 345 'LEO
2134 288 2198 344 lX
2231 291 2435 352 ῬΔΡᾹ.

3680 317 3787 373 538

509 390 724 447 meritis
780 390 827 446 ei
874 389 1193 461 loquentem
1250 393 1544 451 adducunt.
1594 394 1895 467 Regressus
1926 400 2089 471 igitur
2117 422 2164 481 Α
2193 419 2290 461 ore
2346 406 2613 481 sacrilego
2679 409 2961 471 deridebat
3012 426 3078 473 et
3151 419 3582 494 blasphemabat.
3642 430 3781 485 Cum

506 483 794 554 cpiscopus
842 482 1149 540 Romanum
1198 485 1518 544 Pontiﬁcem
1579 489 1713 545 adiit
1758 509 1774 545 :
1826 501 1882 547 et
1946 495 2090 564 quod

507 574 855 645 omnipotens
881 574 1143 645 Dominus
1170 591 1268 647 per
1292 577 1355 632 Β.
1385 576 1620 634 Leonem
1650 582 1867 650 operari
1895 582 2090 655 digna-

506 669 596 718 tus
651 662 864 730 fuisset,
904 665 1166 720 ostendit.
1199 666 1285 721 Ex
1336 674 1462 722 tunc
1507 676 1792 739 eruperunt
1821 670 1922 740 ipsi
1972 673 2088 743 ejus

503 757 815 813 veneranda
848 758 1044 814 merita
1072 759 1285 816 cunctis
1315 761 1635 830 praedicare,
1660 763 1753 835 qui
1778 764 1901 821 aliis
1926 777 2086 825 antea

504 848 998 906 mittentibus-non
1029 838 1383 922 patiebantur.
1407 854 1618 910 audire.

562 941 660 996 57.
702 941 932 997 lllustris
967 943 1050 997 vir
1082 942 1370 1008 Maximus.
1416 944 1674 1001 Romana:
1722 949 1874 1005 urbis
1925 950 2083 1015 civis,

499 1048 676 1102 nuper
721 1033 908 1089 retulit
954 1034 1086 1088 mihi
1128 1034 1194 1090 de
1245 1036 1434 1091 eodem
1498 1037 1792 1092 venerabili
1848 1037 2084 1096 Praesule

499 1138 621 1193 quae
674 1139 857 1179 narro.
923 1125 1230 1180 Bernardus
1288 1126 1506 1196 quidam
1568 1128 1818 1197 pessima:
1884 1132 2082 1185 mentis

498 1216 655 1271 miles
682 1217 912 1280 exstitit,
950 1218 1042 1288 qui
1091 1218 1419 1289 Apostolicae
1468 1219 1597 1275 Sedi
1649 1222 1984 1277 contrarium
2020 1239 2082 1279 se

497 1307 552 1360 in
586 1308 863 1372 omnibus,
896 1308 1094 1380 quibus
1148 1311 1342 1381 potuit,
1380 1312 1555 1367 modis
1602 1312 1915 1369 exhibebat.
1973 1313 2080 1370 Sed

494 1397 550 1451 in
579 1398 740 1463 bello,
774 1400 917 1470 quod
969 1416 998 1454 a
1038 1401 1230 1456 vicinis
1253 1402 1399 1457 circa
1449 1387 1655 1458 Urbem
1708 1404 2077 1469 manentibus,

493 1489 903 1559 conjnrantibus
919 1505 1041 1545 cum
1066 1490 1210 1563 (ill)
1237 1490 1768 1551 CadalaoParmensi
1796 1497 2075 1567 episcopo,

492 1579 587 1649 qui
638 1588 766 1635 tunc
816 1581 1185 1651 Apostolicarn
1248 1583 1442 1639 Sedem
1495 1586 1750 1640 invadere
1801 1587 2073 1653 tentnhat,

491 1688 613 1727 cum
661 1674 926 1729 militibus
968 1676 1057 1744 qui
1120 1676 1761 1733 Romanaancclesiam
1816 1680 2074 1736 defende-

2196 495 2437 569 denique
2456 500 2691 570 quadam
2715 503 2804 561 die
2855 506 2909 561 iu
2937 521 3207 569 conventu
3248 529 3535 586 appareret
3572 523 3781 593 populi,

2192 596 2247 642 et
2271 602 2453 644 sermo
2484 599 2626 647 inter
2649 608 2746 650 eos
2773 597 2838 652 de
2861 598 3032 670 signis
3061 610 3116 658 et
3151 605 3446 664 virtutibus
3475 610 3539 665 Β.
3580 611 3781 670 Leonis

2191 688 2416 737 exortus
2428 694 2608 750 esset,
2637 688 2803 758 erepit
2830 690 3007 748 ridere
3035 695 3223 753 dicens
3249 715 3264 753 :
3308 699 3365 755 Si
3403 701 3642 759 Sanctus
3668 716 3774 770 est.

2188 770 2433 839 ut'dicis,
2486 780 2772 835 contrahat
2829 783 2961 838 mihi
3004 784 3231 858 digitum
3279 808 3476 847 meum.
3522 793 3778 867 Cumque

2188 875 2630 934 compesceretur
2679 870 2748 924 ab
2803 871 2869 926 iis
2917 875 3008 943 qui
3065 879 3334 942 astabant,
3389 897 3457 936 ne
3490 882 3558 937 de
3585 896 3778 942 sancto

2187 955 2307 1031 viro
2335 957 2460 1012 talia
2496 958 2872 1030 loqueretur,
2906 967 3129 1023 dimisso
3169 982 3474 1038 conventu,
3497 975 3770 1033 discessit.

2184 1042 2318 1098 Cum
2340 1062 2469 1102 ecce
2497 1047 2641 1104 forte
2672 1054 2844 1118 canis,
2894 1057 2984 1124 qui
3041 1074 3163 1111 etim
3216 1064 3566 1130 sequebatur,
3618 1083 3770 1123 suem

2185 1135 2238 1190 in
2276 1136 2452 1205 platea
2511 1140 2788 1199 inventum
2835 1145 3053 1201 invasit.
3105 1148 3198 1205 Ille
3242 1166 3397 1218 vero,
3449 1170 3516 1209 ne
3566 1172 3770 1226 porcus

2182 1232 2607 1305 discerperetur,
2655 1239 2852 1296 festiue
2898 1244 3144 1298 cucurrit
3173 1285 3190 1310 ,
3253 1255 3310 1301 et
3348 1248 3549 1315 injecta
3605 1268 3769 1307 manu

2181 1343 2375 1384 canem
2401 1337 2610 1387 tenere
2655 1334 2868 1390 voluit:
2924 1337 3021 1391 sed
3067 1354 3191 1393 mox
3221 1356 3418 1409 porcus
3448 1342 3620 1398 hianti
3674 1359 3770 1398 ore

2180 1421 2407 1491 digitum
2439 1422 2559 1493 ejus
2599 1428 2924 1491 momordit,
2964 1429 3165 1498 sicque
3217 1433 3286 1487 ab
3336 1432 3424 1488 illa
3476 1434 3565 1488 die
3617 1436 3766 1489 omni

2182 1522 2426 1584 tempore
2467 1531 2576 1586 quo
2637 1517 2773 1572 vixit
2834 1519 3063 1590 digitum
3119 1533 3464 1579 contractum
3532 1527 3765 1590 habens,

2180 1605 2489 1660 nullatenus
2523 1622 2645 1661 eum
2678 1610 2974 1665 extendere
3004 1614 3200 1683 potuit.
3252 1615 3403 1671 Unde
3443 1616 3651 1672 factum
3683 1628 3767 1673 est

2177 1708 2238 1754 ut
2265 1699 2358 1770 qui
2412 1700 2505 1756 Dei
2549 1701 2811 1758 famulum
2860 1704 3092 1760 irridere
3136 1717 3598 1781 praesumpserant,
3650 1710 3764 1779 ipse

487 1762 639 1825 bant,
671 1764 1021 1819 commissum
1052 1771 1157 1830 est,
1204 1764 1357 1834 justo
1407 1767 1501 1823 Dei
1526 1768 1733 1838 judicio
1786 1769 2061 1827 confossus

2173 1762 2455 1847 contracto
2513 1795 2683 1865 digito
2725 1797 2978 1854 omnibus
3023 1762 3223 1856 derisui
3288 1762 3606 1858 haberetur.
3638 1802 3763 1859 "me

484 1851 721 1908 interiit.
747 1854 845 1908 llic
877 1854 1064 1925 igitur,
1105 1856 1288 1910 audita
1336 1856 1481 1911 fama
1533 1858 1919 1914 miraculorum
1950 1875 2071 1930 qua:

484 1942 831 2013 omnipotens
854 1943 997 1999 Deus
1022 1945 1237 2000 meritis
1261 1945 1319 2000 Β.
1354 1946 1551 2002 Leonis
1582 1946 1829 2003 fidelibus
1848 1948 2069 2018 populis

482 2035 799 2104 exhibebat,
856 2052 963 2092 non
1008 2037 1181 2093 solum
1206 2053 1322 2094 non
1338 2039 1629 2108 credebat,
1672 2055 1860 2096 rerum
1898 2041 2067 2097 etiam

2172 1887 2240 1941 de
2267 1896 2416 1942 tanto
2449 1886 2613 1944 Patre
2659 1889 2720 1943 Β.
2773 1890 2957 1947 Leone
3013 1893 3157 1949 dicta
3197 1894 3494 1963 sufficiant,
3522 1897 3652 1968 quia
3687 1899 3761 1954 ad

2172 1978 2401 2035 aliorum
2439 1983 2712 2037 narranda
2743 1993 2898 2055 gesta
2913 1999 3304 2056 properamus.

528 2240 1228 2320 ,_'(lll)_Cac_lnlous_'c.oMra
1272 2244 1640 2320 Alexandrum
1669 2243 1708 2299 11
1743 2243 1845 2300 fuit
1886 2260 2027 2300 anno
2056 2243 2182 2299 lObl
2216 2244 2435 2301 electus
2456 2247 2743 2320 Antipapa,
2788 2250 2869 2304 uti
2898 2251 3136 2309 diximus
3179 2253 3215 2308 2
3256 2254 3545 2311 Februarii
3601 2258 3636 2311 3
3685 2258 3755 2313 ad

486 2310 661 2368 Vitam
693 2312 845 2368 Beati
868 2312 1021 2367 Petri
1053 2312 1301 2368 Damiani
1347 2314 1453 2387 g5.

481 2490 3737 2523 ———-—-——————__.._.________._.__________________________

1651 2614 1784 2706 IN
1876 2617 1968 2707 S.
2059 2614 2559 2711 LEONEM

870 2832 1472 2955 ΝΟΤΙΤΙΑ
1562 2833 1754 2948 ΕΧ
1844 2829 2061 2947 GA]

2164 2831 2354 2948 QIA
2446 2835 3017 2956 CHRIST.

1756 3055 1947 3127 .(Tom.
1975 3054 2115 3124 Xlll,
2138 3070 2262 3132 pag.
2292 3020 2445 3132 985.)

1872 3221 2236 3240 ῃ

527 3323 698 3384 Pater
736 3323 1008 3381 Brunonis
1046 3323 1209 3394 llugo
1254 3323 1611 3379 consobrinus
1648 3332 1769 3378 erat
1802 3322 2045 3380 ‘Conradi
2075 3332 2122 3396 ο
2222 3325 2499 3387 Ortusest
2527 3331 2709 3390 Bruno
2744 3332 2809 3390 in
2837 3340 3061 3394 castello
3086 3336 3329 3408 Alsatize,
3369 3344 3514 3412 quod
3541 3343 3742 3401 dicitur

455 3420 841 3492 imperatoris,
887 3427 1252 3490 cognomento
1297 3418 1495 3485 Salici;
1546 3428 1723 3474 mater
1763 3420 1879 3491 ejus
1924 3420 2049 3476 Hei-

457 3514 691 3575 lewidis,
720 3527 816 3566 seu
849 3511 1110 3576 Helvidis,
1149 3511 1430 3568 nobilitate
1468 3527 1576 3568 non
1612 3513 1815 3585 impar;
1847 3514 2048 3587 pietate

455 3604 606 3658 haud
631 3602 942 3666 dissimiles,
970 3603 1063 3673 qui
1091 3602 1482 3672 amplissimum
1498 3604 1895 3675 patrimonium
1917 3623 2046 3663 con-

461 3694 654 3750 dendis
714 3694 1060 3748 monasteriis
1109 3694 1400 3765 egenisque
1443 3694 1792 3753 sublevandis
1839 3698 2047 3769 impen-

458 3785 678 3850 derunt,
721 3784 968 3856 exemplo
997 3785 1260 3857 majorum
1310 3803 1554 3844 suorum.
1596 3788 1666 3845 Hi
1717 3806 1785 3845 ex
1829 3792 2045 3862 praediis

456 3877 573 3933 suis
603 3878 703 3932 tria
735 3878 1083 3934 instituerunt
1107 3880 1381 3947 coeuobia,
1411 3881 1620 3938 scilicet
1660 3882 1832 3940 Hissae
1864 3885 1914 3940 in
1946 3887 2043 3942 ho-

457 3984 647 4024 norem
660 3971 835 4026 sancti
863 3970 1100 4038 Martini,
1112 3988 1281 4043 prope
1312 3971 1698 4046 Sareburgnm,
1720 3990 1818 4045 pro
1836 3978 2041 4032 sancti-

457 4058 809 4126 monialibus;
842 4061 991 4117 aliud
1024 4063 1287 4129 virorum,
1315 4063 1415 4119 sub
1442 4064 1594 4120 titulo
1622 4067 1793 4122 sancti
1823 4066 2040 4139 Cyriaci

446 4150 733 4222 martyris,
746 4150 1217 4223 apudAttorlium;
1242 4156 1472 4212 alterum
1487 4173 1703 4228 quoque
1715 4158 1887 4230 puella
1896 4176 2037 4227 rum,

453 4242 555 4296 sub
594 4243 751 4298 titulo
794 4254 998 4300 sancta:
1029 4245 1242 4312 Crucis,
1288 4257 1416 4317 puta
1465 4248 1933 4307 Wollenheimium
1984 4254 2036 4308 in

444 4329 655 4387 Alsatia
696 4347 864 4404 prope
903 4334 1335 4404 Engesheimium
1368 4346 1614 4393 castrum
1656 4355 1853 4409 suum,
1884 4343 2038 4411 cujus

448 4425 507 4479 in
550 4428 781 4497 gratiam
822 4426 940 4497 ipse
968 4425 1172 4493 Bruno,
1219 4429 1286 4483 ad
1317 4429 1515 4483 summi
1544 4429 1895 4499 pontiﬁcatus
1923 4434 2036 4502 api-

441 4530 567 4570 cem
603 4516 800 4579 elatus,
830 4516 1029 4571 bullam
1061 4517 1300 4572 indulsit.
1335 4517 1526 4572 'Fratri
1567 4518 1646 4573 rei
1693 4520 1867 4574 sorori
1902 4520 2035 4576 Bru-

2148 3420 2569 3491 Engenesheim,
2603 3434 2716 3482 toto
2766 3435 2993 3508 carpere
3024 3431 3205 3488 erucis
3238 3434 3406 3503 signis
3456 3436 3735 3508 insignito,

2146 3526 2201 3565 ιι
2231 3510 2460 3569 Kalend.
2489 3512 2625 3570 Julii
2663 3530 2755 3571 an.
2792 3500 2950 3572 H302.
3005 3520 3140 3576 Cum
3170 3500 3414 3592 quintum
3466 3500 3737 3598 attigisset

2145 3620 2349 3662 annum
2375 3646 2391 3672 ,
2439 3607 2691 3665 Bertoldo
2740 3608 2978 3667 Tullensi
3027 3613 3284 3685 episcopo
3326 3616 3639 3675 educandus
3681 3629 3735 3674 et

2146 3694 2340 3753 litteris
2381 3696 2756 3755 informandus
2799 3716 2826 3756 a
2872 3702 2960 3773 pia
3000 3703 3267 3773 genitrice
3305 3704 3560 3775 llelvide,
3612 3724 3732 3778 quae

2144 3799 2268 3840 eum
2296 3787 2411 3856 ipsa
2439 3787 2758 3859 lactaverat,
2784 3792 3013 3848 traditus
3036 3801 3138 3849 est.
3167 3793 3281 3862 Qua
3306 3795 3359 3849 in
3386 3794 3569 3851 schola
3594 3796 3731 3853 duos

2144 3878 2334 3934 habuit
2385 3881 2616 3954 collegas
2672 3885 3005 3956 propinquos
3065 3902 3222 3952 suos,
3282 3896 3411 3943 natu
3471 3886 3725 3958 majores,

2141 3968 2513 4028 Adalberones
2554 3984 2914 4044 nuncupatos,
2952 3991 3182 4049 quorum
3215 3974 3372 4042 alter,
3404 3976 3727 4035 Theodorici

2142 4059 2295 4116 ducis
2317 4062 2480 4129 filius,
2513 4064 2803 4121 immaturo
2834 4065 2947 4121 fato
2975 4066 3194 4123 functus
3215 4077 3324 4132 est;
3364 4069 3520 4136 alter,
3550 4070 3724 4128 lleze~

2132 4156 2282 4213 lenis
2307 4157 2463 4215 ducis
2501 4174 2814 4232 germanus,
2841 4162 3100 4233 magister
3129 4162 3365 4233 nepotali
3397 4164 3478 4219 sui
3512 4165 3724 4221 Brunou-

2140 4249 2227 4305 nis
2253 4250 2480 4306 exstitit.
2510 4250 2644 4307 Cum
2676 4263 2902 4323 uterque
2928 4254 2981 4308 in
3010 4254 3419 4310 humanioribus
3445 4254 3641 4310 litteris
3667 4264 3723 4312 et

2139 4339 2477 4411 philosophia
2519 4342 2863 4411 claruissent,
2900 4342 3342 4415 jurisprudentize
3378 4346 3559 4408 studio
3600 4360 3720 4402 sese

2138 4431 2482 4487 addixerunt.
2534 4433 2774 4501 Quadam
2821 4445 3002 4490 autem
3053 4444 3215 4492 nocte
3264 4437 3391 4493 dum
3435 4436 3617 4492 Bruno
3664 4438 3718 4495 in

2135 4535 2317 4579 castro
2347 4524 2791 4597 Engesheimensi
2820 4528 2959 4596 apud
2984 4537 3242 4598 parentes
3282 4544 3429 4593 suos,
3468 4545 3604 4601 quos
3636 4530 3719 4584 in-

444 4605 608 4661 nonis
639 4607 896 4661 tnibuitnr
933 4606 1176 4661 inundatio
1206 4607 1490 4677 ‘prioratus
1533 4609 1944 4676 sancti'Quirini
1977 4612 2030 4666 in
2130 4614 2358 4683 viserat,
2398 4615 2459 4671 in
2506 4618 2667 4673 cubili
2708 4628 3073 4688 soporaretur,
3106 4634 3379 4675 venenosa
3429 4634 3558 4673 rana
3586 4633 3716 4673 con-

442 4695 673 4761 Alsatia,
710 4711 872 4766 quem
900 4695 1136 4753 Joannes
1170 4698 1237 4752 de
1270 4698 1487 4769 Bayone
1514 4718 1543 4755 a
1574 4702 1868 4771 Ludovico,
1899 4705 2031 4761 Bru-
2058 4688 2107 4749 ο
2132 4706 2339 4775 quievit
2383 4724 2545 4779 super
2589 4709 2792 4765 vultum
2837 4710 2973 4779 ejus,
3005 4727 3380 4783 venenumque
3398 4712 3465 4768 in
3492 4711 3713 4784 sangui-

440 4788 605 4843 nonis
648 4803 752 4843 avo
801 4797 1082 4855 materno,
1129 4789 1240 4844 vult
1291 4789 1458 4846 fuisse
1505 4795 1800 4851 conditum.
1854 4796 2027 4864 Quam
2128 4815 2253 4855 nem
2286 4801 2500 4857 infudit.
2532 4803 2727 4858 Malum
2762 4806 2834 4860 ita
2860 4806 3120 4871 accrevit,
3140 4816 3211 4862 'ut
3242 4805 3357 4875 jam
3398 4805 3542 4860 nulla
3565 4805 3713 4861 sani-

439 4878 683 4932 tnaxime
727 4878 890 4934 nobili
938 4879 1065 4935 huic
1094 4878 1314 4936 familiae
1356 4883 1517 4939 debet
1560 4884 1816 4943 Lutiense
1845 4902 2031 4944 emno-
2128 4895 2256 4951 tatis
2285 4910 2410 4966 spes
2440 4905 2767 4953 remaneret.
2800 4896 2982 4962 Forte,
3013 4899 3138 4954 dum
3172 4908 3329 4954 nocte
3360 4897 3550 4953 Bruno
3575 4897 3708 4967 vigi-

438 4966 592 5021 bium
639 4968 895 5024 diecesis
943 4968 1412 5039 Vesontionensis,
1458 4982 1517 5029 ut
1554 4975 1755 5047 legitur
1805 4979 1859 5034 in
1906 4980 2027 5035 Vita
2126 4987 2289 5055 laret,
2317 4988 2644 5058 conspicere
2686 4988 2918 5044 credidit
2963 4989 3022 5045 S.
3058 4989 3444 5054 Benedictum.
3489 4966 3702 5045 cmcém

435 5059 613 5128 ipsius
648 5059 917 5115 Brunonis
942 5061 1044 5116 sub
1069 5063 1288 5119 nomine
1312 5064 1509 5122 Leonis
1534 5066 1604 5121 lX
1632 5084 1783 5139 papae
1825 5070 2028 5142 scripta
2125 5092 2288 5131 manu
2320 5087 2641 5148 gestantem,
2672 5094 2778 5149 qua
2808 5079 2898 5135 hic
2932 5089 3153 5136 sanctus
3180 5096 3449 5138 venenum
3480 5081 3703 5151 dissipa-

432 5165 472 5201 ει
500 5148 751 5218 Viperto,
794 5150 887 5219 qui
926 5152 1006 5208 sic
1033 5151 1272 5222 loquitur
1299 5173 1314 5211 :
1351 5174 1370 5208 ι
1404 5156 1566 5217 Pater
1605 5159 1892 5227 Brunonis,
1925 5177 2022 5216 na-
2123 5164 2221 5221 vit.
2252 5165 2582 5223 Monasticen
2616 5167 2669 5222 in
2698 5170 3011 5224 suburbano
3039 5168 3097 5224 S.
3124 5169 3251 5241 Apri
3280 5148 3696 5226 monasterio-“

433 5238 589 5294 tione
617 5237 946 5298 Teutonicus
990 5242 1339 5315 imperatoris
1364 5248 1596 5309 Conradi
1628 5255 2018 5319 consobrinus;
2122 5270 2188 5311 eo
2216 5264 2456 5327 tempore
2484 5257 2725 5314 creditur
2748 5260 3028 5331 amplexus
3047 5237 3233 5317 fuisse.
3261 5260 3519 5332 Equidem
3543 5257 3693 5314 morti
