4062 5352
262 305 372 359 539

917 303 1208 359 ινιιοιεϐ.
1251 334 1305 344 --
1357 303 1418 357 IN
1462 303 1518 358 S.
1563 303 1845 358 LEONEiI
1889 303 2158 359 NOTITIA
2203 303 2288 359 EX
2331 304 2579 360 G.~\LLI.\
2621 306 2895 363 CIIRIST.

3453 313 3559 370 530

261 414 409 468 oumi
453 412 779 476 humilitate,
826 413 1030 467 vilitate
1057 422 1111 467 et
1156 412 1502 467 extremitate
1545 422 1849 474 contentus,
1887 421 1927 472 Λ
1961 412 2212 467 Willetmi
2248 415 2584 472 Diviouensis
2603 417 2839 484 abbatis,
2864 423 3095 477 cmuobii
3119 423 3358 494 ejusdem
3387 429 3561 481 refor-

263 506 486 562 Cbristo
533 504 804 560 famulari.
858 524 877 557 ι
929 503 1154 559 Accedit
1193 502 1336 572 quod
1384 502 1523 557 idem
1575 502 1753 556 Iit-uno
1803 503 1854 554 iu

265 600 455 654 charta
486 598 551 652 de
583 596 975 651 instauratione
1002 596 1312 650 monasterii
1337 594 1394 647 Β.
1423 594 1575 662 Apri.
1611 613 1628 640 σ
1651 595 1702 648 in
1727 608 1854 662 quo,

267 690 463 758 inquit,
493 697 620 742 ante
647 687 1014 758 episcopatum
1059 694 1298 740 nostram
1333 684 1658 740 Societatcm
1687 685 1854 738 collo-

265 780 405 844 cavi,
441 780 495 833 in
525 779 840 848 episcopatu
871 787 1051 832 autem
1082 778 1312 848 positus,
1339 776 1536 846 quibus
1564 777 1708 846 potui
1742 793 1855 829 am-

265 871 452 942 pli-avi.
495 890 514 921 δ
552 869 803 924 Bertoldo
840 884 872 923 e
901 869 1038 923 vivis
1063 880 1333 938 exempto,
1367 867 1502 922 Tulli
1535 867 1685 922 stetit
1714 867 1855 937 apud

266 961 659 1015 IIerimannum
688 959 806 1030 ejus
833 973 1226 1023 successorem,
1267 959 1407 1013 idem
1435 959 1577 1028 quod
1611 957 1728 1026 ejus
1756 975 1854 1012 an-

267 1051 529 1105 tecessori
576 1050 843 1105 exhibens
869 1050 1220 1120 obsequium,
1271 1064 1567 1118 curamque
1613 1048 1857 1102 adhibuit

267 1154 324 1198 ut
356 1146 464 1198 vita
490 1144 800 1198 communis
825 1153 878 1198 et
901 1143 1159 1198 canonica
1185 1145 1236 1196 in
1258 1141 1494 1196 claustro
1516 1141 1572 1196 S.
1597 1141 1854 1209 Stephani

266 1237 515 1292 instituta
543 1239 768 1306 vigeret.
799 1237 1006 1291 Exinde
1032 1237 1232 1290 missus
1277 1235 1328 1289 in
1360 1234 1534 1288 aulam
1563 1251 1592 1288 a
1622 1233 1857 1304 parenti-

265 1328 389 1388 bus.
412 1327 644 1381 Conradi
671 1327 1012 1396 imperatoris
1034 1327 1326 1395 promeruit
1353 1326 1775 1396 gratiam,quem
1802 1325 1851 1378 in

265 1416 478 1470 Italiam
537 1418 827 1471 adeuntem
889 1418 956 1471 ad
1013 1417 1407 1486 subjiciendum
1461 1415 1852 1478 Illediolanum,

264 1510 407 1579 quod
453 1510 817 1563 rebellaverat
848 1551 862 1573 ,
909 1509 1200 1563 comitatus
1241 1517 1366 1572 est,
1419 1524 1602 1563 secum
1651 1509 1855 1562 ducens

262 1600 449 1668 copias
503 1615 637 1668 quas
663 1600 931 1655 'I'uIIensis
959 1601 1191 1655 Ecclesia
1224 1601 1534 1669 imperatori
1569 1602 1619 1654 in
1648 1601 1750 1654 bell
1774 1602 1854 1655 eis

261 1691 699 1761 expeditionibus
729 1693 1072 1761 suppeditare
1111 1692 1410 1746 tenebatur.
1450 1691 1599 1746 llauc
1629 1695 1847 1762 provin-

1962 504 2204 568 matoris,
2231 503 2386 573 cujus
2405 517 2593 561 sancta
2617 507 2754 562 fama
2779 510 2857 565 cis
2881 527 3030 567 mare
3053 528 3147 582 per
3171 526 3396 571 cunctos
3421 516 3558 573 lines

1959 595 2107 649 orbis
2132 606 2257 650 tunc
2283 598 2654 653 memorabilis
2685 610 2820 663 erat,
2847 611 3009 673 atque
3033 620 3129 672 pro
3169 605 3401 661 labentis
3441 624 3558 661 mo-

1960 685 2180 739 nasterii
2222 685 2517 740 refectione
2556 688 2731 742 cidem
2756 689 2996 746 Widrico
3036 694 3253 765 triginta
3294 695 3555 751 librarmtt

1958 777 2258 831 subsidium
2283 779 2605 834 mirabiliter
2631 781 2914 852 impendit.
2944 784 3284 857 Privilcgium
3313 790 3364 842 in
3398 789 3557 858 hujus

1960 871 2272 924 monasterii
2308 873 2539 940 gratiam
2563 873 2630 928 ab
2656 875 2984 944 imperatore
3006 879 3254 934 Conrado
3275 892 3558 938 assecutus

1957 969 2043 1016 est
2067 978 2208 1018 anno
2236 963 2389 1019 1035.
2416 965 2687 1021 Ecclesias
2709 970 2774 1022 de
2797 969 2966 1024 Solini
2994 981 3174 1026 monte
3195 983 3248 1025 et
3270 973 3558 1029 Wolferci-

1958 1053 2121 1109 Curte
2154 1055 2206 1109 in
2234 1057 2475 1125 plenaria
2515 1059 2722 1129 synodo
2748 1062 2929 1115 habita
2954 1079 3013 1117 Ill
3041 1064 3115 1117 Id.
3144 1063 3396 1121 Octobris
3421 1068 3556 1122 H56

1958 1145 2179 1200 indulsit
2203 1151 2270 1201 ad
2309 1148 2517 1217 prtefati
2562 1150 2785 1205 Widrici
2830 1169 3019 1221 preces
3061 1156 3343 1209 lltOtIat‘ItlS
3374 1156 3557 1211 S.Bc-

1957 1235 2106 1306 nigni
2146 1236 2504 1292 Divionensis.
2541 1239 2742 1294 Eodem
2766 1258 2909 1295 anno
2935 1244 3154 1296 tradidit
3190 1244 3248 1298 S.
3279 1244 3480 1300 Maasu.
3503 1256 3556 1301 to

1955 1328 2239 1382 ecclesiam
2274 1330 2340 1384 de
2360 1329 2782 1388 Gossaui-Curte
2815 1344 2868 1389 et
2901 1336 3076 1390 altare
3108 1336 3399 1400 Bertiliaci,
3437 1355 3556 1408 qu:e

1956 1419 2247 1488 reliquerat
2269 1419 2579 1490 Stephanus
2600 1425 2915 1490 canonicos,
2935 1444 3056 1481 cum
3083 1429 3148 1481 ad
3167 1428 3557 1484 Cluniacenses

1956 1513 2335 1566 monacbatmn
2380 1525 2733 1583 suscepturus
2769 1519 2930 1583 abiit;
2973 1522 3221 1588 sequenti
3266 1538 3409 1574 anno
3450 1522 3555 1575 Do-

1954 1601 2077 1654 doni
2102 1602 2282 1657 abbati
2313 1603 2369 1657 S.
2397 1603 2657 1659 Mansueti
2683 1609 2911 1677 prtebuit
2931 1610 3216 1664 ecclesiam
3243 1611 3551 1667 Paterniaci

1952 1691 2094 1744 villte
2127 1708 2290 1761 super
2325 1693 2523 1748 Mosam
2547 1695 2789 1751 llnvium.
2819 1699 3084 1755 Prazterea
3130 1703 3181 1757 in
3228 1702 3391 1758 Portu
3415 1705 3554 1760 Sua-

261 1785 402 1839 ciam
433 1784 501 1837 ab
545 1784 878 1838 llerimanuo
924 1787 1175 1854 episcopo
1205 1784 1610 1839 infirmitatibus
1634 1795 1855 1854 gravato
1889 1771 1930 1828 Β
1961 1781 2042 1834 vis
2086 1783 2441 1850 partheuone,
2493 1800 2652 1853 quem
2708 1786 3070 1844 Ilerimannus
3111 1801 3426 1847 auteccssor
3473 1794 3552 1848 in-
3601 1835 3610 1839 -

263 1884 483 1944 rogatus
513 1875 746 1944 accepit,
777 1875 983 1943 riteqne
1012 1875 1318 1945 complevit.

333 1963 481 2019 Inter
531 1965 645 2019 Iizec
695 1973 939 2020 mortuus
987 1975 1070 2020 est
1119 1964 1478 2018 Ilcrimannus
1527 1981 1669 2018 anno
1720 1965 1854 2019 1026

262 2053 520 2110 Kalendis
567 2055 795 2124 Aprilis,
843 2065 898 2109 et
961 2055 1012 2108 in
1070 2045 1186 2123 ejus
1240 2053 1415 2107 locum
1465 2053 1721 2109 suffectus
1773 2064 1858 2109 est

264 2149 448 2202 Bruno
497 2150 694 2203 absens
741 2165 770 2201 a
820 2147 966 2202 clero
1010 2158 1065 2201 et
1099 2147 1327 2218 populo,
1380 2148 1494 2216 qui,
1545 2146 1741 2201 litteris
1789 2146 1856 2199 ad

261 2241 572 2296 Couradum
618 2257 798 2311 regem
844 2241 898 2294 in
929 2240 1078 2293 Italia
1107 2249 1428 2304 versantem,
1455 2248 1510 2293 et
1538 2240 1602 2292 ad
1648 2239 1858 2292 Brimo-

263 2349 386 2388 nem
421 2334 618 2402 ipsum,
669 2335 758 2404 qui
805 2334 856 2387 iu
904 2333 1164 2388 comitatu
1210 2331 1327 2400 ejus
1361 2340 1500 2396 erat,
1534 2331 1714 2385 missis
1761 2347 1856 2400 per

261 2426 580 2481 Notbcrtnm
637 2427 956 2480 monaclmm
1013 2433 1176 2494 atque
1231 2423 1576 2479 Liethardmn
1627 2424 1854 2478 canoni-

262 2533 417 2580 cum,
470 2517 778 2572 Ilrnnenem
829 2517 930 2570 sibi
983 2517 1295 2585 episc0pum
1345 2516 1460 2568 dari
1511 2516 1857 2570 vehementer

258 2611 625 2678 expetierunt,
675 2608 848 2662 virum
891 2609 1133 2677 apprime
1176 2607 1409 2662 nobilem
1450 2621 1515 2660 ac
1552 2614 1852 2672 strenmuu,

257 2704 349 2771 qui
388 2702 680 2756 Tullenses
729 2717 760 2755 a
805 2701 1180 2771 frequentibus
1220 2700 1518 2755 vicinorum
1569 2699 1854 2753 iusultibus

258 2803 542 2866 protegere
576 2794 804 2848 valeret.
851 2793 1103 2848 Petitioui
1149 2808 1336 2848 eorum
1376 2791 1611 2860 primum
1657 2791 1854 2844 restitit

255 2885 560 2952 Conradus,
607 2887 808 2956 quippe
859 2887 950 2956 qui
997 2901 1120 2940 eum
1169 2886 1234 2939 ad
1279 2884 1572 2955 ampliores
1621 2884 1855 2940 honores

257 2977 584 3032 destinabat.
616 2977 684 3030 At
718 2976 901 3030 Bruuo
929 2992 1098 3032 censu
1130 2976 1343 3044 inopem
1379 2973 1672 3028 Ecclesiam
1701 2973 1852 3027 locu-

255 3067 471 3136 pletiori
498 3066 814 3136 przeferens,
845 3065 1095 3120 electioni
1127 3065 1364 3120 assensit
1385 3073 1442 3118 et
1474 3078 1652 3132 regem
1679 3064 1849 3133 ipsum

1959 1870 2270 1936 cboaverat,
2307 1874 2534 1928 aedilicia
2569 1875 2813 1945 perfecit,
2855 1878 3036 1950 ibique
3060 1881 3308 1936 devotam
3346 1885 3546 1939 sancti-

1959 1961 2273 2015 monialium
2307 1966 2585 2018 constituit
2614 1971 3107 2037 congregationem,
3130 1973 3326 2041 quibus
3357 1975 3553 2030 nobilis

1957 2053 2173 2120 generis
2214 2054 2444 2124 vitaeque
2506 2056 2788 2112 laudabilis
2853 2061 3182 2117 abbatissam
3225 2069 3550 2137 prteposnit,

1958 2145 2294 2199 Benennam
2339 2148 2557 2203 nomine
2593 2167 2604 2201 :
2644 2151 2800 2220 cujus
2834 2153 3052 2206 assidua
3088 2155 3554 2212 sollicitudiuetli-

1958 2236 2068 2288 vini
2108 2235 2288 2290 fervor
2323 2239 2527 2292 servitii
2576 2239 2772 2293 ibidem
2816 2243 3052 2298 maxime
3096 2247 3332 2300 crevisse
3378 2250 3547 2303 tradi-

1960 2335 2064 2379 tur.
2093 2326 2249 2380 Circa
2281 2327 2330 2380 id
2365 2339 2573 2398 tempus
2599 2328 2862 2398 judicium
2891 2334 3009 2389 tulit
3040 2335 3088 2388 in
3120 2338 3350 2406 gratiam
3383 2339 3554 2394 Bain-

1957 2422 2138 2491 gardis
2165 2423 2357 2475 vidum.
2394 2423 2617 2478 Eximia‘.
2648 2435 2868 2481 staturze
2907 2436 3110 2482 tantam
3154 2430 3464 2485 comitatem
3495 2442 3549 2487 et

1959 2515 2298 2583 prudentiam
2339 2514 2622 2585 jungebat,
2670 2526 2724 2570 ut
2772 2519 3012 2572 onmium
3058 2520 3461 2575 venerationem
3495 2534 3550 2575 et

1955 2607 2412 2662 existimationem
2443 2609 2544 2662 sibi
2579 2609 2881 2680 colligeret.
2917 2611 3271 2682 Summopere
3297 2613 3547 2668 laudatur

1955 2714 2018 2753 ex
2071 2699 2270 2768 ingenti
2321 2696 2372 2751 in
2423 2714 2688 2768 pauperes
2736 2689 3129 2766 munificentia,
3180 2710 3340 2771 atque
3382 2703 3544 2756 etiam

1955 2807 2018 2844 ex
2046 2794 2242 2860 pietate
2283 2805 2346 2844 ac
2388 2790 2512 2852 fide,
2542 2804 2663 2858 qua:
2697 2796 2805 2842 tam
2841 2789 2957 2842 viva
3005 2789 3126 2855 fuit,
3171 2799 3230 2844 ut
3270 2807 3545 2858 nunquam

1956 2882 2282 2936 sacrificium
2313 2880 2562 2945 olferret,
2603 2880 2736 2949 quin
2758 2881 2906 2950 prius
2936 2880 3298 2951 Iacrymarmn
3331 2882 3542 2951 copiam

1955 2972 2249 3028 effudisset.
2281 2971 2514 3026 Mnsices
2547 2979 2665 3024 arte
2692 2969 2920 3040 peritus,
2959 2969 3144 3025 laudes
3185 2969 3548 3037 plurimorum

1956 3073 2268 3117 sanctorum
2295 3063 2364 3117 ab
2397 3061 2696 3116 Ilnmberto
2720 3061 2980 3116 cardiuali
3025 3062 3249 3116 metrice
3275 3063 3546 3130 composi-

255 3159 326 3212 ad
369 3156 704 3213 Tulleusium
747 3165 868 3212 vota
911 3157 1210 3221 inclinavit,
1244 3155 1528 3225 effecitque
1573 3164 1632 3210 ut
1675 3171 1779 3209 non
1819 3171 1849 3208 a
1879 3129 1924 3192 ς
1959 3167 2039 3210 tas
2092 3155 2461 3210 modulatione
2499 3156 2800 3210 exornavit.
2851 3153 3080 3224 Pr0pter
3123 3153 3442 3207 industriam
3491 3153 3545 3206 in

257 3247 507 3303 Romano
549 3249 828 3320 pontitice,
869 3257 928 3302 ut
971 3263 1063 3302 rex
1093 3248 1405 3317 exoptabat,
1463 3248 1554 3302 sed
1591 3263 1620 3302 a
1653 3257 1854 3302 metro-

255 3341 501 3412 politano
531 3357 630 3398 suo
651 3350 1090 3396 consecraretur.
1117 3339 1236 3394 Mox
1265 3339 1447 3409 itaque
1477 3355 1543 3394 ex
1573 3339 1721 3394 Italia
1745 3356 1852 3394 non

255 3434 377 3488 sine
433 3433 804 3488 insidiantium
860 3431 1104 3503 periculo
1153 3429 1458 3485 Insubrium
1513 3430 1568 3484 in
1623 3431 1851 3500 patriatn

260 3541 538 3590 reversus,
563 3525 778 3580 Tullum
813 3524 1065 3589 accessit,
1097 3524 1186 3578 ubi
1219 3523 1303 3578 die
1329 3521 1623 3578 Dominica:
1650 3523 1854 3578 Ascen-

257 3616 433 3673 sionis
460 3632 669 3671 sommo
710 3616 952 3669 onmimn
1008 3614 1206 3684 gaudio
1263 3621 1569 3681 susceptus,
1603 3628 1633 3666 a
1663 3628 1854 3668 conso-

257 3709 420 3764 brino
449 3723 548 3762 suo
569 3707 906 3761 Theoderico
929 3703 1152 3760 Meteusi
1185 3703 1410 3774 prtesule
1443 3704 1493 3757 in
1523 3704 1650 3758 sede
1677 3705 1854 3773 ponti-

256 3801 401 3855 ticali
429 3799 745 3854 collocatur.
769 3795 886 3852 Jam
911 3812 1038 3850 vero
1062 3811 1186 3850 cum
1209 3811 1239 3848 a
1269 3795 1520 3864 Poppone
1542 3794 1851 3849 Trevircnsi

257 3890 680 3960 metropolitano
709 3887 1042 3943 ordinandus
1083 3893 1245 3948 esset,
1306 3886 1374 3939 ab
1403 3899 1574 3954 eoque
1604 3885 1850 3954 exigere—

258 3995 348 4038 tur
381 3993 440 4037 ut
463 3983 597 4037 nihil
618 3982 822 4051 absque
844 3981 961 4051 ejus
983 3980 1218 4040 consilio,
1235 3979 1285 4032 in
1311 3979 1618 4049 episcopatu
1647 3986 1850 4048 ageret,

256 4075 606 4144 acquiescere
635 4073 832 4137 noluit;
889 4075 959 4128 ob
987 4071 1147 4142 idque
1174 4070 1336 4127 dilata
1369 4070 1534 4140 ipsius
1563 4085 1851 4125 consecra-

258 4169 336 4222 tio
372 4175 455 4221 est
500 4165 553 4219 in
583 4174 899 4234 sequentem
931 4179 1158 4228 annntn,
1187 4179 1295 4232 quo
1327 4175 1576 4215 reversus
1602 4175 1665 4215 ex
1699 4159 1851 4215 Italia

257 4259 542 4314 Conradus
601 4265 892 4325 utrumque
934 4254 1291 4309 Wormatiam
1324 4253 1638 4316 accersivit,
1691 4261 1854 4323 atque

255 4346 619 4404 ordinandum
647 4347 712 4400 ad
739 4346 790 4399 id
819 4346 990 4400 solum
1014 4346 1285 4409 astrinxit,
1311 4353 1364 4398 ut
1395 4345 1447 4398 in
1471 4344 1853 4401 ecclesiasticis

260 4441 526 4513 negotiis,
576 4437 799 4509 majoris
843 4439 1054 4494 scilicet
1101 4438 1395 4503 momenti,
1447 4438 1849 4508 metropolitani

256 4534 486 4589 consilio
508 4540 772 4588 uteretur.
803 4531 912 4585 Hoc
938 4538 1096 4600 pacto
1121 4529 1299 4582 Bruuo
1322 4545 1350 4580 v
1372 4527 1493 4582 ldus
1518 4527 1851 4598 Septembris

256 4643 380 4682 ctnn
427 4642 638 4681 suuuua
684 4623 926 4680 omnium
967 4622 1327 4694 gratulatione
1373 4620 1675 4676 ordinatur.
1722 4622 1853 4676 Post

255 4719 724 4775 consecrationem
780 4715 1020 4770 studium
1074 4729 1231 4769 suum
1289 4727 1414 4768 mox
1469 4711 1733 4768 convertit
1783 4714 1852 4768 ad

255 4813 664 4886 propagandam
687 4804 1013 4878 religionem
1044 4805 1397 4861 monasticam
1430 4819 1549 4874 qua:
1586 4803 1638 4858 in
1668 4804 1848 4858 omni.

254 4910 352 4965 bus
379 4908 635 4964 ditecesis
665 4921 778 4961 sua:
828 4913 1189 4976 przeterquam
1231 4899 1289 4954 S.
1330 4900 1457 4971 Apri
1507 4901 1848 4956 monasteriis

254 5001 407 5056 valde
448 4999 803 5062 interfuerat,
839 4996 1072 5050 maxime
1108 4993 1159 5048 in
1191 4993 1362 5046 sancti
1410 4991 1673 5048 Mansueti
1705 5004 1758 5048 et
1789 4994 1844 5048 in

253 5097 498 5152 Mediana
554 5091 912 5156 monasterio,
956 5089 1046 5145 ubi
1105 5088 1344 5144 Iocormu
1392 5089 1635 5153 abbates,
1694 5099 1844 5160 post-

251 5189 434 5245 habito
461 5199 776 5242 animarum
817 5183 920 5238 sibi
939 5184 1354 5238 commissarum
1402 5182 1601 5243 studio,
1647 5183 1698 5235 in
1729 5181 1846 5236 solo

251 5281 581 5336 exteriorum
614 5274 890 5330 dominatu
932 5288 990 5329 se
1035 5271 1361 5326 constitutos
1404 5271 1688 5341 putabant.
1735 5270 1844 5326 llos

1959 3249 2253 3304 tractandis
2293 3250 2478 3313 rebus,
2521 3263 2552 3302 a
2593 3248 2842 3304 Conrado
2883 3249 3210 3318 imperatore
3242 3247 3309 3301 ad
3341 3247 3552 3302 Rober-

1957 3349 2070 3393 tum
2101 3339 2345 3393 Francia:
2392 3354 2570 3408 regem
2606 3338 2804 3395 missus
2837 3351 2920 3394 est
2944 3342 3174 3410 legatus,
3206 3348 3262 3393 et
3284 3339 3423 3393 inter
3451 3354 3551 3393 eos
3620 3347 3624 3352 ‘

1957 3429 2169 3485 tirmatn
2201 3429 2542 3502 solidamque
2568 3429 2852 3486 constituit
2877 3446 3084 3502 pacem.
3115 3429 3356 3486 Otloncm
3385 3430 3546 3487 Cam-

1954 3525 2128 3596 panis:
2161 3528 2448 3588 comitem,
2475 3525 2567 3594 qui
2599 3524 2667 3579 ad
2705 3524 3058 3579 obsidendam
3099 3524 3288 3578 urbem
3329 3522 3550 3578 Tollen-

1955 3631 2068 3670 sem
2099 3619 2430 3680 accesserat,
2462 3614 2658 3684 repulit
2687 3629 2751 3668 ac
2780 3616 2956 3685 coegit
2990 3615 3057 3668 ad
3097 3614 3414 3670 solvendum
3451 3615 3550 3668 ob-

1955 3708 2240 3772 sidionem,
2271 3721 2436 3778 opera
2479 3702 2688 3761 ferente
2723 3705 2974 3761 Conrado
3013 3722 3156 3776 rege,
3192 3721 3359 3776 penes
3385 3721 3544 3776 quem

1955 3801 2155 3855 mansit
2186 3816 2408 3872 regnum
2440 3800 2756 3864 Austrasi:e,
2791 3815 2820 3854 a
2854 3799 3140 3869 Rodulpbo
3174 3800 3268 3864 Ill,
3301 3799 3548 3867 Burgun-

1953 3892 2056 3948 dite
2072 3892 2452 3960 Transjuranze
2466 3889 2616 3964 [rege
2628 3890 2674 3963 ?]
2699 3901 2854 3944 antea
2886 3905 3217 3961 possessum,
3233 3888 3371 3957 quod
3389 3889 3549 3944 Cam-

1956 3984 2128 4052 pania:
2143 3997 2323 4038 comes
2345 3981 2598 4036 invadere
2618 3980 2909 4036 nitebatur.
2927 3978 3041 4033 Non
3064 3981 3136 4032 ita
3161 3979 3329 4032 nmlto
3349 3988 3470 4048 post
3490 3981 3544 4031 in

1954 4075 2206 4130 Iethalem
2245 4073 2490 4128 morbum
2530 4071 2712 4126 Bretto
2753 4071 3009 4126 incidisse
3051 4070 3302 4132 traditur,
3343 4083 3408 4122 ex
3438 4084 3549 4138 quo

1955 4165 2014 4221 S.
2065 4163 2248 4218 Basilii
2288 4163 2514 4228 meritis,
2562 4163 2629 4215 ad
2673 4161 2822 4231 cujus
2869 4161 3047 4215 altare
3089 4159 3289 4214 deferri
3335 4158 3541 4222 voluit.

1956 4261 2139 4316 habito
2181 4259 2251 4313 ita
2283 4258 2590 4322 convaluit,
2633 4264 2691 4310 ut
2722 4256 2812 4325 qui
2850 4256 3028 4311 alieno
3063 4264 3308 4326 portatus
3339 4254 3550 4310 auxilio

1956 4351 2151 4417 fuerat,
2182 4351 2306 4405 inde
2335 4350 2570 4420 propriis
2598 4349 2804 4403 viribus
2829 4349 3028 4402 alacris
3053 4349 3269 4403 doumm
3300 4349 3541 4403 redierit.

1956 4443 2156 4499 Eodem
2179 4442 2400 4496 circiter
2427 4450 2669 4510 tempore
2697 4441 2839 4509 piam
2863 4451 3088 4494 matrem
3114 4439 3393 4495 llelvidem
3418 4456 3546 4493 san-

1956 4545 2040 4591 etc
2093 4532 2405 4588 defunctam
2460 4531 2714 4602 perdidit.
2758 4530 2882 4586 IItcc
2929 4532 3087 4585 morti
3143 4531 3412 4600 proxima,
3444 4531 3542 4582 ad-

1953 4637 2130 4684 stante
2172 4625 2476 4696 Regclwide
2531 4623 2906 4677 Woffenhcimi
2950 4622 3247 4685 abbatissa,
3287 4623 3547 4676 maritum

1951 4736 2106 4775 suum
2132 4720 2290 4774 enixe
2322 4717 2531 4786 rogavit
2558 4725 2614 4769 ut
2640 4716 2811 4785 ipsam
2847 4715 3053 4784 absque
3083 4714 3189 4767 ulla
3225 4729 3420 4784 pompa
3459 4728 3544 4766 se-

1949 4813 2102 4884 peliri
2134 4819 2350 4867 curaret
2379 4819 2433 4864 et
2478 4808 2740 4878 quidquid
2783 4805 3093 4862 ornamenti
3130 4805 3197 4858 ad
3249 4805 3416 4876 ipsius
3458 4820 3549 4859 se-

1951 4905 2220 4976 pulturam
2250 4902 2558 4971 expendere
2595 4899 2731 4953 forte
2764 4899 2942 4962 vellet,
2983 4898 3034 4950 in
3079 4911 3208 4949 usus
3245 4908 3548 4966 pauperum

1954 5009 2182 5067 erogare
2223 5008 2329 5045 non
2370 4999 2702 5062 gravaretur.
2755 4989 2867 5043 Mos
2907 4989 2993 5041 hic
3031 4986 3272 5040 Brunoni
3318 4985 3446 5046 fuit,
3489 4994 3551 5038 ut

1955 5103 2063 5142 uno
2087 5099 2302 5155 quoque
2326 5098 2468 5137 anno
2491 5080 2861 5151 apostolorum
2887 5080 3072 5134 limina
3095 5078 3344 5135 visitaret
3367 5095 3383 5132 :
3411 5077 3556 5132 forte

1955 5178 2082 5234 dum
2114 5177 2166 5230 in
2195 5175 2454 5230 comitatu
2491 5175 2846 5244 quingentum
2877 5173 3158 5228 hominum
3189 5171 3335 5227 hanc.
3367 5179 3554 5238 ageret

1955 5267 2473 5340 peregrinationem,
2516 5264 2692 5320 omnis
2740 5269 2895 5324 turba
2939 5263 3246 5336 pestilentia
3297 5269 3586 5350 correpta.
