4062 5352
506 279 608 338 5’31

1880 289 1946 346 S.
1986 289 2123 345 LEO
2163 288 2231 345 IX
2267 287 2464 344 PAPA.

3693 266 3817 344 552

508 388 884 459 ‘undationem
928 420 1019 460 an.
1056 401 1213 461 l0'45.
1255 403 1675 475 Rocnburgense
1714 410 2097 462 monasterium
2128 413 2174 469 Α
2205 418 2490 459 numerum
2519 401 2723 468 retulit,
2750 401 3055 473 festumque
3098 400 3389 473 ejusjussit
3409 401 3679 458 celebrari
3702 420 3817 460 rm

511 495 567 550 in
609 495 868 550 honorem
911 496 971 551 Β.
1014 496 1197 552 Maria:
1238 498 1519 553 dedicasse
1561 498 1761 553 dicitur
1796 499 1865 552 ad
1900 513 2100 552 annum

514 586 674 641 1045.

583 675 701 732 Jam
720 692 851 731 vero
867 676 1175 734 Tullensem
1191 678 1559 749 episcopatum
1572 678 1956 749 Brunoviginti
1979 680 2105 736 duo-

515 773 616 826 bus
650 772 847 826 abhinc
882 773 1039 826 annis
1066 772 1378 835 obtinebat,
1412 787 1534 825 cum
1566 787 1669 826 una
1702 785 1832 826 voce
1858 770 2107 840 przclato-

2202 493 2323 548 Kal.
2356 492 2514 557 Maii;
2564 492 2673 547 imo
2709 501 2766 548 et
2803 507 3002 562 corpus
3044 493 3214 563 ipsius
3244 491 3457 546 Tullum
3496 492 3678 547 dcimo
3718 509 3821 548 re-

2202 599 2394 647 versus
2422 599 2455 639 e
2501 592 2644 640 terra
2678 583 2882 638 levavit
2909 598 3093 639 mense
3117 582 3339 639 Octobri
3371 584 3499 637 anni
3528 583 3813 651 ejusdem.

2203 677 2260 731 In
2298 675 2544 744 sequenti
2585 676 2730 738 vero,
2769 672 2896 729 dum
2940 673 3128 728 Romae
3156 683 3487 736 versaretur,
3519 674 3820 742 episcopa-

2207 777 2318 821 tum
2349 765 2680 830 Tullensem,
2729 780 2889 835 quem
2928 765 3037 820 huc
3074 779 3244 834 usque
3275 764 3596 827 retinuerat,
3622 762 3815 820 Udoni

515 878 634 916 rmn
688 872 744 917 ct
787 863 1109 930 optimatum
1156 862 1210 916 in
1256 858 1642 918 Wormatiensi
1687 871 1951 917 conventu
1981 902 1996 925 ,
2036 862 2106 917 ab
2203 861 2519 931 primicerio
2552 860 2796 925 tradidit,
2831 859 3139 929 buliamque
3173 874 3273 928 pro
3299 859 3569 914 bonOrum
3596 872 3663 914 ac
3694 861 3819 929 pri-

506 948 835 1008 ilcnrico'lll
868 956 1196 1024 imperatore
1223 953 1517 1017 celebrato,
1550 954 1601 1007 in
1630 969 1899 1009 summum
1933 954 2107 1024 ponti-

518 1043 699 1108 licem,
731 1053 945 1098 mortuo
983 1043 1214 1097 Damaso
1246 1043 1309 1107 ll,
1341 1042 1546 1097 electus
1579 1051 1691 1108 est;
1733 1043 1818 1098 cui
1854 1043 2105 1099 electioni

425 1132 434 1141 ’
517 1153 859 1207 nequaquam
883 1137 1229 1207 acquiescere
1251 1135 1441 1201 voluit,
1470 1136 1569 1189 nisi
1596 1137 1776 1192 clerus
1801 1146 1855 1192 et
1878 1136 2107 1207 populus

517 1228 791 1282 Romanus
820 1243 939 1282 eam
968 1229 1267 1297 probasset.
1289 1224 1452 1282 Facta
1476 1236 1561 1282 est
1582 1227 1748 1297 igitur
1773 1228 1889 1283 hac
1914 1227 2108 1284 electio

514 1334 606 1373 an.
644 1318 797 1383 I048,
842 1317 1003 1387 paulo
1049 1327 1174 1373 ante
1204 1316 1405 1372 festum
1452 1315 1661 1372 Natalis
1684 1317 1916 1384 Domini,
1965 1317 2109 1389 quod

506 1410 608 1465 ille
638 1410 692 1463 in
728 1425 823 1464 sua
853 1408 1089 1463 Tullensi
1118 1408 1358 1463 Ecclesia
1390 1407 1704 1464 celebravit.
1752 1408 1958 1464 Dehinc
2016 1423 2107 1464 as-

517 1510 733 1570 sumpto
772 1500 1041 1570 peregrini
1070 1501 1279 1565 habitu,
1313 1500 1476 1555 tertio
1506 1508 1626 1570 post
1658 1499 1853 1555 festum
1882 1501 1968 1556 die
2000 1500 2110 1556 Ro-

518 1606 662 1645 mam
705 1594 756 1644 iu
805 1590 1156 1661 plurimorum
1198 1590 1544 1661 praelatornm
1576 1589 1848 1645 comitatu
1885 1599 2111 1646 conten-

517 1681 614 1736 dit.
651 1680 835 1736 Roma:
880 1679 1107 1750 probata
1155 1679 1273 1748 ejus
1303 1679 1566 1734 electione
1615 1680 1892 1736 Dominica
1939 1681 2112 1751 prima

2207 950 2525 1020 vilegiorum
2576 951 2991 1006 conﬁrmatione
3040 950 3282 1005 indulsit.
3335 950 3393 1005 In
3449 951 3710 1006 Germani
3750 966 3817 1007 In

2208 1042 2598 1098 constituenda:
2631 1043 2786 1113 pacis
2811 1042 2983 1113 gratia
3010 1043 3150 1097 inter
3176 1042 3468 1098 ilenricum
3509 1044 3819 1113 imperato-

2209 1150 2325 1189 rem
2368 1143 2423 1189 et
2465 1136 2750 1191 Andrzeam
2794 1135 3086 1208 Hungaria:
3133 1149 3313 1205 regem
3360 1149 3645 1206 regressus
3712 1151 3811 1190 an.

2212 1228 2366 1289 l052,
2399 1228 2686 1283 Andrmam
2725 1228 2873 1282 omni
2912 1227 3289 1297 compositioni
3309 1228 3676 1283 obsistentem
3715 1242 3818 1282 ec-

2210 1316 2530 1372 clesiasticis
2564 1316 2796 1388 subjecit
2837 1317 3106 1372 censuris.
3147 1315 3470 1388 Priusquam
3509 1332 3541 1372 e
3574 1315 3817 1372 Germa-

2211 1412 2301 1465 nia
2322 1410 2641 1469 discederet.
2671 1410 2740 1465 ab
2767 1409 3097 1480 imperatore
3121 1408 3357 1463 validum
3387 1409 3626 1463 obtinuit
3647 1424 3817 1464 exer-

2212 1502 2380 1555 citum
2419 1500 2486 1554 ad
2538 1498 2885 1553 debellandos
2914 1497 3273 1553 Normannos.
3312 1497 3466 1554 Unde
3490 1514 3618 1553 cum
3656 1499 3816 1554 hisce

2214 1591 2386 1660 copiis
2430 1590 2592 1660 Alpes
2635 1588 2932 1658 trajiciens,
2956 1605 3053 1661 per
3084 1591 3201 1645 dies
3240 1591 3686 1662 Quadragesima:
3715 1607 3812 1646 an.

2217 1682 2355 1738 1055
2378 1681 2605 1736 Romam
2630 1682 2895 1751 pervenit.
2920 1681 3131 1739 Castris
3158 1683 3412 1751 utrinque
3440 1681 3494 1736 in
3519 1682 3815 1752 Appuliam

510 1771 1301 1843 ‘Quadragcsimaepridie-ldus
1322 1771 1601 1825 Februarii
1630 1771 2112 1841 1049,apostolicae
2144 1784 2186 1841 Β
2215 1774 2496 1846 promotis,
2534 1790 2633 1828 vni
2674 1774 2793 1829 Kal.
2835 1773 2962 1829 Julii
3011 1773 3221 1829 fortiter
3269 1774 3337 1829 ab
3382 1784 3613 1844 utraque
3653 1785 3819 1845 parte

520 1863 793 1918 cathedra:
818 1862 1096 1931 appositus
1125 1869 1229 1927 est,
1259 1858 1367 1916 Leo
1397 1863 1573 1918 dictus
1601 1862 1721 1930 ejus
1757 1864 1988 1918 nominis
2017 1862 2107 1917 lX.

518 1952 575 2008 lu
623 1953 940 2022 pontiﬁcatu
974 1967 1170 2006 nomen
1212 1967 1277 2006 ac
1314 1951 1528 2006 titulum
1576 1953 1813 2022 episcopi
1844 1951 2114 2008 Tnllensis

520 2044 710 2113 primis
739 2042 950 2099 duobus
988 2042 1146 2097 annis
1192 2041 1436 2097 retinuit.
1478 2042 1680 2096 Eodem
1723 2057 1866 2097 anno
1906 2042 1959 2096 in
1988 2041 2116 2098 Gal-

512 2132 649 2186 liam
701 2133 805 2186 iter
835 2147 1145 2203 aggressus,
1195 2133 1483 2187 concilium
1520 2132 1696 2189 Ticini
1743 2133 1931 2190 habuit
1975 2132 2113 2187 infra

522 2232 768 2283 octavam
818 2223 1188 2290 Pcutecostes,
1219 2233 1341 2294 post
1369 2224 1513 2294 quod
1560 2224 1612 2278 in
1662 2224 1955 2280 Saxoniam
1986 2240 2115 2280 con-

520 2315 673 2377 venit
704 2305 1108 2384 imperatorem.
1154 2312 1308 2369 Unde
1353 2316 1514 2369 ambo
1541 2314 1817 2370 Coloniam
1863 2314 2114 2385 profecti,

525 2406 634 2459 illic
662 2404 857 2460 festum
895 2404 997 2459 SS.
1030 2405 1395 2475 apostolorum
1418 2405 1573 2461 Petri
1607 2414 1663 2459 ct
1687 2405 1846 2461 Pauli
1877 2406 2117 2461 celebra-

527 2506 673 2552 runt.
717 2498 881 2552 Suam
914 2513 1042 2553 vero
1069 2498 1322 2554 dilectam
1354 2495 1661 2553 Tullensem
1704 2497 2000 2553 Ecclesiam
2038 2498 2118 2552 in-

524 2590 701 2646 visere
754 2588 862 2645 Leo
914 2606 1018 2644 non
1069 2599 1152 2646 est
1205 2599 1512 2653 cunctatus,
1571 2591 1660 2646 ubi
1718 2590 2114 2646 solemnitatem

526 2680 870 2735 exaltationis
925 2679 981 2733 S.
1032 2678 1222 2735 Crucis
1269 2680 1469 2750 exegit.
1503 2677 1653 2733 Tunc
1704 2680 1769 2733 ad
1819 2678 2117 2735 ilertnanni

538 2773 713 2826 sancti
779 2771 1008 2842 Remigii
1045 2772 1327 2829 Bernensis
1379 2773 1591 2827 abbatis
1636 2785 1866 2841 preces,
1920 2771 2119 2827 Remos

526 2863 790 2915 aecedens
836 2861 905 2916 29
964 2862 1334 2933 Septembris,
1393 2862 1445 2916 in
1502 2860 1640 2918 festo
1696 2862 1756 2918 S.
1808 2862 2116 2929 Michaelis,

529 2955 939 3009 translationem
984 2956 1095 3027 egit
1141 2956 1386 3025 corporis
1431 2953 1489 3008 S.
1537 2954 1789 3026 Remigii,
1834 2956 2117 3011 ecclesiam

529 3044 838 3107 dedicavit,
891 3054 947 3099 et
987 3044 1276 3100 concilium
1320 3044 1597 3099 inchoavit
1628 3045 1660 3100 5
1711 3045 1800 3099 die
1844 3043 2114 3100 Octobris.

2213 1875 2503 1937 pugnatum
2532 1864 2652 1928 fuit,
2681 1865 2775 1920 sed
2811 1864 3106 1919 Normauni
3135 1864 3286 1920 fuere
3314 1864 3571 1919 victores.
3598 1863 3713 1919 Leo
3740 1879 3813 1918 ex

2205 1955 2398 2026 .prrclio
2436 1955 2491 2008 iu
2526 1954 2806 2009 castellum
2861 1969 2920 2010 se
2951 1954 3174 2025 recepit.
3210 1968 3447 2023 moxque
3476 1954 3681 2009 acriter
3711 1942 3819 2009 ob-

2214 2065 2397 2104 sessus
2425 2055 2576 2103 estet
2594 2046 3145 2118 captus.Normannis
3172 2057 3353 2102 tamen
3380 2046 3615 2113 reddita,
3642 2061 3815 2116 quam

2215 2139 2512 2201 ademerat,
2536 2153 2691 2192 sacra
2713 2137 3115 2202 communione,
3137 2153 3193 2192 ix
3214 2136 3440 2192 Kalend.
3466 2136 3696 2205 Augusti
3723 2135 3815 2189 in-

2214 2228 2444 2285 columis
2471 2227 2541 2282 ab
2566 2225 2870 2282 vlluncfrido
2908 2224 3346 2281 Normanuorum
3371 2226 3507 2281 duce
3532 2225 3817 2280 Beneven-

2219 2332 2329 2376 tum
2364 2321 2646 2384 deductus,
2680 2318 2752 2374 ibi
2783 2318 3119 2388 aliquantum
3150 2318 3406 2389 temporis
3436 2317 3692 2373 detentus
3725 2323 3817 2371 est

2216 2425 2390 2481 usque
2412 2412 2478 2465 ad
2508 2408 2761 2480 paschale
2783 2418 2995 2481 tempus
3019 2408 3148 2462 anni
3176 2406 3534 2477 insequentis,
3560 2420 3673 2475 quo
3701 2403 3816 2458 Ro-

2217 2480 2359 2557 mam
2406 2501 2558 2556 adire
2603 2480 2936 2571 permissus,
2990 2498 3220 2554 feliciter
3270 2498 3411 2554 diem
3467 2497 3667 2553 clausit
3709 2511 3811 2549 xm

2218 2592 2338 2647 Kal.
2384 2591 2548 2653 Maii,
2602 2590 2878 2645 miraculis
2924 2598 3050 2645 ante
3107 2598 3165 2645 et
3226 2598 3349 2659 post
3391 2587 3601 2643 obitum
3647 2586 3813 2641 editis

2217 2686 2415 2741 clarus.
2467 2682 2616 2739 Obiit
2649 2682 3184 2754 quinquagenarius,
3247 2687 3404 2738 sexto
3460 2680 3813 2751 pontiﬁcante

2218 2791 2362 2831 anno
2391 2793 2403 2829 :
2437 2774 2679 2844 sepultus
2705 2774 2772 2828 ad
2803 2773 2974 2828 altare
3004 2772 3061 2828 S.
3088 2772 3332 2843 Gregorii
3367 2771 3419 2825 in
3448 2768 3673 2825 basilica
3700 2766 3811 2822 Va-

2221 2867 2419 2921 ticana.
2464 2864 2656 2920 Libros
2697 2865 2764 2919 de
2812 2863 2977 2919 rebus
3005 2863 3073 2919 ab
3104 2878 3169 2918 eo
3213 2862 3381 2933 gestis
3425 2861 3561 2916 duos
3591 2859 3814 2928 scripsit

2222 2956 2500 3012 Wibertus
2547 2953 2820 3008 Tulleusis
2878 2951 3293 3007 archidiaconus
3336 2947 3453 3017 ejus
3502 2947 3809 3011 fauiiiiaris,

2220 3064 2358 3119 quos
2394 3046 2729 3102 Bollandiani
2764 3045 3051 3102 ediderunt
3088 3054 3218 3099 tom.
3249 3043 3289 3098 ll
3321 3042 3523 3113 Aprilis
3556 3041 3628 3095 ad
3667 3040 3810 3094 diem

521 3133 755 3193 Romam
788 3134 974 3198 redux,
1009 3133 1061 3187 in
1103 3135 1311 3204 synodo
1342 3133 1539 3189 habita
1574 3149 1716 3188 anno
1756 3134 1904 3199 l050,
1934 3149 2119 3189 mense
2145 3148 2191 3210 ρ
2224 3141 2289 3196 t9
2315 3139 2554 3209 ejusdem
2578 3139 2803 3196 mensis.

531 3222 690 3287 Maio,
714 3223 1013 3280 Gerardtnn
1038 3223 1345 3280 Tullensem
1374 3225 1684 3294 episcopum
1716 3225 1770 3279 in
1799 3234 2114 3281 sanctorum

1622 3566 2146 3663 ‘N‘OTITIA
2178 3568 2517 3661 .ALTE
2535 3569 2718 3662 ΒΑ.

1164 3762 1200 3834 ξ(
1220 3760 1374 3833 Apud
1402 3758 1597 3828 Mansi,
1626 3747 1980 3842 Conciliorum
2008 3759 2172 3833 ampl.
2199 3738 2450 3827 Cellach,
2476 3771 2608 3817 tom.
2650 3760 2793 3827 XIX,
2821 3760 2925 3818 col.
2958 3760 3114 3831 653;)
3208 3758 3227 3773 ⁸

594 4032 732 4101 ιω,
763 4034 853 4106 qui
885 4030 1046 4104 hujus
1100 4032 1336 4088 nominis
1386 4030 1545 4100 vulgo
1573 4028 1659 4086 ’ῐΧ
1705 4029 2026 4102 appellatur,
2050 4045 2117 4086 ex

537 4130 737 4184 comite
761 4124 1175 4197 Dagspurgcnsi,
1209 4124 1463 4195 episcopo
1512 4122 1753 4178 Tullcnsi
1791 4124 1844 4177 in
1900 4122 2116 4189 Leucis,

528 4222 626 4277 aeni
656 4235 845 4275 nomen
880 4220 1060 4273 Bruno
1085 4218 1280 4282 fuerat,
1312 4218 1551 4272 maximo
1572 4213 1712 4273 bono
1744 4216 1910 4272 totius
1939 4212 2123 4271 Eccle-

2218 4029 2538 4107 pontiiicem
2560 4027 2627 4081 ad
2651 4026 3099 4098 gubernationem
3141 4025 3304 4081 tetius
3330 4024 3584 4081 Ecclesia:
3606 4027 3809 4083 violen-

2229 4130 2315 4175 ter
2340 4118 2587 4175 introire.
2619 4118 2817 4173 Verum
2844 4118 2888 4171 si
2917 4117 3032 4171 suis
3057 4131 3117 4172 se
3145 4116 3366 4173 credere
3394 4117 3523 4172 velit
3544 4118 3806 4181 consiliis.

2228 4221 2540 4279 utrumque,
2564 4220 2620 4264 et
2660 4209 2805 4279 quod
2849 4208 3102 4277 majestas
3146 4207 3441 4279 imperialis
3473 4209 3527 4263 in
3557 4210 3677 4279 ipso
3706 4224 3806 4263 non

540 4316 635 4369 sire
661 4312 944 4367 catholicae
970 4319 1185 4365 creatus
1214 4318 1300 4363 est
1341 4307 1581 4380 pontifex
1613 4307 1795 4362 Idibus
1819 4305 2122 4371 Februarii,
2154 4347 2204 4406 Β
2231 4302 2607 4367 esaccrbetur,
2631 4301 2884 4372 quodque
2914 4300 3139 4358 libertas
3175 4302 3434 4358 Ecclesia:
3461 4302 3512 4355 in
3543 4301 3807 4356 electione

531 4418 686 4456 anno
718 4401 874 4465 1019,
906 4410 1148 4468 tempore
1193 4396 1410 4453 Henrici
1463 4397 1809 4466 imperatoris
1835 4394 1900 4450 11.
1931 4395 2122 4451 Cardi-

537 4493 695 4548 nales
726 4508 822 4562 per
854 4492 1183 4561 legationem
1210 4490 1278 4543 ab
1321 4486 1646 4559 imperatore
1690 4488 2002 4558 petiverunt
2028 4503 2123 4543 suo

536 4587 760 4644 nomine
782 4586 906 4656 eligi
930 4595 983 4639 et
1010 4582 1326 4655 praesentari
1357 4582 1591 4652 aliquem
1627 4581 1878 4636 idoneum
1906 4580 1996 4651 qui
2028 4579 2126 4634 Be-

536 4676 949 4747 nedictumjam
982 4674 1200 4729 tertium
1245 4674 1426 4728 sedem
1477 4673 1832 4744 apostolicam
1863 4672 2127 4727 violenter

536 4768 891 4823 invadentem
916 4766 1115 4837 ejicere
1151 4774 1353 4835 posset.
1389 4764 1597 4835 Delcgit
1649 4765 1945 4835 imperator
1990 4763 2126 4818 Bru—

535 4872 742 4912 itionem
793 4872 858 4912 ex
891 4853 1056 4911 nobili
1112 4853 1447 4910 Francorum
1492 4854 1742 4924 prosapia
1814 4854 2122 4918 oriundum,

536 4943 880 5001 ‘l‘ullensium
903 4942 1239 5016 episcopum,
1288 4960 1521 5016 eumque
1566 4960 1804 5014 purpura
1830 4945 2124 5013 pontificali

542 5037 791 5090 indutum
821 5054 848 5090 a
877 5053 935 5091 se
959 5035 1183 5097 dimisit,
1217 5046 1275 5090 ut
1302 5052 1484 5092 coram
1515 5047 1656 5090 coetu
1681 5035 2037 5091 cardinalium
2069 5050 2126 5091 se

1608 5124 1645 5144 l‘
1725 5142 1731 5143 κ
1787 5141 1844 5144 κ-
1927 5124 2119 5144 runn-

2230 4406 2542 4461 renovetur,
2594 4411 2655 4451 se
2680 4396 2965 4466 pollicetur
3008 4395 3346 4451 eifccturum.
3379 4396 3674 4451 luclinatus
3724 4395 3809 4449 ille

2228 4487 2293 4541 ad
2320 4488 2582 4542 monitum
2619 4485 2736 4556 ejus
2790 4502 3089 4557 purpuram
3141 4487 3382 4557 deponit,
3429 4486 3808 4556 peregrinique

2226 4582 2473 4636 habitum
2503 4596 2808 4646 assumens,
2835 4588 2889 4635 et
2911 4580 3115 4634 ducens
3144 4594 3327 4634 secum
3358 4576 3803 4639 llildcbrandum,

2228 4672 2332 4725 iter
2357 4672 2552 4741 carpit.
2572 4670 2742 4742 igitur
2768 4672 2835 4726 ad
2864 4669 3059 4726 Urbem
3082 4685 3254 4740 usque
3279 4670 3557 4724 venientes
3581 4666 3805 4721 consilio

2228 4761 2577 4819 Hildcbrandi
2608 4781 2637 4819 a
2663 4764 2811 4819 clero
2867 4773 2922 4818 et
2976 4762 3176 4833 populo
3218 4763 3400 4817 Bruno
3429 4761 3482 4814 in
3532 4774 3801 4814 summum

2229 4854 2537 4926 pontiﬁcem
2562 4856 2798 4926 eligitur.
2833 4874 2852 4907 ι
2887 4855 2962 4909 lta
2985 4855 3116 4919 Leo,
3139 4855 3279 4909 sicut
3311 4853 3385 4907 illi
3416 4867 3567 4906 more
3593 4858 3805 4921 aposto-

2228 4944 2335 4999 lico
2355 4944 2785 5013 praecedentibus
2804 4944 3100 5013 prophetiis
3121 4951 3178 4998 et
3191 4942 3485 4996 visionibus
3502 4948 3626 4994 ante
3649 4938 3803 5007 quin-

2229 5033 2523 5104 quennium
2552 5031 2807 5087 divinitus
2838 5033 3133 5088 revelatum
3168 5031 3363 5096 fuerat,
3417 5028 3653 5100 legitime
3694 5027 3800 5082 cle—

2375 5132 2445 5144 ---
2475 5121 2729 5144 n--..-.....
2763 5122 3011 5144 l7...,‘l-.!-.
3041 5121 3279 5144 ....--n3l'.-.

3316 5129 3543 5144 λ...ζ-.ριιρ
