4062 5352
181 42 334 99 credo
365 35 517 108 quod
538 33 699 92 simul
719 47 784 88 ac
800 31 1265 89 consecrationem
1281 27 1617 101 pontlllclam
1640 27 1747 83 Ro-
1779 37 1822 95 Λ
1854 23 2247 87 controversla,
2274 36 2438 92 quam
2463 23 2630 78 abbas
2653 22 3038 95 Ursoergeusis
3064 23 3262 91 refert;
3291 35 3346 82 et
3366 29 3434 81 dt:

183 148 275 188 tua:
297 128 620 199 accepisset,
653 124 789 182 nihil
815 125 886 180 ibi
916 131 1179 185 moratus,
1210 123 1495 193 Sipontum
1523 119 1575 174 in
1599 119 1748 188 Apu-

184 223 247 277 lia
264 222 329 275 ad
361 218 685 273 visitandam
707 213 994 270 ecclesiam
1020 211 1205 268 Sancti
1232 210 1511 267 Michaelis
1533 209 1586 264 in
1618 222 1749 278 rupe

179 304 413 380 Gargana
444 310 709 371 sitam,'et
731 305 798 361 ad
827 303 1182 374 promerendo
1222 301 1362 371 apud
1404 301 1582 356 Deum
1635 299 1754 354 suf-

165 402 339 474 -lragia
358 409 679 458 sanctorum
700 394 1465 469 angelorum.oelebemmam
1487 390 1607 461 ejus
1623 400 1749 446 tem-

180 492 316 563 poris
327 488 827 560 peregrinationem
857 484 1177 541 accurrerit.
1202 483 1279 538 Ex
1313 483 1415 537 hac
1439 480 1752 552 peregrina-

184 584 316 636 tione
339 594 612 641 reversos,
650 576 1037 633 ttmasterium
1084 575 1408 631 Cassinensc
1452 576 1749 644 ingressus,

182 679 387 739 peracto
416 667 616 722 ibidem
650 667 829 722 missa:
853 663 1155 730 sacriﬁcio,
1196 678 1297 733 pro
1327 662 1626 718 honoribus
1646 661 1751 716 sibi

182 760 424 816 eshibitis
442 759 654 829 gratias
666 758 796 827 egit,
822 766 873 812 et
901 756 1291 811 monasterium
1320 754 1481 810 simul
1508 763 1565 809 et
1584 753 1754 808 abba-

186 863 279 908 tem
299 851 479 906 multis
497 849 798 921 privilegiis
818 847 1056 903 donavit.
1073 845 1344 901 Tullensis
1359 844 1612 901 Ecclesia-
1633 853 1752 898 tan-

184 950 262 996 tus
279 949 487 996 amator
507 939 742 1003 exstitit,
765 946 825 993 ut
849 936 1061 992 titulum
1088 936 1326 1006 priorem
1353 934 1623 991 Tullensis
1643 934 1755 1004 epi-

183 1042 417 1108 scopatus
430 1031 745 1101 relinquere
764 1046 869 1086 non
890 1029 1143 1084 voluerit.
1171 1027 1565 1083 Patrimonium
1593 1042 1751 1081 suutn

184 1125 425 1195 impendit
442 1125 506 1179 in
531 1124 870 1179 creationem
907 1122 1221 1179 monasterii
1274 1121 1490 1177 Sanctae
1533 1120 1751 1187 (Irucis,

188 1216 399 1286 illudque
421 1216 784 1286 amplissimis
821 1214 1128 1271 redditibus
1154 1214 1538 1285 locupletavit.
1572 1213 1754 1267 Rebus

187 1305 416 1359 Ecclesim
445 1308 500 1360 in
533 1305 689 1360 Italia
717 1305 1065 1375 compositis,
1099 1304 1247 1360 venit
1282 1303 1337 1359 in
1376 1303 1749 1367 Germaniam,

1852 132 1917 172 ea
1940 131 2040 186 pro
2065 131 2165 171 suo
2183 115 2311 171 odio
2335 115 2476 187 quod
2520 117 2899 173 sclnsmaticus
2918 118 2972 173 in
3005 118 3278 176 Romanos
3300 135 3436 190 pon-

1854 211 2035 269 tillces
2058 218 2402 281 conceperat,
2448 211 2588 267 inale
2628 210 2914 280 judicavit.
2952 215 3154 271 Eodem
3192 225 3438 288 tempore

1842 306 1906 360 =iu
1920 304 2222 362 Germania
2253 305 2515 369 existens,
2536 306 2814 362 abbatiam
2837 307 3186 377 Fuldensem,
3206 319 3263 367 et
3283 312 3441 366 Bant-

1853 400 2070 471 bergam
2098 386 2213 455 sedi
2237 398 2549 472 apostolicae
2565 399 2799 455 antehac
2841 401 3115 465 donatam,
3144 417 3247 472 pro
3270 402 3437 458 Bour-

1852 497 2017 544 vcuto
2046 488 2236 549 aliisve
2265 488 2580 545 civitatibus
2618 496 2674 544 et
2708 488 2922 557 juribus
2952 489 3003 544 in
3044 490 3192 544 Italia
3237 493 3304 544 ab
3332 492 3435 544 im-

1853 580 2379 652 peratnrcacceptis,
2414 580 2762 652 permutavit.
2804 578 2938 635 Cum
2984 579 3335 637 Nortmannis
3361 583 3440 637 iu-

1853 671 1999 727 felici
2047 671 2237 744 praelio
2274 672 2574 743 pugnavit:
2605 670 2792 744 fugato
2818 672 2963 727 enim
3015 681 3126 728 toto
3173 681 3437 738 exercitu,

1858 760 2288 817 Teutonicorum
2320 760 2550 817 militum
2590 761 2679 816 alii
2707 761 2854 826 caesi,
2886 761 2978 817 alii
3003 761 3150 834 capti
3188 762 3436 826 fuerunt;

1853 854 1966 909 imo
1991 854 2108 925 ipse
2132 854 2376 924 pontifex
2425 855 2479 909 in
2512 853 2970 910 Nortmaunorum
3005 870 3196 909 manus
3228 870 3294 909 ac
3336 870 3439 925 po-

1855 952 2115 1001 testatem
2145 944 2317 1009 venit,
2346 959 2453 999 non
2477 944 2595 999 sine
2618 944 2951 999 vincentium
2974 942 3439 1001 Nortmannortun

1852 1035 2042 1090 dolore
2071 1043 2130 1090 et
2180 1034 2526 1105 pmnitentia.
2574 1033 2726 1090 Unde
2785 1034 2987 1090 factum
3042 1034 3186 1106 quod
3236 1034 3438 1101 eidem,

1853 1141 2164 1199 quanquam
2194 1128 2370 1183 victus
2422 1140 2589 1193 esset,
2628 1127 2698 1182 ob
2742 1128 3104 1181 reverentiam
3157 1125 3440 1195 apostolici

1848 1216 2130 1284 culminis,
2153 1217 2212 1272 in
2239 1217 2493 1277 onmibus
2525 1226 2781 1287 tanquam
2807 1217 2998 1272 victori
3035 1231 3245 1272 morem
3284 1232 3441 1288 gere-

1857 1319 1999 1377 rent,
2018 1309 2307 1380 ipsumque
2334 1325 2458 1364 cum
2503 1309 2619 1364 suis
2647 1309 2930 1371 omnibus,
2969 1317 3129 1381 prout
3184 1308 3442 1378 petierat,

190 1396 470 1465 Itabitisque
511 1396 718 1451 ibidem
767 1396 1016 1452 conciliis
1052 1395 1321 1467 pluribus,
1348 1394 1527 1465 quoad
1569 1409 1752 1451 mores
1787 1390 1825 1448 ll
1854 1400 2166 1457 relaxat-cm
2193 1409 2249 1456 et
2272 1399 2580 1455 honoriﬁce
2604 1400 2656 1454 in
2674 1396 2858 1453 locum
2887 1412 3049 1468 quem
3074 1397 3236 1453 vellet
3262 1407 3438 1451 tntum

184 1489 405 1544 eamdem
431 1487 771 1544 reformavit.
801 1487 1047 1560 Cumque
1071 1504 1139 1543 ex
1159 1488 1349 1549 Galliis
1375 1488 1429 1543 in
1456 1487 1668 1565 Italiam
1692 1502 1752 1543 sc

184 1578 454 1646 conferret,
487 1596 559 1636 ex
588 1580 939 1652 Lothariugia
962 1596 1149 1637 secum
1174 1581 1332 1635 duxit
1368 1578 1750 1645 litunherttun,

187 1671 340 1723 virum
361 1671 506 1727 omni
559 1671 769 1727 virtute
814 1680 869 1727 et
913 1672 1161 1745 doctrina
1199 1669 1748 1735 excellentissimum,

190 1776 394 1832 etnnqne
414 1762 921 1832 adprmdicantlum
971 1762 1170 1817 Sicults
1198 1774 1424 1821 verbum
1456 1762 1550 1817 Dei
1574 1763 1753 1817 archtc

193 1855 478 1925 episcopum
502 1854 811 1920 ordinavit,
839 1871 904 1910 ex
929 1863 1237 1926 quopostea
1264 1864 1469 1910 sancta:
1497 1854 1755 1911 Romanae

195 1944 418 2001 Ecclesia:
468 1943 652 1999 factus
691 1954 778 1999 est
828 1945 1142 2001 cardinalis.
1196 1945 1494 2001 Donatione
1542 1944 1754 2003 abbatis

198 2036 479 2092 monasterii
513 2036 711 2092 Sancti
750 2037 976 2109 Remigii
1028 2038 1081 2092 in
1131 2036 1304 2092 Gallia
1335 2046 1648 2108 susceperat
1688 2036 1756 2093 li-

190 2144 363 2199 gncum
397 2128 675 2201 scyphum
693 2130 1087 2189 benedictionis
1107 2146 1271 2186 causa
1305 2130 1566 2194 oblatum,
1590 2145 1753 2201 quem

196 2233 279 2283 pro
297 2233 470 2297 amore
499 2220 639 2273 tanti
663 2220 935 2291 pontificis
957 2220 1110 2277 valde
1131 2219 1489 2286 observabat;
1514 2220 1605 2290 qui
1626 2234 1753 2275 cum

191 2308 253 2361 de
273 2323 418 2362 manu
448 2308 682 2364 ferentis
710 2310 943 2366 ministri
972 2326 1101 2367 Casu
1134 2312 1446 2378 decidisset,
1468 2322 1522 2367 et
1548 2311 1757 2367 fractus

191 2396 381 2466 fuisset,
408 2401 566 2456 valde
621 2401 981 2457 contristatae
1032 2417 1153 2458 eam
1201 2401 1275 2458 ob
1321 2418 1435 2459 rem
1486 2394 1752 2474 pontifex,

188 2486 328 2554 jussit
350 2491 449 2545 sibi
479 2492 788 2562 fragttteuta
836 2490 1019 2547 oﬁ‘erri
1050 2493 1438 2563 prmtiiissaque
1485 2494 1754 2559 oratione,

199 2578 341 2635 altera
371 2597 492 2647 pars
514 2581 680 2636 alteri
707 2582 958 2652 adjuncta
996 2582 1117 2637 fuit.
1154 2581 1539 2655 Presbyterum
1566 2599 1760 2655 quem-

196 2668 324 2737 dam,
354 2672 441 2744 qui
472 2688 570 2742 per
613 2672 1001 2730 cancellarium
1035 2674 1182 2730 sedis
1230 2674 1572 2745 apostolica),
1630 2674 1754 2730 data

195 2764 394 2828 pecunia
425 2775 770 2837 corruptum,
791 2765 999 2823 litteras
1026 2767 1381 2824 absolutionis
1407 2766 1592 2823 furtim
1614 2768 1754 2824 obti-

199 2866 308 2907 nere
332 2856 632 2921 studuerat,
658 2857 895 2913 redditis
922 2856 997 2913 illi
1042 2875 1164 2913 cum
1207 2859 1594 2930 imprecatione
1621 2874 1755 2928 apo-

202 2941 362 2996 stolica
384 2945 710 3000 muneribus
739 2946 1095 3002 dementavit.
1134 2967 1152 3000 ι
1182 2946 1431 3015 Quandiu
1463 2948 1648 3004 lloma:
1674 2965 1757 3002 re-

200 3042 411 3088 moratus
463 3044 570 3099 est,
634 3033 811 3104 inquit
850 3035 957 3090 Leo
1003 3037 1290 3104 Ostiensis,
1315 3039 1462 3094 omni
1515 3048 1756 3109 tempore

200 3112 349 3177 tribus
375 3138 467 3194 per
501 3126 903 3181 hebdomadam
927 3127 1117 3183 diebus
1142 3144 1173 3182 a
1202 3127 1555 3187 Lateraneusi
1578 3130 1756 3185 eccle-

206 3211 270 3265 sia
305 3230 460 3285 usque
507 3218 577 3272 ad
603 3217 870 3273 Sanctum
919 3217 1140 3275 Petrum
1187 3221 1629 3290 privatobabitn,
1658 3241 1757 3278 utt-

205 3301 367 3373 disqne
387 3307 637 3378 pedibus,
663 3324 785 3365 cum
810 3311 1019 3366 duobus
1044 3320 1138 3367 aut
1166 3313 1338 3368 tribus
1360 3313 1573 3370 clericis
1586 3327 1756 3370 noctu

203 3397 448 3461 psallendo
497 3411 553 3456 et
602 3402 814 3456 orando
844 3404 1124 3473 pergebat.
1150 3422 1173 3454 ο
1217 3403 1491 3460 Decimam
1545 3417 1761 3477 partem

202 3482 525 3558 oblationum,
556 3508 701 3565 quas
727 3494 1157 3569 praedecessores
1183 3496 1236 3551 in
1256 3511 1420 3551 suum
1452 3513 1605 3553 usum
1628 3513 1760 3575 con-

206 3589 389 3636 vertere
411 3596 832 3652 consueverant,
866 3587 981 3658 ipse
1024 3588 1244 3644 utilitati
1276 3589 1515 3645 basilicae
1552 3590 1756 3661 princi-

205 3672 275 3740 pis
291 3677 646 3745 apostolorum
687 3681 874 3736 cessit.
902 3681 1214 3737 Suenonum
1256 3682 1532 3739 Dauorum
1554 3699 1757 3757 regem,

208 3778 528 3834 cognomento
577 3772 853 3844 Magnum,
909 3774 1069 3829 trium
1119 3791 1408 3848 regnorum
1457 3758 1765 3848 domintth

209 3849 644 3927 coegittlit‘nittere
666 3842 889 3918 uxorem
911 3879 1073 3934 quam
1097 3842 1326 3919 duxerat
1352 3842 1765 3927 consobrinam;

211 3944 276 3998 Ad
300 3955 683 4023 componendas
706 3953 1073 4011 dissensiones
1114 3955 1257 4011 inter
1295 3956 1678 4028 imperatorem
1705 3964 1765 4031 et

212 4035 442 4097 Andream
466 4043 774 4116 Hungariaa,
805 4045 976 4101 Roma
999 4057 1256 4104 evocatus
1278 4049 1424 4104 venit
1454 4050 1511 4105 in
1530 4050 1762 4106 Germao

1854 1490 2207 1546 deducerent.
2239 1488 2432 1544 Petrus
2458 1488 2726 1554 Damiani,
2782 1489 2834 1542 in
2865 1488 3090 1560 cpistola
3138 1492 3205 1543 ad
3239 1487 3438 1567 Firmi:

1854 1596 1984 1636 num
2009 1580 2345 1650 episcopum,
2369 1580 2633 1635 adversus
2679 1577 2913 1634 Leonem
2945 1578 3078 1633 bella
3120 1588 3441 1634 tractantem

1851 1680 1910 1726 et
1934 1670 2261 1727 auditoribus
2281 1671 2453 1741 cupiis
2489 1685 2548 1725 se
2572 1670 2889 1725 miscentem
2922 1670 3166 1740 scripsit;
3209 1656 3444 1745 cumque

1857 1763 1959 1819 hac
1995 1762 2064 1817 de
2091 1778 2171 1827 ne,
2200 1761 2352 1830 quasi
2387 1777 2501 1816 rem
2530 1760 2727 1816 malam
2758 1769 2814 1814 et
2850 1759 3225 1817 ecclesiastico
3259 1756 3438 1815 ordini

1844 1854 2327 1910 ‘inconvenientem
2351 1853 2555 1924 egerit,
2582 1852 2929 1924 reprehendit
2958 1860 3013 1906 et
3041 1850 3311 1923 suggillat.
3338 1850 3444 1904 Sed

1856 1959 1980 1998 cum
2008 1943 2111 1999 hac
2138 1943 2208 1999 dc
2234 1957 2293 1998 re
2319 1942 2478 1997 aliter
2501 1942 2754 1997 universa
2783 1942 2982 1997 sentiat
3004 1941 3271 2010 Ecclesia,
3295 1941 3446 2013 igno-

1855 2035 2116 2091 scendum
2146 2042 2232 2090 cst
2258 2033 2510 2089 nuerenti
2550 2034 2792 2090 eremitae
2814 2035 2910 2104 qui
2956 2033 3351 2091 Germanorum
3391 2042 3451 2087 et

1855 2125 2133 2183 Gallorum
2176 2124 2437 2180 loricatos
2478 2134 2540 2182 et
2577 2125 2819 2194 galeatos
2857 2125 3141 2195 episcopos
3185 2125 3448 2196 perstrin-

1855 2233 2009 2290 gens,
2060 2215 2261 2289 stylutn
2314 2217 2479 2272 nimis
2528 2215 2766 2278 laxavit,
2820 2224 2899 2279 et,
2942 2224 3002 2270 ut
3050 2215 3102 2270 in
3138 2214 3447 2287 hujusmodi

1857 2310 2145 2367 aﬂectibus
2173 2310 2492 2381 frequenter
2505 2309 2754 2365 accidere
2776 2308 2950 2372 solet;
2962 2317 3164 2364 metam
3190 2309 3451 2379 redargu-

1860 2402 2022 2463 tinnis
2039 2401 2504 2459 excessit.Petrus
2525 2400 2832 2472 patriarcha
2843 2399 3215 2456 Antiochenus
3225 2399 3445 2469 sapiens

1858 2509 1981 2564 qua:
2018 2502 2146 2549 sunt
2175 2493 2460 2548 catholica:
2481 2494 2629 2561 ﬁdei,
2669 2491 2831 2548 simul
2878 2506 2943 2547 ac
2992 2500 3209 2547 creatus
3235 2502 3318 2545 est
3348 2506 3448 2561 pa-

1860 2585 2127 2659 triarcha,
2181 2599 2333 2640 more
2378 2582 2679 2654 majorum,
2710 2581 2993 2638 catholicae
3035 2590 3092 2637 et
3139 2580 3452 2651 apostolica:

1861 2674 2122 2730 Ecclesia:
2166 2673 2604 2730 comnmnionem
2666 2687 2765 2742 per
2814 2670 3098 2743 epistolam
3160 2685 3265 2724 una
3322 2684 3445 2723 cmn

1862 2769 1986 2824 ﬁdei
2016 2767 2359 2840 professione
2380 2766 2449 2821 ad
2484 2765 2721 2821 Leonem
2774 2765 2997 2819 missam
3048 2746 3337 2832 expetivit;
3373 2769 3449 2824 et,

1861 2871 1921 2916 ιιι
1947 2875 2015 2916 es
2052 2860 2272 2915 reddita
2321 2858 2519 2915 Leonis
2569 2856 2798 2929 epistola
2828 2864 3075 2917 constat,
3118 2853 3449 2925 impetravit.

1858 2950 1991 3007 Post
2019 2947 2297 3022 acceptam
2320 2961 2377 3005 et
2405 2949 2693 3006 refutatum
2728 2948 2963 3018 "impiam
2996 2945 3277 3002 Michaelis
3305 2944 3450 2999 Con-

1858 3031 2355 3114 stantinopolitani
2399 3042 2721 3115 patriarcha:
2787 3039 3101 3111 epistolam,
3172 3053 3272 3110 pro
3319 3052 3453 3101 pare

1860 3136 2002 3192 inter
2038 3136 2264 3192 Latinos
2296 3143 2353 3191 et
2398 3135 2618 3191 Grmcos
2671 3132 3031 3196 concilianda,
3064 3140 3120 3186 et
3163 3146 3265 3201 pro
3314 3129 3454 3184 bello

1860 3228 2123 3284 adversus
2153 3225 2522 3283 Nortmaunos
2550 3222 2910 3287 conﬁciendo,
2943 3222 3266 3294 legationem
3304 3222 3454 3276 misit

1856 3315 2387 3389 Constantinopolim
2442 3312 2512 3368 ad
2566 3311 2983 3369 Constantinum
3031 3310 3449 3372 Iloiiomachum

1863 3407 2272 3476 imperatorem.
2328 3405 2371 3458 F
2378 3405 2720 3477 iungebantur
2790 3402 3061 3473 legatione
3120 3401 3452 3456 llumbertus

1861 3498 2148 3569 episcopus
2178 3496 2340 3552 Silva:
2367 3495 2648 3557 Candidaa,
2690 3494 3003 3549 Fridericus
3034 3493 3453 3553 archidiaconus

1860 3592 2237 3652 cancellarius.
2267 3590 2595 3653 cardinales,
2631 3598 2687 3644 et
2716 3589 2910 3644 Petrus
2947 3587 3235 3657 episcopus
3267 3586 3442 3639 Amal-

1863 3668 2139 3761 phitanus.
2173 3680 2376 3737 Rerum
2398 3680 2470 3735 ab
2514 3678 2647 3761 ipsis
2668 3672 3138 3755 Constantinopoli
3173 3658 3453 3761 gestat-uin

1857 3756 2313 3850 commemoratio
2360 3754 2928 3831 breviset’succuicta
2956 3774 3135 3822 exstat
3183 3766 3324 3837 apud
3349 3754 3454 3819 Bai

1863 3864 2099 3935 genium.
2131 3862 2436 3933 Antequam
2484 3875 2515 3914 a
2558 3858 2830 3932 legatione
2880 3866 3306 3920 reverterentur,
3353 3854 3453 3910 Be-

1866 3953 2083 4026 neventi
2106 3953 2415 4008 infirmatus
2445 3951 2497 4005 in
2538 3951 2797 4006 curnitatu
2828 3945 3080 4003 Gunfridi
3130 3944 3453 4002 Norttnanui

1865 4046 1993 4102 olim
2048 4046 2221 4102 hostis
2267 4045 2388 4111 sui,
2461 4044 2690 4098 Romam
2744 4042 2980 4106 delatus,
3037 4049 3228 4097 sancte
3276 4048 3332 4094 et
3370 4039 3457 4121 pie

213 4126 361 4192 niani;
390 4135 477 4187 sed
527 4111 752 4191 delusus
791 4152 821 4190 a
864 4154 990 4208 rege
1038 4137 1327 4209 Hungarite
1376 4141 1509 4197 nihil
1554 4142 1755 4198 offocit.
1789 4111 1838 4171 υ
1862 4128 2191 4193 obdormivit
2220 4138 2275 4192 in
2303 4136 2533 4203 Domino
2561 4150 2651 4188 xtv
2676 4134 2949 4189 Kalendas
2979 4132 3127 4196 Maii,
3169 4118 3453 4203 postquam

215 4215 449 4279 Adversus
472 4223 841 4283 Norttnanuos
867 4229 1129 4284 auxilium
1157 4233 1501 4300 imperatoris
1527 4235 1763 4304 petiitet

218 4307 505 4381 impetravit.
544 4319 687 4376 Cum
733 4320 1048 4379 Wormatiaa
1097 4341 1201 4379 una
1260 4341 1384 4380 cum
1432 4326 1760 4398 imperatore

217 4407 415 4465 natalem
437 4410 814 4486 Redemptoris
834 4417 1042 4474 celebra
1054 4408 1153 4483 ret,
1167 4431 1385 4489 postero
1405 4421 1518 4487 die,
1542 4429 1762 4493 propter

220 4493 578 4561 iuobedientem
618 4508 904 4565 diaconum
948 4512 1273 4567 auctoritate
1308 4513 1602 4583 apostolica
1635 4529 1759 4567 sus-

221 4597 430 4659 pensum,
456 4595 556 4666 ipsi
577 4612 702 4652 cum
732 4598 1015 4671 Luitpoldo
1045 4600 1359 4672 Moguntina
1388 4616 1507 4661 orta
1544 4604 1643 4658 fuit
1673 4604 1761 4659 illa

1861 4227 2094 4283 sedisset
2131 4240 2304 4281 annos
2330 4225 2386 4290 5,
2430 4239 2644 4280 menses
2672 4224 2709 4277 2
2745 4231 2799 4277 et
2843 4225 2959 4299 dies
2988 4224 3040 4277 8.
3095 4220 3352 4293 Sepultus
3402 4219 3453 4272 iu
3510 4264 3521 4286 ,

1863 4306 2087 4375 basilica
2112 4318 2286 4373 sancti
2306 4317 2473 4382 Petri,
2493 4314 2648 4384 juxta
2668 4310 2971 4393 sepulcrum
2992 4313 3163 4368 sancti
3186 4308 3456 4384 Gregorii,

1869 4409 2149 4465 miraculis
2178 4408 2557 4464 celeberrimis
2591 4406 2805 4467 claruit.
2844 4400 3092 4462 Cessavit
3116 4402 3459 4479 episcopatus

1868 4517 2085 4558 menses
2106 4499 2352 4557 undecim
2382 4508 2438 4556 et
2460 4499 2578 4556 dies
2602 4497 2802 4573 .viginti
2829 4507 3077 4571 quatuor.
3124 4554 3175 4565 ,μ
3212 4488 3222 4561 ξ
3282 4489 3289 4497 ’
3318 4486 3337 4493 ”
3460 4488 3461 4491 “
