4062 5352
1958 329 2018 384 S.
2074 330 2210 390 Ι.Εο
2248 334 2317 390 IX
2348 332 2549 395 PAPA.

3780 355 3881 421 556

1423 647 1568 735 DE
1643 643 2305 747 SCHISMATE
2374 612 3107 759 GRAECORUM
3352 730 3353 733 χ

1067 842 1201 897 pen
1240 840 1647 903 MlCllAELEM
1684 847 2141 907 ceaumawu
2177 849 2246 906 IN
2292 851 2637 913 ROMANAH
2673 856 3060 918 semesum
3090 863 3443 925 exarare

1664 1002 1746 1066 Et
1779 1003 1855 1066 de
1886 1023 2101 1068 eorum
2129 990 2390 1089 objecti:
2422 1012 2490 1090 in
2517 998 2805 1085 Latinos.

1135 1163 1360 1235 (Mabill.
1395 1163 1525 1219 Acta
1547 1163 1648 1220 SS.
1687 1166 1805 1221 0rd.
1832 1165 1893 1222 S.
1931 1166 2151 1236 Bened,
2180 1169 2375 1227 Saeculi
2411 1172 2477 1229 Ἥ
2505 1160 2661 1247 parte
2681 1193 2744 1243 ιι,
2776 1154 2963 1249 Pr:ch
2988 1155 3116 1258 pag.
3160 1190 3273 1262 111),
3309 1164 3325 1183 ﬁ.

659 1437 711 1494 ί.
730 1434 849 1494 Jam
865 1432 993 1491 anni
1010 1431 1354 1536 fere‘ducenti
1381 1426 1720 1536 aschismate
1736 1432 1999 1536 l’hotiano
2019 1434 2174 1536 eilia:-
2203 1439 2250 1498 Α
2279 1448 2397 1492 cem
2425 1445 2480 1495 et
2510 1438 2739 1529 lratrum
2765 1439 3290 1528 amoremaDeniqne
3318 1450 3483 1511 multa
3507 1434 3699 1517 itidem
3729 1462 3868 1536 apud

584 1537 798 1592 xerant,
841 1541 964 1582 cum
1010 1524 1239 1580 necdum
1270 1524 1408 1581 bene
1455 1525 1684 1581 obducta
1713 1526 1991 1591 cicatrice,
2024 1526 2169 1581 aliud

584 1637 691 1675 non
711 1621 887 1675 minus
909 1617 1294 1688 perniciosum,
1322 1626 1378 1673 et
1401 1618 1666 1675 hactenus
1691 1618 1991 1676 insanabile
2009 1634 2170 1676 exor-

584 1724 697 1769 tnm
724 1721 828 1769 est.
858 1712 987 1767 Post
1009 1719 1239 1767 mortem
1264 1708 1464 1781 quippe
1489 1708 1663 1766 Alexii
1687 1710 2010 1781 patriarchae
2029 1710 2170 1768 Con-

579 1803 1070 1876 stantinopolitani,
1101 1818 1220 1873 quae
1255 1818 1400 1858 anno
1430 1801 1716 1858 millesimo
1753 1794 2167 1875 quadragesimo

578 1909 794 1970 quarto,
826 1912 1014 1954 mense
1041 1896 1339 1952 Februario
1367 1894 1586 1962 accidit,
1614 1896 1940 1968 subrogatus
1982 1903 2066 1952 est
2110 1895 2164 1952 in

576 1990 694 2060 ejus
725 1988 900 2045 locum
947 1985 1200 2051 Michael,
1242 1995 1598 2058 cognomento
1633 1982 1968 2054 Cerularius,
1999 1987 2091 2057 qui
2127 2001 2160 2042 a

575 2080 785 2137 Joanne
812 2096 1071 2154 germano
1112 2077 1391 2134 Michaelis
1434 2076 1783 2149 imperatoris
1816 2076 1871 2132 in
1911 2077 2162 2132 exsilium

577 2181 731 2228 actus
786 2169 963 2227 fuerat
1011 2169 1080 2223 ob
1133 2167 1470 2236 tyrannidem
1523 2164 1873 2230 affectatam,
1930 2174 2164 2222 testante

571 2264 781 2323 Joanne
811 2262 1155 2335 Curopalata.
1190 2260 1326 2315 Hinc
1350 2260 1654 2330 neophytus
1694 2258 1759 2312 ad
1798 2257 2161 2329 patriarchale

571 2367 793 2414 evectus
828 2355 1122 2427 fastigium,
1168 2351 1535 2408 Alexandrino
1566 2358 1622 2405 et
1666 2349 2007 2405 Antiocheno
2059 2364 2156 2422 pa-

570 2449 828 2504 triarchis
869 2462 996 2502 suas
1038 2444 1428 2518 praerogativas
1463 2442 1753 2499 detrahere
1785 2449 2033 2510 conatus,
2065 2443 2160 2500 de-

573 2557 719 2596 mum
749 2540 802 2597 in
840 2537 1145 2594 Romanum
1193 2535 1523 2607 pontiﬁcem,
1579 2543 1857 2604 totamque
1906 2532 2155 2593 Latinam

570 2631 869 2688 Ecclesiam
920 2643 980 2685 se
1009 2628 1298 2691 convertit,
1332 2626 1516 2697 specie
1540 2626 1756 2699 quidem
1784 2634 1842 2682 ut
1884 2643 2008 2683 cum
2047 2627 2156 2684 Ro-

571 2736 732 2777 mano
779 2718 1035 2792 pontiﬁce
1076 2726 1134 2774 et
1180 2716 1370 2772 Latina
1419 2715 1659 2772 Ecclesia
1720 2718 2151 2774 communionem

571 2784 833 2879 sarciret,
862 2810 958 2867 sed
1003 2824 1061 2864 re
1087 2809 1201 2880 ipsa
1227 2815 1287 2864 ut
1327 2822 1521 2863 causas
1549 2806 1766 2879 utrique
1813 2807 2151 2863 conviciandi
2182 2784 2228 2845 Β

564 2908 835 2975 quaereret
883 2915 950 2957 ac
996 2905 1338 2970 pmtexeret.
1384 2896 1539 2954 Tunc
1589 2896 1848 2954 Romana:
1899 2897 2154 2955 Ecclesia:

563 3002 796 3067 praeerat
814 2992 924 3048 Leo
943 2991 1036 3058 IX,
1077 2990 1310 3046 Damaso
1334 2989 1574 3046 secundo
1600 2988 1856 3047 suﬂectus
1868 3004 2011 3045 anno
2029 2989 2151 3045 mil-

563 3086 756 3140 lesimo
798 3082 1214 3154 quadragesimo
1254 3096 1418 3148 nono,
1449 3094 1558 3153 quo
1588 3090 1829 3153 tempore
1880 3082 2052 3164 Graeci
2095 3083 2148 3138 in

559 3183 753 3254 Apulia
782 3190 970 3237 contra
1001 3181 1382 3251 imperatorem
1411 3179 1821 3236 rebellaverant.
1851 3178 1967 3235 Hac
1992 3169 2150 3235 occa-

560 3273 713 3328 sione
738 3270 1051 3328 Cerularius
1071 3270 1281 3327 litteras
1303 3271 1523 3342 scripsit
1564 3271 1632 3327 ad
1658 3270 1890 3327 Leonem
1925 3288 2146 3344 papam,

561 3379 680 3417 cum
702 3360 887 3427 multa,
918 3370 975 3416 ut
998 3361 1112 3432 ipse
1135 3360 1283 3434 (ΗΞ)
1314 3362 1513 3429 aiebat,
1528 3362 1820 3418 humilitate
1850 3381 1870 3419 :
1906 3383 1925 3416 ι
1946 3372 2056 3418 tum
2088 3373 2147 3420 ut

554 3453 668 3510 Leo
720 3470 844 3510 cum
893 3452 1097 3511 Graecis
1159 3454 1348 3509 eadem
1404 3454 1667 3521 sentiret,
1735 3467 2146 3528 removeretque

559 3544 817 3600 scandala
873 3559 994 3617 qua:
1043 3544 1111 3600 de
1158 3543 1367 3601 Latinis
1422 3545 1948 3602 circumferebantur
1996 3548 2142 3604 circa

556 3638 919 3694 orthodoxam
954 3636 1133 3703 ﬁdem,
1189 3646 1301 3691 tum
1352 3644 1414 3692 ut
1450 3636 1626 3707 ipsum
1681 3636 1785 3693 sibi
1821 3638 2140 3694 benevolum

542 3727 828 3796 redderet,
854 3724 977 3799 quo
999 3743 1098 3800 per
1136 3743 1260 3783 eum
1290 3724 1627 3783 Francorum
1656 3729 1915 3784 auxilium
1949 3741 2141 3785 contra

539 3817 770 3891 Succos
785 3818 1010 3876 rebelles
1032 3818 1347 3889 imperatori
1378 3828 1747 3890 procuraret.»
1780 3818 1980 3876 Eodem
2005 3829 2141 3875 tem-

535 3927 684 3981 pore
709 3910 902 3966 Petrus
934 3911 1240 3983 patriarcha
1282 3925 1457 3966 novus
1495 3910 1738 3967 ecclesiae
1761 3906 2137 3979 Antiochenae,

513 4007 519 4015 ‘
550 4017 693 4071 quae,
722 4002 799 4058 uti
825 4011 881 4058 et
900 4002 1286 4068 Alexandrina,
1315 4000 1605 4073 quamdam
1634 4015 1849 4073 semper
1894 4007 2138 4057 COllIlllu-

549 4091 769 4148 nionem
789 4107 925 4148 .cnm
971 4091 1179 4147 Latinis
1226 4092 1544 4158 retinuerat,
1591 4091 1797 4148 litteras
1836 4107 1959 4148 cum
2008 4090 2134 4148 ﬁdei

548 4182 830 4238 catholica:
854 4181 1194 4253 professione
1226 4182 1374 4238 misit
1408 4183 1476 4238 ad
1511 4183 1748 4240 Leonem
1798 4184 2129 4254 pontiﬁcem,

549 4272 641 4341 qui
679 4270 1216 4343 ejuspromotionem
1239 4270 1479 4327 laudavit
1513 4272 1983 4345 conﬁrmavitque.
2016 4273 2132 4330 Non

545 4363 859 4417 tulit'hanc
891 4362 1381 4416 l’etriAntiocheni
1433 4363 1856 4419 moderationem
1907 4366 2131 4421 Cerula-

550 4455 683 4520 rius,
724 4444 1390 4524 magnopere‘improbans
1413 4454 1557 4525 quod
1583 4453 1888 4511 Romanum
1916 4459 2132 4528 pontiﬁ-

546 4562 666 4603 cem
697 4548 750 4603 in
773 4547 946 4603 sacris
976 4547 1245 4618 diptychis
1264 4558 1737 4604 commemoraret.
1769 4549 1910 4616 Quin
1939 4553 2127 4619 etiam,

544 4638 812 4713 adiunctis
849 4638 951 4705 sibi
972 4638 1170 4695 ‘Leone
1195 4638 1465 4695 Acridano
1493 4640 1903 4713 archiepisCopo‘
1928 4644 2126 4716 Bulga-

491 4801 499 4810 θ
546 4747 752 4798 rorum,
796 4739 851 4787 et
879 4729 1066 4786 Nicela
1097 4729 1405 4797 Pectorato,
1437 4733 1603 4787 variis
1637 4734 1856 4805 scriptis
1891 4734 2125 4793 Leonem

543 4839 737 4894 papam
766 4820 1097 4879 etLatinam
1124 4821 1425 4877 Ecclesiam
1472 4824 1784 4892 exagitavit.
1826 4823 2124 4896 Respondit

542 4916 608 4967 ad
635 4911 900 4970 Certilarii
913 4911 1140 4968 'litteras
1153 4911 1346 4968 Petrus
1365 4911 1415 4984 (ι
1428 4912 1514 4984 {5)
1535 4913 1904 4971 Antiochenus
1924 4931 1988 4970 ea
2017 4931 2122 4986 qua

544 5004 799 5032 -ικηιιιῖοιειι
827 5008 940 5032 nun.
969 5004 1339 5032 mnt‘n-AO:AM
1394 5014 1442 5032 nl
1464 5003 1794 5032 Λιιῖηηοῖιιηλρ
1816 5006 1868 5032 ξω.
1902 5005 1924 5032 Ῐ
1949 5007 2018 5032 nl:

2272 1530 2565 1589 orientales
2594 1535 2832 1605 tolerari,
2854 1535 2977 1623 quae
2994 1553 3115 1615 post
3130 1536 3355 1619 multum
3383 1534 3588 1614 laboris
3611 1576 3679 1623 ac
3699 1530 3867 1621 studii

2272 1635 2379 1725 non
2410 1626 2688 1725 potuerint
2728 1620 2989 1687 exscindi.
3025 1632 3179 1713 Quod
3217 1638 3261 1717 si
3291 1629 3502 1715 eorum,
3537 1647 3742 1720 inquit,
3772 1650 3866 1725 qui

2269 1713 2370 1769 sub
2400 1716 2554 1773 nobis
2585 1718 2805 1788 degunt,
2838 1725 3147 1807 superiores
3174 1713 3405 1801 evadere
3436 1713 3558 1815 non
3591 1713 3862 1813 valemus,

2268 1820 2375 1875 quo
2399 1817 2559 1877 pacto
2583 1808 2724 1893 illam
2750 1823 2963 1900 gentem
2988 1808 3274 1890 superbam
3302 1808 3535 1901 alaeque
3570 1808 3808 1893 cervicis

2266 1899 2382 1954 suis
2419 1899 2905 1963 consuetudinibus
2929 1925 3189 1969 revocare
3215 1899 3550 1989 poterimus?
3588 1924 3865 1985 Caeterum

2265 1990 2373 2045 non
2400 1989 2560 2079 facile
2586 2009 2751 2053 aures
2773 1988 3092 2069 praebendas
3119 2002 3375 2078 inanibus
3416 2012 3739 2084 calumniis,
3765 2036 3864 2078 nec

2261 2083 2661 2179 suspicionibus
2706 2096 2911 2175 temere
2960 2092 3263 2154 habendam
3314 2102 3496 2177 ﬁdem.
3528 2080 3861 2179 .pI‘Demum

2260 2176 2545 2244 epistolam
2577 2178 2649 2233 ita
2675 2170 2949 2239 concludit
2975 2202 2990 2240 :
3030 2204 3050 2238 c
3094 2188 3273 2261 Atque
3300 2170 3676 2259 hoc-"divinam
3706 2214 3859 2262 tuam

2260 2266 2653 2325 beatitudinem
2688 2272 2977 2332 admittere
3018 2281 3324 2359 exhortor;
3366 2302 3457 2355 ne,
3509 2290 3643 2346 dum
3666 2298 3860 2363 omnia

2260 2359 2805 2430 requirimus,omnia
2836 2368 3171 2430 amittamus.
3200 2395 3217 2427 ι
3249 2356 3373 2449 llaec
3396 2364 3623 2451 epistola
3647 2356 3857 2459 scripta

2258 2457 2344 2504 est
2374 2458 2497 2527 post
2534 2464 2761 2535 mortem
2789 2456 2986 2516 Leonis
3012 2477 3187 2534 papae,
3230 2481 3352 2536 quae
3376 2471 3688 2541 annolOSl
3709 2456 3858 2535 acci-

2257 2543 2355 2609 dit,
2389 2544 2544 2615 cnjus
2596 2552 2900 2608 successori
2950 2556 3295 2616 scribendum
3332 2575 3515 2621 monet
3540 2550 3761 2641 Petrus,
3795 2583 3855 2627 ut

2255 2633 2464 2707 objecta
2496 2637 2581 2693 vel
2609 2650 2765 2712 neget
2795 2642 2877 2696 vel
2897 2658 3140 2703 excuset.
3372 2646 3377 2649 ’
3524 2638 3527 2643 ’
3558 2633 3565 2641 ᾖ
3664 2718 3669 2723 ,

2324 2726 2381 2780 2.
2425 2726 2621 2823 verum
2647 2729 2757 2787 Leo
2786 2748 2943 2805 papa,
2986 2741 3199 2811 urgenti
3232 2743 3373 2799 malo
3399 2726 3641 2823 praesens
3676 2767 3853 2808 reme-

2254 2813 2402 2870 dium
2435 2817 2798 2891 adhibiturus,
2832 2823 3035 2896 legatos
3083 2847 3206 2886 cum
3236 2813 3432 2892 litteris
3471 2838 3752 2898 direxerat
3780 2844 3851 2900 ad

2252 2903 2664 2964 Constantinum
2720 2912 3136 2975 Monomachum
3192 2914 3597 2995 imperatorem.
3633 2930 3850 2989 scilcet

2249 2995 2608 3057 Humbertum
2625 3004 2955 3069 cardinalcm
2977 3018 3032 3066 et
3052 3012 3388 3086 episcopum,
3413 3016 3636 3076 Petrum
3660 3023 3849 3079 Amal-

2249 3088 2532 3160 pluitanum
2579 3097 3044 3169 archiepiscopum
3076 3143 3091 3169 ,
3138 3113 3193 3161 et
3246 3103 3587 3171 Fridericum
3637 3125 3848 3171 sancta:

2250 3180 2507 3240 Romana:
2557 3186 2814 3244 Ecclesiae
2847 3181 3263 3263 cancellarium;
3297 3200 3412 3270 qui,
3457 3202 3678 3277 visitatp
3727 3208 3845 3275 pri-

2248 3288 2394 3329 mum
2418 3273 2698 3335 Casinensi
2737 3285 3087 3349 monasterio,
3123 3280 3189 3342 ut
3221 3304 3331 3361 sua;
3376 3273 3663 3363 legationis
3709 3273 3842 3355 suc-

2246 3374 2457 3463 cessum
2496 3366 2606 3423 Deo
2633 3373 3100 3443 commendarent,
3125 3377 3177 3461 in
3221 3380 3409 3438 urbem
3456 3372 3665 3463 regiam;
3709 3403 3841 3459 pro-

2246 3453 2370 3512 fecti
2397 3469 2541 3514 sunt.
2576 3458 2686 3531 Hos
2734 3464 2964 3536 benigne
2991 3475 3048 3523 et
3093 3453 3391 3531 honorifice
3419 3453 3840 3549 eXcepitiimpe-

2244 3559 2412 3614 πίθοι’,
2435 3559 2622 3605 contra
2651 3548 2812 3623 quam
2841 3552 3176 3621 Cernlarius.
3201 3550 3359 3639 quem
3384 3562 3544 3637 legati
3568 3568 3622 3624 in
3644 3548 3836 3628 errore

2242 3638 2585 3698 obﬁrmatum
2650 3642 2996 3705 anathemate
3056 3654 3423 3721 perculerunt.
3464 3638 3836 3727 “number-tus

2241 3732 2474 3802 primum
2543 3732 2773 3792 Mediani
2830 3743 3142 3799 monasterii
3198 3743 3253 3800 in
3313 3746 3556 3815 Tullensi
3604 3738 3833 3810 dioecesi

2241 3822 2561 3891 monachus,
2598 3826 2827 3899 indeque
2862 3820 3089 3904 Romam
3123 3834 3399 3906 profectus
3418 3817 3543 3895 cum
3571 3823 3831 3901 Brunone

2239 3912 2412 3971 electo
2440 3918 2713 3987 pontiﬁce,
2744 3908 2925 3992 atque
2948 3920 3018 3979 ab
3050 3912 3127 3981 eo
3164 3938 3380 3986 creatus
3426 3910 3723 4003 cardinalis
3773 3946 3829 3993 et

2238 4007 2521 4100 episcopus
2550 4008 2711 4100 Silvae
2738 4012 2991 4073 Candida:
3024 4034 3116 4074 seu
3150 4006 3367 4079 Sanctae
3405 4022 3637 4100 Rullum,
3689 4045 3829 4100 pra-

2237 4094 2423 4170 cipuas
2451 4103 2627 4159 hocin
2653 4096 2867 4178 negotio
2895 4118 3080 4180 partes
3104 4113 3307 4179 habuit,
3340 4116 3497 4189 isque
3524 4094 3825 4189 unus

2234 4205 2300 4246 ac
2329 4193 2566 4265 scriptis,
2591 4211 2712 4268 qua:
2737 4192 2978 4271 exstant,
3005 4191 3274 4262 Cernlarii
3296 4192 3506 4281 objecta
3530 4192 3591 4268 et
3606 4228 3824 4289 errores

2232 4283 2508 4351 refutavit,
2543 4296 2598 4342 et
2629 4284 2871 4345 Nicetam
2900 4292 3245 4350 Pectoratum
3279 4300 3345 4352 ad
3377 4283 3819 4371 resipiscentiam

2232 4375 2474 4430 adduxit.
2507 4374 3136 4452 PetrusAmalphitanus
3166 4390 3612 4460 archiepiscopus
3650 4408 3685 4465 Ea
3716 4393 3819 4449 Ce-

2231 4466 2435 4522 rulario
2468 4468 2667 4526 frustra
2703 4474 2969 4546 culpatur,
3004 4487 3259 4549 tanquam
3287 4484 3355 4536 ob
3379 4483 3625 4541 facinora
3644 4489 3818 4545 esede

2228 4571 2325 4610 sua
2355 4558 2563 4627 pulsus,
2591 4576 2752 4631 quem
2791 4564 2892 4633 pia:
2917 4569 3184 4624 memoria:
3217 4570 3394 4628 virum
3436 4584 3597 4630 vocat
3622 4575 3815 4635 Petrus

2228 4645 2474 4739 Pamiani
2490 4650 2538 4713 (l
2554 4650 2669 4724 ll);
2691 4644 2831 4710 unde
2847 4658 3177 4736 redarguans
3195 4650 3439 4738 putidum
3461 4648 3813 4739 impostorem

2224 4736 2559 4809 Bcnnonem,
2590 4744 2679 4814 qui
2711 4761 2832 4801 eum
2854 4751 2922 4804 ob
2942 4752 3135 4819 malas,
3169 4766 3228 4810 ut
3256 4740 3375 4827 ipse
3394 4736 3815 4833 nugatur,artes

2224 4830 2491 4928 infamare
2540 4846 2802 4901 conatur,
2856 4849 2915 4902 ut
2955 4838 3218 4916 Gregorio
3258 4850 3343 4904 Vll
3380 4830 3803 4928 ejus-discipulo

2223 4922 2399 4979 labem
2426 4927 2674 5000 adsperga
2691 4939 2739 5014 ι-.
2777 4930 2993 4991 Tertius
3020 4950 3053 4992 e
3076 4937 3292 5013 Legatis
3317 4943 3655 5017 Fridericus,
3677 4922 3813 5007 '60?
