4062 5352
157 430 261 484 557

1098 433 1392 491 PilOLl-IG.
1416 467 1485 477 -κ-
1515 434 1599 492 DE
1639 435 2025 493 SCIIISMATE
2063 438 2486 496 CILECORUM.

3326 447 3434 504 558

158 543 227 598 iis
251 554 374 614 qua:
402 542 630 598 Photius
655 543 853 599 sarculo
875 545 1144 614 nonojam
1174 558 1520 618 opposuerat.
1550 548 1671 604 Ihrc
1694 550 1746 603 in
1777 549 1824 611 Α
1853 551 1974 604 vina
1999 561 2082 604 tua
2115 551 2414 616 beatitudo,
2447 551 2607 607 rebus
2627 567 2747 608 sese
2773 556 3162 612 accommodet.
3190 557 3438 616 Metuen-

160 649 373 690 snmma
404 634 569 690 refert
603 634 915 691 Ccrularins
941 637 994 691 in
1020 638 1246 707 epistola
1276 641 1342 692 ad
1376 634 1596 694 Petrum
1638 640 1749 694 An-

160 722 471 779 tiochenum
507 741 521 776 :
562 742 580 773 ι
612 724 878 780 Nimirum
905 726 1047 794 quod
1090 726 1266 782 Latini
1313 729 1632 798 particulam
1667 727 1754 782 Fi-

158 813 336 882 lioque
380 809 642 882 Symbolo
678 807 1034 881 adjecissent;
1072 816 1215 884 quod
1269 831 1457 886 azymo
1511 831 1650 886 pane
1697 817 1750 871 in

157 905 434 961 sacrificio
467 914 725 970 utantur;
759 907 904 975 quod
956 901 1089 961 let-ia
1135 919 1326 975 quarta
1375 923 1615 972 carnem,
1654 924 1753 978 pa-

154 1009 384 1050 rasceve
408 1009 630 1049 caseum
659 1005 715 1050 et
737 1012 840 1051 ova
863 998 1046 1061 edant,
1079 997 1306 1052 sabbato
1337 998 1603 1069 jejunent,
1635 999 1749 1053 sul.

160 1085 340 1140 locata
375 1095 433 1140 et
479 1087 685 1156 polluta
729 1089 1054 1154 comedam;
1105 1089 1249 1158 quod
1297 1091 1547 1144 monachi
1595 1091 1754 1161 adipe

160 1177 320 1232 suillo
349 1185 594 1242 utantur,
619 1192 917 1249 eorumque
938 1178 1136 1234 infirmi
1164 1181 1420 1234 carnibus
1444 1191 1751 1246 vescantur;

160 1271 232 1326 ad
261 1271 402 1335 haec,
430 1272 572 1340 quod
596 1271 939 1326 sacerdotum
955 1272 1172 1341 nuptias
1190 1272 1512 1342 prohibeant
1543 1273 1751 1339 Latini;

157 1372 216 1416 et
254 1363 308 1417 in
355 1363 518 1418 Missa
554 1372 798 1434 tempore
837 1364 1232 1418 communionis
1270 1379 1408 1419 unus
1441 1366 1754 1420 ministran-

157 1453 294 1504 tium
326 1467 518 1523 azyma
543 1452 880 1515 comedat,et
904 1453 1138 1522 reliquos
1159 1453 1394 1518 salutet;
1423 1455 1564 1522 quod
1581 1470 1753 1509 amnt-

159 1542 241 1598 los
272 1542 327 1596 in
362 1543 615 1598 manibus
663 1543 902 1612 episc0pi
933 1554 1124 1612 gerant
1154 1552 1210 1596 ut
1249 1547 1463 1613 sponsi;
1503 1544 1753 1614 insuper,

159 1633 309 1700 quod
337 1632 668 1703 baptismum
699 1634 854 1688 unica
878 1634 1147 1688 mersioue
1178 1644 1462 1703 peragant;
1497 1635 1753 1704 denique,

156 1724 307 1792 quod
329 1740 521 1778 omnes
551 1723 777 1778 barbam
820 1724 1033 1778 radaat.
1066 1743 1088 1776 ν
1116 1723 1254 1791 Quid
1286 1723 1355 1778 ad
1385 1724 1502 1779 inec
1534 1739 1756 1794 respon-

155 1814 308 1868 derit
339 1813 689 1879 llumbertus,
713 1813 1026 1884 singillatim
1057 1830 1327 1885 exponere
1358 1814 1591 1872 otiosqu
1639 1815 1754 1871 fue-

1854 643 1978 696 dnm
2007 644 2152 696 enim
2181 651 2265 697 est
2293 660 2379 706 ne,
2410 645 2533 698 dum
2566 646 2679 698 vult
2709 647 2996 702 discissum
3038 648 3261 715 sarcire,
3293 652 3444 722 peio-

1854 748 1969 796 rem
2010 734 2302 789 scissuram
2333 733 2527 798 faciat;
2583 735 2816 804 dumque
2864 739 3172 808 prolapsum
3225 743 3441 812 erigere

1853 827 2154 890 contendit,
2190 828 2446 894 maiorem
2471 825 2665 881 eﬂiciat
2691 844 2902 882 casum.
2929 827 3146 885 Utinam
3169 833 3444 889 bancmo-

1853 915 2190 970 derationem
2231 916 2404 970 Graeci
2452 933 2640 973 omnes
2669 934 2882 988 semper
2918 920 2974 973 in
3011 921 3191 976 animo
3219 923 3444 978 habuis-

1853 1019 1994 1072 sent,
2025 1011 2106 1064 vel
2137 1011 2293 1066 modo
2315 1011 2503 1066 saltem
2539 1013 2829 1067 haberent!
2875 1035 2890 1062 ο

1925 1102 1976 1156 4.
2020 1103 2236 1158 Interim
2261 1104 2492 1158 moritur
2520 1103 2628 1158 Leo
2659 1121 2794 1175 papa
2815 1124 2828 1158 :
2848 1121 2955 1174 quo
2980 1106 3173 1161 nuntio
3195 1116 3440 1176 accepto,

1855 1194 2014 1260 legati
2042 1195 2266 1250 Romam
2307 1197 2542 1250 reditum
2564 1207 2776 1266 parant.
2811 1197 2920 1253 llos
2943 1199 3102 1253 donis
3131 1208 3443 1253 muneratos

1855 1283 2063 1338 dimisit
2083 1285 2398 1354 imperator,
2431 1301 2618 1356 eisque
2645 1303 2867 1341 munera
2896 1288 3036 1343 haud
3061 1289 3254 1358 exigua
3282 1289 3443 1343 beato

1855 1370 2016 1425 Petro
2053 1371 2325 1428 offerenda
2372 1376 2622 1446 praebuit.
2672 1376 2870 1431 Eorum
2923 1378 3144 1449 insuper
3191 1380 3443 1450 precibus

1857 1475 2091 1516 annuum
2120 1477 2364 1529 censum,
2405 1465 2458 1519 id
2499 1475 2582 1522 est
2625 1467 2781 1521 binas
2805 1469 2922 1522 auri
2954 1469 3139 1531 libras,
3163 1469 3443 1525 Casincnsi

1857 1553 2184 1606 manasterio
2202 1553 2348 1623 (118)
2365 1557 2655 1623 quotannis
2673 1557 3053 1627 persolvendas
3066 1559 3317 1613 instituit.
3337 1557 3442 1614 Ve-

1852 1656 1977 1695 rum
2013 1657 2109 1696 eos
2164 1642 2218 1696 in
2273 1644 2447 1698 reditu
2492 1645 2886 1701 Trasimundus
2912 1648 3213 1704 Theatinus
3262 1665 3445 1703 comes

1860 1731 2143 1802 intercepit
2179 1732 2557 1804 spoliavitque.
2609 1735 2866 1790 invidiam
2917 1736 3267 1792 nihilominus
3303 1739 3446 1807 apud

1860 1823 2149 1881 llenricum
2193 1825 2506 1883 Germaniae
2534 1842 2714 1896 regem
2765 1844 2955 1898 passus
2994 1839 3079 1884 est
3127 1830 3445 1885 Fridericus

161 1909 254 1958 rit.
288 1905 425 1960 Illud
453 1922 620 1961 unum
652 1908 943 1963 observare
985 1907 1132 1974 licet,
1176 1909 1318 1977 quod
1347 1918 1508 1978 negat
1535 1908 1757 1966 Latinos
1787 1890 1832 1948 Β
1860 1915 2240 1981 cancellarius,
2268 1917 2424 1987 quasi
2468 1918 2713 1987 pecuniis
2743 1934 2808 1973 ac
2858 1919 3014 1974 donis
3063 1918 3444 1975 suffarcinatus

157 1996 429 2051 summam
453 2007 507 2051 et
538 1998 802 2066 sanguine
823 1999 892 2052 ad
925 1999 978 2053 id
1007 2007 1216 2068 tempus
1246 2015 1372 2054 usos
1395 1999 1580 2056 fuisse.
1600 2001 1758 2056 Pres-

154 2087 278 2143 sius
299 2086 514 2156 objecta
543 2089 656 2157 ipsa
689 2087 888 2143 refellit
922 2089 975 2144 in
1017 2090 1198 2145 multis
1233 2090 1427 2147 Petrus
1455 2094 1752 2150 Antioche-

163 2195 266 2232 nus
294 2178 348 2232 in
379 2178 610 2249 epistola
638 2180 784 2250 (115)
807 2182 872 2236 ad
897 2181 1268 2248 Cerularium;
1295 2197 1624 2256 excusatque
1647 2187 1753 2242 La-

162 2271 306 2326 tinos
335 2271 477 2340 quod
508 2271 732 2326 barbam
761 2272 971 2336 radant,
1001 2284 1050 2328 et
1083 2277 1227 2345 quod
1253 2277 1490 2348 episcopi
1525 2279 1757 2334 annulos

157 2372 378 2428 gerant.
413 2361 632 2429 η,ουοά
662 2373 840 2419 autem
874 2364 1075 2434 polluta
1131 2369 1458 2424 manducent
1502 2369 1602 2440 ipsi
1653 2369 1755 2426 La-

164 2453 283 2517 tini,
332 2468 633 2523 eorumque
680 2457 928 2510 monachi
967 2457 1130 2512 edant
1173 2474 1393 2513 carnem
1433 2469 1489 2515 et
1537 2461 1753 2530 adipem

159 2546 474 2615 porcinum,
509 2547 598 2601 illa
633 2563 848 2618 quoque
873 2549 1138 2616 invenies,
1170 2551 1368 2621 inquit,
1408 2555 1566 2608 modo
1603 2555 1756 2609 inda-

159 2640 394 2707 gaveris,
424 2643 565 2710 apud
593 2643 854 2710 quosdam
884 2658 914 2698 e
942 2646 1142 2700 nostris
1175 2647 1316 2713 fieri,
1355 2667 1371 2697 ι
1408 2649 1549 2717 quod
1579 2649 1751 2721 Magni

159 2728 347 2782 Basilii
377 2731 691 2786 testimonio
721 2733 932 2802 probat,
965 2744 1018 2788 et
1053 2737 1302 2805 exemplo
1329 2739 1500 2792 sancti
1544 2739 1753 2794 Pacho-

163 2820 283 2884 mii,
315 2836 474 2890 quem
507 2823 560 2877 in
590 2838 689 2878 suo
713 2834 902 2881 sancto
925 2827 1255 2884 monasterio
1285 2843 1410 2882 sues
1450 2845 1482 2882 e
1508 2831 1664 2885 micis
1691 2847 1755 2887 ac

163 2927 366 2967 mensae
403 2913 653 2982 reliquiis
683 2917 896 2984 pavisse
937 2917 1112 2974 dicit:
1167 2938 1184 2970 ι
1226 2919 1431 2985 Quibus
1481 2923 1752 2988 mactatis,

159 3018 382 3058 carnem
412 3005 632 3074 quidem
672 3007 974 3077 hospitibus
1004 3009 1056 3062 in
1081 3010 1260 3065 cibum
1288 3012 1582 3080 praebebat,
1615 3012 1752 3069 inte-

162 3114 328 3154 ranea
364 3114 494 3154 vero
526 3114 594 3154 ae
629 3101 1004 3160 extremitates
1034 3104 1228 3172 pedum
1259 3105 1561 3175 capitisque
1603 3107 1750 3162 seni-

163 3189 263 3242 bus
286 3190 573 3246 monath's
603 3199 659 3244 et
688 3190 915 3246 infirmis
944 3193 1267 3262 apponebat.
1307 3194 1591 3266 Egregium
1625 3212 1750 3252 vero

161 3282 370 3337 scilicet
399 3298 462 3338 ac
491 3298 667 3338 suave.
690 3284 998 3350 obsonium,
1029 3286 1222 3356 inquit,
1237 3286 1437 3342 lentem
1466 3297 1520 3343 et
1547 3288 1749 3356 fabam,

159 3373 374 3428 delectu
421 3373 547 3430 b0ni
603 3374 732 3438 olei,
764 3391 884 3430 cum
935 3377 1094 3447 adipe
1142 3378 1302 3432 suillo
1347 3389 1532 3436 coctas
1575 3396 1757 3437 come-

163 3466 321 3518 dere!
363 3483 384 3518 ι
426 3465 504 3520 Ex
545 3466 636 3520 illa
671 3467 1020 3534 nihilominus
1062 3469 1322 3525 Cerularii
1365 3472 1668 3542 objectione
1699 3474 1754 3529 in

162 3557 485 3621 monachos,
535 3559 680 3626 quod
721 3560 991 3620 carnibus
1042 3561 1243 3622 inﬁrmi
1292 3576 1638 3620 vescerentur
1687 3581 1756 3621 ex

168 3647 367 3717 regni-.2
391 3647 564 3702 sancti
585 3649 859 3704 Benedicti
887 3651 1239 3721 indulgentia,
1257 3655 1596 3711 occasionem
1616 3658 1757 3714 forte

164 3740 398 3806 sumpsit
444 3749 668 3795 sanctus
717 3740 897 3796 Bruno
943 3742 1392 3800 Cartusianorum
1437 3758 1648 3815 auctor,
1696 3762 1756 3806 ut

163 3830 414 3883 carnium
454 3845 606 3885 esum
657 3831 802 3895 suis,
854 3832 1016 3888 etiam
1068 3835 1320 3900 infirmis,
1373 3839 1750 3908 iuterdixerit;

165 3921 382 3975 tametsi
422 3921 474 3975 in
513 3923 735 3977 statutis
777 3923 1038 3996 Guigonis
1088 3943 1192 3983 non
1246 3929 1341 3983 ﬁat
1383 3931 1581 3987 diserta
1612 3933 1758 3988 illius

165 4008 506 4066 abstinentia:
555 4015 758 4068 mentio
787 4029 906 4083 cap.
949 4018 1038 4083 38,
1090 4017 1178 4072 ubi
1221 4029 1442 4090 propter
1485 4022 1630 4077 solos
1674 4024 1758 4077 in-

165 4100 353 4153 ﬁrmos
392 4103 743 4157 emendorum
785 4104 1012 4172 piscium
1044 4107 1274 4163 lacultas
1314 4111 1650 4165 conceditur.
1686 4114 1758 4166 At

165 4189 217 4241 in
235 4191 413 4258 prima
436 4201 590 4261 parte
621 4195 1022 4264 compilationis
1046 4196 1374 4254 statutorum
1405 4201 1753 4270 antiquorum

164 4281 362 4334 seculo
398 4298 490 4337 χιιι
518 4278 698 4346 factm,
732 4301 850 4339 esus
882 4289 1141 4354 carnium,
1177 4291 1263 4343 cui
1303 4287 1446 4344 Ordo
1487 4294 1756 4346 renuntia-

162 4373 255 4433 rit,
287 4373 419 4426 nulli
455 4375 822 4440 infirmorum,
862 4394 930 4434 ne
953 4381 1169 4448 quidem
1215 4381 1467 4451 leprosis,
1502 4387 1753 4441 concedi-

166 4475 254 4520 tur
295 4483 421 4538 cap.
453 4470 550 4534 μς
591 4471 810 4542 qualem
853 4472 1231 4529 abstinentiam
1277 4477 1599 4532 venerabilis
1635 4477 1754 4533 Ste-

1773 3239 1825 3302 C

1861 2008 2126 2075 rediisset,
2156 2009 2225 2063 ob
2254 2009 2304 2063 id
2331 2011 2443 2079 regi
2470 2009 2677 2065 invisus
2697 2011 2838 2079 quod
2863 2010 3030 2065 frater
3065 2011 3233 2080 ipsius
3268 2011 3445 2067 Gode-

1859 2098 2032 2154 l'ridus
2061 2099 2113 2152 in
2155 2114 2278 2152 eum
2327 2099 2658 2154 rebellasset.
2717 2099 2826 2155 llac
2882 2100 3128 2170 pulsatus
3172 2102 3440 2156 calumnia

1858 2188 2188 2253 Fridericus,
2238 2188 2548 2244 Richerium
2601 2189 2780 2245 Casini
2830 2191 3115 2253 abbatem,
3167 2191 3258 2261 qui
3311 2201 3437 2246 tunc

1858 2280 2044 2334 Romae
2069 2280 2272 2343 aderat,
2307 2281 2580 2343 convenit,
2600 2296 2766 2349 seque
2794 2281 2845 2333 in
2877 2282 3201 2335 monachum
3231 2281 3444 2337 admitti

1857 2370 2168 2440 postulavit.
2223 2369 2426 2423 Annuit
2474 2368 2631 2424 facile
2678 2368 3005 2434 Richcrius,
3056 2371 3442 2440 praemissoth

1849 2475 1980 2514 cum
2011 2459 2124 2513 suis
2146 2457 2404 2514 Casinum
2448 2458 2746 2522 Friderico,
2777 2457 2891 2528 ipse
2934 2467 3055 2529 post
3091 2473 3289 2528 paucos
3326 2458 3444 2513 dies

1858 2551 2181 2606 subsecutus
2205 2558 2287 2605 est
2312 2566 2434 2604 cum
2450 2548 2668 2603 llenrici
2688 2549 2828 2616 regis
2853 2550 3054 2604 nuntiis
3076 2551 3142 2605 ad
3164 2549 3444 2620 principes

1858 2643 2069 2706 missis;
2101 2643 2298 2712 quibus
2333 2642 2711 2712 praesentibus,
2755 2642 2844 2696 ille
2889 2643 3100 2712 abiecta
3149 2659 3254 2713 qua
3311 2653 3446 2698 tunc

1857 2734 2112 2793 utebatur
2146 2732 2534 2802 pretiosissima
2567 2741 2739 2796 veste,
2770 2746 2940 2786 sacrm
2989 2731 3262 2803 religionis
3287 2733 3444 2787 habi~

1858 2837 1971 2882 tum
2009 2827 2211 2893 induit;
2256 2836 2440 2897 postea
2487 2825 2660 2882 lactus
2688 2826 2874 2891 abbas,
2907 2827 3032 2882 dein
3081 2829 3374 2882 cardinalis
3413 2847 3445 2883 a

1859 2917 2076 2972 Victore
2103 2917 2166 2982 ll,
2203 2932 2267 2971 ac
2294 2917 2509 2970 demum
2547 2926 2666 2985 post
2697 2917 2929 2971 Victoris
2955 2917 3164 2971 obitum
3199 2917 3443 2988 pontifex

1855 3008 1957 3065 th
1984 3009 2201 3063 nomine
2248 3007 2504 3078 Stephani
2553 3007 2622 3072 Χ,
2666 3025 2807 3061 anno
2843 3008 3000 3063 1058.
3052 3009 3151 3065 Ubi
3202 3010 3442 3079 primum

1857 3101 1978 3156 iniit
2018 3099 2412 3172 pontificatum,
2459 3099 2596 3154 nihil
2643 3098 2917 3170 antiquius
2958 3099 3146 3155 habuit
3191 3115 3354 3171 quam
3387 3110 3446 3156 ut

1854 3190 2074 3246 Graecos
2102 3191 2168 3246 ad
2199 3189 2452 3245 Ecclesia:
2495 3189 2930 3244 communionem
2973 3183 3273 3246 revocaret.
3304 3191 3448 3258 Qua-

1859 3290 2078 3352 propter
2101 3281 2427 3352 legationem
2463 3279 2704 3335 decrevit
2736 3280 2787 3333 in
2835 3279 3114 3336 Orientem
3153 3282 3218 3336 ad
3257 3284 3445 3337 urbem

1857 3371 2534 3442 ConstantinOpolitanam,
2567 3371 2847 3440 designato
2883 3372 2950 3426 ad
2983 3372 3035 3428 id
3073 3374 3314 3430 muneris
3339 3374 3446 3430 De-

1857 3463 2058 3518 siderio
2084 3461 2160 3534 (7)
2185 3462 2469 3518 Casincnsi
2515 3462 2728 3528 abbate,
2770 3464 2857 3518 cui
2896 3464 3134 3537 collegas
3163 3467 3298 3521 duos
3337 3468 3445 3520 ad-

1850 3553 2049 3622 junxit,
2081 3553 2412 3622 Stephanum
2441 3552 2865 3617 cardinalem,et
2886 3553 3225 3610 Mainardum
3255 3566 3447 3627 postea

1858 3644 2018 3702 Silvae
2063 3644 2316 3701 Candida:
2361 3645 2706 3714 episcopum,
2761 3645 2886 3701 dato
2928 3648 3007 3703 eis
3072 3648 3326 3703 mandato
3387 3659 3447 3702 ut

1856 3753 2017 3808 quam
2046 3737 2207 3792 citius
2233 3735 2345 3790 ﬁeri
2392 3745 2574 3805 posset
2621 3745 3042 3792 reverterentur.
3071 3737 3271 3806 Verum
3311 3755 3444 3810 qno-

1857 3828 2036 3882 minus
2074 3827 2188 3881 haec
2241 3825 2440 3896 legatio
2491 3841 2647 3882 suum
2695 3837 3122 3897 consequeretur
3168 3827 3446 3892 effectum,

1857 3916 2129 3986 pontificis
2150 3917 2331 3972 obitus
2355 3916 2502 3971 brevi
2528 3916 2846 3972 subsecutus
2870 3917 3196 3972 intercessit.
3216 3917 3445 3973 Tentata

1855 4009 2081 4064 subinde
2117 4009 2429 4065 Grtecorum
2462 4011 2529 4064 ad
2575 4009 2830 4064 Ecclesiae
2879 4011 3312 4066 communionem
3363 4025 3450 4066 re-

1855 4099 2066 4163 ductio,
2115 4099 2210 4154 sed
2249 4100 2511 4153 hactenus
2559 4099 2724 4169 (quod
2777 4115 3100 4170 magnopere
3130 4101 3445 4179 dolendum)

1854 4187 2051 4258 exiguo
2078 4197 2136 4242 et
2169 4188 2280 4242 fere
2313 4188 2460 4240 nullo
2491 4187 2690 4242 fructu.
3149 4231 3152 4235 .

1926 4278 1978 4332 ὅ.
2020 4278 2151 4332 Illud
2187 4279 2363 4332 obiter
2383 4278 2778 4332 observandum
2805 4281 2946 4348 quod
2970 4281 3080 4336 Leo
3101 4280 3169 4335 IX
3194 4281 3356 4337 habet
3390 4284 3444 4336 in

1855 4374 2082 4444 epistola
2108 4373 2175 4428 ad
2201 4371 2563 4438 Cerulariun‘i,
2592 4373 2681 4427 ubi
2714 4372 2966 4427 Ecclesize
2989 4375 3444 4446 Constantinopo-

1857 4463 2038 4517 litanae
2074 4462 2366 4532 exprobrat
2397 4461 2672 4516 levitatem
2716 4462 2768 4517 in
2815 4464 3134 4518 ordinandis
3180 4466 3447 4520 eunuchis

164 4559 401 4626 phanns,
428 4561 938 4618 Grandimontensis
959 4565 1166 4620 ordinis
1204 4577 1409 4631 auctor,
1446 4569 1561 4624 suis
1585 4571 1748 4626 etiam

1856 4554 1971 4622 ejus
2008 4554 2296 4624 episc0pis,
2342 4555 2495 4608 aiens
2530 4553 2648 4609 loco
2688 4554 2846 4609 unius
2889 4570 2957 4609 ex
3012 4555 3093 4610 eis
3136 4558 3447 4611 ordinatam

164 4649 444 4721 discipulis
489 4653 712 4709 disertis
753 4655 936 4710 verbis
970 4657 1244 4713 interdicit
1302 4660 1354 4714 in
1398 4661 1596 4731 regulae
1641 4677 1752 4716 suae

162 4759 283 4812 cap.
350 4743 440 4798 57.
497 4745 649 4812 Quod
706 4763 836 4802 vero
892 4749 1132 4804 nonnulli
1188 4749 1496 4807 Graecorum
1547 4753 1752 4810 Latinis

159 4834 514 4900 objiciebant,
547 4840 703 4906 quasi
747 4840 1011 4894 honorem
1059 4844 1230 4896 sacris
1263 4844 1504 4915 reliquiis
1534 4855 1589 4901 et
1619 4846 1754 4902 ima-

161 4926 378 4995 ginibus
409 4928 780 4997 detraherent,
808 4931 863 4987 id
893 4932 1086 4989 falsum
1120 4936 1349 4990 revincit
1378 4939 1525 5010 (116)
1552 4940 1744 4995 Petrus

161 5018 554 5085 Antiochenus,
589 5030 704 5078 tum
733 5037 798 5078 ex
834 5024 982 5078 cultu
1026 5042 1187 5096 quem
1230 5027 1455 5084 Romani
1507 5030 1750 5100 reliquiis

163 5117 480 5162 sanctorum
519 5112 889 5180 apostolorum
919 5113 1064 5168 Petri
1115 5125 1167 5169 et
1200 5115 1351 5170 Pauli
1399 5119 1747 5185 exhibebant,

1856 4645 2021 4701 fuisse
2071 4643 2326 4698 feminam
2380 4643 2508 4698 ferri
2553 4662 2565 4697 :
2625 4645 2766 4714 quod
2815 4659 2948 4699 sane
2997 4644 3108 4699 Leo
3164 4645 3446 4701 Cerulario

1858 4737 2269 4805 haudquaquam
2316 4733 2743 4804 exprobraturus
2786 4733 3012 4798 fuisset,
3069 4735 3115 4788 si
3146 4734 3324 4789 fabula
3375 4737 3442 4790 de

1855 4829 2061 4884 Joanna
2090 4827 2302 4898 papissa
2350 4825 2564 4895 vulgata
2613 4825 2836 4890 fuisset;
2870 4841 3030 4894 quam
3080 4839 3110 4877 a
3161 4825 3443 4879 Cerulario

1857 4923 1910 4975 in
1940 4921 2172 4975 Leonem
2203 4921 2400 4987 ipsum,
2447 4917 2688 4986 adeoque
2715 4920 2768 4972 in
2796 4917 3092 4974 Bonnanam
3123 4917 3443 4978 Ecclesiam,

1856 5016 2012 5070 facile
2043 5013 2215 5084 regeri
2251 5029 2409 5081 posse
2453 5013 2847 5081 praesensisset.
2883 5012 3078 5066 Verum
3112 5012 3227 5065 hazc
3264 5009 3447 5068 fabula

1850 5106 1962 5176 jam
2006 5105 2221 5159 demum
2253 5104 2393 5172 apud
2437 5103 2680 5157 eruditos
2719 5101 2798 5156 sic
2849 5102 2986 5156 male
3016 5101 3145 5166 olet,
3182 5111 3242 5156 ut
3283 5104 3350 5159 de
3380 5121 3446 5162 ea
