4062 5352
156 389 240 444 551

967 381 1052 434 DE
1091 380 1474 437 CONFLICTU
1520 379 1849 437 \'l'l‘lOllU.\l
1914 379 2152 448 ATQUE
2185 378 2572 435 ‘dlltTUTUM.

3305 380 3409 436 562

153 506 361 562 CLristo
407 501 540 556 Jesu
589 498 825 562 vincula,
872 499 1121 562 verbera,
1167 498 1408 567 ﬂagella,
1454 511 1724 560 carceres,
1754 501 1803 558 Α
1831 492 2044 549 Lucifer
2075 495 2125 546 in
2157 493 2332 548 caelo?
2360 491 2496 563 (Iw.
2560 491 2693 561 xw.)
2749 492 2900 560 Quod
2940 492 3026 546 ille
3049 493 3114 548 de
3147 503 3290 550 tanta
3323 512 3412 550 su-

155 598 376 667 epmlci,
407 609 620 654 cruces,
654 601 705 646 et
753 593 794 646 si
838 607 948 661 qua
991 601 1115 645 sunt
1161 589 1500 645 diversorum
1529 605 1724 661 genera

157 695 558 743 tormentorum.
603 681 884 749 Quomodo
933 697 1065 750 ergo
1112 697 1298 735 verum
1325 682 1428 734 erit
1459 679 1602 749 quod
1634 694 1727 748 per

156 783 192 833 Α
229 775 458 831 ostolutn
493 774 696 838 sonuit,
740 783 796 825 ιιι
829 787 1020 826 omnes
1051 771 1136 842 pie
1166 771 1431 835 viventes,
1469 785 1725 841 persecu-

158 870 339 922 tionem
385 866 672 933 patiuntttr
707 865 731 916 ?
763 862 844 917 An
888 861 1026 917 forte
1082 878 1240 916 nemo
1287 862 1437 932 pacis
1489 871 1728 930 tempore

156 957 256 1012 vult
277 956 360 1026 pie
389 954 578 1009 vivere
602 953 657 1008 in
690 952 906 1008 Christo
929 952 1078 1016 Jesu,
1105 962 1159 1006 et
1197 953 1318 1006 ideo
1347 953 1542 1006 desunt
1581 952 1728 1006 ista?

155 1049 273 1117 Quis
301 1049 401 1103 hoc
431 1045 520 1100 vel
549 1045 820 1114 desipiens
844 1044 1085 1098 dixerit?
1119 1043 1173 1097 ltt
1206 1043 1307 1097 hac
1337 1060 1466 1112 ergo
1487 1043 1725 1112 Apostoli

152 1136 401 1193 sententia
457 1150 567 1188 non
617 1131 867 1203 specialis
912 1132 1289 1202 quorumdam,
1332 1132 1426 1186 sed
1455 1131 1727 1202 generalis

154 1227 372 1284 ennium
399 1224 716 1295 persecutio
753 1222 913 1277 debet
955 1221 1196 1292 intelligi.
1245 1220 1312 1275 Et
1351 1221 1570 1291 quidem
1603 1229 1730 1276 sunt

155 1316 287 1372 nisdti
309 1316 448 1368 intra
484 1315 668 1367 sinum
700 1313 892 1366 matris
913 1312 1168 1366 Ecclesiae
1191 1311 1499 1376 constituti,
1528 1311 1617 1379 qui
1643 1309 1729 1380 pie

155 1417 376 1461 mentes
401 1405 454 1458 in
487 1405 735 1468 Chrisw,
759 1403 1104 1457 contumeliis
1133 1412 1507 1468 assumuntur,
1529 1417 1728 1472 oppro-

157 1500 290 1563 briis,
321 1496 564 1566 injuriis,
596 1495 959 1550 derisionibus
991 1495 1348 1550 lacessuntur.
1379 1493 1484 1549 Ista
1514 1509 1614 1548 nec
1636 1493 1726 1547 illa

157 1587 400 1658 generalis
421 1586 758 1656 persecutio,
783 1601 946 1655 quam
990 1584 1283 1654 Apostolus
1313 1600 1502 1639 omnes
1527 1586 1614 1654 pie
1649 1585 1728 1638 vi-

149 1686 322 1730 ‘ventes
349 1677 458 1746 pati
495 1675 888 1744 descripserat.
924 1691 1046 1729 cum
1080 1674 1189 1729 sint
1214 1675 1434 1745 quidam
1467 1673 1726 1744 religiosi,

159 1767 333 1835 quibus
357 1781 516 1821 nemo
545 1780 835 1834 pravorum
863 1766 1060 1819 audeat
1086 1766 1138 1819 iit
1163 1765 1357 1820 laciem
1387 1765 1669 1836 derogare.

1832 584 2099 639 hlitnitate
2124 598 2221 654 per
2249 583 2558 652 superbiam
2582 583 2794 646 cecidit,
2839 593 2893 638 tu
2929 584 2995 639 ad
3029 595 3229 640 tantam
3257 589 3414 642 celsi-

1833 675 2072 728 tudinem
2105 667 2424 744 supetbiens
2470 676 2536 728 de
2577 673 2700 727 imis
2728 675 3098 732 conscendens
3124 676 3148 731 2
3176 678 3267 748 qui
3299 679 3410 741 illa.

1829 767 2066 834 quandiu
2113 766 2200 820 hic
2233 765 2389 829 vivis,
2437 763 2750 820 conditione
2805 767 3030 833 teneris,
3079 767 3149 823 de
3177 783 3282 837 qua
3317 786 3414 840 per

1829 859 2117 926 quemdam
2170 842 2470 927 sapieittcm
2527 856 2773 910 dicitur:
2813 875 2831 909 ι
2875 855 3084 927 Corpus
3118 859 3262 928 quod
3292 876 3416 914 cor-

1831 949 2097 1016 rumpitur
2153 955 2406 1018 aggravat
2471 947 2710 1002 animam
2760 955 2816 1002 et
2885 947 3143 1020 deprimit
3197 958 3416 1007 terrena

1830 1043 2150 1096 inhabitatio
2202 1059 2422 1097 sensum
2480 1041 2646 1096 multa
2689 1041 3017 1113 cogitantem
3069 1041 3220 1114 (Sap.
3249 1045 3349 1112 Ix).
3389 1062 3407 1096 ι

1829 1134 2000 1202 Quam
2029 1133 2366 1189 densissimis
2387 1141 2640 1204 putamus
2689 1133 2742 1188 in
2772 1143 2914 1188 terra
2943 1133 3211 1204 superbia:
3257 1142 3412 1187 tene-

1827 1226 1960 1291 bris,
1997 1225 2164 1279 lutum
2199 1224 2416 1289 inVolvi,
2466 1224 2510 1279 si
2559 1225 2737 1294 potuit.
2788 1225 2841 1279 in
2894 1225 3034 1280 caelo
3079 1223 3258 1289 stella,
3293 1240 3414 1294 qua:

1831 1333 1992 1372 mane
2019 1317 2318 1383 oriebatur,
2371 1317 2504 1372 lucis
2547 1332 2660 1371 sua:
2718 1315 2906 1386 globos
2953 1315 3413 1373 amittere?Andi

1827 1423 1958 1478 ergo
1980 1408 2160 1477 potius
2187 1408 2360 1462 lucem
2391 1408 2639 1462 veritatis
2663 1407 2933 1462 dicentem
2966 1425 2980 1462 :
3004 1427 3021 1458 ι
3043 1407 3142 1475 Qui
3166 1408 3398 1478 sequitu.

1829 1515 1915 1552 me
1949 1515 2053 1552 non
2101 1499 2340 1553 ambulat
2391 1499 2445 1552 ιιι
2493 1498 2752 1562 tenebris,
2810 1498 2906 1552 sed
2960 1497 3179 1552 habebit
3233 1497 3413 1552 lumen

1827 1588 2322 1659 vit:e(.loan.vut).
2359 1607 2379 1640 ι
2411 1587 2469 1642 1η
2520 1604 2628 1658 quo
2675 1599 2856 1643 autem
2905 1599 3052 1644 esset
3099 1589 3410 1659 sequenda,

1830 1679 1952 1734 alibi
1979 1679 2509 1750 prmmonuitdicens
2541 1693 2558 1734 :
2595 1679 2850 1734 «Discite
2894 1695 2925 1732 a
2975 1695 3062 1734 me
3106 1680 3230 1749 quia
3267 1679 3414 1734 mitis

1829 1785 1948 1824 sum
1983 1779 2039 1823 et
2077 1769 2298 1824 humilis
2320 1769 2506 1835 corde,
2535 1776 2590 1824 et
2615 1770 2903 1825 invenietis
2927 1768 3167 1840 requiem
3203 1770 3414 1824 anima-

215 1857 318 1910 Alia
343 1870 470 1909 vero
499 1855 754 1924 quaedam
811 1854 1157 1924 intelligenda
1207 1865 1313 1918 cst,
1364 1870 1484 1923 quae
1535 1855 1727 1909 imma-
1756 1850 1803 1912 Β
1832 1863 1932 1916 hns
1954 1862 2152 1917 vestris
2203 1861 2419 1932 (Matth.
2466 1860 2567 1929 XI).
2620 1880 2639 1914 ι
2693 1861 2851 1923 Audi.
2897 1874 3074 1916 tumor
3112 1861 3412 1932 superbia),

157 1947 278 2010 nior,
305 1956 357 2000 et
385 1945 566 2015 magis
594 1947 753 2000 noxia
786 1955 900 2010 est,
931 1963 1089 2016 quam
1140 1962 1244 2000 non
1291 1945 1590 2001 ntaterialis
1637 1948 1723 2001 in-

161 2046 346 2106 lJrquet
390 2038 694 2104 severitas,
744 2039 838 2093 sed
879 2038 1132 2092 vitiorum
1178 2037 1349 2108 gignit
1399 2038 1722 2096 adversitas.

161 2128 274 2180 llum
315 2129 454 2182 enim
510 2139 704 2184 contra
755 2130 1114 2185 humilitatem
1184 2132 1471 2201 superbia,
1534 2143 1724 2188 contra

162 2217 499 2272 Ditimorctn
546 2219 725 2273 inanis
748 2219 936 2288 gloria,
980 2229 1170 2274 contra
1207 2237 1387 2275 verant
1409 2221 1722 2293 religionem

166 2303 428 2370 simulatio,
473 2317 671 2360 contra
701 2304 1093 2374 subiectionem
1121 2317 1326 2378 pugnat
1355 2318 1718 2380 contemptus,

162 2403 324 2449 contra
355 2394 658 2452 fraternam
703 2396 1222 2467 congratulationem
1273 2399 1470 2455 invidia
1496 2441 1510 2466 ,
1536 2411 1722 2456 contra

163 2483 472 2541 dilectionem
501 2485 690 2542 odium
720 2528 735 2553 ,
782 2496 969 2543 contra
1011 2488 1316 2543 libertatem
1348 2489 1508 2560 iusta:
1541 2507 1726 2546 corre-

162 2578 329 2640 ctionis
373 2579 642 2634 detractio
676 2621 691 2645 ,
743 2589 934 2636 contra
995 2581 1312 2652 patientiam
1367 2585 1470 2649 ira,
1533 2597 1721 2640 contra

165 2669 608 2723 tuonsuetudinem
656 2672 958 2738 protervia,
1044 2682 1233 2726 contra
1301 2673 1722 2728 satisfactionem

167 2768 335 2824 tumor,
379 2770 570 2814 contra
625 2761 904 2829 spirituale
958 2762 1212 2831 gaudium
1261 2763 1540 2818 szccularis
1591 2764 1721 2827 vita,

165 2860 323 2905 tontm
352 2853 570 2906 virtutis
625 2853 925 2908 exercitum
960 2863 1146 2924 torpor
1168 2853 1248 2908 vel
1275 2854 1508 2925 ignavia,
1531 2864 1720 2908 contra

165 2945 346 2995 tit-tuam
375 2943 728 2998 stabilitatem
786 2942 1045 2998 dissoluta
1091 2941 1330 3015 vagatio,
1383 2953 1574 2999 contra
1606 2945 1719 3013 spei

168 3032 382 3086 tiduciam
451 3034 801 3104 desperatio,
870 3044 1062 3090 contra
1116 3035 1302 3089 mundi
1353 3042 1719 3104 contemptum

167 3123 419 3192 cupiditas,
467 3136 664 3182 contra
702 3127 1132 3182 misericordiam
1182 3127 1485 3189 ohduratio,
1533 3136 1721 3180 contra

170 3212 496 3269 innocentiam
538 3215 693 3272 fraus
740 3225 796 3270 et
851 3214 1093 3279 furtum,

169 3300 347 3360 fallacia
399 3319 452 3362 et
509 3309 878 3372 mendacium,
925 3322 1113 3364 contra
1163 3309 1410 3363 ciborum
1451 3309 1722 3378 parcitno-

169 3398 287 3449 niam
317 3401 512 3454 ventris
565 3400 848 3471 ingluvies,
901 3409 1092 3454 contra
1128 3401 1470 3454 moderatum
1523 3414 1726 3454 maero-

171 3500 263 3540 rcat
292 3489 462 3561 inepta
511 3492 730 3558 laetitia,
752 3501 940 3548 contra
969 3494 1262 3548 discretam
1298 3493 1722 3548 taciturnitatem

171 3579 784 3654 multiloquium,contra
841 3585 1024 3641 carnis
1077 3585 1441 3656 integritatem
1490 3585 1724 3640 immun-

173 3667 280 3724 ditia
310 3680 464 3742 atque
489 3673 730 3742 luxuria,
771 3683 963 3731 contra
1020 3676 1202 3730 cordis
1249 3675 1568 3730 munditiam
1617 3676 1727 3744 Spi-

174 3759 354 3818 ritualis
375 3763 690 3832 l'ornicatio,
731 3775 923 3822 contra
962 3781 1202 3821 antorem
1240 3766 1430 3836 patria:
1489 3765 1726 3820 cmlestis

174 3854 408 3920 appetitus
460 3856 646 3912 seculi
699 3856 1001 3926 praesentis,
1050 3871 1330 3927 opponens
1360 3897 1376 3922 ,
1412 3864 1585 3910 semet
1625 3855 1726 3910 itu--

174 3947 368 4015 mergit:
396 3949 523 4019 quid
548 3948 719 4014 aliud,
734 3963 897 4020 quam
922 3948 1158 4006 crudelis
1171 3948 1260 4020 pie
1278 3948 1573 4003 viventium
1597 3963 1724 4018 per-

173 4041 351 4095 secutio
406 4045 666 4099 adversus
700 4043 1055 4114 conglobatas
1108 4043 1370 4098 virtutum
1433 4041 1579 4097 acies
1633 4041 1728 4096 de-

176 4129 302 4184 saevit
320 4131 341 4184 2
359 4131 400 4188 Ο
420 4149 584 4204 quam
606 4136 798 4200 durus,
824 4150 858 4189 ο
881 4150 1046 4208 quam
1081 4149 1302 4189 amarus
1339 4143 1424 4188 est
1459 4132 1727 4204 superbia:

176 4229 491 4293 congressus!
525 4243 657 4300 quae
683 4228 907 4298 angelos
933 4228 999 4282 de
1035 4227 1173 4282 cmlo
1200 4227 1448 4298 projecit,
1481 4225 1728 4280 homines

178 4310 232 4364 de
255 4316 487 4382 paradiso
506 4317 836 4384 eliminavit;
867 4315 1020 4386 cujus
1042 4317 1336 4382 exercitus,
1369 4327 1532 4388 atque
1554 4333 1729 4372 armo-

179 4419 277 4460 runt
327 4410 602 4467 conﬂictus
657 4412 783 4466 vitia
844 4419 1002 4477 sunt,
1049 4426 1171 4482 qua:
1208 4411 1449 4467 breviter
1483 4425 1728 4480 compre-

180 4495 317 4552 hensa
382 4504 671 4573 tetigimus.
749 4503 855 4558 Sed
933 4504 1211 4559 videamus
1272 4502 1723 4573 quemadmodum

1831 1952 1954 2006 audi
2038 1952 2306 2007 dicentem
2383 1951 2560 2005 adlmc
2638 1950 2958 2006 humilitatis
3036 1951 3407 2021 magistrum:

1835 2063 1853 2094 ι
1890 2043 2078 2108 Omnis
2106 2043 2196 2111 qui
2229 2057 2287 2096 se
2307 2041 2511 2096 exaltat
2538 2039 2946 2105 humiliabatur,
2977 2051 3033 2095 et
3059 2041 3150 2112 qui
3201 2055 3259 2095 sc
3315 2041 3415 2094 hu-

1832 2135 2003 2188 tn'liat
2049 2135 2378 2189 exaltabitur
2411 2132 2544 2204 (Luc
2594 2149 2682 2186 XIV
2735 2143 2782 2186 et
2831 2133 3009 2204 xvttt).
3047 2153 3064 2184 ι
3120 2132 3189 2186 Ει
3242 2131 3410 2186 illud:

1836 2245 1852 2276 ι
1887 2225 2062 2294 Super
2095 2240 2254 2294 quem
2289 2223 2582 2294 requiescit
2623 2221 2862 2292 Spiritus
2894 2237 3045 2278 mens
3094 2222 3195 2276 nisi
3253 2236 3416 2291 super

1832 2315 2108 2380 humilem,
2123 2326 2177 2371 et
2192 2315 2456 2385 quietum,
2469 2322 2526 2368 et
2549 2322 2872 2368 trementem
2895 2327 3176 2368 sermones
3193 2313 3408 2367 nteos‘h

1833 2407 1965 2478 (lsa.
1995 2409 2164 2477 uvr.)
2199 2408 2332 2460 Audi
2363 2406 2491 2476 quid
2527 2406 2691 2460 etiam
2721 2405 2787 2460 de
2840 2406 2932 2461 illo
2989 2407 3063 2461 ait
3102 2406 3412 2477 Apostolus.

1830 2499 1919 2567 qui
1986 2509 2037 2553 te
2091 2498 2156 2552 ad
2207 2500 2322 2552 lucc
2373 2496 2629 2551 sectanda
2675 2497 2897 2562 invitat;
2931 2499 3008 2553 ait
3032 2497 3220 2553 enim:
3257 2517 3275 2549 ι
3311 2497 3415 2564 Qui

1831 2605 1952 2644 cum
1985 2589 2038 2642 in
2065 2588 2235 2644 fortna
2274 2588 2364 2645 Dei
2397 2598 2562 2654 esset,
2602 2605 2710 2643 non
2743 2587 2987 2658 rapinam
3013 2587 3308 2643 arbitratus
3331 2595 3418 2641 est

1830 2694 1952 2732 esse
1993 2694 2052 2733 se
2082 2678 2345 2746 aequalem
2394 2677 2524 2743 Deo,
2583 2679 2678 2733 sed
2717 2676 3067 2746 semetipsum
3119 2675 3417 2740 exinanivit

1831 2770 2058 2824 formam
2081 2770 2220 2822 servi
2245 2769 2545 2838 accipiens,
2580 2785 2634 2823 tn
2675 2767 3084 2823 similitudinem
3130 2765 3412 2820 hominum

1832 2861 2022 2924 factus,
2047 2869 2102 2914 et
2130 2861 2312 2914 habitu
2359 2860 2610 2914 inventus
2661 2867 2719 2912 ιιι
2765 2858 2944 2912 homo.
2976 2855 3288 2910 Humiliavit
3333 2869 3416 2910 se-

1831 2951 2118 3020 metipsum
2173 2948 2348 3002 factus
2388 2947 2651 3003 obediens
2681 2946 2945 3016 usquead
2985 2958 3238 3008 mortem,
3270 2958 3416 2998 mor-

1833 3049 1936 3093 tem
1971 3049 2152 3092 autem
2181 3039 2359 3093 crucis
2385 3035 2554 3102 (Phil.
2592 3037 2678 3107 ιι).
2721 3055 2739 3088 ι
2773 3037 2829 3093 Si
2862 3037 3030 3108 igitur
3060 3045 3206 3091 tanta
3232 3035 3414 3090 humi-

1831 3131 1981 3185 litate
2025 3147 2084 3184 se
2131 3131 2386 3200 deprimit
2433 3130 2616 3184 divina
2671 3127 2968 3198 maiestas,
3023 3127 3308 3199 superbire
3357 3127 3413 3182 in

1174 3225 1364 3270 (301111⁵³
1440 3216 1720 3271 vernalem
1754 3220 1796 3280 C
1829 3225 2009 3293 aliquo
2043 3239 2149 3276 non
2177 3223 2338 3277 debet
2361 3221 2596 3276 humana
2626 3219 2936 3274 inﬁrmitas.

2297 3328 2474 3367 INANIS
2510 3327 2707 3367 GLORIA
2749 3327 2893 3367 DICI'I'
2924 3327 2939 3366 2

1896 3409 2009 3478 Age
2051 3408 2251 3462 bonum
2293 3403 2438 3475 quod
2477 3403 2645 3469 vales,
2677 3403 2903 3458 ostemle
2941 3401 3155 3458 cunctis
3209 3403 3412 3458 bonum

1827 3501 1968 3567 quod
2001 3498 2139 3568 agis,
2172 3505 2230 3550 ut
2258 3495 2434 3551 bonus
2456 3510 2486 3549 a
2515 3493 2728 3549 cunctis
2757 3491 2980 3558 dicaris,
3011 3504 3071 3546 ιιι
3096 3501 3318 3548 sanctus
3355 3501 3415 3548 ct

1829 3587 2152 3642 venerabilis
2199 3587 2268 3641 ab
2319 3585 2572 3640 omnibus
2613 3583 2948 3656 prtediceris,
2983 3592 3042 3638 ut
3091 3583 3186 3638 Dei
3207 3582 3416 3639 electus

1826 3679 2093 3742 noscaris,
2133 3687 2190 3732 ut
2220 3691 2380 3731 nemo
2410 3685 2462 3731 te
2486 3683 2822 3739 contemnat,
2848 3688 3007 3729 nemo
3051 3681 3103 3728 te
3129 3673 3414 3744 despiciat,

1828 3769 1935 3824 Sed
1967 3768 2204 3823 universi
2233 3767 2476 3822 debitum
2518 3766 2613 3821 tibi
2648 3765 2906 3818 honorem
2937 3762 3267 3835 persolvant.

2215 3872 2385 3919 TIMOB
2427 3870 2610 3910 υοιιικι
2653 3868 2960 3908 RESPONDET
3005 3870 3018 3906 Ζ

1898 3953 2027 4009 CAP.
2068 3951 2132 4006 ll.
2176 3951 2232 4006 Si
2266 3951 2389 4006 honi
2415 3949 2619 4018 aliquid
2647 3947 2787 4017 agis,
2820 3943 3414 4015 nnnprotransitoriis,

1828 4049 1924 4106 scd
1951 4063 2050 4118 pro
2078 4046 2297 4102 :cternis
2347 4043 2644 4100 honoribus
2677 4055 2795 4110 age.
2829 4036 3049 4094 Occulta
3095 4037 3236 4106 quod
3275 4037 3416 4108 agis,

1829 4150 2092 4212 quantum
2149 4138 2317 4193 vales.
2368 4134 2522 4202 Quod
2576 4133 2619 4188 si
2653 4148 2718 4186 ex
2779 4139 2893 4185 toto
2932 4145 3036 4184 non
3068 4128 3236 4194 vales,
3259 4129 3331 4183 sit
3361 4128 3416 4183 in

1829 4233 2012 4286 animo
2060 4227 2362 4285 occultandi
2409 4226 2679 4289 voluntas,
2706 4229 2771 4277 'et
2794 4239 2897 4279 non
2926 4222 3030 4277 erit
3067 4221 3133 4276 de
3168 4227 3418 4276 ostenta-

1829 4331 1975 4384 tione
2020 4327 2126 4381 ulla
2179 4323 2457 4380 temeritas
2491 4337 2506 4375 :
2535 4335 2635 4376 nec
2687 4320 2934 4375 criminis
2977 4318 3082 4374 erit
3129 4315 3418 4386 aliquando

1831 4417 2205 4481 manifestare,
2239 4413 2394 4483 quod
2424 4425 2642 4482 semper
2687 4409 2769 4466 vis
2812 4408 3044 4465 celatum
3074 4406 3295 4462 habere.
3325 4403 3419 4464 Sic

1829 4509 2063 4577 denique
2086 4510 2222 4560 duas
2244 4501 2624 4571 Redemptoris
2649 4499 2949 4554 sententias
2979 4496 3079 4551 sibi
3104 4493 3258 4564 quasi
3289 4507 3422 4548 con-

181 4599 331 4644 castra
369 4595 488 4670 caeli
540 4596 834 4667 etinlerni
882 4595 1162 4664 dimicent,
1215 4611 1367 4652 arma
1419 4595 1620 4652 Christi
1671 4605 1726 4651 et
1759 4579 1804 4638 Ῑ)
1833 4599 2032 4654 trarias
2063 4593 2336 4650 videberis
2381 4590 2732 4661 adimplesse,
2781 4586 2978 4658 quibus
2998 4585 3234 4640 dicitur:
3267 4601 3287 4634 ι
3314 4581 3419 4636 Fa-

192 4659 454 4671 Ἢ

181 4676 346 4736 diaboli
382 4670 600 4740 ceatsilLa
629 4688 930 4742 decet-teut.

681 4796 935 4834 SUPEKKBIA
975 4795 1122 4836 DlCl'l'
1155 4796 1168 4833 ε

238 4859 378 4919 Certe
417 4866 598 4924 multis
628 4870 738 4924 imo
766 4873 927 4925 etiam
979 4887 1114 4940 pene
1141 4871 1393 4926 omnibus
1421 4872 1612 4926 melior
1640 4881 1724 4926 est

185 4952 342 5019 verbo,
368 4958 609 5024 scientia,
643 4962 848 5030 divitiis
869 5003 884 5027 ,
916 4962 1216 5025 honoribus
1236 5004 1250 5026 ,
1283 4972 1338 5017 et
1366 4965 1582 5018 cunctis
1605 4979 1724 5032 qua:

183 5040 253 5095 vel
271 5049 562 5106 carnalibus
588 5053 670 5107 vel
691 5055 1069 5123 spiritualibns
1116 5065 1404 5124 suppetunt
1428 5057 1726 5111 charisma-

188 5129 321 5188 tibns.
347 5135 574 5196 Cunctos
617 5157 748 5213 ergo
793 5144 1013 5216 despice
1043 5182 1060 5208 ,
1117 5145 1328 5200 cunctis
1379 5146 1722 5213 temetipsum

186 5230 482 5292 superiorem
510 5236 748 5302 attende.

677 5344 791 5352 -_._
830 5347 956 5352 _____.
1011 5343 1348 5352 n—nAn-u‘n_n

1832 4692 2010 4744 ciente
2049 4697 2100 4743 te
2145 4686 2580 4755 eleemosyuam,
2632 4681 2840 4736 nesciat
2890 4677 3112 4734 sinistra
3160 4684 3248 4730 tua
3289 4673 3418 4742 quid

1831 4779 1994 4835 faciat
2022 4778 2244 4831 dextera
2295 4783 2383 4826 tua
2417 4789 2429 4824 :
2469 4772 2561 4826 sed
2608 4771 2678 4824 sit
2707 4769 3051 4837 cleetnosyna
3089 4775 3177 4818 tua
3209 4763 3260 4818 in
3288 4763 3415 4816 abs-

1829 4870 2068 4932 condito,
2122 4875 2180 4922 et
2235 4866 2396 4920 Pater
2454 4874 2575 4916 tuus
2633 4859 2724 4929 qui
2768 4858 2917 4913 videt
2973 4854 3027 4908 itt
3073 4850 3416 4917 abscondito,

1833 4964 2018 5018 reddet
2044 4961 2140 5016 tibi
2181 4959 2403 5028 (Matth.
2434 4958 2528 5027 vt).
2569 4977 2586 5008 ι
2611 4956 2712 5009 Et:
2743 4974 2761 5006 ι
2794 4953 3028 5008 Videant
3051 4962 3218 5019 Opera
3239 4955 3420 5001 vestra

1832 5059 1994 5117 bona,
2046 5062 2102 5109 et
2142 5050 2444 5122 glorificent
2491 5047 2707 5101 Patrem
2758 5051 3025 5104 vestrum,
3059 5041 3150 5111 qui
3185 5039 3239 5093 in
3266 5036 3423 5093 ctelis

1831 5157 1914 5202 rst
1939 5144 2092 5214 (Luc.
2120 5144 2204 5213 ιι).
2244 5160 2263 5191 ι
2293 5139 2435 5195 Cave
2461 5153 2705 5209 prorsus,
2735 5153 2802 5194 ne
2829 5138 2882 5191 in
2937 5142 2988 5186 te
3020 5133 3109 5188 illa
3155 5125 3422 5196 sententia

1831 5236 2134 5297 conveniat,
2163 5248 2267 5303 qua
2294 5229 2591 5300 hypocritis
2614 5228 2847 5283 dicitur:
2879 5246 2897 5279 ι
2921 5223 3113 5282 Omnia
3135 5239 3298 5295 opera
3327 5237 3426 5277 sua

1830 5326 2028 5352 ΐηι.ἷ.ιηι
2081 5335 2132 5352 ..ι
2156 5319 2531 5352 Ι.Λ.ι1ἶηηηιιιηιι
2555 5316 3157 5352 o\l|‘|1‘\I-1:-n:'\llci"nl"!
3197 5315 3356 5352 VVlII\
3400 5332 3419 5352 ι
