4062 5352
610 322 718 378 863

682 523 815 590 Quia
855 523 988 576 nihil
1015 524 1138 578 boui
1189 525 1240 579 in
1281 526 1598 582 abscondito
1622 529 1790 591 facis,
1825 549 1892 586 ne
1922 549 1950 585 a
1977 533 2188 590 cunctis

609 614 861 684 cognitus
899 614 1185 671 detesteris
1229 633 1242 670 :
1277 616 1416 688 ﬁnge
1453 627 1502 673 te
1557 619 1689 676 foris
1725 639 1843 677 (sse
1870 623 2010 692 quod
2046 624 2188 682 intus

611 721 716 758 non
745 706 973 774 appetis.

1016 812 1228 852 RELIGIO
1269 813 1401 853 \‘ERA
1438 816 1784 858 RESPONDBT:

681 889 808 946 Car.
850 889 934 944 ΙΙΙ.
965 890 1076 945 lmo
1110 892 1280 961 magis
1302 903 1487 964 satage
1510 911 1630 950 esse
1656 897 1799 966 quod
1823 913 1926 952 non
1950 914 2026 952 es.
2055 898 2188 954 Nam

611 982 900 1036 ostendere
927 982 1240 1036 hominibus
1269 983 1417 1052 quod
1444 1001 1549 1038 non
1577 1001 1656 1050 es,
1689 987 1817 1056 quid
1853 987 1999 1042 aliud
2029 1005 2189 1056 quam

613 1077 891 1130 damnatio
941 1077 1070 1130 est?
1099 1074 1306 1131 Memor
1353 1087 1473 1132 esto
1531 1079 1732 1148 itaque.
1775 1081 1918 1148 quod
1948 1081 2189 1135 dicitur:

617 1189 633 1218 ι
664 1168 757 1222 v.12
783 1167 954 1231 vobis,
985 1166 1189 1221 Scriba:
1214 1176 1267 1223 et
1294 1167 1549 1223 Pharisaei
1578 1169 1892 1240 hypocritaa,
1918 1170 2010 1238 qui
2040 1186 2194 1224 mnu-

612 1263 754 1315 datis
797 1259 940 1329 quod
985 1258 1187 1315 deforis
1216 1267 1301 1316 est
1353 1260 1540 1315 calicis
1589 1271 1646 1316 et
1689 1262 2011 1332 paropsidis,
2047 1262 2193 1318 intus

614 1363 795 1405 autem
829 1351 894 1420 ple
917 1351 974 1404 ni
1017 1351 1151 1406 estis
1182 1351 1366 1422 rapina
1417 1360 1471 1405 et
1500 1351 1865 1406 immunditia.
1922 1351 2194 1405 Phariszee

614 1455 782 1504 came,
807 1439 1004 1493 munda
1032 1440 1204 1510 prius,
1226 1441 1368 1509 quod
1393 1440 1541 1496 intus
1553 1449 1638 1494 est
1662 1440 1846 1495 calicis
1871 1449 1926 1497 et
1952 1440 2195 1509 paropsi-

612 1528 713 1593 dis,
748 1538 806 1583 ιιι
853 1527 946 1582 fiat
968 1539 1022 1583 et
1063 1529 1114 1584 id
1140 1530 1282 1599 quod
1312 1528 1514 1584 deforis
1543 1538 1623 1584 est
1676 1531 1930 1583 mundqu
1977 1527 2191 1599 (Matt/1.

613 1617 793 1687 unt).
827 1639 844 1670 ι
873 1618 1111 1689 Itemque
1149 1619 1297 1684 illud,
1328 1619 1468 1689 quod
1525 1619 1844 1675 inculcanda
1887 1619 2148 1688 repetitur
2177 1636 2190 1672 :

618 1730 634 1759 ι
678 1708 764 1762 Vae
794 1708 969 1771 vobis,
1020 1708 1223 1764 Scrist
1253 1719 1306 1764 et
1345 1709 1637 1776 Pharisaei,
1675 1710 1801 1780 quia
1829 1709 2034 1765 similes
2063 1709 2194 1764 estis

1661 325 1717 383 S.
1749 327 2008 386 LEONIS
2045 329 2115 384 [Χ
2154 328 2354 386 ΡΑΡίΕ
2377 331 2776 390 .OPUSCULA.

887 447 1174 488 sutum-no
1214 448 1364 489 van;
1407 451 1709 494 nI-thctouts
1749 457 1894 495 DICIT
1936 458 1950 494 :
2211 444 2260 501 Λ

3756 335 3867 390 568

2509 461 2950 504 COEGRATULATIO
2991 464 3243 506 i'R.\_‘-'BU.\I
3280 464 3626 504 ιεςρσιιιιεῑι
3723 490 3734 494 -

2313 586 2318 592 .
2355 533 2484 587 CAP.
2529 535 2591 589 V.
2628 536 2684 590 Si
2720 547 2948 600 cmteros
2977 537 3264 598 virtutibus
3283 537 3589 600 antecellis,
3619 537 3789 594 tutius
3816 539 3874 590 in

2289 623 2408 678 loco
2440 625 2624 681 intimo
2661 643 2820 696 quam
2843 630 2910 682 in
2943 645 3163 683 summo
3181 630 3521 697 temetipsum
3548 641 3872 684 censen-as.

2291 717 2516 786 Semper
2544 718 2695 772 enim
2730 719 2798 772 de
2835 719 2946 779 alto
2999 717 3150 788 pejor
3179 719 3236 772 lit
3267 720 3445 774 ruina.
3465 719 3639 786 Quod
3673 719 3721 772 si
3752 719 3869 782 tibi,

2291 819 2349 862 ut
2388 809 2607 874 asseris,
2649 810 2870 879 quidam
2912 813 3243 882 superiores,
3283 820 3376 865 aut
3419 811 3664 881 mquales
3721 816 3874 872 sunt,

2292 899 2420 967 quid
2463 908 2512 954 te
2538 897 2701 962 laedit,
2733 901 2862 968 quid
2903 911 2955 954 te
2985 911 3142 956 nocet
3163 901 3350 956 ?Cave
3374 915 3620 971 prorsus,
3653 916 3722 954 ne
3742 902 3879 953 dum

2292 988 2470 1043 locum
2523 989 2864 1046 celsitudinis
2904 991 3132 1055 invides,
3190 991 3346 1046 illum.
3391 992 3643 1053 imiteris,
3673 991 3884 1059 dequo

2293 1079 2553 1148 scriptum
2583 1089 2668 1135 est
2694 1099 2706 1133 :
2744 1101 2760 1132 ι
2799 1081 3000 1135 Invidia
3024 1083 3221 1136 diaboli
3253 1098 3400 1140 mors
3437 1083 3667 1136 intravit
3691 1082 3754 1136 in
3785 1097 3880 1134 or-

2293 1169 2414 1224 bem
2445 1180 2742 1230 terrarum.”
2768 1173 3056 1228 Innituntur
3083 1182 3264 1230 autem
3299 1174 3469 1238 illum,
3512 1175 3607 1244 qui
3633 1189 3699 1226 ex
3725 1185 3880 1241 parte

2294 1257 2412 1328 ejus
2435 1271 2561 1315 sunt
2584 1259 2841 1332 (Sapient.
2875 1263 2959 1330 ιι).
2993 1283 3012 1316 ι

2515 1384 2518 1388 ’
2884 1369 3050 1410 ουιυιι
3086 1369 3230 1409 DIGI'I'
3254 1371 3268 1408 ε

2311 1435 2313 1437 ’
2365 1440 2550 1506 Absit,
2580 1451 2642 1494 ut
2664 1441 2810 1498 illum
2838 1443 3066 1514 diligas,
3092 1459 3250 1513 quem
3296 1445 3347 1498 iu
3375 1445 3634 1506 clunibus
3656 1452 3882 1500 eontra—

2299 1533 2436 1588 rium
2463 1533 2631 1590 habes
2653 1551 2670 1597 ;
2695 1535 2784 1602 qtti
2816 1535 2910 1590 tibi
2930 1536 3205 1605 derogat,
3243 1535 3335 1605 qui
3365 1535 3469 1592 tibi
3493 1535 3759 1598 insultat,
3788 1532 3886 1603 qui

2299 1631 2352 1679 te
2375 1623 2586 1692 injuriis
2603 1633 2912 1694 exasperat,
2935 1626 3027 1696 qui
3052 1627 3149 1684 tibi
3171 1636 3388 1695 peccata
3413 1635 3502 1680 tua
3521 1625 3884 1695 improperat,

2299 1713 2389 1782 qui
2417 1721 2468 1767 te
2499 1713 2682 1776 dictis,
2710 1714 2966 1783 operibus
2987 1755 3004 1779 ,
3040 1725 3203 1784 atque
3239 1715 3761 1784 honoribusprmire
3808 1713 3888 1766 fe-

613 1800 878 1870 sepulcris
909 1801 1175 1857 dealbatis
1203 1818 1322 1872 quae
1361 1817 1390 1862 a
1423 1803 1554 1857 foris
1583 1810 1847 1873 apparent
1880 1800 2193 1856 hominibus
2223 1803 2262 1861 ιι
2292 1803 2478 1856 stinat.
2505 1799 2616 1858 Nisi
2639 1803 2786 1858 enim
2810 1803 3208 1872 tibiinviderct,
3237 1819 3578 1875 nequaquam
3598 1802 3778 1864 setihi
3811 1803 3890 1857 ita

613 1892 882 1960 speciosa,
930 1892 1075 1948 intus
1099 1908 1228 1948 vero
1256 1893 1409 1963 plena
1441 1902 1570 1948 sunt
1589 1893 1802 1948 ossibus
1829 1899 2190 1956 mortuorum,

615 1991 669 2034 rt
697 1983 844 2038 onmi
875 1983 1137 2053 spurcitia
1170 1984 1386 2056 (Matth.
1419 1983 1602 2055 mu).
1634 2002 1652 2036 ι
1684 1983 1775 2037 Sic
1796 1991 1850 2038 et
1889 1996 1984 2037 vos
2011 1997 2042 2036 a
2065 1980 2196 2037 foris

615 2074 835 2142 quidem
893 2075 1090 2144 patetis
1142 2075 1452 2132 hominibus
1485 2075 1638 2145 justi,
1669 2077 1814 2131 intus
1835 2085 2013 2132 autem
2051 2075 2224 2146 pleni.

615 2164 749 2218 estis
781 2165 1052 2234 hypocrisi
1085 2174 1140 2219 et
1173 2165 1478 2236 iniquitate.
1511 2167 1619 2222 Nec
1641 2184 1748 2222 non
1788 2177 1841 2223 et
1865 2168 2016 2231 illud,
2055 2167 2198 2238 quod

618 2256 685 2307 de
707 2254 903 2310 talibus
933 2257 1194 2326 scriptum
1222 2258 1454 2328 legitur:
1493 2279 1512 2310 ι
1545 2258 1779 2320 Veniunt
1800 2262 1866 2315 ad
1892 2275 1987 2316 vos
2016 2259 2070 2314 iu
2103 2274 2196 2314 ve-

618 2349 889 2404 stimentis
912 2334 1120 2416 ovium,
1149 2349 1477 2408 intrinsecus
1505 2359 1681 2406 autem
1705 2359 1832 2405 sunt
1852 2350 1958 2421 lupi
1979 2365 2202 2419 rapaces

622 2441 835 2514 (Matth.
867 2444 964 2515 vn)
1023 2465 1042 2496 ι

807 2541 810 2545 ’
1117 2551 1492 2593 ιΝοιςιῖοεεκτιΑ
1519 2554 1664 2594 mcrr
1689 2556 1703 2591 ε

695 2625 827 2693 Quis
859 2635 936 2690 tu,
967 2636 1023 2680 ut
1055 2628 1327 2698 peioribus
1353 2631 1713 2699 obtemperes.
1742 2628 2102 2684 deterioribus
2128 2625 2203 2679 fa-

619 2714 884 2770 mulatum
909 2717 1213 2772 exhibeas?
1245 2717 1320 2773 Te
1357 2720 1550 2786 magis,
1611 2735 1772 2788 quam
1803 2718 1922 2773 illos
1949 2718 2205 2772 decuerat

621 2809 912 2878 imperare,
939 2811 1030 2879 qui
1059 2810 1150 2864 tibi
1185 2825 1289 2865 non
1317 2820 1543 2880 possnnt
1568 2812 1804 2883 ingenio,
1827 2811 1908 2865 vel
1937 2811 2204 2864 industria

622 2899 889 2969 coaequari
930 2900 1373 2970 ?0btemperare
1425 2903 1588 2969 igilur
1637 2902 1810 2972 magis
1859 2900 2072 2955 Domim
2109 2900 2204 2953 im-

621 2994 776 3065 perio
804 3002 859 3048 ιι
890 3010 995 3049 non
1029 2995 1126 3050 tibi
1166 2997 1237 3050 sit
1269 3011 1396 3050 cura
1431 2997 1496 3050 de
1532 2996 1731 3064 aliquo.

981 3099 1262 3140 SUBJECTIO
1301 3100 1472 3138 ΒΕΑΤΑ
1501 3098 1802 3140 RESPONDET
1829 3101 1841 3136 ε

2293 1892 2590 1963 praeferret.

2670 2000 2804 2042 VEBA
2840 2003 3106 2043 ειιΑιιιτΛε
3122 2037 3126 2042 .
3142 2001 3490 2044 ιιεςιτοιιῡιςτιε
3627 2030 3630 2034 -

2346 2074 2570 2130 ΕΑΡΝΙ.
2590 2074 2834 2146 Nunquid
2847 2078 2988 2147 quod
3007 2064 3212 2147 haecqui
3235 2097 3259 2128 ι·
3273 2092 3482 2139 ttarras.
3499 2077 3624 2134 odio
3642 2077 3895 2136 habenda

2297 2178 2422 2225 sunt
2451 2169 2503 2220 in
2527 2169 2762 2232 homine,
2788 2179 3069 2239 propterea
3089 2185 3193 2224 non
3222 2183 3305 2222 est
3326 2171 3552 2240 amanda
3587 2170 3681 2223 Dei
3712 2171 3894 2237 imago

2299 2258 2353 2313 iu
2388 2258 2632 2314 homine?
2663 2258 2810 2314 Sicut
2841 2258 3108 2321 Christus.
3145 2260 3237 2329 qui
3265 2260 3315 2313 in
3341 2276 3501 2315 cruce
3533 2261 3744 2328 positus
3783 2261 3896 2316 ini-

2301 2354 2470 2407 micos
2495 2367 2625 2408 suos
2647 2352 2868 2418 dilexit,
2892 2362 3018 2407 ante
3035 2353 3215 2406 crucis
3243 2361 3568 2408 tormentum
3597 2353 3885 2408 admonuit

2301 2443 2490 2499 dicens
2515 2459 2528 2496 :
2557 2442 2800 2512 «Diligite
2822 2442 3070 2500 inimicos
3093 2452 3332 2508 vestros,
3358 2442 3665 2498 benefacite
3690 2444 3784 2498 his
3799 2443 3893 2512 qui

2300 2536 2532 2589 olerunt
2560 2549 2686 2600 vos;
2717 2544 2946 2590 ctoratc
2980 2549 3078 2604 pro
3104 2537 3555 2604 persequentibus
3579 2545 3635 2590 et
3673 2537 3890 2590 calum-

2304 2625 2576 2679 niantibus
2598 2639 2716 2689 vos,
2739 2633 2795 2677 ut
2812 2625 2928 2679 sitis
2949 2625 3038 2679 lilii
3065 2625 3241 2680 Patris
3265 2626 3426 2680 vestri
3441 2628 3532 2695 qui
3550 2628 3602 2680 in
3627 2628 3782 2681 caelis
3804 2637 3898 2681 est.

2305 2715 2435 2786 (Luc
2451 2716 2541 2787 vt).
2566 2736 2584 2768 ι
2608 2715 2765 2771 Sieet
2791 2733 2887 2785 per
2907 2716 3246 2772 Salomouem
3262 2727 3316 2772 et
3331 2718 3886 2786 Apostolumdicitur:

2311 2827 2330 2859 ι
2352 2808 2408 2862 Si
2440 2807 2954 2863 esurieritiuimicus
2987 2817 3130 2872 tuus,
3168 2808 3288 2862 ciba
3324 2807 3505 2874 illiilli;
3533 2809 3580 2863 si
3604 2809 3719 2863 sitit
3742 2850 3757 2871 ,
3791 2825 3892 2878 po-

2301 2909 2419 2954 tum
2452 2899 2515 2952 da
2542 2898 2612 2953 illi
2643 2899 2814 2968 (Rom.
2847 2897 2975 2963 xu);
2997 2916 3014 2949 ι
3048 2897 3178 2952 «hoc
3203 2898 3344 2952 enim
3373 2897 3597 2960 faciens,
3618 2899 3896 2953 carbones

2309 2989 2450 3058 ignis
2471 3004 2730 3058 eougcres
2756 3003 2916 3057 super
2940 2986 3235 3056 caputejns
3255 2985 3526 3057 (Proverb.
3561 2986 3712 3054 xxv).
3739 3007 3757 3038 ι
3794 2986 3896 3040 Cui

2309 3078 2590 3135 salientia:
2613 3078 2752 3130 idem
2783 3077 3064 3145 Apostolus
3101 3091 3168 3129 ex
3199 3077 3416 3144 proprio
3447 3075 3725 3142 subjungit
3754 3117 3769 3137 ,
3807 3078 3893 3129 di-

695 3172 823 3228 CAP.
869 3175 955 3228 IV.
993 3173 1047 3228 Si
1077 3175 1286 3228 Domini
1311 3174 1790 3244 optemperaudum
1849 3171 2207 3240 estimperio,
2237 3153 2281 3215 Ο
2313 3185 2484 3224 cens:
2521 3188 2538 3219 ι
2581 3168 2693 3222 Noli
2727 3169 2864 3222 vinei
2895 3184 2926 3222 ιι
2959 3167 3131 3232 malo,
3186 3167 3278 3220 sed
3314 3170 3465 3222 vince
3504 3167 3560 3220 in
3590 3169 3734 3222 bono
3777 3184 3898 3222 ma-

629 3265 868 3319 humano
897 3264 1049 3320 snhdi
1080 3279 1304 3319 necesse
1339 3276 1423 3320 est
1460 3263 1789 3334 magisterio.
1822 3262 1940 3331 Ipse
1963 3263 2106 3315 cnim
2131 3261 2212 3314 di-

627 3352 702 3405 cit
735 3366 750 3405 :
793 3370 813 3412 ι
847 3352 946 3420 Qui
978 3367 1072 3408 vos
1108 3355 1258 3408 audit
1297 3369 1384 3407 me
1423 3353 1595 3418 audit,
1638 3362 1692 3408 et
1731 3353 1823 3422 qui
1875 3367 1972 3406 vos
2005 3352 2214 3420 spernit

629 3456 715 3494 me
743 3442 947 3512 spernit
978 3441 1127 3513 (Luc.
1178 3442 1363 3514 xvut);
1415 3462 1434 3494 ι
1464 3443 1565 3508 Ita,
1607 3443 1808 3512 inquis,
1832 3451 2044 3512 Oportet
2073 3461 2084 3494 :
2119 3441 2210 3496 sed

630 3531 675 3586 si
716 3532 838 3586 talis
878 3533 968 3601 qui
1003 3533 1231 3603 imperat
1256 3545 1420 3600 esset,
1453 3549 1546 3604 per
1584 3549 1744 3605 quem
1780 3535 1919 3588 Deus
1958 3535 2209 3603 imperat.

633 3623 738 3677 Sed
759 3624 1047 3696 Apostolus
1068 3637 1255 3682 contra
1279 3646 1290 3682 :
1323 3646 1341 3678 ι
1370 3627 1485 3682 Νοιι
1506 3638 1607 3694 est,
1636 3629 1828 3698 inquit,
1847 3637 2088 3698 potestas
2109 3628 2212 3682 nisi

632 3735 660 3769 ει
695 3717 822 3770 Deo.
848 3718 978 3784 Qua:
1007 3728 1186 3773 autem
1211 3729 1356 3783 sunt,
1382 3737 1413 3774 a
1445 3719 1552 3774 Deo
1573 3728 1698 3774 sunt
1723 3719 1996 3773 ordinata.
2028 3717 2214 3789 Itaque

631 3810 722 3877 qui
762 3809 971 3865 resistit
992 3811 1266 3880 potestati,
1291 3811 1384 3868 Dei
1417 3812 1745 3868 ordinationi
1772 3811 1995 3867 resistit.
2029 3811 2211 3881 (Rom.

631 3897 772 3968 xui).
805 3918 823 3950 ι
851 3899 1050 3967 Quales
1075 3916 1196 3957 esse
1219 3901 1362 3956 enim
1401 3901 1637 3956 debeant
1674 3901 1727 3956 hi
1768 3901 1860 3971 qui
1921 3901 2211 3970 imperant,

632 4006 738 4048 non
772 3998 854 4046 est
879 4005 908 4044 a
940 3991 1172 4047 subditis
1202 3991 1623 4047 discutiendum.
1680 3991 1747 4046 Et
1779 3991 1990 4060 quidem
2024 3989 2216 4059 primis

632 4081 884 4139 Ecclesia:
909 4083 1219 4150 pastoribus
1260 4083 1520 4138 Dominus
1547 4081 1678 4138 dicit
1714 4099 1728 4135 :
1777 4101 1795 4134 ι
1843 4080 2029 4146 Scitis,
2071 4081 2213 4150 quod

635 4188 787 4248 reges
817 4175 1059 4244 gentium
1083 4175 1433 4230 dominantur
1457 4190 1673 4240 eorum,
1694 4182 1747 4228 et
1769 4173 1860 4242 qui
1887 4181 2212 4242 potestatem

633 4271 896 4318 exercent
947 4261 1089 4316 inter
1136 4279 1256 4328 eos,
1306 4264 1539 4318 brnelici
1577 4272 1862 4318 vocantur.
1895 4261 2003 4316 Vos
2033 4270 2212 4315 autem

632 4367 738 4409 ttun
788 4351 868 4406 sic
897 4351 1048 4421 (Luc.
1082 4356 1239 4421 xxu).
1279 4373 1296 4403 ι
1325 4353 1432 4408 Sed
1470 4372 1488 4404 ι
1527 4355 1617 4422 qui
1655 4356 1771 4406 vult
1807 4353 1979 4422 major
2002 4367 2121 4406 esse
2160 4351 2213 4405 in

629 4455 663 4492 ν
684 4441 806 4505 this,
843 4443 945 4494 erit
971 4442 1209 4496 omnium
1233 4457 1424 4496 servus
1447 4441 1639 4511 (Marc.
1673 4444 1780 4513 1).:
1807 4442 1897 4496 Sic
1922 4450 2008 4494 ett
2049 4440 2215 4495 Filius

2314 3261 2422 3316 lum
2471 3261 2642 3324 (Rom.
2677 3261 2796 3328 xu).
2835 3280 2853 3310 ι
2913 3261 3030 3327 Quo
3077 3269 3265 3314 contra
3316 3261 3381 3312 de
3422 3261 3506 3314 his
3554 3260 3644 3329 qui
3695 3259 3906 3313 fratres

2311 3351 2492 3405 odisse
2532 3360 2860 3414 noscuntur,
2895 3363 2991 3418 per
3020 3348 3284 3402 Joannem
3318 3347 3517 3434 dicitur
3546 3368 3557 3402 :
3592 3369 3610 3400 ι
3645 3350 3748 3416 Qui
3779 3350 3898 3403 odit

2316 3439 2537 3493 fratrem
2580 3455 2736 3494 suum
2783 3439 3050 3494 homicida
3101 3449 3204 3494 est.
3260 3441 3323 3494 Et
3361 3439 3516 3493 scitis
3544 3440 3688 3509 quod
3718 3439 3905 3494 omnis

2313 3532 2580 3588 homicida
2631 3547 2736 3585 non
2774 3531 2934 3586 habet
2973 3531 3027 3584 in
3074 3531 3364 3600 semetipso
3416 3532 3584 3584 vitam
3635 3539 3894 3585 aeternam

2313 3631 2619 3678 manentem
2670 3621 2718 3692 (1
2760 3620 2922 3676 Joan.
2974 3621 3079 3691 ιιι).
3106 3641 3124 3674 ι
3187 3623 3250 3675 Et
3303 3637 3516 3676 rursum
3545 3639 3558 3675 :
3591 3640 3609 3673 ι
3638 3620 3739 3690 Qui
3783 3623 3899 3676 odit

2313 3709 2535 3764 fratrem
2587 3725 2742 3764 suum
2784 3710 2837 3764 in
2871 3710 3109 3765 tenebris
3144 3711 3426 3774 ambulat,
3473 3718 3529 3764 et
3565 3711 3617 3764 in
3661 3711 3900 3765 tenebris

2315 3809 2398 3854 est
2447 3815 2618 3870 usque
2653 3800 2829 3854 adhuc
2859 3817 2873 3853 :
2903 3807 2960 3855 et
2994 3801 3170 3856 nescit
3201 3816 3310 3870 quo
3331 3809 3449 3864 eat,
3481 3801 3608 3870 quia
3661 3799 3899 3856 tenebrae

2315 3898 2657 3945 catcat'erunt
2681 3889 2869 3944 oculos
2895 3888 3012 3956 ejus
3043 3887 3094 3958 (I
3117 3889 3279 3943 loan.
3311 3890 3394 3959 ιι).
3435 3909 3453 3941 ι

2384 3980 2477 4044 At,
2509 3979 2707 4047 inquis,
2743 3977 2938 4034 sullicit
2968 3979 3097 4034 mihi
3130 3979 3273 4048 quod
3319 3987 3566 4033 amantes
3597 3995 3683 4034 me
3712 3981 3897 4050 diligo.

2316 4072 2578 4128 Dominus
2616 4080 2802 4126 contra
2828 4071 2903 4124 ait
2935 4089 2947 4123 :
2980 4091 2996 4121 ι
3029 4070 3084 4125 Si
3117 4071 3260 4126 enim
3305 4071 3524 4139 diligitis
3552 4087 3648 4125 eos
3677 4073 3771 4142 qui
3803 4087 3898 4127 vos

2316 4163 2542 4232 diligunt
2569 4178 2730 4233 quam
2759 4162 3059 4216 mercedem
3091 4161 3394 4216 habebitis?
3426 4160 3614 4215 Nonne
3643 4174 3698 4216 ct
3721 4162 3902 4216 Publi-

2317 4255 2435 4309 cani
2462 4255 2564 4309 hoc
2592 4253 2828 4308 faciunt?
2849 4273 2868 4305 ι
2903 4252 3117 4322 (Matth.
3149 4268 3209 4317 v;
3239 4251 3368 4305 Luc.
3393 4253 3492 4320 Vt.)
3520 4251 3658 4317 Quid
3686 4263 3741 4306 tu
3766 4269 3898 4321 quo-

2318 4362 2422 4416 que
2453 4348 2519 4400 ad
2550 4347 2652 4400 hoc
2681 4346 2914 4414 objicere
2946 4344 3130 4399 vales?
3163 4341 3339 4404 Certe,
3373 4362 3390 4393 ι
3413 4345 3503 4414 qui
3529 4344 3641 4398 odit
3674 4344 3899 4400 fratrem

2320 4451 2494 4495 suum,
2523 4444 2704 4489 manet
2730 4436 2780 4489 in
2815 4443 3019 4503 morte,
3055 4443 3109 4488 et
3130 4435 3220 4504 qui
3250 4434 3444 4502 diligit,
3478 4435 3530 4486 in
3561 4433 3672 4487 Deo
3698 4443 3900 4498 manet,

633 4528 867 4584 hominis
889 4545 993 4590 non
1022 4532 1172 4586 venit
1193 4532 1513 4597 ministrari,
1541 4531 1634 4586 sed
1660 4511 1972 4585 ministrare
1997 4529 2213 4600 (Matth.
2245 4511 2294 4572 ί)
2319 4536 2375 4583 et
2405 4527 2548 4584 Deus
2579 4529 2630 4582 in
2673 4543 2738 4583 eo
2770 4527 2820 4598 (1
2847 4527 3011 4580 Joan.
3045 4543 3136 4591 ιιι,
3166 4527 3261 4597 tv).
3285 4547 3302 4579 ι
3336 4527 3561 4581 Omnem
3599 4541 3732 4596 ergo
3757 4543 3902 4579 ama-

632 4622 749 4689 λιι).
792 4640 810 4672 ι
843 4621 950 4676 Sed
973 4632 1121 4687 tunc,
1151 4623 1296 4692 quod
1331 4639 1436 4677 non
1463 4637 1652 4677 omnes
1687 4621 1821 4677 tales
1853 4622 2062 4676 futuros
2097 4635 2215 4676 esse

633 4713 902 4784 praevidit,
931 4714 1205 4782 subjector
1254 4715 1494 4771 omnium
1535 4729 1796 4785 personas
1847 4713 1900 4768 in
1938 4711 2216 4781 discipulis

635 4821 918 4860 assumens
963 4808 1306 4876 praemonuit,
1353 4808 1540 4862 dicens
1592 4825 1606 4860 :
1641 4826 1657 4857 ι
1696 4805 1870 4873 Super
1899 4805 2214 4860 cathedram

636 4895 769 4950 Mosi
803 4897 1062 4952 sederunt
1083 4896 1287 4954 Scriba:
1311 4906 1366 4951 et
1389 4896 1664 4951 Pharisaei.
1699 4896 1828 4962 Quae
1852 4895 2002 4950 vobis
2032 4895 2218 4948 dicunt

634 4989 796 5045 facile
830 5009 842 5044 ε
873 5005 994 5061 quae
1022 5000 1200 5046 autem
1225 4991 1451 5055 faciunt,
1482 4991 1646 5046 nolite
1678 4991 1857 5045 facere
1883 5007 1895 5042 :
1926 4989 2215 5058 imponunt

2317 4623 2604 4678 ritudincm
2644 4621 2784 4677 fellis
2814 4636 3031 4686 evome,
3085 4629 3142 4675 et
3198 4635 3414 4691 quoquo
3464 4629 3622 4688 pacto
3669 4619 3902 4672 valueris

2315 4715 2600 4770 ὤμω-ἰωῆς
2656 4712 2991 4768 dulcedinem
3046 4727 3222 4767 sume.
3249 4711 3333 4764 Nil
3361 4710 3504 4765 enim
3533 4711 3758 4764 suavius
3793 4711 3897 4768 Illa.

2319 4805 2392 4858 nil
2414 4814 2497 4858 est
2531 4804 2760 4858 beatius.
2793 4821 2810 4854 ι
2842 4803 2983 4857 Deus
3008 4844 3024 4868 ,
3057 4803 3232 4872 inquit
3258 4800 3516 4865 Joannes,
3555 4801 3798 4855 charitas
3823 4811 3903 4854 est

2324 4893 2553 4964 (Noun.
2574 4895 2666 4966 tv).
2699 4915 2716 4945 ι
2750 4895 2812 4947 Et
2829 4895 3079 4963 egregius
3100 4893 3423 4964 pnedicator
3448 4909 3462 4945 :
3483 4910 3502 4942 ι
3523 4891 3778 4946 Charitas
3812 4891 3901 4944 Dei

2323 4983 2512 5040 diﬂ‘nsa
2561 4995 2639 5038 cst
2673 4985 2723 5037 iu
2751 4985 3003 5038 cordibus
3049 4984 3252 5037 nostris
3275 5022 3289 5047 ,
3326 4996 3424 5051 per
3465 4980 3731 5049 Spiritum
3771 4995 3900 5033 san-

2361 5085 2370 5092 .
2581 5074 2592 5085 ⁹
2643 5074 2775 5092 Ινικμ
2819 5082 2887 5092 --ι
2997 5073 3046 5090 Ι·
3114 5072 3174 5090 ιη
3249 5088 3254 5089 .
3312 5071 3362 5090 -.\
3483 5069 3560 5090 11.,
3589 5071 3632 5090 .I-
3679 5069 3819 5090 __.--2

3035 5073 3046 5084 '
3114 5072 3174 5090 ιη
3249 5088 3254 5089 .
3312 5071 3362 5090 -.\
3483 5071 3560 5090 11.,
3589 5071 3632 5090 .I-
3679 5084 3775 5090 κ--
3807 5071 3871 5090 2—.-
