4062 5352
367 490 634 552 ιιιιειιτλε
669 487 844 530 IUSTE
881 489 1269 530 CORREG'HONIS
1311 487 1617 526 RESPONDET
1650 488 1662 526 ζ

293 564 427 625 ΕΠ».
471 565 583 623 VII.
620 566 725 622 Nec
771 567 997 622 tacenda
1043 577 1170 621 sunt
1217 566 1355 622 mala
1409 563 1668 634 proximi,
1713 579 1811 618 nec

224 658 623 712 consentienda
655 655 786 710 :sed
827 654 1090 710 charitate
1120 654 1353 708 fraterna
1379 653 1430 707 in
1464 653 1656 706 faciem
1690 668 1813 722 pro-

229 748 408 801 ximus
429 747 838 815 redarguendus
860 754 960 807 est,
987 761 1092 799 non
1119 753 1297 797 autem
1327 746 1374 797 ei
1402 745 1614 798 occulte
1639 747 1815 798 detra-

229 836 488 890 hendum.
541 835 694 903 Quod
740 835 784 889 si
813 834 1101 904 obiicitur:
1139 833 1339 888 idcirco
1371 831 1594 888 fratrem
1625 848 1810 888 coram

230 926 401 980 oculis
434 926 720 995 increpare
746 923 902 988 nolo,
945 938 1013 978 ne
1043 931 1396 992 exasperatus
1439 923 1811 986 correctione,

230 1035 338 1076 non
366 1020 654 1091 proﬁciat,
706 1019 799 1075 sed
834 1018 1005 1088 magis
1041 1033 1106 1072 ex
1134 1015 1472 1072 correctione
1501 1015 1813 1070 scandalum

228 1119 434 1176 sumat,
452 1114 697 1168 occurrit
715 1111 894 1166 divina
920 1110 1224 1182 Scriptura,
1247 1118 1300 1164 et
1321 1124 1474 1165 versa
1498 1109 1615 1163 vice
1645 1109 1818 1178 magis

231 1202 553 1271 scandalum
609 1202 894 1260 denuntiat
949 1202 1183 1257 dicens:
1230 1219 1247 1253 ‹
1302 1199 1510 1255 Sedens
1559 1199 1818 1254 adversus

232 1283 644 1354 fratrem‘tuium
679 1293 1037 1370 detrahebas,
1069 1301 1122 1347 et
1146 1291 1409 1348 adversus
1434 1291 1600 1344 tilium
1632 1291 1820 1347 matris

231 1396 337 1440 tua:
365 1386 612 1456 ponebas
646 1376 961 1440 scandalum
1009 1381 1186 1455 (Paul.
1226 1380 1397 1451 χιιι).
1429 1400 1448 1432 ι
1483 1379 1650 1450 Magis
1673 1379 1817 1435 enim

230 1479 548 1532 scandalum
583 1478 748 1532 sumit
799 1478 890 1546 qui
937 1476 1040 1533 sibi
1101 1475 1473 1530 detrahentem
1527 1470 1817 1541 intelligit,

228 1583 396 1637 quam
427 1569 522 1640 qui
559 1567 946 1637 corripientem
986 1566 1238 1621 sustinet.
1291 1565 1357 1620 Et
1395 1564 1520 1634 quia
1575 1577 1823 1617 nonnun-

232 1673 398 1727 quam
425 1669 608 1712 errata
634 1655 1059 1726 delinquentium
1086 1656 1152 1710 ad
1179 1665 1388 1726 tempus
1418 1655 1644 1724 tegenda
1675 1660 1818 1712 sunt.

235 1759 295 1802 ut
325 1749 525 1820 aptiuri
575 1759 818 1820 tempore
854 1749 1228 1819 corrigantur,
1269 1756 1551 1818 pr0pterea
1597 1743 1822 1813 subjun-

232 1841 384 1913 gitur
417 1860 434 1898 :
469 1860 488 1893 ι
511 1841 638 1898 Haec
677 1841 852 1897 fecisti
879 1849 934 1896 et
967 1842 1130 1896 tacui.
1166 1859 1184 1894 ι
1248 1839 1323 1894 Ne
1371 1849 1554 1894 autem
1598 1854 1667 1894 ex
1717 1838 1820 1892 hoc
1855 1835 1894 1893 Β
1925 1852 2096 1894 suum
2122 1839 2812 1906 cstorationostra;altare
2839 1856 2979 1898 vero.
2997 1851 3242 1896 nostrum
3264 1852 3351 1901 est
3380 1858 3498 1900 cor.
3596 1874 3604 1880 -

236 1934 482 1989 discreto
513 1933 732 1988 silentio
762 1933 1096 1988 detractores
1123 1930 1226 1986 sibi
1257 1929 1646 2001 applauderent
1671 1967 1688 1994 ,
1731 1927 1822 1997 qui

235 2025 366 2078 dum
399 2039 614 2095 semper
649 2023 860 2080 occulte
899 2023 1160 2092 derogare
1191 2022 1429 2084 malunt,
1462 2035 1736 2090 nunquam
1770 2019 1823 2073 in

233 2125 484 2184 apertam
515 2113 936 2184 increpationem
970 2112 1286 2181 prosiliunt,
1341 2111 1516 2166 adhuc
1557 2107 1818 2165 subinfer-

237 2216 330 2260 tur
358 2224 372 2259 :
400 2225 420 2256 ι
460 2204 798 2260 Existimasti
835 2204 1020 2273 inique
1058 2204 1198 2272 quod
1241 2217 1334 2257 cro
1363 2201 1436 2254 tni
1471 2199 1682 2255 similis.
1708 2219 1726 2252 ι
1749 2201 1826 2255 Ac

236 2297 286 2350 si
340 2297 616 2352 diceretur
635 2296 916 2366 :lniquum
943 2305 1030 2350 est
1054 2294 1291 2366 cogitare
1319 2302 1375 2347 ut
1407 2293 1532 2347 inde
1553 2291 1828 2346 detractor

234 2388 439 2444 similis
467 2403 797 2460 appaream:
826 2386 966 2441 unde
992 2387 1057 2440 ad
1091 2394 1305 2456 tempus
1342 2383 1576 2438 reticens
1595 2423 1610 2447 ,
1644 2382 1824 2436 locum

240 2489 390 2550 apta:
421 2479 777 2534 correctionis
805 2486 1080 2548 exspecto.
1109 2477 1260 2533 Unde
1285 2485 1339 2531 et
1361 2475 1611 2545 protinus
1641 2473 1827 2528 subdi-

241 2580 335 2624 tur
361 2587 376 2625 :
416 2589 436 2623 ‹
469 2572 704 2640 Arguam
736 2579 807 2635 te,
830 2577 886 2624 et
909 2577 1146 2622 statuam
1163 2577 1357 2622 contra
1385 2565 1577 2621 faciem
1601 2572 1746 2620 tuam
1773 2580 1822 2629 ς»

238 2662 412 2716 veluti
437 2662 711 2717 diceretur
746 2658 905 2714 :Non
939 2660 993 2713 in
1048 2657 1285 2724 occulto,
1338 2665 1396 2711 ut
1453 2666 1541 2709 tua
1598 2669 1827 2709 consuc-

240 2752 377 2806 tudo
401 2764 523 2816 est,
594 2751 690 2806 sed
729 2751 782 2805 in
836 2759 1026 2820 aperto
1053 2791 1067 2814 ,
1105 2760 1165 2804 ut
1209 2765 1326 2804 mea
1379 2759 1462 2802 est
1499 2747 1830 2801 consuetudo

238 2854 433 2914 aptum
491 2852 700 2913 tempus
751 2843 1078 2914 corripiendi
1118 2851 1440 2912 exspectans
1487 2847 1829 2909 peecatorem

239 2949 504 3003 arguam,
547 2943 603 2988 et
642 2930 762 3002 ejus
787 2931 982 2988 delicta
1026 2941 1215 2986 contra
1263 2930 1460 2983 faciem
1507 2927 1650 2982 illius
1714 2934 1830 2980 sta-

244 3034 421 3079 tuam.
467 3024 557 3090 At,
593 3023 815 3092 iniquis,
862 3038 968 3076 non
1012 3022 1164 3086 odio,
1205 3021 1298 3076 sed
1349 3035 1510 3083 amo,
1547 3033 1707 3088 quem
1756 3017 1829 3070 ita

245 3121 302 3174 in
331 3118 666 3174 absconditis
692 3117 996 3188 dijudicans
1029 3113 1382 3184 reprehendo.
1419 3113 1483 3166 Et
1527 3125 1628 3180 ego
1671 3127 1683 3163 :
1715 3107 1828 3164 Ιωο

1056 361 1144 420 DE
1171 359 1554 420 CONFLICTU
1597 358 1930 419 VITIORUM
1969 359 2203 428 ATQUE
2247 358 2631 416 VIRTUTUM.

3389 360 3496 418 566

1843 482 1881 535 Α
1917 484 2038 537 tur,
2074 493 2091 524 ι
2138 472 2195 528 Si
2246 489 2352 526 non
2381 473 2780 542 eon'.patimnr,
2810 489 2909 529 nec
2947 474 3436 545 conregnabimus?
3473 497 3492 530 ι

1917 563 2087 635 (Tim.
2147 566 2239 636 tt.)
2301 565 2640 634 Quapmpter
2689 566 3002 620 retundendi
3063 578 3190 622 sunt
3236 569 3329 624 ira:
3392 571 3498 624 sti-

1918 656 2065 718 muli,
2102 666 2156 710 et
2193 655 2306 723 ejus
2344 656 2631 710 metuenda
2680 656 2973 712 damnatio.
3009 657 3064 712 Si
3096 660 3315 728 quidem
3347 681 3365 714 ι
3401 661 3496 732 qui

1917 747 2173 802 irascitur
2220 747 2376 802 fratri
2429 762 2527 802 suo
2583 762 2707 802 reus
2755 748 2860 802 erit
2891 747 3130 816 judicio;
3174 752 3263 820 qui
3307 762 3493 807 autem

1919 836 2116 891 dixerit
2155 835 2308 890 fratri
2364 852 2462 891 suo
2513 837 2713 902 racha,
2763 853 2888 892 reus
2931 839 3036 893 erit
3081 841 3342 906 consilio;
3391 845 3482 912 qui

1919 938 2097 982 autem
2126 929 2344 992 dixerit,
2372 931 2538 992 fatue,
2567 944 2689 983 rcus
2713 930 2818 983 erit
2841 930 3100 997 gehennae
3124 931 3497 1004 ignis(Muttlt.

1920 1015 1992 1088 v).
2019 1037 2035 1067 ι
2081 1017 2180 1073 Ubi
2225 1029 2405 1072 autem
2459 1019 2753 1073 remedium
2803 1020 3098 1085 invenitur,
3137 1031 3283 1091 patet
3327 1039 3392 1076 cx
3433 1040 3499 1079 eo

1919 1111 2060 1181 quod
2093 1112 2380 1167 subditur:
2419 1133 2436 1163 ι
2469 1110 2525 1166 Si
2557 1111 2718 1168 offers
2772 1128 2967 1168 munus
3007 1121 3156 1168 tuum
3202 1117 3268 1169 aJ
3302 1117 3496 1180 altare,

1920 1203 2074 1259 et'ibi
2126 1205 2436 1259 recordatus
2467 1203 2634 1263 fueris
2676 1205 2802 1285 quia
2837 1205 3008 1260 frater
3043 1215 3165 1261 tuus
3214 1207 3300 1261 hal
3323 1217 3377 1262 et
3404 1209 3502 1262 ali—

1920 1293 2048 1369 quid
2078 1293 2365 1348 adversum
2409 1301 2493 1359 te,
2540 1293 2781 1363 relinque
2818 1295 2890 1348 ibi
2935 1310 3132 1356 munus
3181 1305 3330 1352 tuum
3375 1309 3503 1352 ante

1922 1386 2114 1450 altare,
2139 1396 2191 1441 et
2219 1387 2354 1441 vade
2381 1387 2721 1442 reconciliari
2752 1387 2903 1456 prius
2943 1386 3096 1444 fratri
3129 1399 3242 1454 tuo,
3288 1399 3340 1444 et
3377 1398 3506 1444 tunc

1922 1478 2144 1534 veniens
2189 1477 2385 1534 offeres
2429 1495 2626 1534 munus
2669 1487 2828 1538 tuum.
2871 1478 3088 1548 (Matth.
3135 1488 3221 1548 v).
3259 1501 3276 1532 ι
3331 1483 3406 1536 Ac
3459 1482 3504 1536 si

1923 1569 2228 1623 diceretur:
2265 1567 2375 1622 Nec
2427 1569 2479 1622 in
2520 1570 2684 1622 corde
2733 1569 2962 1633 tacitam.
2986 1585 3202 1638 precem
3238 1570 3507 1636 effundas,

1925 1659 2024 1712 nisi
2056 1658 2205 1728 prius
2237 1658 2517 1725 offensum,
2555 1659 2858 1728 proximum
2895 1657 3277 1726 satisfaciendo
3317 1663 3385 1715 ad
3431 1663 3510 1716 lc-

1926 1749 2112 1803 nitatis
2149 1750 2622 1812 mansuetudinem
2657 1749 2941 1830 perducas.
2989 1749 3182 1809 Munus
3225 1752 3369 1806 enim
3411 1767 3511 1806 no-

1927 1928 2017 1983 llle
2053 1939 2233 1983 autem
2283 1929 2373 1998 qui
2424 1930 2525 1984 hoc
2569 1927 2749 1985 facere
2785 1930 3018 2000 (quoties
3058 1931 3204 1990 inter
3251 1932 3386 1986 duos
3425 1932 3506 1987 ira

1925 2018 2087 2074 fuerit
2141 2019 2406 2086 excitata)
2462 2019 2766 2086 studuerit,
2818 2020 3154 2090 prmmissam
3209 2020 3510 2079 damnatio-

1927 2129 2049 2167 nem
2098 2127 2438 2183 nequaquam
2484 2111 2730 2168 incurrit.
2775 2111 2879 2166 Sed
2915 2122 3044 2167 sunt
3081 2113 3235 2167 mulli
3271 2115 3361 2183 qni
3416 2131 3511 2187 pec

1929 2206 2062 2262 lenti
2112 2206 2228 2269 sibi
2257 2205 2498 2268 veniam,
2551 2203 2744 2259 delicta
2799 2220 2906 2259 non
2957 2205 3260 2264 remittunt.
3308 2205 3512 2261 Contra

1926 2310 2064 2365 quos
2091 2294 2180 2348 illa
2214 2294 2424 2349 Domini
2472 2294 2741 2348 sententia
2776 2295 2944 2359 venit,
2988 2309 3095 2364 qua
3133 2295 3368 2353 dicitur:
3405 2313 3426 2347 ι
3453 2295 3512 2350 Si

1929 2402 2034 2440 non
2065 2385 2382 2440 remiseritis
2409 2384 2718 2440 hominibus
2741 2396 2964 2454 peccata
2989 2401 3208 2452 eorum,
3227 2401 3328 2443 nec
3350 2387 3516 2444 Pater

1932 2489 2114 2532 vester
2135 2477 2372 2534 etelestis
2401 2478 2637 2540 remittet
2664 2461 2816 2532 vobis
2843 2487 3060 2547 peccata
3089 2488 3268 2537 vestra
3296 2478 3510 2551 (Matth.

1929 2583 1978 2620 Vl
1997 2568 2034 2633 ).
2067 2587 2085 2620 ι

2000 2657 2157 2720 Plura
2196 2667 2342 2724 sunt,
2374 2659 2578 2729 inquis,
2609 2673 2729 2728 qua:
2758 2657 3079 2726 committit,
3099 2668 3154 2718 et
3194 2675 3280 2715 me
3317 2661 3514 2732 saepius

1929 2746 2171 2803 offendit.
2210 2749 2292 2802 Ad
2323 2749 2436 2802 haec
2465 2764 2570 2802 non
2598 2763 2716 2818 ego,
2761 2748 2854 2802 sed
2891 2748 3151 2806 Dominus
3180 2750 3470 2819 respondet
3496 2768 3512 2806 :

1931 2840 2064 2895 Nam
2093 2856 2216 2896 cum
2264 2839 2458 2896 Petrus
2491 2841 2557 2894 ad
2592 2856 2714 2894 enm
2747 2839 2993 2894 diceret:
3039 2857 3059 2891 ι
3100 2840 3324 2908 Quoties
3380 2858 3512 2912 pec-

1931 2934 2076 2989 cabit
2120 2935 2172 2990 in
2213 2947 2300 2989 me
2338 2933 2507 2988 frater
2552 2946 2728 2996 meus,
2761 2931 3033 2987 dimittam
3079 2931 3154 2986 illi
3202 2947 3372 3002 usque
3423 2949 3510 2988 se-

1932 3024 2103 3095 pties?
2125 3045 2143 3076 ι
2192 3024 2285 3078 llle
2315 3023 2384 3078 ad
2411 3036 2574 3077 cum:
2612 3041 2629 3073 ι
2658 3021 2776 3078 Non
2807 3021 3082 3086 dicotibi,
3114 3022 3312 3091 inquit,
3344 3036 3518 3093 usque

1932 3115 2154 3186 septies,
2180 3115 2273 3169 sed
2304 3129 2474 3184 usque
2494 3113 2802 3184 septuagies
2825 3112 3024 3184 septies
3050 3112 3268 3185 (Matth.
3290 3116 3470 3188 xvm).
3492 3135 3511 3168 ι

241 3211 424 3282 magis
450 3211 578 3266 hinc
605 3211 748 3276 odis,
777 3219 833 3264 et
859 3224 966 3263 non
993 3207 1191 3278 diligis,
1212 3205 1352 3260 unde
1375 3203 1618 3258 detrahis
1643 3211 1698 3256 et
1721 3216 1828 3262 non
1858 3198 1902 3259 C
1933 3206 2106 3274 Quam
2152 3206 2308 3261 multi
2353 3216 2532 3261 autem
2582 3214 2708 3260 sunt
2763 3205 2856 3276 qui
2911 3220 3039 3262 suas
3089 3205 3317 3275 injurias
3363 3208 3520 3264 tarde

243 3305 499 3374 corripis.
534 3303 706 3372 Quam
747 3303 819 3358 sit
845 3310 1024 3355 autem
1056 3299 1363 3354 detestanda
1398 3296 1673 3355 detractio
1708 3310 1830 3364 pro-

243 3393 426 3459 ximi,
472 3393 745 3462 plerisque
777 3392 829 3446 in
877 3391 1009 3446 locis
1044 3390 1253 3460 eloquia
1300 3389 1477 3443 divina
1522 3395 1828 3452 testantur,

243 3484 396 3540 unde
439 3493 525 3540 est
577 3483 746 3538 illud:
785 3501 805 3534 ι
833 3482 1212 3538 Detrahcntem
1240 3481 1500 3534 adversus
1524 3479 1830 3550 proximum

245 3592 410 3632 suum
433 3575 664 3640 occulte,
689 3575 835 3630 hunc
862 3573 1226 3644 persequebar
1245 3569 1414 3641 (Paul.
1433 3570 1508 3641 c),
1528 3588 1546 3622 ι
1573 3569 1639 3623 Ει
1666 3568 1827 3623 illud:

251 3687 273 3720 ι
304 3667 408 3735 Qui
438 3667 673 3722 detrahit
702 3664 857 3720 fratri
879 3663 1241 3720 cradicabitnr
1280 3660 1488 3731 (Iacob.
1521 3659 1619 3728 ιν).
1652 3678 1670 3711 ι
1724 3657 1832 3712 Nec

245 3775 357 3814 non
379 3767 440 3813 et
467 3757 596 3811 illud
627 3755 850 3827 apostoli
884 3753 1028 3808 Pauli
1053 3771 1082 3807 τι
1103 3771 1122 3803 t
1153 3749 1343 3806 Videte
1371 3751 1566 3804 nedum
1600 3747 1830 3803 invicem

247 3849 539 3915 inordetis,
567 3849 639 3904 ab
669 3848 899 3903 invicem
924 3843 1317 3901 consumamini
1347 3839 1548 3914 (Colat.
1581 3839 1656 3912 v).
1692 3861 1709 3891 ι

898 3953 982 3992 IBA
1025 3952 1198 3991 DICITZ

319 4035 455 4103 Quae
478 4048 608 4104 erga
640 4040 693 4088 te
719 4041 970 4102 aguntur,
1006 4027 1384 4101 aequanimiter
1411 4025 1541 4082 ferri
1574 4041 1679 4081 non
1707 4040 1834 4096 pos-

249 4135 382 4182 sunt
421 4143 436 4180 :
474 4127 590 4181 hac
641 4123 916 4194 patienter
963 4122 1224 4188 tolerare,
1247 4127 1526 4190 peccatum
1573 4126 1677 4172 est.
1706 4117 1836 4184 Quae

247 4219 358 4274 etsi
397 4234 504 4272 non
554 4217 636 4272 eis
679 4231 802 4272 eum
843 4230 1036 4285 magna
1086 4211 1499 4283 exasperatione
1541 4210 1832 4274 resistitur,

249 4319 446 4365 contra
478 4319 532 4363 te
563 4307 818 4376 deinceps
846 4305 962 4360 sine
995 4317 1248 4358 mensura
1283 4300 1649 4356 cumulantur.
1728 4307 1730 4309 ’

719 4412 911 4458 ΡΔΪΙΕΝ
921 4412 1006 4458 ΠΛ
1045 4407 1348 4455 RESPONDET
1374 4405 1390 4446 ἶ

327 4493 459 4550 Ωιι).
492 4491 624 4546 Vlll.
658 4489 716 4544 Si
744 4488 924 4560 passio
969 4483 1346 4556 Redemptoris
1372 4483 1436 4538 ad
1479 4490 1716 4540 mentem
1748 4496 1838 4537 re-

1933 3297 2196 3364 relaxant,
2231 3297 2324 3352 Dei
2357 3312 2485 3352 vero
2503 3296 2668 3359 citius
2697 3297 2976 3372 indulgent
3001 3296 3210 3368 :fitque
3267 3312 3520 3354 ncnnun-

1933 3405 2094 3460 quam
2153 3397 2212 3444 ut
2268 3389 2555 3444 occasione
2619 3388 2830 3448 Domini
2889 3387 3116 3458 injurias
3175 3389 3515 3456 vindicandi,

1936 3495 2066 3534 snas
2095 3479 2371 3534 vindicant
2401 3479 2548 3534 irati.
2576 3480 2714 3547 Quid
2751 3495 2965 3552 quoque
2994 3483 3059 3537 de
3089 3483 3194 3538 illis
3228 3485 3514 3540 dicendum

1932 3579 2036 3634 est,
2077 3572 2167 3642 qui
2202 3571 2382 3627 furore
2417 3574 2678 3628 caecitatis
2708 3589 2880 3645 usque
2916 3578 2982 3630 ad
3027 3579 3189 3633 verba
3247 3591 3518 3650 proruunt

1934 3662 2346 3726 maledictionis,
2384 3663 2485 3719 nisi
2515 3665 2617 3720 hoc
2648 3666 2789 3734 quod
2817 3667 3106 3738 Apostolus
3130 3671 3246 3726 ait:
3280 3693 3299 3724 ‹
3329 3673 3516 3743 Neque

1934 3754 2183 3810 maledici
2243 3769 2468 3832 regnum
2525 3757 2621 3812 Dei
2685 3758 3122 3830 possidebunt?»
3170 3762 3234 3834 (Ι
3264 3762 3385 3820 Cor.
3416 3768 3518 3839 vn.)

1935 3846 2089 3914 Quod
2115 3845 2347 3900 Jacobus
2368 3849 2741 3920 exaggerando
2770 3850 3043 3906 detestans
3067 3853 3143 3906 ait
3168 3870 3182 3907 :
3213 3871 3232 3905 α
3254 3854 3516 3926 Linguam

1935 3935 2114 3988 nullus
2145 3935 2422 3989 hominum
2457 3945 2636 4005 potest
2665 3937 2887 3992 domare
2913 3957 2926 3992 :
2959 3939 3258 4008 inquietum
3288 3945 3516 4011 malum,

1935 4026 2150 4098 plenum
2194 4041 2403 4082 veneno
2432 4025 2729 4086 mortifero.
2760 4027 2815 4084 In
2855 4029 2967 4098 ipsa
3013 4030 3385 4089 benedicimus
3417 4037 3523 4092 Do-

1939 4116 2145 4170 minum
2169 4124 2226 4170 et
2255 4125 2485 4193 patrem,
2520 4125 2574 4170 et
2603 4116 2655 4171 in
2704 4118 2816 4186 ipsa
2849 4119 3224 4178 maledicimus
3249 4122 3521 4184 homines.

1938 4210 2030 4280 qui
2078 4208 2143 4262 ad
2175 4208 2582 4262 similitudinem
2628 4207 2722 4269 Dei
2759 4209 2885 4265 facti
2937 4221 3083 4266 sunt.
3131 4212 3211 4268 Ex
3260 4215 3378 4284 ipso
3421 4233 3519 4275 ore

1939 4301 2184 4376 procedit
2209 4299 2514 4356 benedictio
2550 4311 2606 4355 et
2642 4302 2976 4359 maledictio.
3007 4301 3122 4358 Non
3154 4315 3367 4376 oportet
3413 4307 3524 4367 fra.

1941 4405 2053 4451 tres
2084 4393 2187 4448 mei
2221 4393 2336 4447 hate
2364 4392 2437 4447 ita
2465 4392 2602 4448 fieri.
2636 4392 2889 4464 Nunquid
2920 4394 3041 4451 fons
3069 4396 3136 4451 de
3156 4399 3348 4454 eodem
3375 4399 3517 4457 fora-

1941 4487 2086 4542 mine
2107 4493 2324 4540 emanat
2348 4484 2558 4539 dulcem
2587 4493 2644 4540 et
2683 4500 2923 4539 amaram
2947 4488 3178 4556 aquam?
3203 4507 3221 4539 ι
3249 4487 3390 4560 (Jac.
3416 4491 3524 4560 ιιι.)

255 4584 496 4644 dudm".
527 4579 662 4635 nihil
716 4546 825 4632 “im
856 4577 1074 4641 άίιΐυηιν
1120 4574 1261 4644 (ιιιοά
1308 4589 1415 4632 ηοη
1453 4587 1608 4646 ωαυο
1653 4572 1838 4628 animo
1863 4546 1918 4608 υ
1947 4579 2059 4634 Hac
2088 4579 2154 4635 de
2187 4594 2350 4638 causa
2387 4577 2512 4632 alibi
2542 4579 2706 4634 etiam
2739 4579 2938 4634 dicitur
2963 4598 2976 4634 :
2997 4546 3032 4632 ⁵‹
3060 4579 3202 4640 Mors
3233 4546 3292 4646 έι
3321 4585 3426 4640 vita

258 4675 538 4729 toleretur.
572 4690 590 4723 ι
617 4669 869 4726 Christus
897 4667 1062 4730 enim,
1097 4674 1151 4718 ut
1181 4664 1259 4718 ait
1289 4663 1508 4729 Petrus,
1541 4679 1735 4734 passus
1759 4672 1844 4720 est

257 4779 358 4835 pro
398 4760 575 4823 nobis,
602 4759 916 4828 relinquens
965 4755 1121 4815 nobis
1167 4753 1499 4823 exem‘plum,
1546 4762 1609 4808 ut
1641 4767 1841 4823 sequa-

257 4869 386 4910 mur
427 4851 654 4923 vestigia
705 4847 823 4917 ejus
873 4846 923 4916 (Ι
961 4846 1101 4903 Patr.
1129 4853 1212 4915 ιι).
1240 4864 1258 4897 ι
1294 4845 1414 4913 Ipse
1461 4843 1605 4898 enim
1655 4843 1838 4901 dixit:

266 4966 284 4997 ι
313 4945 372 5000 Si
401 4942 853 5016 patremfamilias
904 4938 1204 4998 Beelzebub
1236 4946 1588 5003 vocaverunt,
1640 4945 1843 5006 quanto

264 5036 439 5106 magis
495 5037 823 5090 domesticos
877 5031 1036 5100 eius?
1079 5049 1096 5080 ι
1127 5027 1342 5098 (Matth.
1384 5027 1462 5097 χ.)
1529 5027 1596 5085 Et
1643 5027 1749 5082 alio
1792 5028 1846 5081 in

265 5127 419 5168 Imm
460 5145 478 5168 ι
510 5124 563 5168 Si
600 5141 688 5168 mp.
732 5122 998 5170 mrsennli
1049 5128 1202 5170 sunt.
1244 5130 1293 5170 et
1325 5134 1422 5170 vos
1457 5130 1848 5170 persequentur

1946 4672 2196 4727 manibus
2227 4669 2422 4741 lingua:
2448 4668 2629 4742 (Prov.
2655 4670 2854 4741 xvnn).
2880 4688 2898 4721 ι

2497 4774 2796 4814 PROTERV'IA
2837 4775 2986 4821 DIC]?
3013 4779 3026 4817 ζ

2017 4851 2267 4921 Nunquid
2317 4852 2526 4914 stultis,
2577 4851 2817 4920 nunquid
2871 4851 3188 4914 insensatis,
3239 4867 3301 4908 ac
3350 4853 3524 4912 brutis
3564 4873 3575 4881 ε

1947 4944 2270 5000 animalibus
2299 4943 2440 4998 lenia
2474 4941 2659 5004 verba,
2685 4950 2740 4997 et
2768 4955 2874 5000 non
2908 4943 3082 5016 magis
3109 4944 3408 5011 asperrima
3439 4946 3523 5015 (ut

1954 5035 2150 5090 talibus
2173 5035 2326 5088 decet
2350 5032 2474 5086 dum
2506 5030 2845 5105 delinquunt)
2870 5031 3173 5100 obiicienda.
3203 5035 3363 5091 sunt?

2359 5136 2710 5172 HANSUETUDO
2750 5137 2948 5172 BESP-ON
2957 5140 3059 5172 [il-11‘
3093 5142 3106 5172 2
