4062 5352
592 260 695 314 56⁸2

1675 253 1735 311 8.
1772 251 2017 310 LEONIS
2052 252 2120 308 IX
2155 250 2358 307 ΡΑΡᾹΞ
2395 249 2789 307 OPUSCULA.

3772 253 3883 310 568‘

590 401 711 441 esse
739 387 805 439 ad
835 399 1024 440 omnes
1051 403 1065 439 :
1093 385 1369 441 doctorem
1401 386 1716 456 patientem,
1748 402 1869 441 cum
1903 385 2168 440 modestia
2199 404 2245 458 Α
2281 392 2581 453 temporum
2610 385 2867 454 proponis
2900 384 3106 455 spatia?
3137 383 3387 456 Nunquid
3416 386 3524 442 scis
3551 386 3597 441 si
3631 388 3873 442 crastina

588 462 974 549 corripientem
1001 494 1094 533 eos
1116 478 1208 549 qui
1241 478 1519 534 resistunt.
1544 498 1561 529 ι
1604 478 1944 549 Rursumque
1972 496 1985 532 :
2024 497 2043 529 ι
2077 479 2178 531 Ar-

592 560 718 639 gue,
742 570 991 634 obsecra,
1018 569 1259 639 increpa,
1291 570 1342 623 in
1376 569 1523 622 omni
1564 570 1823 638 patientia
1850 578 1905 623 et
1931 569 2175 623 doctrina

588 657 687 729 (ll
731 656 865 711 Tim.
910 658 1017 730 tv).
1051 677 1069 711 ι
1132 657 1286 725 Quod
1325 656 1577 712 videlicet
1629 658 1829 712 malum
1865 660 2177 729 proterviar,

587 748 829 807 deterius
862 751 1039 804 adhuc
1082 750 1312 806 subditis
1349 765 1509 817 quam
1542 748 1781 820 prmlatis
1830 759 2012 805 nocet.
2063 751 2177 806 Sae-

582 845 709 915 pius
738 845 881 900 enim
914 846 1143 916 contigit
1169 854 1225 899 ιιι
1256 844 1452 899 leniter
1477 861 1540 897 ac
1582 860 1704 898 cum
1740 844 2027 900 charitatis
2057 845 2174 900 dul-

580 934 774 992 cedine
806 937 1069 1007 prolatam
1118 936 1517 992 correctionem
1561 948 1843 1007 Spel‘ttttltl,
1887 947 1940 992 et
1980 948 2171 994 contra

579 1028 905 1082 humilitatis
956 1029 1158 1093 verba,
1216 1028 1585 1098 despectiouis
1650 1029 1903 1084 emittant
1964 1028 2169 1098 jacula.

582 1116 737 1172 Uade
763 1117 1026 1189 scriptum
1052 1129 1131 1174 cst
1160 1137 1173 1173 :
1204 1139 1221 1171 ι
1243 1119 1343 1186 Qui
1372 1119 1553 1189 arguit
1577 1120 1898 1186 derisorem,
1928 1120 2042 1192 ipse
2068 1121 2171 1177 sibi

578 1200 710 1262 facit
735 1207 1009 1277 iniuriam.
1036 1230 1055 1262 ι
1087 1209 1204 1278 Quo
1240 1220 1428 1266 contra
1456 1212 1522 1266 de
1553 1209 1642 1265 illo
1667 1212 1758 1281 qui
1793 1227 1892 1283 per
1921 1214 2171 1285 increpu-

583 1300 785 1353 t;ouem
817 1300 1050 1368 prolicit,
1084 1300 1319 1355 dicitur:
1356 1320 1376 1351 ο
1403 1301 1582 1371 Argue
1611 1302 1908 1371 sapientem
1936 1314 1985 1358 et
2020 1321 2170 1359 ama-

577 1387 660 1441 bit
693 1396 744 1442 te
775 1386 960 1458 (I‘ror.
987 1391 1086 1460 ix).
1112 1410 1130 1443 ι

1170 1496 1355 1535 τυιιοιι
1394 1497 1541 1537 DICI‘I‘
1570 1500 1583 1535 ἒ

649 1564 866 1624 Testem
908 1569 1078 1625 habes
1122 1570 1289 1625 Deum
1336 1571 1389 1625 in
1435 1571 1609 1637 cmlis,
1648 1588 1753 1627 non
1789 1572 1884 1628 tibi
1920 1574 1991 1630 sit
2025 1591 2167 1631 curae

578 1659 705 1727 quid
731 1659 798 1714 de
823 1668 882 1715 te
901 1661 1248 1731 suspicentur
1273 1662 1519 1717 homines
1546 1663 1598 1717 in
1629 1664 1813 1718 terris.

877 1765 1097 1806 ﬂUMILlS
1129 1766 1478 1808 SATISFAC'I'IO
1519 1769 1824 1810 IIESPONDET
1854 1773 1866 1807 ε

598 1848 601 1851 ’
646 1839 775 1896 CAP.
808 1840 875 1896 Χ.
908 1840 1023 1897 Νοιι
1071 1852 1152 1897 est
1184 1842 1359 1898 danda
1394 1843 1713 1900 detrahendi
1763 1847 1999 1913 occasio,
2052 1863 2159 1903 non

578 1934 900 1989 susurrandi
945 1934 1199 2003 suspicio,
1232 1936 1328 1989 sed
1372 1935 1417 1989 si
1477 1936 1675 1990 adsunt
1723 1952 1844 2007 qua:
1880 1937 2161 2007 corrigan-

579 2036 688 2087 tur,
723 2024 1141 2091 mauil’estanda,
1180 2034 1275 2080 aut
1302 2036 1450 2081 certe
1486 2026 1533 2082 si
1568 2027 1783 2094 desunt,
1818 2028 2007 2084 humili
2038 2047 2164 2100 pro-

573 2112 1118 2185 tcstalioneneganda
1138 2132 1151 2169 :
1169 2115 1295 2185 quia
1321 2122 1377 2171 et
1396 2114 1686 2186 Apostolus
1698 2127 1900 2185 monet,
1919 2137 1939 2170 ς
1962 2119 2160 2175 nullam

576 2208 919 2263 occasionem
958 2210 1087 2263 dare
1131 2210 1348 2266 diabolo
1399 2209 1674 2266 maledicti
1727 2212 1899 2283 gratia
1950 2212 2003 2284 (Ι
2034 2212 2156 2267 Cor.

572 2298 715 2371 \tlt).
743 2320 760 2352 ι
791 2300 945 2367 Quod
990 2300 1152 2356 etiam
1193 2301 1248 2356 in
1280 2302 1388 2358 illis
1429 2302 1729 2359 detestatus
1751 2314 1856 2372 est,
1888 2306 1978 2375 qui
2006 2305 2161 2361 Chri-

571 2392 804 2447 stianam
840 2392 1000 2449 ﬁdem
1043 2403 1348 2462 censentes,
1382 2395 1434 2450 in
1462 2394 1620 2452 idolis
1655 2396 1722 2450 ad
1758 2397 2156 2453 comedendum

571 2481 983 2550 recuuibcbant,
1005 2493 1061 2539 et
1083 2499 1395 2555 quanquam
1426 2485 1599 2554 ipsum
1629 2485 1830 2542 idolum
1860 2503 1959 2558 pro
1988 2486 2159 2543 nihilo

573 2573 853 2642 ducentes,
890 2575 1169 2655 immolata
1198 2578 1352 2648 quasi
1382 2578 1630 2633 innoxios
1665 2578 1817 2635 cibos
1844 2591 2153 2645 sumerent;

572 2658 820 2725 inﬁrmas
847 2679 1025 2726 tamen
1050 2669 1282 2725 fratrum
1313 2671 1676 2726 conscientias
1701 2687 1798 2742 per
1819 2672 1923 2727 hoc
1950 2671 2161 2727 factum.

572 2758 641 2814 ad
664 2760 928 2817 nefandos
958 2760 1222 2816 idolorum
1256 2762 1414 2828 ritus,
1449 2760 1756 2817 trahebant.

576 2838 583 2841 ν
1104 2869 1382 2909 TRISTITIA
1419 2871 1565 2909 DICI'I
1600 2873 1615 2909 ἒ

644 2945 782 3015 Quid
831 2944 996 3003 habes
1032 2949 1173 3002 unde
1226 2948 1485 3019 gaudeas,
1514 2965 1656 3017 ⁵υιιιιι
1706 2957 1853 3004 tanta
1904 2949 2046 3005 mala
2086 2952 2153 3009 dc

569 3038 835 3109 proximis
874 3038 1091 3109 portas?
1127 3038 1408 3109 Perpende
1435 3055 1541 3109 quo
1571 3054 1805 3095 maerore
1832 3056 2024 3096 omnes
2069 3041 2153 3095 in-

2281 475 2368 530 die
2407 475 2590 529 vivas?
2622 474 2735 529 lmo
2783 476 2946 532 etiam
2990 478 3037 533 si
3078 477 3163 530 vel
3211 492 3371 531 unam
3420 479 3615 533 horam
3660 478 3717 533 in
3773 480 3875 536 hac

2277 565 2384 619 vita
2415 566 2620 622 facias?
2651 569 2732 623 An
2782 568 2922 624 forte
2952 580 3131 623 mente
3178 569 3399 634 excidit,
3428 571 3571 639 quod
3623 570 3884 627 Salvator

2278 658 2330 713 iu
2364 658 2655 729 Evangelia
2698 659 2831 713 dicit
2868 678 2881 712 :
2920 679 2937 710 ι
2970 659 3222 730 Vigilate,
3257 663 3380 731 quia
3428 662 3657 716 nescitis
3705 663 3874 731 diem,

2276 764 2451 820 neque
2504 750 2694 805 horam
2750 749 2975 821 (Matth.
3011 752 3159 821 nr).
3199 771 3219 803 ι
3270 750 3616 822 Quapropter
3662 754 3873 809 discute

2275 842 2520 912 corporis
2556 842 2846 907 inertiam,
2894 855 3218 913 semperque
3270 852 3563 905 memento,
3599 846 3729 913 quia
3781 858 3868 898 re-

2273 944 2438 1001 gnum
2479 929 2740 986 caelorum
2791 945 2898 985 non
2934 931 3121 1002 tepidi,
3153 946 3326 1002 neque
3368 931 3580 998 molles,
3614 949 3727 986 non
3773 933 3866 988 de-

2272 1023 2450 1089 sides,
2518 1023 2612 1078 sed
2677 1022 2935 1089 violenti,
2991 1023 3211 1094 vimque
3277 1021 3543 1079 facientes
3602 1023 3871 1095 diripiunt

2273 1111 2494 1183 (Matth.
2522 1112 2607 1183 ιι).

2684 1219 2976 1260 υιεξοιιςτλ
3008 1219 3239 1260 νιιςιιτιο
3271 1219 3419 1260 ιιιειτ
3447 1222 3465 1259 τ

2343 1299 2400 1354 Si
2443 1300 2610 1355 Deum
2657 1315 2782 1356 esse
2819 1300 3001 1355 credis
3034 1301 3248 1370 ubique,
3292 1316 3390 1354 cur
3421 1315 3589 1353 unum
3630 1297 3871 1368 singula-

2271 1389 2407 1443 riter
2436 1388 2638 1455 locum,
2664 1405 2771 1460 quo
2796 1398 2941 1442 tanta
2971 1398 3357 1459 perpetrantur
3378 1388 3647 1454 custodis,
3671 1395 3727 1443 et
3758 1401 3873 1444 non

2268 1480 2453 1549 potius
2483 1478 2548 1533 ad
2579 1478 2681 1533 alia
2714 1480 2931 1533 transis.

2617 1585 2930 1625 ετΑιιιιιτΑε
2967 1581 3131 1624 FIRMA
3172 1583 3522 1626 BESI‘ONDET:

2340 1662 2475 1719 Car.
2505 1661 2641 1718 XIII.
2671 1663 2728 1717 Si
2760 1663 2831 1716 ita
2866 1672 2948 1717 est
2975 1670 3033 1716 ut
3072 1663 3294 1727 asscris,
3318 1677 3438 1733 qute
3472 1662 3675 1732 ubique
3698 1661 3865 1715 Deum

2197 1759 2237 1817 Β
2266 1771 2388 1810 esse
2438 1755 2661 1816 fateris,
2700 1767 2830 1824 ergo
2870 1768 2972 1808 nec
3016 1753 3119 1807 iste
3162 1752 3314 1807 locus
3363 1753 3707 1806 deserendus
3744 1760 3869 1815 est,

2266 1861 2426 1917 quem
2475 1843 2660 1915 fugere
2687 1843 2917 1915 appetis,
2962 1843 3089 1913 quia
3127 1853 3181 1898 et
3223 1844 3275 1898 in
3309 1842 3427 1912 ipso
3456 1842 3600 1898 Deus
3651 1851 3760 1897 est.
3796 1843 3869 1896 At

2265 1935 2489 2005 inquis:
2523 1933 2798 1990 Meliorem
2848 1934 3099 2004 inquiro,
3134 1932 3415 1989 meliorem
3463 1933 3707 1987 invenio.
3756 1932 3862 1987 Sed

2264 2040 2364 2094 ego
2392 2023 2694 2094 respondeo
2720 2037 2734 2077 :
2761 2022 3010 2093 Nunquid
3043 2022 3349 2086 meliorem,
3374 2032 3467 2076 aut
3496 2025 3666 2078 etiam
3703 2025 3865 2077 talem

2266 2115 2497 2180 invenis,
2543 2114 2759 2184 qualem
2788 2113 3095 2176 diabolum,
3135 2124 3190 2168 et
3237 2113 3512 2168 hominem
3556 2113 3869 2183 perdidisse

2262 2205 2579 2274 (ognoscis?
2618 2224 2635 2255 ι
2664 2205 2869 2258 lllemor
2893 2214 3011 2260 esto
3034 2206 3217 2276 itaque
3239 2205 3363 2274 quia
3395 2206 3606 2275 primus
3635 2208 3867 2277 angelus

2262 2298 2327 2351 tle
2356 2295 2715 2351 cmlocorruit
2746 2296 2880 2367 (Isti.
2900 2298 3046 2368 xlv);
3080 2316 3097 2349 ι
3138 2316 3156 2348 ι
3183 2305 3236 2351 et
3251 2297 3459 2366 primus
3484 2298 3651 2352 homo
3673 2299 3743 2351 de
3764 2313 3860 2368 pa-

2262 2386 2442 2440 radiso
2465 2384 2724 2456 expulsus
2749 2382 2999 2452 est(Gen.
3024 2388 3138 2457 tu);
3163 2404 3181 2436 ι
3204 2396 3255 2441 et
3284 2385 3350 2440 ad
3369 2399 3673 2440 aerumnam
3699 2385 3867 2455 hujus

2261 2480 2441 2535 szeculi
2470 2478 2736 2552 pervenit.
2774 2479 3024 2542 Attende,
3058 2479 3183 2549 quia
3219 2477 3317 2533 Lot
3360 2478 3630 2534 exercitio
3679 2477 3856 2532 malo-

2261 2586 2380 2625 rum
2435 2570 2695 2641 probatus
2725 2568 2867 2623 inter
2911 2569 3222 2624 Sodomitas
3268 2579 3491 2624 sanctus
3525 2567 3629 2622 fuit
3664 2584 3682 2635 ;
3742 2586 3761 2620 ι
3800 2568 3863 2621 in,

2260 2674 2442 2718 mostc
2492 2675 2671 2718 autem
2722 2663 3013 2719 securitate
3075 2673 3315 2735 torpens,
3362 2665 3667 2729 dcbriatus,
3729 2679 3857 2720 cum

2256 2752 2471 2810 ﬁliabus
2500 2755 2737 2825 peccavit
2772 2754 2925 2826 (Gen.
2960 2756 3093 2827 six).
3146 2776 3167 2809 ι

2333 2845 2487 2911 Quod
2517 2846 2769 2902 videlicet
2801 2846 3105 2916 vagationis
3133 2845 3368 2902 studium
3400 2845 3576 2900 adlmc
3621 2845 3851 2900 alteram

2256 2935 2490 3005 speciem
2523 2937 2733 3000 reddit,
2759 2936 2886 2991 dum
2917 2938 3175 3006 quosdam
3210 2946 3262 2991 et
3294 2937 3348 2991 in
3386 2952 3491 2991 uno
3524 2936 3643 2991 loco
3667 2951 3853 3006 perse-

2258 3042 2513 3085 verantes
2556 3045 2585 3083 a
2624 3030 2958 3100 spiritalibus
3004 3032 3307 3097 retrahens,
3350 3030 3435 3085 vel
3474 3033 3711 3087 terrenis
3752 3046 3855 3086 ne-

570 3132 760 3186 tuendi
789 3129 915 3195 sint,
942 3132 1036 3202 qui
1065 3132 1117 3186 in
1144 3139 1297 3186 tanto
1321 3142 1511 3187 contra
1538 3141 1590 3188 te
1618 3133 1998 3190 amaritudinis
2028 3133 2151 3190 felle

2262 3118 2418 3189 gotiis
2458 3119 2763 3191 implicare,
2797 3121 2883 3175 vel
2915 3120 3075 3176 rebus
3104 3122 3406 3176 utilissimis
3432 3122 3634 3192 satagit
3681 3135 3848 3175 orcu-

572 3240 634 3274 γα
642 3239 763 3276 1⁸5³11
774 3232 827 3275 tu
834 3237 884 3276 τι

892 3327 1169 3368 summus
1201 3327 1439 3369 GAUDIUII
1478 3327 1787 3369 nesroaom
1815 3333 1828 3368 :
1888 3314 1893 3319 ’

642 3402 774 3457 Car.
802 3397 895 3459 XI.
920 3404 1203 3460 Geminam
1228 3421 1348 3460 esse
1383 3405 1658 3461 tristitiam
1694 3406 1839 3472 novi,
1874 3406 1983 3461 imo
2018 3408 2151 3461 duas

572 3510 694 3549 csse
744 3496 989 3551 tristitias
1029 3497 1153 3550 novi
1196 3515 1209 3549 :
1250 3511 1413 3550 uuam
1463 3492 1671 3551 scilicet
1718 3513 1838 3568 qua:
1885 3497 2148 3561 salutem,

566 3582 804 3639 alteram
836 3598 966 3638 vero
1006 3599 1128 3654 quae
1174 3585 1470 3654 perniciem
1500 3594 1791 3655 operatur:
1822 3601 1983 3640 unam
2030 3602 2150 3656 qua:

571 3678 637 3731 ad
674 3676 1047 3747 paenitentiam
1081 3675 1266 3741 trahit,
1302 3674 1529 3730 alteram
1568 3691 1689 3745 qua:
1719 3676 1784 3731 ad
1814 3676 2148 3747 desperatio-

564 3754 691 3822 nezn
736 3765 998 3836 perducit.
1052 3764 1131 3821 Tu
1180 3764 1399 3836 quidem
1455 3780 1621 3820 unam
1673 3781 1738 3821 ex
1798 3766 1902 3822 illis
1944 3783 2149 3839 mgno-

565 3858 754 3923 sceris,
784 3846 877 3913 sed
905 3858 1127 3914 omnino
1165 3873 1285 3928 qua:
1325 3866 1554 3914 mortem
1598 3859 1861 3928 operaris.
1912 3857 2028 3914 Non
2061 3872 2149 3914 est

564 3951 731 4021 igitur
760 3949 925 4004 in'his
950 3948 1382 4004 contristaudum
1433 3965 1553 4020 qua:
1583 3950 1799 4017 suades,
1832 3951 1923 4005 sed
1954 3962 2145 4008 contra

568 4043 739 4111 magis
778 4040 1117 4112 gaudendum
1172 4041 1225 4094 in
1275 4037 1355 4096 iis
1403 4056 1524 4111 quae
1575 4040 1803 4096 necdum
1854 4040 2143 4114 intelligis,

566 4132 695 4200 quia
729 4140 783 4183 et
821 4131 978 4184 dator
1008 4128 1188 4199 gaudii
1233 4130 1491 4200 perennis
1518 4130 1652 4185 dixit
1686 4146 1701 4184 :
1739 4148 1757 4182 ι
1786 4129 1918 4187 Cum
1963 4147 2147 4203 persc-

566 4220 675 4273 cuti
715 4234 810 4274 t'os
836 4219 1037 4274 fuerint
1075 4219 1349 4285 homines,
1382 4229 1439 4274 et
1468 4219 1705 4276 dixerint
1735 4238 1897 4278 omne
1942 4224 2142 4278 mahtm

566 4310 853 4362 adversum
881 4324 999 4374 vos,
1049 4310 1397 4372 mentientes,
1438 4321 1659 4379 propter
1703 4328 1900 4369 nomen
1937 4329 2142 4376 meum,

564 4398 795 4467 gaudete
825 4407 880 4453 et
914 4396 1184 4452 exsultate
1225 4398 1278 4451 in
1317 4398 1406 4453 illa
1449 4400 1557 4464 die,
1589 4415 1715 4455 ecce
1757 4404 1900 4456 enim
1936 4418 2145 4459 merces

2256 3226 2404 3279 pare,
2432 3220 2625 3265 contra
2659 3212 2899 3282 Apostoli
2937 3213 3081 3266 dicta
3112 3226 3296 3283 agens,
3331 3213 3421 3281 qui
3454 3214 3530 3266 ait
3568 3231 3581 3266 :
3616 3232 3635 3264 ι
3665 3212 3839 3267 Nemo

2257 3301 2495 3357 militans
2532 3303 2661 3368 Deo,
2713 3302 2950 3373 implicat
2983 3320 3042 3357 se
3099 3304 3328 3372 negotiis
3371 3304 3748 3366 saecularibus,
3789 3314 3849 3357 ut

2252 3394 2300 3448 ei
2328 3393 2565 3464 placeat,
2588 3395 2675 3449 cui
2707 3410 2766 3449 se
2794 3394 3041 3464 probavit
3064 3392 3145 3465 (ΙΙ
3176 3393 3308 3448 Tim.
3339 3393 3465 3464 11).)
3496 3394 3562 3448 Ει
3593 3410 3845 3450 rursum:

2258 3503 2276 3535 ι
2304 3484 2433 3539 Sine
2460 3484 2865 3539 intermissione
2892 3496 3069 3549 orate,
3101 3484 3152 3537 in
3180 3482 3434 3539 onmibns
3464 3484 3673 3553 gratias
3699 3484 3845 3555 agite

2253 3575 2302 3651 (1
2324 3575 2512 3631 Thess.
2540 3576 2611 3647 ι’).
2650 3597 2664 3627 ι

2484 3686 2489 3692 ’
2763 3681 3093 3721 ΒΕΞΓΕΒᾹΊἸΟ
3140 3682 3284 3720 οιειτ
3313 3684 3329 3719 τ

2321 3755 2451 3823 Qua:
2481 3765 2534 3812 et
2567 3766 2773 3825 quanta
2805 3756 3153 3824 counisisti,
3177 3771 3297 3826 qua:
3345 3754 3534 3824 gravia
3582 3756 3845 3824 crimina,

2247 3861 2366 3916 quae
2392 3846 2740 3902 inuumero‘sa
2781 3845 2997 3911 delicta,
3027 3855 3083 3902 et
3112 3861 3249 3917 pene
3290 3846 3343 3901 in
3376 3845 3571 3901 melius
3599 3848 3835 3903 necdum

2246 3938 2410 3991 vitam
2442 3937 2685 4001 mutasti,
2715 3936 2943 3991 necdum
2973 3935 3441 3990 conversationem
3473 3935 3686 3989 utiliter
3713 3950 3841 3989 oor-

2246 4029 2471 4085 rexisti?
2496 4030 2634 4085 Ecce
2664 4030 2829 4094 enim,
2862 4040 2922 4083 ut
2951 4030 3154 4095 cernis,
3191 4030 3330 4084 mala
3356 4043 3574 4098 semper
3604 4045 3835 4085 consue-

2241 4116 2429 4176 tudine
2454 4121 2725 4192 obligatus
2753 4123 2969 4177 teucris.
2996 4121 3224 4178 Couaris
3255 4137 3570 4192 exsurgere,
3598 4128 3694 4179 sed
3716 4138 3838 4193 pce-

2244 4224 2492 4270 catorum
2522 4214 2779 4270 oneribus
2805 4223 3198 4285 praegravatus,
3225 4215 3505 4270 relaberis.
3537 4215 3679 4281 Quid
3706 4230 3755 4270 et
3768 4231 3843 4287 go

2243 4306 2507 4377 agendum
2539 4316 2625 4361 est
2668 4307 2889 4376 quando
2915 4306 2982 4361 de
3011 4306 3307 4376 praue-ritis
3353 4317 3503 4361 certa
3553 4307 3838 4363 tlaamalio

2246 4396 2516 4463 imminet,
2537 4396 2605 4452 de
2634 4398 2990 4468 pra'sentibus
3016 4396 3159 4451 nulla
3187 4397 3496 4452 emendatio
3538 4399 3835 4461 succurlit,

562 4499 743 4542 vestra
768 4497 851 4543 est
879 4489 935 4543 in
959 4487 1097 4543 cmlo
1122 4486 1335 4557 (Matth.
1362 4490 1439 4562 ν).
1459 4487 1483 4543 ι’
1510 4490 1777 4553 Memento
1798 4507 1917 4564 qua:
1941 4505 2144 4551 nostra:
2174 4465 2222 4524 θ
2238 4486 2354 4544 ἰιἱεὶ
2399 4499 2459 4543 ut
2497 4504 2602 4544 non
2646 4491 2966 4544 amillanlur
3014 4504 3192 4544 rerum
3246 4488 3625 4560 lelllporalium
3678 4490 3827 4545 Vol"-

566 4581 846 4651 religionis
882 4579 1142 4650 apostoli,
1189 4598 1207 4632 ι
1240 4579 1388 4636 ibant
1438 4581 1732 4653 gaudentes
1780 4598 1809 4637 a
1848 4595 2141 4654 conspectu

563 4669 800 4733 concilii,
828 4669 1082 4740 quoniam
1113 4668 1262 4740 digni
1292 4669 1457 4725 habiti
1488 4680 1610 4725 sunt
1646 4687 1743 4743 pro
1770 4674 1987 4728 nomine
2015 4673 2140 4729 .lcsu

563 4760 944 4817 contumeliam
978 4761 1108 4830 pati.
1135 4779 1153 4812 ι
1186 4757 1373 4815 Nullus
1398 4777 1525 4830 ergo
1562 4766 1814 4820 tlttBl'tn'iS
1844 4766 1993 4821 locus
2021 4783 2142 4822 esse

548 4852 745 4917 'dehet,
771 4851 857 4905 ubi
888 4859 1033 4903 tanta
1061 4850 1246 4905 betitia
1272 4852 1533 4907 succedit.

943 4956 1156 4999 TOBPOR
1193 4958 1290 4999 ιέι.
1329 4958 1542 4999 IGNAVIA
1572 4960 1756 5002 υιειτε

634 5032 691 5087 Si
738 5031 959 5087 lectioni
1006 5024 1321 5087 continuato
1362 5032 1542 5088 studio
1585 5034 1816 5101 insistis,
1856 5038 2137 5093 oculorum

563 5124 848 5190 caliginem
880 5124 1131 5177 incurris.
1160 5123 1217 5177 Si
1242 5126 1611 5179 indesinenter
1643 5124 1912 5197 Iacrymas
1938 5127 2137 5193 fundis,

564 5216 708 5266 insos
733 5215 896 5266 etiam
920 5214 1105 5266 oculos
1131 5214 1355 5268 amittis.
1382 5213 1440 5268 Si
1471 5216 1752 5268 nrotelatis
1777 5217 1973 5268 vigiliis
1997 5219 2139 5270 nsal-

2249 4589 2447 4650 ptates,
2474 4581 2600 4637 dum
2624 4583 2884 4653 consequi
2918 4591 3191 4651 nequeunt
3208 4580 3371 4636 (nutri
3394 4581 3575 4636 szecuh
3594 4579 3829 4637 oblecta-

2252 4672 2462 4727 tiones?

2672 4778 2782 4816 SPEI
2823 4777 3037 4818 FIDUCIA
3075 4777 3418 4817 RESPONDET:

2315 4852 2445 4907 Car.
2488 4852 2624 4907 XIV.
2675 4853 2730 4907 Si
2785 4854 2852 4909 de
2901 4853 3221 4910 criminibus
3266 4864 3320 4909 et
3364 4853 3578 4910 delictis
3630 4854 3827 4926 agitur,

2242 4965 2369 5003 ecce
2401 4950 2569 5003 Dat-id
2618 4949 2885 5004 adulterio
2923 4948 3086 5004 simul
3133 4958 3190 5005 et
3242 4949 3535 5003 homicidio
3576 4964 3722 5011 reus,
3759 4949 3827 5004 de

2228 5039 2439 5096 inferni
2471 5040 2721 5098 faucibus
2749 5041 3367 5097 Domiui'misericordia
3397 5042 3728 5097 describitur
3761 5040 3821 5095 Ii-

2245 5132 2489 5188 beratus.
2518 5134 2661 5188 Ecce
2687 5133 2966 5188 Manasses
2990 5133 3233 5188 omnium
3263 5143 3609 5203 peccatorum
3637 5131 3821 5187 nefan-

2240 5223 2517 5270 dissimtts.
2547 5224 2948 5270 impurissimum
2974 5238 3041 5270 at:
3076 5222 3503 5270 sordidissimus-
3539 5220 3816 5270 illecebro-
