4062 5352
304 205 413 263 569

1148 200 1238 256 DE
1267 196 1653 275 CONFLlCTU
1691 195 2027 253 VITIORUM
2062 195 2300 263 ATQUE
2342 194 2728 265 VIllTUTUM.

3469 201 3579 253 570

306 332 592 400 lambens,
643 341 1027 408 unguen",qu
1079 347 1386 404 pm",ch
1459 330 1602 385 amni
1673 328 1890 383 meum.
1922 313 1966 369 Α
1997 305 2239 408 piditatis
2274 304 2576 408 industria,
2620 315 2825 376 quanto
2863 306 3035 378 magis
3086 304 3444 378 periculosior
3495 323 3578 367 est

308 430 453 484 Ecce
482 426 683 481 Petrus
718 425 1019 495 negationis
1046 439 1158 478 suae
1188 422 1415 477 vinculis
1445 421 1720 483 astrictus,
1750 435 1921 485 ama:

310 521 552 577 tissimis
586 519 844 597 lacrymis
888 516 1225 572 inﬁdelitatis
1270 516 1440 570 nodos
1481 512 1722 568 resolvit.
1762 511 1903 566 Ecce

312 614 572 671 seditioni
620 622 676 668 et
723 610 967 668 cll'usioni
1011 610 1239 665 fratrum
1288 609 1569 680 sanguinis
1617 608 1757 663 latro
1801 609 1901 663 01)-

313 705 536 769 nonius,
576 703 741 757 unius
772 700 917 757 hora:
954 709 1260 764 momento,
1298 713 1513 767 unaque
1545 698 1903 753 cortl't-Ssionis

314 808 477 859 voce,
506 793 575 845 de
607 805 773 847 cruce
797 791 865 844 ad
896 790 1205 860 paradisum
1264 787 1497 842 transiit.
1536 787 1675 841 Ecce
1709 785 1906 839 Saulus

317 885 625 941 l-lcclesiam
671 896 1021 954 persequens,
1062 880 1261 935 uudtos
1306 895 1403 948 pro
1441 875 1657 932 nomine
1704 874 1925 949 Christi

313 974 595 1046 perimeus
629 981 706 1035 et,
729 984 783 1025 ut
821 972 893 1024 ita
918 969 1166 1030 dixerim,
1192 977 1487 1038 martyrum
1516 977 1708 1019 cruore
1739 973 1906 1017 totutn

318 1080 380 1119 se
410 1064 692 1127 inliciens,
732 1060 1023 1131 Apostolus
1054 1059 1251 1123 factus,
1294 1057 1349 1111 in
1382 1071 1477 1110 vas
1513 1054 1797 1110 electionis
1824 1048 1910 1108 est

323 1164 593 1209 mutatus.
1840 1205 1848 1217 .

398 1245 502 1302 Ubi
551 1260 681 1315 ergo
716 1251 794 1298 tot
844 1253 1100 1311 tantaque
1153 1239 1451 1307 procedunt
1495 1232 1763 1306 exempla,
1800 1250 1910 1290 non

323 1326 458 1393 dent
483 1334 664 1390 locum
692 1331 1056 1403 desperatioui
1090 1329 1228 1384 mala
1268 1327 1559 1397 colloquia,
1591 1341 1715 1378 cum
1743 1324 1909 1378 etiam

323 1428 591 1498 scriptum
647 1426 761 1495 sit:
796 1442 813 1474 ι
848 1423 903 1478 ιη
955 1435 1276 1493 quocunque
1326 1427 1580 1490 peccator
1615 1422 1914 1472 conversus

326 1515 680 1590 ingemuerit,
710 1514 893 1569 salvus
918 1514 1024 1567 erit
1049 1510 1269 1583 (EzecIt.
1299 1509 1475 1579 xvtu).
1512 1527 1529 1560 ι
1556 1507 1619 1561 Et
1652 1521 1866 1578 rursum
1893 1522 1907 1559 :

332 1629 355 1661 ι
391 1608 525 1663 Nolo
593 1615 822 1661 mortem
884 1602 1071 1673 impii,
1141 1599 1275 1654 dicit
1357 1597 1619 1652 Dominus
1677 1593 1907 1665 (Ezecli.

326 1699 551 1766 χχχιιι).
600 1715 618 1748 ι

403 1788 479 1842 De
505 1784 922 1841 conversatione
944 1796 1076 1837 vero
1103 1780 1154 1834 in
1180 1779 1375 1834 melius
1404 1788 1744 1846 nequaquam
1789 1788 1913 1827 mu-

330 1887 467 1940 tata,
507 1875 635 1946 quid
677 1873 827 1927 aliud
878 1870 1256 1942 respondeam,
1308 1867 1413 1921 nisi
1462 1875 1539 1928 ut,
1596 1866 1742 1933 quod
1794 1861 1914 1917 beri

325 1972 562 2044 quisque
612 1970 718 2023 non
767 1966 902 2036 egit,
960 1973 1087 2036 agat
1125 1961 1286 2016 hodie
1337 1960 1464 2013 dum
1510 1957 1687 2011 adhuc
1732 1956 1917 2009 vivere

325 2061 495 2119 licet?
528 2058 636 2114 Nec
680 2055 897 2112 ditl'crat
943 2057 1009 2109 de
1052 2054 1138 2108 die
1180 2051 1233 2106 in
1275 2049 1443 2113 diem,
1470 2059 1794 2117 semperque
1818 2059 1916 2114 pro

326 2152 543 2209 viribus
592 2150 826 2219 desuper
882 2144 1143 2215 acceptis,
1189 2154 1369 2211 prava:
1413 2134 1787 2193 consuetudini
1838 2147 1919 2188 re.

329 2246 559 2306 sistens,
586 2242 731 2295 dicat
757 2252 915 2293 mane
941 2246 996 2291 et
1037 2248 1295 2306 vespere:
1345 2249 1364 2282 ι
1400 2230 1543 2285 Ecce
1580 2244 1720 2283 iuiuc
1755 2225 1916 2296 ctepi,

328 2338 448 2393 haec
475 2342 560 2389 est
590 2329 896 2387 immutatio
922 2327 1159 2380 dextera:
1180 2322 1391 2378 Excelsi
1421 2317 1595 2391 (Paul.
1626 2319 1833 2387 Lxxvt).
1856 2335 1875 2369 ι

861 2431 1140 2475 CUPIDITAS
1178 2430 1351 2470 ωριτε

403 2520 569 2577 Certe
616 2516 734 2572 sine
784 2511 940 2582 culpa
988 2518 1112 2574 est,
1167 2507 1311 2577 quod
1365 2506 1613 2576 qumdam
1673 2499 1923 2557 habenda

333 2611 721 2684 concupiscis,
772 2607 897 2677 quia
965 2618 1070 2658 non
1132 2599 1475 2670 multiplicari
1530 2596 1779 2667 appetis,
1830 2589 1925 2646 sed

335 2720 501 2779 agere
529 2698 897 2775 pertimescis,
930 2703 985 2748 et
1009 2693 1152 2764 quod
1193 2691 1332 2746 male
1372 2690 1512 2744 alius
1561 2688 1781 2753 retinet,
1812 2685 1926 2755 ipse

336 2796 539 2856 melius
566 2791 852 2861 expcndis.

676 2894 845 2936 NUNDI
872 2887 1224 2933 CONTEIPTUS
1263 2884 1567 2925 RESPONDET
1596 2880 1613 2920 2

408 2976 539 3030 Car.
565 2970 684 3028 XV.
722 2970 830 3025 lsta
890 2980 989 3021 nec
1034 2965 1173 3035 apud
1201 2961 1489 3017 szeculares
1520 2955 1771 3012 homines
1812 2953 1930 3008 sine

2003 397 2109 452 illis
2132 396 2224 467 qui
2274 396 2460 451 habitu
2488 407 2541 451 ct
2568 399 3106 470 conversationejam
3139 399 3424 455 sarculares
3459 398 3586 457 esse'

2002 488 2302 552 desierunt,
2327 488 2418 557 qui
2448 497 2618 542 totum
2647 491 2790 560 quod
2848 492 3054 557 vivunt,
3087 492 3314 548 Domino
3343 508 3463 549 esse
3491 495 3587 549 de-

2003 583 2303 638 voveruut?
2337 583 2416 637 Ad
2455 598 2590 651 quos
2639 585 2950 653 specialiter
2990 585 3369 657 Redemptoris
3404 597 3582 643 trans-

2006 682 2137 728 eunt
2171 676 2355 738 verba,
2386 675 2585 744 quibus
2623 675 2828 729 destrui
2852 675 3023 743 possit
3054 677 3273 732 morbus
3303 678 3543 733 avaritia
3566 695 3587 733 :

2012 784 2030 817 ι
2072 764 2267 830 Nolite,
2301 765 2499 834 inquit,
2528 764 2744 820 solliciti
2776 780 2895 821 esse
2925 769 3053 838 quid
3084 770 3442 836 manducetis,
3490 779 3584 825 aut

2007 854 2134 935 quid
2159 855 2376 918 bibatis,
2411 862 2494 908 aut
2529 872 2635 925 quo
2666 856 3006 925 operiamini.
3042 855 3166 911 ll;ec
3214 859 3358 913 enim
3405 861 3585 915 omnia

2008 958 2196 1017 gentes
2251 947 2545 1015 inquirunt.
2582 945 2817 1014 Qumrite
2867 956 3047 1002 autem
3104 948 3334 1019 primum
3363 965 3585 1021 regnum

2010 1038 2103 1091 Dei
2126 1035 2462 1105 etjustitiam
2492 1039 2631 1109 ejus,
2665 1047 2719 1093 et
2746 1039 2862 1095 haec
2882 1040 3063 1095 omnia
3091 1041 3413 1112 adjicientur
3439 1043 3593 1097 vobis

2011 1128 2226 1200 (Manli.
2256 1128 2351 1200 γι).
2389 1150 2408 1182 ι
2440 1128 2485 1186 Ο
2512 1146 2671 1201 quam
2704 1131 2879 1195 beata,
2918 1147 2951 1188 ο
2980 1146 3140 1203 quam
3173 1148 3385 1200 secura,
3429 1150 3593 1204 quam

2010 1218 2378 1289 amplectenda
2401 1222 2687 1277 sententia.
2712 1220 2899 1277 Nullus
2919 1224 3062 1277 enim
3082 1224 3138 1276 iu
3162 1223 3264 1278 hac
3283 1223 3388 1278 vita
3410 1224 3484 1278 ita
3507 1239 3593 1279 sc-

2011 1325 2174 1364 curus
2188 1318 2292 1375 est,
2316 1318 2371 1363 ut
2394 1309 2479 1363 ille
2494 1312 2581 1379 qui
2601 1310 2732 1365 nihil
2750 1308 3229 1382 prtetm'Cln-isttttn
3250 1314 3453 1382 appetit
3470 1329 3593 1384 pos-

2013 1398 2210 1453 sidere.
2238 1400 2440 1455 Cuncta
2469 1416 2723 1470 namque,
2741 1411 2995 1471 quiesunt
3020 1403 3464 1466 necessaria,sub
3490 1403 3591 1457 hac

2014 1489 2303 1558 sponsione
2334 1490 2597 1560 probatur
2623 1491 2842 1556 habere,
2875 1493 3013 1546 sicut
3038 1491 3238 1546 Paulus
3268 1494 3590 1559 ditissimus,

2013 1594 2220 1651 pauper
2284 1582 2497 1634 dicebat
2547 1599 2561 1636 :
2616 1599 2635 1633 ι
2673 1581 2953 1652 Tanquam
3012 1583 3147 1638 nihil
3200 1584 3484 1651 habentes,
3537 1593 3597 1640 et

1944 1674 1988 1732 Β
2017 1671 2196 1725 omnia
2226 1671 2563 1740 possidentes
2589 1669 2673 1742 (II
2711 1673 2835 1728 Cor.
2866 1671 2963 1743 vi).
2996 1692 3014 1726 ι
3046 1672 3241 1730 Omnia
3268 1676 3454 1746 utique
3487 1690 3595 1731 non

2015 1759 2310 1830 superﬂua,
2342 1761 2437 1816 sed
2472 1770 2680 1817 tantum
2729 1765 3059 1830 necessaria,
3092 1766 3209 1836 ipso
3242 1767 3603 1824 conlirmaule

2016 1869 2080 1907 ac
2115 1854 2326 1908 dicente
2355 1870 2369 1906 :
2409 1872 2422 1905 ι
2459 1853 2731 1910 Habentes
2753 1857 2955 1911 victum
2982 1865 3038 1912 et
3063 1860 3340 1926 vestitum,
3365 1858 3450 1915 his
3472 1875 3598 1917 con-

2018 1945 2152 1998 tenti
2201 1960 2388 1999 sumus
2431 1945 2482 2013 (Ι
2514 1944 2649 2000 Tim.
2676 1945 2771 2014 vr).
2809 1965 2828 1997 ι
2856 1946 2962 2001 Sed
3005 1947 3147 2003 forte
3193 1948 3330 2004 dicis
3362 1967 3376 2003 :
3412 1949 3534 2006 ideo
3565 1965 3595 2005 a

2018 2036 2222 2091 sanctis
2274 2035 2650 2107 religiosiSque
2674 2036 2808 2093 viris
2847 2038 2998 2107 plura
3051 2038 3296 2093 habenda
3347 2050 3494 2103 sunt,
3543 2050 3603 2096 ut

2020 2125 2215 2181 melius
2274 2128 2342 2181 ab
2398 2127 2533 2197 ipsis
2588 2141 2751 2199 quam
2804 2144 2832 2182 a
2903 2129 3253 2200 popularibus
3310 2140 3611 2202 erogentur

2020 2210 2223 2271 Christi
2265 2217 2610 2288 pauperibus.
2649 2215 2715 2271 Et
2760 2232 2859 2289 ego
2889 2218 3193 2282 consentio,
3223 2219 3316 2273 sed
3344 2219 3604 2289 pra:latis,

2024 2320 2130 2360 non
2165 2315 2342 2361 autem
2389 2306 2670 2378 subjectis,
2729 2322 2866 2377 quos
2919 2308 3158 2363 maxime
3202 2308 3332 2362 illud
3364 2309 3621 2365 mulieris

2023 2396 2161 2452 Loth
2188 2397 2495 2469 exemplum
2527 2397 2785 2465 deterret,
2812 2414 2953 2469 quae,
2989 2399 3115 2453 dum
3171 2409 3289 2469 post
3339 2411 3548 2471 tergum
3573 2415 3606 2455 τι

2027 2489 2279 2545 Sodomis
2304 2491 2493 2545 exiens
2518 2490 2776 2560 respexit,
2804 2489 2860 2545 in
2904 2498 3138 2545 statuam
3167 2491 3295 2545 salis
3344 2504 3603 2546 cmversa

2027 2581 2277 2649 spiritum
2304 2580 2505 2636 elllavit
2534 2577 2688 2650 (Gen.
2740 2579 2878 2651 xix).
2913 2579 3073 2636 Unde
3114 2590 3168 2636 et
3214 2582 3460 2636 Christus
3501 2581 3607 2635 tale

2031 2672 2157 2741 quid
2187 2670 2599 2742 prtecaveudum
2632 2660 2946 2734 denuntiat,
2971 2672 3196 2727 dicens:
3236 2692 3254 2722 ‹
3292 2672 3460 2725 {Vento
3483 2673 3609 2726 mit-

2034 2772 2151 2815 tens
2183 2778 2403 2815 manmn
2438 2777 2590 2816 suam
2619 2764 2685 2816 ad
2717 2769 2980 2827 aratrum,
3008 2771 3065 2815 et
3108 2764 3405 2832 respiciens
3438 2772 3606 2827 retro,

2033 2868 2195 2928 aptus
2223 2866 2309 2912 est
2349 2871 2514 2928 regno
2564 2856 2657 2910 Dei
2687 2854 2840 2925 (Luc.
2888 2855 2989 2927 ιι).
3027 2875 3047 2909 ι
3081 2855 3218 2910 lliuc
3247 2855 3439 2910 Petrus
3484 2856 3561 2910 ait
3591 2874 3605 2909 :

2040 2970 2058 3001 ι
2094 2950 2284 3006 Melius
2333 2958 2453 3005 erat
2500 2948 2605 3004 illis
2649 2964 2757 3004 non
2811 2962 3136 3020 cognoscere
3193 2948 3335 3001 viam
3386 2945 3614 3018 iustitia:

337 3067 586 3142 periculo
620 3064 706 3119 vel
750 3061 1052 3118 oﬂ'cnsione
1099 3061 1501 3125 procurantur,
1550 3050 1677 3120 quia
1726 3054 1930 3116 quanto
1958 3037 2003 3098 C
2034 3058 2196 3112 quam
2246 3051 2369 3114 post
2412 3041 2777 3111 cognitionem
2825 3051 3122 3098 retrorsum
3149 3042 3391 3096 converti
3434 3041 3614 3105 abeo,

342 3140 576 3234 quisque
603 3156 837 3228 amplius
866 3154 1069 3209 habere
1111 3147 1361 3217 cmperit,
1405 3152 1552 3200 tanto
1583 3140 1811 3211 amplius
1839 3141 1934 3192 ba-

341 3253 473 3309 bere
527 3246 919 3317 concupiscit:
978 3243 1145 3311 litque
1212 3247 1271 3293 ut
1331 3236 1550 3291 modum
1620 3234 1673 3288 in
1731 3245 1933 3285 concu-

344 3346 607 3421 piscendo
635 3358 743 3397 non
786 3340 1010 3403 habeat,
1049 3337 1176 3390 dum
1221 3331 1525 3387 innumeris
1571 3328 1733 3399 hujus
1756 3324 1936 3380 saeculi

344 3416 496 3496 curis
552 3432 830 3490 deservire
876 3429 1117 3484 festinat.
1156 3424 1226 3481 Ut
1258 3423 1405 3479 enim
1439 3420 1719 3489 Scriptura
1764 3416 1933 3472 dicit:

353 3551 372 3585 ι
405 3533 621 3586 Avarus
662 3523 913 3597 pecuniis
958 3536 1065 3576 non
1125 3517 1378 3589 impletur
1426 3512 1625 3586 (Ecclc.
1666 3513 1773 3581 ιη.»
1810 3507 1941 3597 Qua:

346 3620 610 3683 nimirum
643 3595 805 3685 quam
852 3612 924 3666 sit
965 3606 1306 3671 detestanda,
1356 3600 1556 3657 Paulus
1610 3600 1834 3663 iudicat,
1862 3595 1940 3651 di-

348 3725 533 3770 cens:
582 3725 601 3757 ι
646 3704 715 3759 Ει
771 3701 1042 3764 avaritia,
1090 3712 1210 3767 quae
1254 3701 1341 3750 est
1392 3692 1657 3748 idolorum
1711 3687 1945 3742 servitus

352 3801 578 3875 (Εμὺιη.
611 3804 721 3864 ιη.»
765 3791 896 3858 Qua:
930 3790 1072 3859 quod
1118 3786 1182 3841 lit
1224 3784 1385 3839 noxia
1411 3822 1426 3847 ,
1480 3781 1623 3835 idem
1667 3794 1947 3849 exponens

354 3870 435 3947 ait
463 3909 477 3946 ε
522 3911 541 3940 ι
572 3886 679 3957 Qui
711 3884 899 3937 volunt
933 3881 1130 3935 divites
1170 3876 1293 3932 ﬁeri
1342 3875 1590 3929 incidunt
1615 3872 1669 3926 iu
1697 3870 1949 3924 tentatio-

359 4001 515 4047 nem,
540 3992 597 4035 et
627 3980 683 4034 in
719 3976 970 4047 laqueum
1014 3970 1236 4032 diaboli,
1285 3975 1342 4024 et
1389 3964 1658 4023 desideria
1691 3962 1859 4017 multa
1895 3970 1953 4017 et

354 4078 555 4135 nociva
589 4116 605 4140 ,
658 4084 781 4143 «sine:
835 4076 1083 4136 mergum
1152 4062 1401 4120 homines
1449 4060 1503 4114 in
1570 4055 1851 4113 interitum
1897 4062 1953 4109 et

357 4168 722 4240 perditionem
747 4159 911 4237 (Tim.
941 4158 1072 4227 vr)»
1107 4153 1239 4223 Quae
1279 4166 1442 4224 quam
1497 4150 1570 4205 sit
1609 4146 1950 4240 detestanda,

357 4239 581 4334 quidam
626 4258 846 4329 sapiens
885 4250 1198 4313 denuntiat,
1241 4262 1365 4301 cum
1398 4244 1571 4300 dicit:
1617 4241 1839 4296 «Arare
1866 4239 1952 4293 ni-

361 4330 440 4409 hil
500 4351 600 4405 est
643 4347 927 4405 scelestius
973 4338 1195 4413 (Recte.
1268 4336 1366 4408 x).
1396 4353 1416 4388 ι
1478 4334 1652 4402 Quam
1702 4332 1776 4387 sit
1837 4330 1953 4385 hare

358 4444 559 4502 iterum
621 4440 822 4506 noxia,
887 4436 1127 4492 lacubus
1186 4427 1397 4499 aperit,
1456 4425 1692 4481 dicens:
1746 4440 1765 4472 ι
1802 4420 1955 4491 Agite

356 4555 522 4600 nunc,
574 4536 769 4590 divites
794 4572 811 4596 ,
857 4529 1063 4602 plorato
1090 4567 1106 4592 ,
1145 4521 1418 4579 ululantes
1460 4517 1515 4573 in
1564 4514 1798 4571 miseriis
1837 4527 1959 4584 qua:

358 4629 652 4688 advenient
704 4624 880 4678 vobis.
946 4619 1157 4676 Divitiae
1201 4624 1402 4670 vesme
1454 4608 1773 4680 putrefacta
1810 4612 1956 4660 sunt.

359 4722 699 4778 Vestimenta
749 4723 933 4769 vestra
967 4726 996 4765 a
1021 4708 1182 4764 tineis
1211 4712 1455 4762 comesta
1500 4707 1648 4756 sunt.
1677 4698 1884 4752 Aurum
1906 4706 1957 4750 et

359 4823 643 4885 argentum
685 4816 932 4864 vestrum
971 4798 1311 4873 mruginavit,
1356 4803 1418 4853 et
1451 4806 1632 4863 :erugo
1674 4804 1862 4844 eorum
1906 4788 1958 4841 in

357 4881 738 4960 testimonium
814 4896 937 4952 erit-
967 4893 1154 4959 vobis,
1226 4896 1284 4943 et
1356 4881 1713 4940 manducavit
1764 4893 1956 4935 carnes

358 5008 572 5053 vestras
600 4992 749 5048 sicut
775 4987 941 5057 ignis
969 4984 1109 5048 (Jac.
1155 4980 1231 5051 v).
1266 4999 1284 5031 ι
1339 4978 1451 5034 Sed
1503 4990 1603 5032 nec
1631 4972 1960 5042 Redemptor

357 5099 546 5144 noster
590 5078 882 5154 prieterire
917 5074 1083 5127 νομὴ
1142 5068 1458 5139 cupiditatis
1518 5063 1742 5127 malum,
1794 5075 1959 5133 quam

465 5151 779 5210 :.....'o¢-.-nr
840 5166 919 5210 Mt
963 5163 1104 5210 enim
1138 5178 1153 5210 :
1192 5177 1211 5208 ς
1248 5156 1505 5210 Diﬂicile.
1552 5153 1645 5210 aui
1692 5151 1963 5210 ‘nccunias

2039 3135 2180 3205 quod
2205 3134 2460 3188 traditum
2488 3142 2569 3189 est
2597 3132 2702 3188 illis
2728 3143 2920 3189 sancto
2952 3135 3206 3188 mandato
3237 3132 3288 3205 (1
3316 3133 3436 3189 Pet.
3462 3134 3547 3203 tt).
3587 3152 3609 3187 ι

2040 3228 2329 3299 Continget
2356 3227 2500 3282 enim
2524 3225 2603 3281 eis
2632 3226 2760 3280 illud
2795 3226 2908 3282 veri
2940 3225 3218 3280 Provcroii
3251 3244 3264 3280 :
3294 3244 3314 3277 ι
3337 3224 3504 3281 Canis
3533 3240 3619 3279 re-

2040 3332 2230 3375 versus
2257 3327 2338 3371 est
2364 3317 2430 3371 ad
2456 3332 2613 3372 somn
2644 3316 2927 3380 vomitum,
2955 3326 3010 3370 et
3050 3332 3144 3372 sus
3175 3317 3285 3372 lota
3317 3316 3371 3371 in
3415 3315 3623 3370 voluta-

2041 3411 2143 3466 bro
2168 3409 2263 3463 ltiti
2297 3406 2477 3479 (Prov.
2506 3410 2643 3480 xw).
2684 3428 2702 3460 ι
2739 3409 2841 3477 Qui
2886 3409 3142 3463 nimirum
3196 3409 3437 3462 avaritia:
3476 3422 3626 3470 mor-

2043 3503 2146 3558 bus
2187 3517 2462 3569 nunquam
2512 3500 2705 3554 melius
2737 3500 3120 3570 compescitur,
3167 3499 3268 3554 nisi
3317 3514 3440 3554 cum
3498 3498 3626 3552 dies

2046 3592 2239 3647 mortis
2269 3592 2387 3645 sine
2427 3590 2698 3646 oblivione
2747 3591 3058 3654 meditatur,
3105 3603 3228 3644 cum
3280 3586 3457 3657 qualis
3505 3594 3627 3656 post

2047 3684 2317 3739 modicum
2352 3684 2403 3738 in
2436 3683 2685 3754 sepulcro
2704 3681 2918 3736 futurus
2932 3682 3001 3735 sit
3024 3681 3207 3742 homo.
3230 3680 3623 3735 consideratur.

2050 3772 2164 3829 lloc
2202 3782 2352 3828 certe
2405 3772 2569 3827 ﬁxum
2624 3771 2875 3825 manebat
2922 3771 2978 3824 in
3031 3769 3175 3823 illius
3226 3768 3487 3822 memoria
3535 3768 3628 3836 qui

2051 3863 2300 3918 dicebat:
2344 3880 2361 3912 ι
2398 3860 2567 3915 llomo
2606 3859 2863 3929 putredo,
2894 3869 2948 3913 et
2986 3858 3127 3912 lilius
3168 3857 3399 3911 hominis
3427 3857 3631 3910 vermis

2053 3954 2176 4020 (Job
2199 3957 2377 4021 χχιιι).
2394 3971 2411 4004 ι
2442 3951 2554 4008 Hoc
2581 3951 2650 4005 ab
2673 3950 2761 4004 illo
2784 3965 2890 4005 nou
2915 3956 3235 4012 recesserat,
3257 3947 3348 4018 qui
3375 3946 3631 4005 dicebat:

2059 4063 2079 4095 ι
2108 4044 2164 4098 lu
2216 4042 2469 4097 otnnibus
2517 4040 2773 4110 operibus
2819 4038 2927 4094 tuis
2982 4051 3286 4093 memorare
3339 4036 3634 4092 novissimo

2058 4145 2147 4191 tua
2176 4147 2233 4190 et
2253 4135 2308 4188 iu
2339 4144 2604 4189 :cternum
2637 4148 2745 4187 non
2776 4130 3028 4202 peccabis
3081 4127 3274 4200 (Eccli.
3303 4128 3460 4201 vu).r
3495 4128 3637 4195 Quid

2050 4235 2208 4291 nine,
2246 4240 2401 4296 rogo,
2439 4224 2568 4293 quid
2617 4231 2745 4278 tunc
2802 4222 3004 4278 divitia:
3056 4228 3392 4275 conservatae
3442 4219 3639 4289 prode-

2055 4319 2226 4375 runt?
2252 4317 2392 4373 Audi
2421 4317 2551 4388 quid
2579 4333 2594 4371 :
2653 4336 2672 4367 ι
2706 4312 2892 4370 Nudus
2925 4328 3181 4386 egressus
3209 4326 3330 4368 sum
3354 4312 3427 4369 de
3450 4322 3638 4369 ventre

2060 4409 2251 4465 matris
2280 4421 2452 4472 mete,
2502 4406 2678 4462 nudus
2714 4414 2962 4462 revertar
2986 4404 3112 4460 illoc
3140 4402 3286 4477 (Job.
3338 4405 3402 4474 ι).
3451 4422 3472 4457 ι
3502 4401 3641 4465 Audi

2057 4504 2187 4574 quid
2218 4521 2232 4557 :
2270 4520 2290 4554 ι
2312 4500 2456 4557 Nihil
2487 4501 2767 4556 intulimus
2795 4499 2851 4553 in
2877 4498 3023 4554 hunc
3050 4499 3311 4553 mundum
3351 4515 3367 4551 :
3406 4496 3501 4552 sed
3543 4509 3644 4550 nec

2053 4594 2281 4651 auferre
2311 4594 2440 4665 quid
2479 4607 2763 4665 possumus
2789 4590 2841 4663 (Ι
2874 4589 3010 4646 Tim.
3038 4596 3166 4661 νη.»

2580 4698 2886 4741 οιιυυιιλτιο
2922 4698 3068 4739 υιοιτ
3092 4696 3109 4736 2

2137 4780 2192 4833 Si
2227 4793 2309 4841 ea,
2342 4792 2463 4847 quite
2491 4774 2754 4845 possides,
2784 4772 3067 4842 egentibus
3095 4769 3308 4833 tribuis,
3341 4767 3481 4822 unde
3504 4765 3650 4820 sub-

2057 4870 2234 4941 iectas
2255 4868 2461 4938 absque
2483 4867 2709 4937 pecunia
2739 4861 2948 4917 nutris?

2376 5000 2385 5007 -
2454 4988 2458 4991 ‘
2488 4968 2863 5013 IISEIUCOBDIA
2891 4962 3203 5007 BESPONDBT
3240 4965 3256 5002 ἶ
3337 4992 3343 4998 .
3438 4994 3441 4997 ,

2138 5054 2268 5108 (ΞΜ).
2311 5051 2453 5107 XVI.
2499 5052 2555 5106 Si
2601 5045 2830 5116 apostoli
2868 5042 3097 5100 modum
3136 5041 3189 5103 iu
3237 5041 3343 5098 hac
3382 5049 3535 5114 parte
3578 5046 3663 5093 te-

2070 5145 2275 5207 nueris,
2322 5152 2551 5210 utraque
2595 5137 2860 5208 perﬁcere
2906 5133 3129 5195 valebis.
3168 5130 3309 5189 lliuc
3335 5132 3479 5203 enim
3514 5130 3659 5185 idem
