4062 5352
498 144 596 200 571

1538 136 1594 195 S.
1633 135 1880 195 LEOle
1916 137 1988 196 IX
2027 140 2226 198 PAPIE
2266 139 2650 201 OPUSCULA.

497 255 643 326 piam
689 249 975 322 suppleat,
1029 256 1092 304 ut
1153 255 1208 304 et
1261 242 1473 303 illorum
1518 247 1850 304 abundantia
1892 259 2086 307 vestrae
2115 256 2160 314 Α
2192 254 2680 327 tificiosringrtnlo,
2699 255 3089 328 sicutfallacia,
3109 258 3203 318 sed
3225 260 3452 335 simplici
3468 266 3790 339 negationis

499 344 695 415 inopia:
741 343 802 397 fit
851 340 1313 412 supplementum,
1360 347 1417 393 ut
1472 340 1566 393 fiat
1613 340 1895 409 :equalitas
1946 342 2121 414 sicut.

495 440 759 508 scriptum
790 446 910 492 est:
947 455 964 486 ι
998 434 1099 501 Qui
1133 434 1361 487 multum
1388 432 1597 499 habuit,
1631 450 1735 489 non
1770 434 2089 503 abundavit,

494 538 553 584 et
570 529 662 599 qui
678 526 968 590 modicum,
987 540 1091 579 non
1112 523 1401 579 minoravit
1415 522 1608 592 (Exod.
1629 525 1761 595 xw).
1786 543 1804 577 ι
1822 525 1957 581 Iliuc
1970 528 2088 597 qui-

493 622 618 674 dam
650 617 829 687 justus
861 613 1064 686 prolem
1098 614 1348 668 dilectam
1380 611 1657 678 admonet,
1691 612 1876 669 dicens
1910 632 1923 667 :
1972 633 1989 665 ς
2029 613 2086 669 Si

495 709 722 763 multum
771 707 866 760 tibi
906 704 1091 769 fuerit,
1135 704 1477 758 abundanter
1520 702 1733 769 tribue;
1778 704 1861 758 sin
1904 714 2086 759 autem

490 802 766 870 exiguum,
799 804 855 853 et
900 797 1002 851 hoc
1045 797 1219 866 ipsum
1259 792 1542 864 impertire
1570 793 1721 864 (Tob.
1757 791 1853 865 tv).
1894 812 1913 845 ι
1948 793 2086 850 Hinc

490 905 707 962 quoque
746 890 1023 945 incarnata
1068 886 1284 943 Veritas
1333 885 1502 940 dicit:
1536 905 1554 937 ι
1586 884 1786 941 Verum
1823 888 1965 957 quod
1992 903 2085 942 su-

489 989 693 1052 perest,
723 979 869 1052 date
911 978 1332 1048 elcemosynatn,
1380 982 1436 1029 et
1478 988 1617 1040 ecce_
1651 973 1831 1029 omnia
1884 976 2084 1030 munda

489 1050 619 1129 sunt
654 1050 807 1128 vobis
839 1069 990 1142 (Luc.
1027 1068 1123 1140 χι).
1163 1087 1182 1122 ι
1218 1069 1359 1123 Audt
1386 1082 1601 1138 quoque
1628 1068 1772 1139 quod
1816 1069 2081 1139 scriptum

488 1173 611 1219 est:
660 1180 680 1214 ι
725 1160 992 1216 Iudicium
1035 1160 1153 1214 sine
1197 1156 1570 1213 misericordia
1611 1156 1703 1210 fiet
1742 1156 1927 1245 εἰ,ηυί
1973 1172 2078 1212 non

488 1252 1122 1311 feceritmisericordiam
1148 1249 1289 1315 (Jac.
1314 1251 1396 1319 ιι).
1420 1269 1439 1302 ι
1467 1248 1585 1317 Quo
1605 1259 1795 1305 contra
1817 1250 2078 1321 propheta

487 1353 743 1407 admonet
769 1350 990 1406 dicens:
1021 1367 1043 1399 ο
1063 1347 1275 1418 Frange
1303 1345 1567 1401 esurienti
1599 1361 1793 1416 panem
1822 1355 1994 1413 tuutn,
2024 1354 2078 1402 et

486 1455 687 1513 egenos
736 1453 1008 1510 vagosque
1054 1437 1218 1491 induc
1260 1437 1313 1491 in
1347 1436 1566 1491 domum
1620 1446 1789 1491 tuam.
1814 1434 1953 1501 Cum
1993 1437 2077 1490 vi-

484 1534 632 1589 deris
660 1533 888 1596 nudum,
928 1530 1085 1600 operi
1111 1544 1269 1593 eum,
1296 1526 1360 1582 et.
1404 1542 1624 1583 carnem
1658 1537 1805 1582 tuam
1864 1543 1933 1584 ne
1979 1527 2076 1583 de-

2196 345 2369 401 vcrbe
2386 356 2600 417 Oportet
2622 347 2873 418 decipere
2893 360 3242 423 quemquam.

2496 446 2725 492 νεκιτλε
2746 453 2814 493 λυ
2838 453 3084 504 orasque
3119 452 3465 503 etiam":
3492 476 3495 485 -
3652 458 3661 487 ξ

2261 523 2389 581 ΒΜ).
2431 522 2635 582 XVIII.
2663 528 2971 600 Ntmquam‘
2999 531 3138 590 Deus
3179 535 3293 590 falli
3331 541 3530 607 potest.
3571 535 3682 597 Sed
3710 552 3805 601 te

2187 616 2385 687 potius,
2413 632 2579 688 quam
2614 619 2783 675 Deum
2816 620 2973 689 fallis,
3009 626 3134 693 quia
3164 626 3409 697 quolibet
3432 632 3595 685 modo
3616 642 3797 689 men":

2189 705 2374 772 tiatur,
2393 726 2412 758 ς
2438 722 2499 762 os
2524 708 2666 778 quod
2693 712 2971 779 mentitur,
2996 714 3194 770 occidit
3218 717 3453 785 animam
3470 718 3630 792 (Sep.
3648 721 3725 793 t);
3752 741 3777 778 ι

2193 815 2213 850 ι
2242 807 2300 853 et
2327 800 2514 855 oribus
2542 801 2892 859 mendacibus
2939 816 3066 874 pars
3105 804 3317 862 illorum
3345 810 3450 864 erit
3484 811 3782 885 in--‘stagno

2188 887 2331 960 ignis
2356 890 2598 946 ardentis
2619 889 2880 960 sulphure
2902 893 3084 963 (Apoc.
3113 896 3253 967 xxx).
3288 916 3313 950 ι
3364 940 3367 943 .

2593 1016 2820 1056 VENTRIS
2858 1018 3134 1060 INGLUVIES
3170 1022 3357 1064 ωριτε

2254 1086 2334 1143 Ad
2357 1104 2507 1145 esum
2533 1090 2675 1147 Deus
2697 1093 2878 1147 omnia
2903 1088 3361 1160 munda’condid‘it
3386 1112 3403 1152 :
3426 1108 3485 1155 et
3506 1092 3602 1170 qui
3632 1096 3774 1157 satu-

2184 1180 2291 1233 rari
2321 1180 2443 1234 cibo
2468 1181 2694 1251 respuit,
2716 1181 2844 1252 quid
2874 1183 3044 1251 aliud,
3068 1192 3230 1254 quam
3269 1189 3489 1243 muneri
3508 1194 3772 1246 conccho
3810 1212 3815 1215 Α

2182 1270 2528 1341 contradicit.
3162 1274 3189 1301 ψ
3267 1278 3271 1282 ι
3426 1284 3430 1291 ς
3496 1276 3503 1291 ι
3652 1286 3655 1293 ι
3724 1292 3729 1297 .

2212 1416 2217 1419 ,
2497 1378 2729 1420 cmouuu
2759 1360 3453 1425 macruouu‘nasroaos'r:
3491 1374 3503 1391 "
3580 1378 3587 1382 '

2251 1451 2382 1529 Car.
2404 1453 2546 1511 XIX.
2587 1456 2760 1513 Unum
2799 1457 2993 1512 horum
3031 1473 3151 1528 quas
3183 1459 3531 1515 dicis-verum
3556 1462 3671 1517 est;
3686 1459 3770 1517 Ne

2178 1544 2326 1597 enim
2362 1545 2525 1602 homo
2557 1544 2698 1602 fame
2731 1560 3054 1618 moreretur,
3087 1552 3271 1606 omnia
3311 1551 3455 1608 Deus
3497 1553 3569 1608 ad
3609 1550 3767 1610 esum

3652 152 3865 223 572,

483 1623 728 1693 spumis
757 1620 893 1692 (Ῐδαι
919 1622 1128 1690 ιν¹¹¹)·’
1156 1619 1427 1674 memmi“)
1454 1619 1582 1689 (μιίά
1606 1628 1904 1689 purpurato
1925 1618 2079 1675 (Ῐίνῖιί
2110 1618 2153 1676 Β
2183 1636 2378 1690 munda
2402 1638 2629 1693 creavit.
2658 1632 2769 1694 sed
2806 1654 2872 1694 ne
2912 1639 3230 1697 comedendi
3273 1648 3587 1698 mensuram
3608 1648 3769 1699 exec-

482 1710 912 1805 c9nll89'i‘:_q“i
956 1725 1062 1805 '_‘°"
1099 1711 1219 1805 ίδίξο
1251 1710 1542 1805 ά³¹¹¹¹¹¹ξ¹¹υ³
1592 1718 1677 1764 εει
1888 1709 2070 1805 la‘licna
2176 1730 2348 1795 deret,
2400 1731 2782 1787 abstinentiam
2822 1732 3125 1804 imperavit.
3173 1734 3349 1805 Atque
3384 1730 3527 1792 inter
3565 1744 3771 1793 cetera

483 1803 688 1869 tulerit,
716 1802 811 1858 sed
838 1802 980 1871 quod
1004 1799 1182 1872 egenti
1208 1800 1431 1870 panperi
1458 1813 1555 1854 sua
1583 1814 1689 1853 non
1721 1798 1989 1867 tribuerit,
2014 1807 2064 1855 el

2172 1833 2271 1873 sua
2298 1819 2461 1887 mala,
2498 1811 2784 1878 saturitate
2815 1798 3050 1879 maxime
3085 1824 3244 1894 panis
3263 1798 3444 1895 periit
3482 1824 3722 1881 Sodoma
3747 1865 3766 1891 ,

480 1895 538 1949 in
569 1894 783 1950 inferno
812 1892 1041 1966 positus,
1071 1892 1135 1947 ad
1168 1892 1398 1960 petenda
1428 1891 1648 1945 minime
1678 1891 1946 1961 pervenit,
1976 1890 2064 1960 qui

2173 1907 2399 1977 Domino
2420 1919 2733 1975 attestante,
2762 1911 2852 1982 qui
2882 1912 2948 1967 de
2975 1890 3417 1986 Jerusalem—per
3442 1917 3765 1986 prophetam

481 1985 572 2041 hic
613 1994 779 2054 parva
811 1982 1025 2053 negavit
1074 1979 1226 2052 (Luc.
1262 1980 1396 2050 xw).
1447 1980 1587 2046 Quid
1618 1981 1782 2035 etiam
1826 1979 1899 2062 ad
1938 1981 2064 2035 siui-

2169 1998 2428 2068 quuitur,
2446 2000 2668 2056 dicens:
2701 2019 2720 2053 ι
2756 1979 2881 2058 Παξο
2909 2003 3006 2057 fuit
3031 2003 3287 2075 iniquitas
3307 1979 3513 2062 sororis
3541 1979 3644 2060 itur
3665 2007 3769 2062 So-’

479 2085 651 2132 stram
680 2073 876 2144 positis
894 2073 1060 2143 judex
1089 2070 1211 2126 coeli
1239 2070 1487 2126 dicturus
1509 2070 1600 2135 sit,
1631 2067 1850 2125 attende
1875 2085 1890 2123 :
1939 2087 1957 2120 ι
1989 2069 2064 2126 Ite

2171 2067 2345 2147 domas
2386 2089 2645 2145 saturitas
2680 2092 2854 2162 panis.
2897 2111 2917 2145 ι
2958 2067 3296 2164 Quapropter
3329 2095 3471 2149 sicut
3510 2098 3655 2164 teget-
3694 2095 3762 2150 ad

482 2167 537 2222 in
571 2167 750 2238 ignem
780 2173 1068 2229 aaternum,
1103 2162 1196 2234 qui
1242 2171 1463 2232 paratus
1490 2168 1577 2216 est
1611 2160 1820 2216 diabolo
1861 2170 1917 2217 et
1964 2177 2065 2217 an-

480 2259 614 2330 gelis
645 2257 780 2328 ejus.
812 2255 1023 2312 Esurivi
1055 2255 1221 2320 enim,
1253 2263 1309 2311 et
1343 2270 1448 2308 non
1479 2253 1705 2311 dedistis
1750 2251 1882 2309 mihi
1912 2268 2065 2308 man-

479 2349 708 2416 ducare,
742 2368 765 2402 ›
792 2357 855 2425 et
880 2357 1101 2414 caetera,
1131 2362 1251 2417 qua:
1295 2346 1369 2402 ibi
1411 2345 1630 2419 (Matth.
1661 2346 1812 2419 xvttt)
1851 2346 2067 2403 terribi-

479 2441 606 2498 liter
634 2448 1047 2511 enumerantur.
1302 2506 1303 2509 η

551 2532 779 2588 Furtum
808 2542 866 2587 et
895 2531 1066 2599 fraus,
1094 2546 1400 2603 quanquam
1423 2531 1623 2602 gradus
1651 2530 1889 2589 habeant
1920 2530 2069 2588 Iocu-

476 2625 661 2692 tionis,
685 2639 853 2680 unum
877 2633 963 2680 est
993 2632 1171 2679 tamen
1194 2624 1339 2694 quod
1365 2624 1571 2679 dicunt.

1046 2732 1264 2773 FURTUII
1306 2730 1452 2771 DICIT
1484 2733 1507 2769 ἓ.

549 2815 605 2872 Si
636 2815 811 2872 aliena
842 2830 948 2871 non
981 2813 1146 2881 tollis,
1168 2828 1235 2870 ex
1264 2813 1482 2885 proprio
1515 2812 1599 2867 vel
1628 2812 1779 2889 dives
1808 2811 1894 2869 vel
1920 2812 2064 2869 sum-

473 2909 625 2966 ciens
649 2923 770 2965 esse
794 2923 903 2963 non
931 2907 1098 2964 vales.

1068 3014 1237 3055 ι-ἰιΔυε
1274 3014 1418 3054 DICIT
1445 3014 1462 3053 ἓ

540 3091 599 3146 Si
630 3099 824 3147 cuncta
861 3106 982 3161 quae
1017 3089 1115 3145 tibi
1148 3089 1404 3160 prtelatns
1451 3087 1717 3143 servanda
1761 3090 2060 3154 commisit,

469 3182 677 3238 illibata
705 3180 1011 3252 consignas,
1037 3189 1095 3234 et
1121 3194 1189 3234 ne
1225 3178 1277 3232 in
1316 3178 1587 3235 modicum
1613 3178 1742 3248 quid
1772 3192 2059 3234 reservan-

469 3276 598 3329 dum
632 3272 934 3337 existimas,
973 3272 1115 3327 unde
1161 3270 1245 3325 vel
1291 3269 1527 3342 propriis
1562 3270 1888 3326 utilitatibus
1926 3286 2058 3327 con-

468 3365 620 3428 sulis,
648 3363 734 3420 vel
764 3361 955 3417 amicis
982 3368 1037 3416 e‘t
1059 3360 1521 3416 commilitonibus
1545 3360 1728 3430 places
1752 3360 1777 3414 ?

728 3468 1049 3508 INNOCENTIA
1082 3468 1151 3506 ΔΙ)
1176 3467 1425 3516 υτιιλρυε
1464 3465 1805 3508 BESPONDET:

535 3544 666 3599 Cn.
697 3541 857 3597 XVII.
889 3540 1080 3597 Melius
1108 3550 1193 3596 est
1230 3555 1519 3611 pauperem
1553 3547 1607 3595 et
1643 3540 2050 3597 insulilcientem

464 3649 607 3700 esse,
635 3633 876 3702 nullique
897 3646 963 3686 ex
987 3631 1113 3686 dato
1138 3630 1371 3700 placere,
1404 3644 1569 3700 quam
1596 3629 1829 3700 aliquem
1857 3630 2054 3687 laedere

462 3728 609 3783 furto
639 3725 721 3780 vel
751 3724 959 3779 fraude.
992 3723 1092 3792 Qui
1123 3723 1267 3779 enim
1298 3722 1476 3778 aliena
1506 3723 1747 3793 quolibet
1782 3725 1941 3779 modo
1969 3724 2050 3778 ia-

455 3819 603 3889 jnste
629 3817 887 3889 pracripit,
921 3817 1036 3887 ipse
1065 3816 1169 3871 sibi
1202 3817 1350 3888 regni
1391 3815 1630 3872 caelestis
1657 3815 1862 3872 aditum
1901 3817 2050 3874 clau-

460 3915 559 3968 dit.
593 3911 744 3968 Unde
773 3921 828 3966 et
854 3910 1177 3981 praedicator
1200 3911 1448 3982 egregius
1470 3912 1743 3982 quondam
1772 3912 2049 3985 redarguit

462 4006 685 4061 dicens:
724 4024 743 4056 ι
780 4004 1014 4061 Omnino
1048 4003 1302 4059 delictum
1339 4014 1424 4060 est
1462 4005 1516 4060 in
1563 4005 1739 4070 vobis,
1787 4008 1928 4076 quod
1959 4008 2048 4078 jn-

458 4097 601 4151 dicia
642 4096 855 4151 habetis
890 4097 1035 4150 inter
1063 4111 1179 4151 vos.
1218 4095 1400 4162 Quare
1437 4113 1543 4151 non
1588 4098 1763 4171 magis
1793 4098 2044 4169 injurinm

460 4187 745 4256 accipitis?
775 4186 956 4255 Quare
994 4201 1100 4243 non
1144 4188 1316 4257 magis
1343 4186 1587 4251 fraudem
1615 4190 1860 4258 patimini
1885 4190 1909 4244 ?
1937 4190 2043 4247 Sed

456 4278 711 4349 iniuriam
734 4277 932 4344 facitis,
959 4286 1017 4332 et
1036 4276 1301 4332 fraudatis
1325 4275 1376 4348 (l
1401 4275 1525 4332 Cor.
1554 4280 1661 4350 v1);
1684 4296 1703 4329 ι
1735 4288 1791 4334 et
1814 4280 1915 4336 hoc
1937 4279 2043 4335 fra-

2165 2179 2521 2247 medicinam,
2563 2183 2643 2239 sic
2684 2184 2751 2238 ad
2789 2184 3080 2239 sumendas
3121 2184 3287 2254 dapes
3323 2185 3487 2241 debet
3526 2182 3758 2257 quisque

2165 2271 2448 2338 accedere,
2472 2288 2812 2345 nequaquam
2840 2273 3046 2331 scilicet
3067 2275 3392 2347 voluptatem
3428 2277 3483 2333 in
3527 2278 3637 2334 illis
3664 2293 3753 2349 ap-

2166 2373 2378 2435 petens,
2415 2366 2510 2422 sed
2545 2368 2853 2422 necessitati
2896 2382 3245 2424 succurrens.
3294 2368 3430 2424 Hinc
3472 2371 3759 2426 incarnata

2169 2452 2383 2509 Veritas
2394 2469 2490 2524 per
2508 2455 2855 2526 Evangelium
2877 2457 2985 2512 ait:
3009 2475 3027 2508 ι
3051 2457 3348 2524 Attendite,
3376 2474 3442 2513 ne
3462 2469 3761 2531 graventur

2167 2545 2329 2604 corda
2353 2554 2532 2600 vestra
2556 2545 2607 2599 in
2629 2545 2845 2615 crapula
2873 2556 2928 2601 et
2949 2546 3215 2603 ebrietate
3237 2547 3389 2620 (Luc.
3416 2552 3559 2620 xxt).
3587 2567 3607 2602 ι
3634 2547 3761 2617 Quo

2167 2644 2355 2690 contra
2377 2635 2443 2691 de
2465 2636 2759 2692 insatiabili
2801 2635 3110 2693 Judzeorum
3136 2640 3433 2694 voracitate
3463 2638 3756 2710 Apostolus

2076 2761 2080 2765 ς
2166 2724 2297 2779 dicit
2323 2739 2338 2779 :
2373 2742 2394 2777 ‹
2429 2724 2589 2783 Multi
2614 2727 2917 2795 ambulant,
2940 2744 3076 2799 quos
3100 2744 3242 2800 stepe
3269 2729 3512 2784 dicebam
3548 2728 3703 2784 vobis
3729 2746 3747 2795 ;

2165 2831 2309 2871 nunc
2344 2824 2529 2870 autem
2573 2827 2628 2872 et
2671 2818 2807 2874 ﬂens
2861 2818 2983 2873 dico
3029 2818 3278 2874 inimicos
3311 2820 3487 2874 crucis
3522 2817 3751 2885 Chrisd,

2163 2921 2392 2976 quorum
2412 2906 2555 2963 Deus
2575 2917 2764 2964 venter
2785 2918 2885 2973 est,
2910 2918 2965 2965 et
2986 2907 3154 2981 gloria
3179 2908 3232 2963 in
3256 2908 3518 2980 pudendis
3559 2924 3748 2964 ecrum

2087 2972 2132 3033 ο
2163 2972 2255 3066 qui
2281 3004 2492 3052 terrena
2519 2997 2737 3068 sapiunt
2758 2972 3109 3071 (ΡΙὶἰιὶμλιι).
3141 3018 3159 3051 ι
3185 2972 3486 3055 Εῑίἰινευιη
3513 3017 3527 3054 :
3555 3017 3577 3052 ‹
3614 2999 3753 3056 Esca

2160 3089 2360 3154 ventri,
2385 3098 2439 3144 et
2468 3099 2656 3145 venter
2682 3090 2844 3145 escis.
2872 3091 3214 3146 Deus'autem
3250 3099 3304 3146 et
3335 3093 3479 3145 hunc
3507 3099 3565 3146 et
3608 3091 3757 3149 hanc

2160 3180 2401 3235 destruet
2430 3178 2481 3251 (l
2504 3179 2627 3236 Cor.
2654 3179 2749 3253 vt).
2793 3200 2811 3233 ι
2842 3180 2932 3236 Ille
2963 3191 3142 3237 autem
3176 3182 3277 3237 hoc
3302 3182 3493 3236 vitium
3528 3191 3752 3253 superat

2157 3271 2333 3341 plene,
2363 3271 2454 3342 qui
2494 3271 2546 3327 in
2572 3272 2847 3328 sumendis
2873 3272 3103 3343 dapibus
3128 3286 3236 3327 non
3270 3272 3443 3327 solum
3475 3273 3748 3345 parcimu—

2157 3362 2301 3416 niam
2329 3372 2491 3427 tenet,
2521 3372 2585 3417 nt
2626 3360 2834 3417 scilicet
2862 3361 3213 3418 refectionem
3249 3377 3466 3433 semper
3497 3363 3749 3418 esuriens

2157 3451 2421 3522 imperet,
2456 3468 2642 3508 verum
2694 3454 2888 3517 etiam,
2928 3454 3299 3508 accuratiores
3337 3450 3499 3507 simul
3533 3461 3592 3508 et
3620 3467 3749 3508 sua-

2155 3546 2334 3602 viores
2353 3547 2559 3617 epulas,
2591 3555 2813 3615 excepta
2838 3546 3084 3618 corporis
3124 3545 3438 3601 infirmitate
3472 3554 3530 3602 et
3562 3546 3745 3616 huspi-

2158 3648 2270 3694 tum
2301 3637 2668 3710 susceptione,
2700 3638 3019 3694 contemnit.

2594 3768 2790 3809 ΙΝΕΡΤΔ
2827 3768 3074 3810 ιετιτιλ
3104 3769 3251 3810 ΒΙΩΙτ
3276 3771 3292 3808 ε

2224 3839 2422 3911 thuid
2461 3842 2627 3898 animi
2667 3843 2921 3915 gaudium
2952 3845 3095 3899 intus
3122 3843 3439 3902 abscondis?
3466 3841 3740 3915 Egredere

2151 3933 2205 3989 in
2247 3936 2517 4004 publicum
2561 3937 2719 3993 Iattus
2754 3956 2767 3991 ε
2806 3938 2901 3993 Dic
2932 3935 3063 3993 foris
3091 3937 3312 4009 aliquid,
3361 3938 3504 3993 unde
3543 3935 3627 3993 vel
3658 3946 3737 4004 tn,

2146 4024 2232 4093 (vel
2259 4026 2488 4095 proximi
2520 4026 2597 4082 tui
2631 4026 2862 4082 rideant.
2892 4026 3002 4082 Fac
3019 4043 3114 4083 eos
3135 4027 3400 4103 laetos'tua
3430 4025 3640 4083 lastitia.

2489 4131 2807 4174 IODERATUS
2826 4132 3031 4173 Iason
3058 4132 3363 4174 BESPONDET
3389 4133 3405 4171 ζ

2216 4204 2347 4260 Car.
2389 4183 2529 4262 XX.
2555 4206 2709 4262 Unde
2734 4207 2829 4262 tibi
2867 4208 3006 4264 inest
3033 4216 3182 4262 tanta
3228 4205 3452 4262 laetitia?
3477 4204 3730 4276 Nunquid

2139 4297 2253 4367 jam
2291 4298 2564 4367 diabolum
2601 4298 2817 4373 vicisti?
2851 4298 3103 4370 Nunquid
3143 4315 3258 4371 1am
3308 4298 3505 4354 inferni
3543 4311 3731 4369 poenas

461 4368 728 4466 tribqsz}
763 4367 844 4466 Αι]
872 4366 1247 4466 aequantia
1284 4368 1451 4466 iniqui
1498 4349 1726 4440 regnum
1784 4370 1878 4466 I_>_ci
1938 4389 2041 4466 non
2074 4349 2820 4462 01......{5suauia...
2847 4349 3103 4466 iga-ai;
3136 4349 3729 4461 ἐᾶἷειέῖεᾉιξὶνᾶζῖέὲἶέ

458 4458 845 4531 possidebunt?
870 4476 889 4510 ι
922 4456 1117 4529 (Ibid.)
1142 4457 1321 4529 Atque
1345 4458 1486 4513 inter
1510 4467 1706 4514 caetera
1725 4460 2039 4533 subiunxit:

465 4569 485 4602 ι
523 4548 705 4622 Neque
734 4549 900 4616 fures,
935 4565 1113 4620 neque
1143 4564 1387 4620 rapaces,
1420 4566 1644 4624 regnum
1676 4550 1770 4607 Dei
1799 4553 2044 4623 posside-

455 4639 590 4696 bunt
628 4640 840 4711 Ubid.).
869 4660 889 4693 ι

528 4732 763 4789 Fallacia
792 4741 959 4803 atque
995 4732 1362 4798 mendacium,
1389 4740 1443 4786 et
1476 4732 1591 4802 ipsa
1637 4748 1806 4788 unum
1835 4732 2039 4791 dicunt.

456 4824 781 4911 Fallaciaﬁt
805 4824 1041 4897 ingenio,
1066 4825 1408 4881 mendacium
1437 4840 1568 4881 vero
1592 4824 1823 4896 simplici
1855 4827 2039 4882 verbo.

909 4954 1166 4999 FALLACIA
1205 4952 1390 4994 IGITUR
1424 4952 1608 4994 DICIT:

523 5026 596 5083 Ut
615 5041 680 5082 ex
703 5026 887 5081 multis
906 5042 1071 5082 unum
1099 5027 1459 5099 proferamus,
1482 5042 1604 5088 cum
1628 5026 1683 5082 in
1708 5042 1815 5082 non
1836 5027 2034 5092 dando,

454 5118 689 5188 aliquem
739 5116 965 5172 illudere
1017 5118 1234 5186 quaeris.
1285 5116 1423 5185 Quid
1475 5117 1528 5171 in
1575 5117 1807 5187 petendo
1846 5130 2037 5173 moras

2147 4480 2398 4552 Nunquid
2427 4480 2539 4550 jam
2566 4482 2633 4538 de
2657 4490 2747 4538 tua
2783 4482 3047 4540 electione
3070 4483 3413 4539 securitatem
3436 4480 3726 4552 accepisti?

2147 4572 2228 4625 An
2253 4573 2390 4628 forte
2433 4573 2485 4627 in
2525 4573 2850 4628 oblivionem
2894 4574 3043 4629 venit
3076 4571 3219 4644 quod
3273 4571 3532 4627 Dominus
3565 4568 3722 4626 dicit:

2151 4682 2170 4715 ι
2202 4662 2428 4719 Mundus
2454 4664 2729 4733 gaudebit,
2762 4678 2858 4719 vos
2887 4675 3067 4720 autem
3102 4661 3555 4720 contristabimini
3581 4678 3597 4717 :
3627 4659 3723 4716 sed

2146 4751 2365 4807 tristitia
2389 4762 2569 4808 vestra
2597 4764 2836 4810 vertetur
2857 4754 2909 4809 in
2928 4753 3214 4825 gaudium?
3234 4772 3252 4806 ι
3275 4753 3458 4825 (Joau.
3489 4751 3717 4820 xv1.)An

2143 4840 2283 4895 forte
2316 4858 2347 4895 a
2379 4844 2635 4898 memoria
2689 4846 2954 4900 excesssit
2993 4846 3137 4916 quod
3186 4844 3326 4900 idem
3383 4841 3510 4897 alibi
3548 4841 3711 4896 dicit:

2147 4951 2165 4983 ι
2197 4931 2287 4987 Va:
2329 4933 2477 4988 vobis
2502 4935 2591 5003 qui
2618 4951 2762 4990 nunc
2793 4936 3000 5003 ridetis,
3028 4937 3153 5005 quia
3186 4934 3467 5005 plorabitis
3486 4942 3540 4989 et
3564 4931 3709 4987 ﬂebi-

2144 5025 2246 5078 tis?
2280 5044 2301 5075 ι
2341 5024 2507 5095 (Luc.
2544 5026 2651 5096 VI.)
2684 5028 2948 5098 Quodque
2978 5042 3078 5098 per
3110 5027 3450 5083 Salomonem
3480 5025 3703 5080 dicitur:

2145 5132 2164 5165 ι
2204 5114 2362 5170 Risus
2394 5115 2579 5185 dolore
2611 5117 2946 5183 miscebitur,
2977 5126 3034 5172 et
3064 5126 3306 5173 extrema
3337 5115 3518 5186 gaudii
3541 5113 3704 5168 luctus

452 5206 729 5263 inuectis?
777 5205 894 5261 Non
936 5206 1108 5262 habeo
1151 5207 1295 5275 quod
1340 5206 1575 5261 tribuere
1622 5205 1848 5274 possim.
1882 5205 2034 5260 Colat
2136 5214 2366 5273 occupat
2396 5202 2579 5269 (Prov.
2615 5209 2762 5277 Juv).
2803 5227 2823 5261 ι
2855 5207 2971 5262 Ete
2999 5217 3213 5275 contra,
3242 5222 3339 5276 per
3366 5205 3703 5277 Evangelium

448 5301 637 5352 utique
663 5296 716 5350 in
745 5298 909 5350 corde
936 5310 1055 5352 ante
1085 5296 1268 5352 habet.
1299 5296 1567 5352 vet-quod
1596 5295 1697 5352 sibi
1725 5303 2030 5352 conservet.

2138 5295 2375 5350 dicitur:
2428 5313 2447 5346 ι
2485 5295 2633 5350 Beati
2659 5297 2751 5352 nui
2792 5296 2998 5352 lucent.
3024 5298 3280 5352 quoniam
3320 5295 3423 5352 insi
3464 5292 3701 5352 consola-
