4062 5352
310 287 418 343 573

1170 290 1254 343 DE
1291 288 1668 345 CONFLICTU
1717 288 2044 344 VllIOIlUM
2075 288 2307 356 ATQUE
2356 288 2724 346 νιιιτυτωι.

3463 287 3562 340 571

314 404 335 470 (
362 400 528 455 Eccli.
558 399 663 478 ix).
702 419 720 452 ι
757 400 1060 469 Comprime
1086 418 1216 472 ergo
1243 406 1455 459 inanem
1481 403 1746 468 laetitiam,
1767 401 1890 470 quia
1923 414 1970 464 Α
1997 416 2156 469 quam
2203 417 2364 469 parva
2389 411 2472 455 est
2515 401 2833 456 concubitus
2877 403 3033 466 hora,
3063 416 3164 470 qua
3195 401 3438 470 perditur
3460 404 3565 456 vita

313 491 546 545 necdum
577 490 795 545 evasisti
850 491 1114 560 pamulem
1165 508 1479 546 :erumnam.
1530 491 1714 545 Nonne
1755 488 1894 559 apud

313 579 566 634 homines
593 579 813 633 insanus
835 581 1110 650 judicatur
1145 580 1236 649 qui
1266 580 1633 636 carceralibus
1661 580 1896 635 tenebris

319 655 565 722 reclusus
601 668 833 738 gaudere
866 669 1124 722 conatur?

789 771 1200 818 IULTILOQUIUI
1235 771 1416 809 ωριτε

388 844 508 898 Non
531 847 621 900 ille
678 862 800 900 reus
843 847 1132 908 tenebitur,
1181 847 1270 914 qui
1311 846 1463 914 plura
1518 846 1756 915 quidem,
1800 845 1897 901 sed

315 934 460 988 bona
493 935 733 1004 loquitur
759 954 772 988 :
797 925 895 988 Sed
948 935 1058 998 ille,
1098 935 1186 1006 qui
1214 934 1400 990 saltem
1441 950 1585 999 rara,
1620 936 1712 990 sed
1756 937 1895 990 mala

317 1026 503 1080 dicere
525 1027 805 1096 probatur.

513 1132 600 1171 CUI
642 1131 894 1170 DISCRE'I'A
938 1131 1328 1175 TACITURNiTAS
1366 1130 1668 1170 RESI’OSDET
1701 1133 1715 1169 ἒ

389 1204 520 1259 Cn.
555 1203 692 1257 XXI.
738 1203 932 1256 Verum
958 1215 1038 1257 est
1061 1205 1200 1272 quod
1231 1204 1384 1257 dicis.
1429 1204 1535 1256 Sed
1575 1204 1700 1257 dum
1731 1203 1894 1256 multa

317 1291 465 1350 bona
494 1291 725 1363 proferri
769 1293 1038 1357 videntur,
1069 1306 1209 1361 saepe
1261 1293 1521 1361 contingit
1567 1301 1623 1344 ut
1662 1307 1692 1344 a
1742 1292 1898 1345 bouis

321 1385 527 1441 locutio
556 1383 815 1438 inchoans
851 1383 918 1436 ad
967 1381 1180 1450 aliquod
1228 1396 1449 1450 pravum
1481 1380 1770 1443 derivetur,
1799 1379 1898 1435 hoc

320 1474 502 1543 ipsum
545 1481 730 1527 sancta
795 1471 1074 1538 Scriptura
1129 1472 1552 1541 pronuntiante:
1613 1491 1629 1520 ι
1661 1470 1795 1536 Quia
1842 1471 1894 1524 in

321 1563 660 1632 multiloquio
703 1573 985 1633 peccatum
1014 1577 1119 1616 non
1147 1562 1319 1617 deerit
1343 1561 1536 1632 (Prov.
1569 1578 1598 1615 ι
1618 1561 1659 1632 ).
1696 1582 1714 1614 ι
1734 1561 1896 1628 Quasi

320 1655 462 1710 forte
515 1658 655 1710 inter
699 1657 980 1709 innumera
1023 1655 1184 1708 verba
1212 1655 1550 1708 declinentur
1572 1654 1894 1718 criminosa;

2001 489 2179 541 futura
2210 491 2222 540 l
2254 489 2428 556 Quod,
2462 505 2608 559 rogo,
2637 489 3056 544 emolumentum
3122 489 3276 560 affert
3329 490 3565 558 corpori,

2000 579 2209 647 quodve
2275 579 2458 632 tribuit
2524 580 2773 644 lucrum,
2831 595 2949 649 quae
3015 589 3122 634 tam
3175 582 3282 635 cito
3333 581 3565 634 animam

1970 743 1973 750 Δ
1999 667 2144 724 ducit
2171 671 2241 723 ad
2268 669 2588 723 Tartarum?

2345 775 2638 816 SPIRITALIS
2675 776 2994 816 FOBNICATIO
3033 777 3218 816 ωριτε

2069 853 2317 922 Nunquid
2355 856 2715 909 damnandmu
2749 854 2950 924 aliquid
2980 855 3162 922 agitis,
3195 855 3284 924 qui
3316 857 3368 910 in
3404 856 3569 913 corde

1999 943 2204 998 libidini
2234 947 2527 1010 consentit,
2561 954 2616 999 et
2637 947 2710 1003 ad.
2740 961 2876 1015 opus
2911 946 3358 1014 concupiscentia:
3393 947 3565 1002 libidi-

2001 1037 2082 1088 nis
2108 1050 2212 1088 non
2242 1035 2579 1106 pertransit?

2361 1144 2616 1182 MUNDITIA
2655 1143 2841 1182 CORDIS
2879 1143 3216 1184 BESPONDE'I'Z

2072 1216 2198 1271 Car.
2239 1215 2428 1271 XXIV.
2468 1217 2698 1272 Omnino
2749 1219 3028 1287 delinquit,
3087 1219 3176 1287 qui
3201 1216 3571 1272 castimoniam

2003 1309 2194 1360 animm
2221 1324 2324 1361 non
2358 1309 2611 1362 custodit.
2640 1308 2789 1364 Unde
2814 1321 3002 1364 auctor
3024 1310 3297 1364 munditiae
3324 1309 3374 1362 in
3401 1309 3572 1362 Evan-

2003 1397 2140 1467 gelio
2167 1398 2296 1452 dicit
2319 1415 2331 1451 :
2381 1416 2400 1448 ι
2435 1398 2534 1465 Qui
2575 1400 2767 1454 viderit
2789 1399 3071 1456 mulierem
3095 1401 3159 1453 ad
3187 1401 3569 1469 concupiscen-

2002 1487 2125 1540 dam
2178 1504 2318 1553 eam,
2375 1489 2486 1560 jam
2538 1491 2837 1546 mwcbatus
2891 1501 2972 1546 est
2997 1508 3113 1546 eam
3171 1491 3226 1545 in
3275 1494 3438 1547 corde
3475 1507 3576 1547 suo

2005 1577 2254 1644 (Matth.
2280 1595 2310 1633 v
2333 1580 2372 1649 ).
2419 1598 2438 1632 ι
2476 1579 2595 1647 Quo
2637 1591 2823 1634 contra
2856 1596 2951 1650 per
2971 1583 3183 1636 beatum
3207 1580 3305 1636 Job
3333 1582 3527 1636 dicitur
3556 1598 3572 1635 :

2010 1685 2026 1716 ε
2060 1667 2235 1738 l‘epigi
2289 1669 2463 1724 fmdus
2506 1686 2628 1724 cum
2670 1671 2840 1725 oculis
2869 1671 3023 1733 meis,
3071 1681 3128 1724 ut
3167 1685 3234 1725 ne
3283 1672 3574 1741 cogitarem

321 1745 420 1798 sed
448 1745 686 1814 nunquid
716 1742 972 1798 declinari
1002 1753 1224 1815 possunt
1253 1744 1462 1798 inutilia
1518 1755 1677 1812 atque
1703 1745 1892 1799 otiosa.
1933 1741 1972 1800 Il
2003 1756 2218 1825 (“ﬁdem
2244 1756 2312 1810 de
2340 1757 2546 1828 virgine
2576 1759 2702 1827 (Job
2725 1776 2850 1814 χχχι
2869 1761 2906 1830 ),
2939 1779 2956 1810 ι
2984 1760 3152 1827 Quam
3182 1760 3322 1815 enim
3365 1768 3574 1830 partem

321 1836 390 1887 de
413 1835 605 1902 quibus
633 1843 774 1888 ratio
791 1835 842 1887 in
862 1833 1096 1887 futurmn
1121 1835 1226 1887 erit
1248 1833 1515 1887 reddenda
1533 1832 1745 1903 (Matth.
1779 1837 1897 1900 xtl).

323 1921 612 1976 Tenendus
664 1938 795 1992 ergo
840 1934 922 1976 cst
968 1923 1158 1975 modus
1189 1924 1240 1974 in
1271 1921 1556 1990 loquendo,
1587 1929 1640 1974 et
1663 1921 1731 1972 ab
1772 1921 1903 1987 ipsis

322 2026 702 2082 nonnunquam
776 2009 992 2065 utibbus
1070 2013 1246 2064 verbis
1319 2010 1679 2079 parcendum,
1765 2009 1903 2061 sicut

327 2100 522 2154 beatus
555 2098 837 2152 l’salmista
868 2098 1062 2170 legitur
1090 2099 1296 2152 fecisse.
1337 2098 1474 2152 Dicit
1512 2115 1525 2150 :
1565 2115 1584 2148 ι
1637 2097 1900 2152 Humilia-

327 2199 413 2244 tus
437 2205 581 2256 sum,
607 2197 660 2244 et
693 2190 813 2244 silui
843 2207 870 2242 a
893 2190 1046 2243 bonis
1077 2188 1260 2259 (Psal.
1296 2190 1556 2260 xxxviii).
1595 2206 1615 2241 ι

853 2297 1176 2335 ιιηωῖςωτιλ
1214 2295 1397 2334 01011⁵2

397 2370 509 2424 Νοη
537 2377 618 2425 est
644 2371 846 2440 grande
874 2369 1106 2435 facinus,
1148 2374 1260 2424 sive
1314 2371 1600 2424 concubitu
1651 2368 1814 2422 maris
1847 2376 1904 2422 et

323 2460 559 2524 feminae,
625 2459 702 2513 vel
735 2460 961 2528 propriis
1012 2460 1091 2514 vel
1143 2460 1366 2513 alterius
1414 2459 1679 2532 inquinari
1729 2459 1902 2513 niani-

322 2550 444 2604 bus.

571 2634 574 2637 ’
659 2655 980 2695 insanius
1016 2657 1201 2694 causis
1238 2656 1540 2694 nesrosner
1570 2655 1583 2693 :

395 2725 527 2782 Car.
569 2727 729 2782 XXII.
771 2729 887 2783 Non
917 2731 996 2784 sic
1027 2731 1100 2783 ait
1136 2730 1440 2800 Apostolus.
1474 2731 1611 2796 Quid
1639 2743 1767 2798 ergo
1797 2729 1908 2782 ait?

331 2836 350 2868 ι
386 2817 572 2890 Neque
618 2818 880 2874 immundi
912 2819 1150 2891 (inquit)
1193 2835 1418 2890 regnum
1444 2821 1535 2875 Dei
1564 2821 1922 2890 possidebunt»

327 2908 387 2983 (ι
426 2907 548 2978 Cor.
589 2911 695 2980 γι).
728 2929 746 2961 ι

893 3015 1123 3055 ιυιυιιιΑ
1161 3016 1334 3056 DICI‘I':

392 3088 506 3143 Cur
547 3097 597 3142 te
628 3089 684 3143 in
714 3089 986 3159 voluptate
1031 3098 1120 3143 tua
1171 3091 1329 3145 modo
1378 3106 1482 3146 non
1524 3091 1739 3153 dilatas,
1779 3106 1903 3146 cum
1933 3091 1976 3153 C

329 3181 459 3251 quid
495 3190 547 3234 te
575 3190 852 3250 sequatur,
880 3183 1132 3251 ignoras?
1155 3183 1448 3252 Acceptqu
1483 3193 1692 3252 tempus
1722 3186 1772 3235 in
1815 3186 1904 3238 de-

327 3271 547 3326 sideriis
568 3271 794 3339 perdere
815 3285 922 3326 nou
955 3272 1138 3336 debes,
1161 3273 1287 3340 quia
1310 3287 1470 3340 quam
1495 3273 1605 3326 cito
1636 3281 1908 3340 pertrans-

324 3374 434 3426 eat,
470 3361 665 3416 nescis.
701 3361 758 3415 Si
780 3362 922 3417 enim
947 3363 1156 3417 misceri
1187 3365 1325 3418 Deus
1350 3365 1618 3418 hominem
1643 3367 1693 3418 in
1725 3367 1907 3434 volup-

328 3452 636 3506 ιειῑθοιὶιιιδ
681 3451 866 3512 nollet.
915 3453 968 3506 in
1021 3454 1135 3522 ipso
1178 3454 1395 3506 lmmani
1442 3454 1653 3524 generis
1688 3454 1909 3508 exordio

325 3548 625 3599 masculum
655 3551 707 3597 et
737 3546 991 3598 temiuam
1039 3560 1144 3599 non
1176 3544 1393 3600 fecisset
1422 3545 1580 3614 (Gen.
1607 3545 1699 3617 ιι).

644 3652 901 3692 ολετιτλε
941 3654 1194 3693 ILLIBATA
1236 3655 1540 3694 RESPONDET
1577 3658 1589 3692 ἒ

395 3726 524 3780 Car.
570 3727 754 3782 XXIII.
797 3727 928 3783 Nolo
956 3730 1204 3800 ignorare
1237 3741 1288 3786 te
1322 3733 1451 3800 quid
1481 3740 1604 3801 post
1652 3732 1791 3788 hanc
1827 3733 1908 3787 vi-

327 3827 437 3874 tam
472 3818 723 3888 recipias.
752 3819 807 3874 Si
835 3821 976 3876 enim
1003 3831 1152 3876 caste
1197 3831 1250 3878 et
1280 3824 1364 3893 pie
1395 3825 1619 3890 vixeris,
1649 3825 1766 3880 sine
1807 3826 1912 3880 fine

325 3911 609 3979 gaudebis.
633 3911 688 3965 Si
717 3926 846 3966 vero
881 3911 1042 3982 impie
1070 3922 1121 3965 et
1156 3913 1452 3979 luxuriose,
1477 3916 1692 3970 aeternis
1729 3918 1913 3970 incen-

324 4001 425 4054 diis
457 4001 786 4070 subjacebis.
809 4001 935 4055 lude
960 4011 1138 4056 autem
1176 4005 1346 4074 magis
1375 4005 1580 4059 castius
1609 4006 1792 4061 vivere
1815 4007 1908 4061 de-

321 4091 442 4154 bes,
482 4089 628 4144 unde
657 4105 820 4159 quam
859 4090 966 4144 cito
990 4099 1271 4161 acceptum
1303 4101 1643 4163 pertranseat
1675 4104 1906 4165 tempus,

320 4181 583 4251 ignorare
639 4190 691 4236 te
715 4182 874 4236 dicis.
923 4183 1074 4248 Quod
1118 4193 1301 4238 autem
1353 4185 1404 4238 in
1436 4186 1662 4242 exordio
1697 4189 1912 4257 generis

320 4271 550 4326 lmmani
579 4271 649 4326 ad
673 4272 772 4327 hoc
819 4277 1120 4327 masculum
1150 4283 1204 4328 ct
1227 4274 1479 4329 feminam
1506 4277 1673 4332 Deum
1699 4295 1912 4334 creasse

320 4363 624 4432 profiteris,
647 4373 705 4417 ut
727 4364 930 4419 mutuis
943 4382 1001 4418 se
1024 4367 1356 4435 amplexibus
1377 4369 1603 4423 miseere
1617 4371 1907 4435 deberent,

2006 1847 2224 1902 haberet
2253 1847 2305 1902 in
2338 1864 2421 1904 me
2451 1849 2592 1905 Deus
2635 1851 2885 1919 desuper,
2909 1861 2962 1906 et
3007 1851 3372 1907 haereditatem
3401 1851 3578 1905 omni-

2005 1945 2194 2005 polens
2215 1938 2280 1993 de
2301 1939 2568 1996 excelsis?
2603 1939 2714 1996 Nisi
2742 1941 2886 1995 enim
2916 1941 3122 1994 auctori
3158 1950 3343 1996 nostro
3373 1941 3576 2010 cogita-

2007 2029 2082 2082 tio
2126 2029 2276 2098 pravi
2337 2046 2637 2087 consensus
2695 2031 3024 2102 displiceret,
3088 2047 3426 2102 nequaquam
3477 2048 3587 2102 per.

2005 2119 2195 2176 Isaiam
2243 2122 2552 2178 diceretur:
2611 2142 2630 2175 ι
2674 2123 2898 2179 Auferte
2941 2123 3139 2178 malum
3191 2124 3576 2192 cogitationum

2004 2222 2307 2267 vestrarum
2363 2215 2430 2268 ab
2453 2214 2625 2269 oculis
2649 2215 2798 2269 meis.
2836 2234 2854 2266 ι
2887 2215 2952 2268 Ει
2981 2215 3031 2268 in
3061 2213 3348 2283 Evangelia
3391 2213 3583 2266 Phari-

2005 2304 2157 2358 s-a:is:
2212 2324 2229 2354 σ
2281 2303 2417 2370 Quid
2484 2305 2730 2374 cogitatis
2781 2304 2916 2357 mala
2967 2305 3018 2357 iu
3049 2304 3301 2359 cordibus
3338 2303 3577 2357 vestris?

2007 2393 2234 2465 (Matth.
2269 2392 2378 2463 Ix.)
2418 2413 2434 2445 ι
2472 2393 2576 2448 Sed
2621 2408 2718 2448 nec
2767 2392 3038 2461 apostolus
3086 2391 3281 2446 Paulus
3325 2393 3578 2446 diceret:

2013 2502 2030 2534 ι
2067 2483 2464 2554 Cogitationum
2515 2483 2655 2537 inter
2694 2499 2752 2536 se
2798 2483 3023 2536 invicem
3067 2483 3456 2545 accusantium,
3488 2491 3583 2535 aut

2005 2574 2168 2628 etiam
2202 2573 2628 2637 defendentium,
2679 2574 2729 2626 iu
2760 2573 2847 2628 die
2876 2589 2978 2642 qua
3018 2573 3277 2642 judicahit
3323 2572 3584 2625 Dominus

2007 2663 2214 2716 occulta
2279 2663 2594 2729 hominum,
2655 2663 2946 2715 secundum
2997 2660 3340 2730 Evangelium
3401 2675 3578 2714 meum

2009 2753 2193 2822 (Rom.
2226 2753 2320 2824 ιι).
2355 2772 2374 2804 ι

2306 2855 2448 2894 ΑΜοη
2501 2854 2802 2894 Ρη.εεεΝτιε
2838 2854 3034 2894 SxECULl
3077 2855 3222 2893 DICiT
3255 2856 3266 2890 Ζ

2079 2931 2214 2997 Quid
2245 2930 2544 2999 pulchrius,
2572 2930 2698 2999 quid
2736 2929 3014 2983 honestius
3037 2945 3056 2989 ',
3088 2929 3214 2994 quid
3260 2926 3536 2980 venustius
3559 2965 3578 2988 ,

2008 3020 2205 3090 quidve
2237 3029 2414 3088 potest
2437 3035 2556 3074 esse
2585 3017 2976 3083 delectabilius,
2999 3033 3158 3086 quam
3181 3017 3322 3086 quod
3355 3017 3406 3069 in
3447 3031 3582 3082 prte-

2009 3113 2146 3168 scnti
2197 3111 2305 3164 vita
2361 3110 2602 3179 quotidie
2655 3109 2966 3163 cernimus?
3007 3108 3050 3163 Ο
3105 3122 3266 3177 quam
3323 3105 3584 3159 mirabil's

2009 3199 2130 3253 cmli
2172 3214 2410 3263 camera,
2450 3198 2501 3251 in
2541 3197 2921 3264 acrejucundo
2946 3237 2961 3260 ,
2999 3197 3050 3250 in
3077 3196 3278 3249 lumine
3324 3193 3490 3255 solis,
3527 3193 3582 3246 in

2010 3297 2299 3356 augmento
2328 3286 2466 3340 luna:
2488 3293 2650 3354 atque
2673 3284 2906 3349 defectu,
2932 3284 2985 3338 in
3015 3284 3277 3338 varietate
3304 3282 3582 3336 stellarum

2009 3385 2064 3430 et
2087 3391 2270 3430 cursu.
2304 3375 2476 3442 Quam
2509 3373 2845 3430 oblectabilis
2885 3383 3052 3438 terra,
3083 3375 3134 3427 in
3167 3387 3444 3426 nemorum
3487 3370 3583 3425 llo-

2009 3465 2189 3529 ribus,
2220 3467 2272 3518 in
2325 3465 2593 3518 fructuum
2625 3462 2998 3526 suavitatibus,
3026 3464 3078 3516 in
3122 3471 3395 3531 pratorum
3441 3461 3583 3514 rivu-

2009 3555 2289 3624 lorumque
2315 3553 2796 3616 anuenitatilms,in
2821 3561 3061 3621 segetum
3084 3553 3278 3605 culmis
3303 3550 3582 3604 luxurian-

2010 3647 2171 3709 tibus,
2193 3647 2242 3699 in
2269 3646 2544 3699 vinearum
2572 3643 2712 3699 foliis
2732 3654 2786 3698 et
2811 3645 3146 3699 botrionibus
3169 3642 3386 3716 [hotris]
3408 3642 3581 3712 plenis

2009 3737 2338 3807 palmitibus,
2382 3737 2434 3790 in
2491 3737 2746 3791 silvarum
2786 3736 2991 3792 umbris
3037 3744 3090 3790 et
3136 3735 3326 3806 palmis
3353 3733 3579 3788 virenti-

2011 3828 2110 3882 bus
2130 3869 2143 3890 ,
2177 3828 2228 3880 iu
2251 3843 2510 3897 equorum
2533 3837 2584 3882 et
2615 3843 2807 3882 canum
2829 3827 3098 3891 cursibus,
3129 3828 3180 3879 in
3212 3840 3492 3880 cervorum
3522 3833 3581 3880 et

2010 3932 2294 3987 caprarum
2362 3919 2628 3980 saltibus,
2712 3919 2764 3971 in
2804 3917 3120 3985 accipitrum
3175 3913 3480 3980 volatibus,
3526 3916 3582 3969 in

2008 4023 2277 4077 pavonum
2313 4048 2329 4073 ,
2387 4009 2800 4071 columbarum,
2857 4017 3231 4077 turturumqne
3281 4006 3472 4076 pennis
3528 4016 3584 4062 et

2013 4101 2191 4165 collis,
2223 4101 2274 4154 in
2307 4101 2588 4156 domorum
2634 4101 2792 4170 pictis
2831 4101 2998 4154 muris
3031 4108 3085 4155 ct
3111 4100 3455 4168 laquearibus
3479 4141 3495 4165 ,
3530 4100 3582 4154 in

2016 4209 2369 4263 Orgauorum,
2401 4195 2751 4263 omniumque
2776 4194 3102 4248 musicorum
3125 4193 3376 4263 (resonis)
3407 4193 3586 4247 tinnuo

2013 4282 2080 4338 lis
2133 4283 2426 4349 cautibus,
2483 4284 2537 4338 in
2609 4284 2890 4338 mulierum
2945 4283 3182 4338 venustis
3234 4284 3582 4354 aspectibus,

2016 4388 2311 4443 earumque
2342 4375 2646 4443 superciliis
2696 4383 2751 4429 et
2782 4375 3021 4429 crinibus
3042 4415 3057 4439 ,
3085 4374 3255 4430 oculis
3302 4385 3357 4429 et
3399 4391 3582 4445 genis.

321 4455 550 4508 utnuino
577 4469 761 4508 verum
787 4453 928 4510 forte
958 4456 1093 4511 dicis
1121 4473 1136 4522 ;
1169 4459 1263 4511 sed
1288 4459 1518 4514 nubendi
1547 4460 1763 4515 licentia
1795 4464 1910 4530 qui-
1944 4441 1989 4500 θ
2017 4473 2231 4532 gutture
2261 4473 2315 4520 et
2353 4464 2527 4531 labiis,
2561 4481 2713 4531 naso,
2738 4467 2984 4520 manibus
3007 4505 3023 4530 ,
3060 4475 3220 4536 atque
3249 4466 3581 4520 extrinsecus

326 4541 554 4596 busdam
587 4541 862 4608 tribuitur,
913 4545 1016 4598 hoc
1044 4554 1151 4608 est,
1173 4547 1262 4614 qui
1291 4547 1650 4618 virginitatem
1676 4561 1729 4605 et
1749 4552 1914 4606 casti-

328 4629 568 4684 moniam
616 4630 885 4685 vidualcm
947 4646 1284 4702 nequaquam
1315 4636 1540 4704 professi
1584 4649 1727 4692 sunt.
1779 4641 1909 4706 Qui-

329 4719 554 4774 busdam
601 4729 782 4775 autem
831 4736 939 4775 non
989 4724 1264 4789 tribuitur,
1297 4726 1347 4780 id
1378 4736 1479 4790 est,
1529 4729 1618 4797 qui
1677 4731 1911 4801 virgines

333 4810 414 4863 vel
462 4811 806 4866 continentes
838 4827 960 4866 esse
1005 4814 1382 4869 decreverunt.
1428 4816 1735 4872 Fornicatio
1780 4835 1909 4875 vero

337 4901 465 4954 nulli
491 4903 707 4972 impune
726 4903 1063 4958 conceditur.
1098 4904 1212 4957 Non
1256 4907 1512 4972 atteudis,
1543 4918 1634 4962 aut
1663 4917 1908 4963 contem-

337 4994 564 5046 nendum
591 5003 749 5062 putas
803 4994 946 5059 quod
978 4993 1266 5064 Apostolus
1297 4995 1516 5053 lubricis
1539 4999 1667 5053 dicit
1706 5016 1720 5052 :
1751 5019 1767 5049 ί
1802 4998 1910 5054 Fu-

336 5083 441 5152 gite
471 5083 914 5148 fornicationem,
955 5084 1169 5138 fratres.
1202 5085 1570 5158 Quodcunque
1609 5090 1753 5142 enim
1786 5105 1913 5158 pec-

337 5185 512 5228 CJIUIII
563 5175 757 5230 fecerit
787 5175 969 5238 homo,
1015 5184 1168 5228 extra
1213 5191 1408 5247 corpus
1443 5188 1550 5233 cst.
1582 5177 1681 5244 Qui
1731 5189 1911 5235 autem

340 5265 644 5331 fornicatur,
700 5269 756 5320 in
811 5280 1007 5335 c0rpus
1057 5281 1210 5318 suum
1255 5278 1440 5335 peccat
1483 5268 1540 5340 (l
1583 5268 1707 5324 Cor.
1746 5272 1850 5344 vi).
1887 5291 1906 5326 ι

2016 4554 2274 4608 adhibitis
2303 4561 2470 4620 auro;
2498 4565 2554 4611 et
2597 4557 2823 4628 gemmis
2862 4555 3134 4610 distinctis
3179 4557 3504 4610 monilibus:
3529 4565 3585 4610 et

2014 4646 2058 4700 si
2096 4663 2200 4716 qua
2247 4655 2376 4699 sunt
2428 4647 2569 4707 alia.
2622 4662 2742 4715 quae
2784 4648 2940 4701 modo
2979 4661 3082 4700 non
3138 4647 3326 4700 recolit
3370 4661 3583 4700 sensus.

2268 4748 2412 4788 AIIOII
2441 4751 2652 4790 ΡΔἸΊΠᾹΞ
2690 4751 2963 4790 εοειιίετιδ
3001 4751 3302 4790 RESI’OSDET
3333 4753 3344 4789 ζ

2086 4821 2212 4876 Car.
2258 4820 2418 4877 XXV.
2449 4824 2504 4876 Si
2533 4836 2582 4877 te
2610 4825 2680 4876 ita
2706 4825 2976 4896 delectant
3008 4840 3126 4892 qua:
3156 4824 3254 4876 sub
3280 4824 3415 4879 caelo
3437 4831 3574 4885 sunt.

2013 4915 2057 4968 si
2102 4931 2288 4968 carcer
2333 4917 2402 4968 ita
2433 4899 2662 4984 pulcher
2692 4925 2774 4969 est
2800 4956 2816 4978 ,
2862 4917 3051 4970 civitas
3093 4924 3147 4968 et
3174 4915 3366 4970 domus
3408 4914 3586 4984 qualis

2015 5005 2130 5060 est?
2158 5004 2212 5057 Si
2246 5006 2370 5056 talia
2399 5015 2544 5067 sunt,
2578 5021 2694 5072 qua:
2722 5005 2904 5058 colunt
2933 5004 3216 5073 peregrini.
3253 5006 3431 5076 qualia
3465 5016 3594 5059 sunt

2016 5111 2076 5151 ea
2114 5111 2233 5164 qua:
2260 5096 2536 5162 possident
2561 5095 2688 5148 ﬁlii?
2721 5094 2776 5148 Si
2807 5095 3058 5150 mortales
3084 5103 3138 5147 ct
3180 5099 3366 5154 miseri
3409 5097 3458 5151 in
3492 5095 3598 5151 hac

2015 5189 2125 5243 vita
2159 5185 2337 5238 taliter
2378 5196 2502 5238 sunt
2536 5188 2865 5241 remunerati
2890 5227 2904 5249 ,
2935 5186 3272 5246 immortales
3313 5197 3366 5246 ct
3414 5186 3556 5240 beati
3583 5226 3599 5251 ,

2021 5275 2253 5346 qualiter
2281 5286 2406 5329 sunt
2453 5275 2504 5328 in
2537 5276 2622 5329 illa
2659 5277 2771 5330 vita
2822 5276 3012 5330 dilati?
3055 5275 3403 5352 Quapropter
3450 5291 3604 5331 rece-
