4062 5352
474 191 578 248 5Ὶῖ

1462 193 1519 249 S.
1570 193 1817 251 LEONIS
1860 195 1934 251 IX
1981 194 2180 252 ΡΑΡᾹΞ
2219 195 2601 254 OPUSCULA.

3619 188 3730 258 sic

478 303 779 359 adversitas
826 302 1052 365 turbat,
1092 298 1234 355 nulla
1274 304 1569 359 necessitas
1612 314 1905 375 angustat,
1955 303 2049 360 sed
2080 311 2125 366 Λ
2154 313 2564 367 numtumeret,
2603 304 2879 374 stimulum
2901 308 3085 362 carnis
3108 307 3422 377 acrepitUl
3451 308 3577 364 Cor.
3606 316 3724 381 xu).

476 394 731 465 perennis
762 392 941 447 lmtitia
978 402 1186 464 regnat.

547 483 653 538 Sed
680 474 880 551 quieris
917 481 1044 552 quid
1086 483 1156 538 sit
1185 482 1254 539 ibi
1278 484 1427 549 ,snisi
1455 492 1603 540 tanta
1646 495 1701 540 et
1727 485 1848 540 talis
1884 486 2055 541 beati-

479 574 608 628 tudo
634 573 909 643 persiSIat.
938 573 1109 628 Aliter
1136 575 1240 629 dici
1270 591 1376 629 non
1414 585 1621 647 potest,
1656 577 1754 631 nisi
1794 578 2055 647 quidquid

480 662 606 717 boni
635 672 740 728 est,
771 662 842 717 ibi
872 670 976 727 est,
1006 670 1063 717 et
1090 665 1348 735 quidquid
1382 665 1504 719 mali
1546 674 1658 732 est,
1686 682 1958 736 nunquam
1983 668 2055 722 ibi

476 758 580 806 est.
607 750 783 820 Quod,
809 753 1010 823 inquis,
1041 754 1242 809 bonum
1279 755 1401 809 est?
1427 754 1565 823 Quid
1594 772 1679 812 me
1717 757 2057 828 interrogas?

477 843 524 898 A
539 842 802 915 propheta
820 853 876 899 et
896 842 1139 913 apostolo
1160 843 1440 904 diliinitum
1463 846 1587 902 est?
1613 865 1632 899 ι
1656 846 1831 915 Quod,
1857 848 2053 918 inquit,

406 950 411 955 '
478 934 669 990 oculus
696 951 803 990 non
838 937 993 1003 vidit,
1034 953 1136 993 nec
1157 937 1304 993 auris
1335 939 1561 1005 audivit,
1597 954 1700 996 nec
1743 940 1797 995 in
1840 954 1937 995 cor
1959 941 2056 995 bo-

481 1025 645 1081 minis
683 1025 1066 1092 ascenderunt,
1113 1040 1234 1097 qua:
1281 1031 1605 1100 praeparavit
1659 1031 1801 1088 Deus
1841 1031 1925 1087 his
1962 1032 2055 1102 qui

479 1118 710 1188 diligunt
748 1135 871 1174 eum
904 1119 1060 1190 (lani.
1105 1136 1231 1176 utv
1257 1163 1272 1188 ,
1312 1132 1366 1177 et
1397 1123 1433 1176 1η
1471 1123 1595 1180 Cor.
1633 1125 1715 1196 ιι).
1753 1145 1771 1178 ι
1806 1127 1886 1181 Ad
1914 1127 2056 1181 hanc

487 1206 797 1262 felicitatem
830 1209 1012 1269 multis
1049 1211 1234 1266 szeculi
1279 1212 1483 1269 divitiis
1527 1216 1861 1285 constipatus
1890 1216 2056 1272 David

483 1294 789 1357 anhelabat.
819 1313 943 1352 cum
967 1299 1182 1354 dicebat
1212 1318 1227 1354 :
1260 1321 1278 1353 ι
1310 1302 1445 1368 Quid
1473 1304 1602 1358 mihi
1627 1315 1793 1360 restat
1817 1306 1867 1359 in
1895 1306 2054 1372 etclo,

484 1392 540 1437 et
567 1400 596 1436 a
620 1392 670 1438 te
689 1386 815 1453 quid
849 1386 989 1441 volui
1012 1402 1186 1459 super
1204 1399 1401 1446 terram
1434 1389 1608 1459 (Ptol.
1642 1395 1833 1463 Lxxtt).
1870 1413 1889 1447 ι
1919 1394 2057 1448 Mul-

486 1473 556 1527 tis
602 1473 861 1544 regalium
903 1477 1274 1533 conviviorum
1319 1479 1545 1551 dapibus
1584 1483 1864 1539 abuudans
1906 1484 2055 1540 diee-

484 1563 579 1618 bat
630 1583 645 1619 :
696 1582 716 1616 ι
767 1565 1057 1635 Satiabor,
1110 1571 1234 1624 dum
1277 1564 1713 1629 manifestabilur
1757 1575 1926 1646 gloria
1964 1586 2051 1631 tua

2158 394 2241 450 Sit
2293 396 2473 464 itaque
2519 398 2708 452 borum
2754 397 3059 466 quodlibet,
3097 407 3191 451 aut
3219 407 3369 453 certe
3405 400 3449 453 si
3481 414 3587 454 non
3615 399 3730 455 fue-

2157 486 2246 552 rit,
2270 487 2508 556 nunquid
2534 496 2713 542 tamen
2736 496 3063 552 extremum,
3086 488 3131 541 si
3159 489 3427 558 positurus
3452 503 3571 545 sum
3597 529 3613 553 ,
3636 505 3736 544 ve.

2157 594 2275 632 rum
2317 594 2421 632 non
2446 579 2587 632 erit?
2622 579 2819 633 Verum
2849 586 2933 633 est
2954 578 3174 632 omnino
3196 618 3212 642 ,
3248 591 3437 633 verum
3466 588 3551 635 est
3581 582 3726 650 quod

2155 668 2297 729 dico,
2329 684 2433 722 non
2461 684 2580 723 esse
2614 667 2966 722 colluvionem
2992 666 3137 721 illam
3160 669 3503 724 extrinsecus
3535 670 3732 723 animae

2159 758 2374 811 noxiam
2405 798 2421 823 ,
2453 757 2499 813 si
2526 757 2640 827 ipsa
2666 771 2889 812 servare
2911 756 3179 811 studuerit
3201 756 3350 811 intus
3367 755 3551 812 cordis
3570 773 3731 811 mun-

2156 845 2366 901 ditium.

2228 936 2434 989 Interea
2460 935 2601 991 sicut
2629 943 2685 990 tu
2711 934 2826 1005 ipse
2861 933 3103 989 indicare
3126 933 3352 997 curasti,
3385 934 3547 989 audio
3567 948 3737 1003 quos-

2157 1026 2281 1080 dam
2318 1026 2456 1096 apud
2486 1040 2583 1081 nos
2621 1027 2800 1082 dicere
2825 1068 2842 1094 ,
2869 1041 2974 1081 non
3003 1040 3160 1097 posse
3189 1025 3419 1093 aliquem
3460 1025 3514 1079 in
3555 1024 3735 1094 patria

2157 1129 2267 1169 suae
2314 1114 2614 1169 nativitatis
2659 1113 2959 1184 perfectum
3004 1127 3149 1179 esse,
3191 1113 3318 1167 illud
3351 1115 3404 1167 in
3448 1127 3737 1181 argumen-

2158 1220 2268 1263 tum
2299 1217 2639 1266 assumentes
2667 1248 2683 1273 ,
2714 1210 2854 1280 quod
2878 1208 3139 1264 Dominus
3157 1209 3290 1264 dixit
3317 1224 3332 1263 :
3366 1226 3385 1258 ι
3413 1206 3585 1261 Nemo
3612 1221 3734 1274 pro-

2158 1301 2317 1369 pheta
2367 1308 2620 1369 acccptus
2647 1307 2729 1354 est
2774 1300 2828 1354 in
2865 1298 3036 1369 patria
3075 1313 3172 1353 sua
3222 1296 3373 1367 (an.
3412 1295 3510 1365 tv).
3536 1313 3557 1348 ι
3586 1296 3740 1360 Quos

2157 1393 2391 1463 primum
2416 1400 2628 1461 oportet
2661 1392 2871 1447 ratione
2901 1393 3147 1447 veritatis
3175 1391 3344 1446 refelli
3375 1432 3389 1454 ,
3433 1402 3485 1445 et
3513 1391 3595 1445 sic
3634 1389 3736 1443 de-

2157 1496 2306 1536 mum
2335 1479 2570 1550 qualiter
2596 1480 2943 1553 intelligenda
2986 1482 3058 1537 sit
3086 1482 3294 1552 prolata
3333 1479 3609 1536 sententia
3634 1477 3736 1532 dc-

2158 1571 2466 1626 monstrari.

487 1651 663 1721 (Psal.
696 1658 840 1725 XVI);
875 1675 893 1708 ι
927 1667 983 1713 et
1033 1674 1284 1715 rursunt:
1319 1681 1336 1713 ι
1370 1663 1549 1717 δίιίνίι
1598 1664 1774 1719 anitna
1825 1681 1940 1720 mea
1985 1667 2052 1720 ad
2086 1661 2129 1721 Β
2223 1662 2463 1716 Audiant
2506 1661 2671 1732 igitur
2718 1661 2986 1733 patienter
3043 1662 3134 1732 qui
3169 1662 3285 1716 haec
3328 1661 3537 1726 dicunt,
3580 1664 3738 1730 quia,

487 1741 773 1798 Dominum
804 1747 1003 1802 vivum.
1034 1747 1262 1815 Quando
1287 1753 1497 1806 veniam
1525 1761 1580 1807 et
1623 1754 1893 1823 apparebo
1930 1762 2057 1810 ante

486 1830 677 1887 faciem
711 1834 805 1888 Dei
829 1833 1002 1906 (Paul.
1035 1840 1177 1908 xu);
1210 1858 1229 1891 ι
1259 1855 1581 1911 rursumque
1606 1857 1621 1896 :
1647 1859 1666 1892 ι
1694 1843 1827 1909 Quia
1856 1844 2059 1899 incola-

490 1934 576 1981 tus
599 1943 750 1983 mens
768 1928 1117 2001 prolongatns
1135 1941 1218 1987 est
1245 1932 1414 2003 (Psal.
1445 1934 1612 2003 cxtx).
1635 1954 1655 1987 ι
1678 1934 1816 1992 Hinc
1836 1945 1893 1991 et
1915 1937 2057 1991 Pau-

492 2014 578 2070 lus
604 2034 618 2069 :
648 2035 667 2067 ι
689 2016 859 2088 Cupio
879 2019 1099 2074 dissolvi
1120 2030 1175 2075 et
1194 2035 1313 2076 esse
1332 2037 1453 2077 cum
1472 2023 1689 2079 Christo
1709 2024 1929 2094 (Philip.
1948 2026 2008 2094 t).
2033 2044 2052 2077 ι

489 2104 655 2159 Multo
682 2117 862 2162 autem
898 2108 1089 2166 melius

560 2193 657 2250 His
682 2196 754 2251 ita
781 2196 1049 2264 decursis,
1077 2214 1383 2271 quanquam
1405 2201 1569 2257 multa
1596 2203 2055 2273 praetenuiserim,

493 2294 705 2353 tamen,
746 2295 808 2357 ut
845 2290 974 2344 mibi
1017 2288 1260 2358 videtur,
1307 2293 1474 2348 hostis
1524 2294 1692 2350 nostri
1741 2295 2059 2351 fornicantis

490 2387 669 2431 castra
711 2381 1043 2445 monstravi,
1088 2383 1283 2451 quibus
1309 2384 1394 2452 pie
1442 2384 1686 2440 viventes
1733 2386 1785 2440 in
1842 2386 2063 2443 Christo

492 2463 619 2521 Jesu
669 2480 776 2523 non
815 2469 1013 2524 desinit
1046 2458 1361 2540 impugnare
1392 2490 1405 2526 :
1436 2474 1528 2527 sed
1569 2488 1669 2528 nec
1723 2474 1806 2528 bis
1835 2484 2062 2531 conten-

495 2568 581 2613 tus
607 2559 678 2614 ad
709 2559 811 2614 alia
838 2561 1172 2616 convertitur
1199 2574 1516 2632 argumenta
1536 2605 1549 2627 .
1587 2565 1712 2620 dum
1737 2567 2057 2636 quibusdam

497 2649 550 2702 iu
579 2650 782 2705 somnis
807 2652 1003 2721 sacpius
1040 2669 1165 2707 vero
1214 2655 1569 2723 praenuntiat,
1602 2668 1779 2713 utens
1820 2660 2053 2727 quando-

495 2755 599 2809 que
624 2741 692 2795 ad
727 2739 1015 2797 falsitatem
1052 2746 1329 2813 pertrabat
1351 2787 1368 2812 ,
1393 2746 1519 2800 dum
1563 2748 1891 2805 dormientes
1936 2762 2060 2806 ante

491 2829 702 2895 ituram,
740 2831 827 2886 vel
880 2840 1090 2904 tempus
1130 2837 1464 2899 exsuscitat,
1513 2845 1573 2892 ut
1611 2852 1706 2893 eos
1754 2838 2060 2909 vigiliarum

494 2930 737 2990 tempore
790 2938 981 2982 somno
1031 2928 1355 2997 pravissimo
1389 2930 1695 3000 deprimat,
1746 2947 1867 2987 cum
1917 2933 2060 3003 psal-

490 3008 662 3065 lentes
713 3020 873 3082 atque
909 3026 1127 3071 orantes
1147 3018 1345 3079 sibilis,
1384 3020 1708 3075 stridoribus
1734 3062 1747 3086 ,
1780 3021 2062 3079 latratibus
2089 3003 2135 3067 ο

490 3103 745 3169 diversis,
776 3116 831 3161 et
862 3107 1149 3163 inconditis
1174 3109 1415 3175 vocibus,
1444 3112 1580 3166 actis
1608 3113 1770 3166 etiam
1797 3112 2062 3184 lapidibus

492 3195 575 3248 vel
613 3199 944 3253 stercoribus
992 3201 1312 3267 perturbat,
1358 3210 1415 3255 ut
1456 3216 1548 3255 eos
1576 3218 1793 3272 quoquo
1836 3213 1994 3275 pacto
2030 3220 2061 3260 a

497 3284 721 3353 spiritali
748 3300 908 3355 opere
934 3292 1233 3352 retrahens,
1268 3291 1453 3345 inanes
1472 3291 1685 3347 ellieiat.

575 3373 651 3427 'l'u
708 3387 884 3432 autem
932 3378 1093 3432 homo
1144 3379 1279 3445 Dei,
1330 3380 1569 3450 vigilanti
1616 3382 1794 3438 studio
1847 3384 2065 3438 attende

508 3483 628 3537 qum
666 3469 803 3534 dico,
852 3479 905 3523 et
935 3471 1062 3525 mihi
1093 3473 1267 3528 adhuc
1306 3475 1476 3545 magis
1513 3478 1775 3546 stupenda
1823 3479 2062 3533 narranti

504 3559 662 3613 fidem
696 3560 951 3629 prmbcto.
979 3558 1272 3630 Cujusdam
1328 3563 1586 3619 relatione
1635 3580 1804 3637 nuper
1839 3567 2065 3639 cognovi

498 3649 643 3721 quod
676 3649 819 3707 dico.
861 3650 958 3707 \‘ir
1002 3654 1218 3723 quidam
1265 3655 1548 3727 religiosos
1572 3666 1734 3728 atque
1778 3658 1833 3714 in
1878 3675 2066 3714 mona-

495 3740 631 3794 stico
655 3740 838 3795 habitu
860 3743 1186 3799 constitutus
1209 3785 1225 3811 ,
1249 3756 1437 3801 nostro
1468 3762 1609 3803 nunc
1641 3760 1884 3819 tempore
1925 3750 2062 3804 anti-

494 3829 584 3896 qui
629 3828 800 3886 hostis
849 3839 933 3886 est
962 3832 1198 3888 inaudita
1248 3836 1544 3891 tentatioac
1583 3837 1849 3906 pulsatus,
1890 3838 1964 3893 ita
2006 3850 2065 3896 ut

499 3920 636 3978 idem
661 3923 923 3991 malignus
949 3923 1172 3994 spiritus
1202 3925 1647 3981 vestimentormn
1677 3928 1796 3999 ejus
1825 3929 2062 3999 particu-

497 4010 578 4064 las
616 4021 768 4066 extra
798 4012 943 4067 illum
973 4016 1135 4068 etiam
1165 4016 1546 4088 incompositos
1586 4017 1863 4075 immunda
1896 4020 2066 4076 collu-

495 4102 654 4156 vione
696 4102 937 4157 crebrius
967 4102 1213 4159 fumaret.
1265 4104 1395 4173 Qua:
1440 4108 1495 4161 in
1533 4116 1738 4163 tantum
1784 4118 1908 4165 erat
1937 4110 2065 4165 bor-

498 4192 686 4258 renda,
718 4191 881 4247 fetida
913 4202 969 4248 et
1001 4195 1182 4258 noxia,
1212 4204 1273 4249 ut
1300 4211 1426 4251 mars
1474 4199 1706 4252 vestium
1735 4215 1898 4268 quam
1943 4200 2065 4255 teti-

499 4284 702 4353 gisset,
744 4283 873 4337 nulli
905 4284 1158 4354 deinceps
1183 4295 1330 4341 esset
1372 4288 1491 4342 usui
1534 4297 1658 4359 apta
1683 4331 1698 4354 ,
1755 4305 2063 4360 quanquam

501 4376 692 4431 fuisset
731 4374 933 4429 abluta.
975 4375 1053 4430 De
1096 4391 1204 4445 quo
1258 4392 1380 4432 cum
1436 4378 1797 4449 interrogatos
1845 4378 2064 4435 fuissem

501 4484 600 4522 cur
619 4467 956 4536 omnipotens
984 4466 1125 4523 Deus
1168 4467 1329 4523 talem
1361 4475 1580 4524 versuto
1601 4449 1844 4539 serpenti
1885 4483 2066 4541 potes-

503 4568 667 4613 tatem
704 4559 758 4613 in
803 4573 926 4613 eum
958 4558 1198 4624 dederit,
1236 4560 1490 4631 respondi
1518 4569 1579 4615 ut
1619 4560 1798 4616 cordis
1822 4561 1939 4631 ejus
1966 4563 2066 4618 itu-

503 4651 821 4706 nzunditiam
861 4649 994 4707 foris
1059 4651 1424 4709 ostenderet:
1482 4654 1627 4722 quod
1685 4669 1956 4724 nunquam
2011 4656 2062 4710 in

498 4741 752 4796 exteriori
798 4740 983 4796 habitu
1022 4739 1275 4808 fecisset,
1328 4742 1430 4799 nisi
1482 4742 1792 4799 interiorem
1844 4746 2066 4802 omnino

499 4832 830 4901 corrupisset
870 4842 966 4887 aut
994 4831 1310 4886 inﬁdelitate
1336 4841 1393 4886 et
1420 4830 1772 4903 blasphemia,
1800 4845 1893 4888 aut
1922 4843 2069 4889 certe

502 4921 651 4976 inani
687 4932 741 4977 et
778 4936 918 4977 vana
946 4920 1136 4993 gloria.
1182 4921 1374 4977 Sanies
1401 4924 1598 4993 quippe
1635 4924 1782 4979 intus
1807 4925 1859 4979 in
1904 4925 2070 4981 corde

444 5046 453 5055 -
493 5012 647 5068 'foras
676 5028 771 5081 per
800 5004 1117 5068 vestimenta
1145 5011 1282 5069 ﬂuit.
1312 5014 1482 5082 Quem
1513 5017 1639 5087 quia
1673 5016 1829 5088 longe
1862 5018 2069 5088 positus

494 5120 604 5176 ego
638 5106 854 5174 quidem
904 5119 1012 5160 non
1050 5101 1183 5171 vidi;
1211 5106 1305 5161 sed
1335 5116 1510 5162 tamen
1542 5113 1624 5181 (ut
1660 5110 1916 5182 arbitror)
1952 5110 2068 5163 haec

496 5195 562 5252 in
596 5193 686 5249 illo
715 5209 842 5249 vere
881 5195 1120 5265 praevidi.
1162 5195 1314 5263 Quod
1346 5199 1392 5254 si
1424 5212 1531 5254 non
1561 5209 1645 5255 est
1674 5201 1784 5266 ita,
1828 5197 2069 5269 nunquid

2158 1753 2285 1808 dum
2317 1768 2530 1807 sensum
2561 1766 2728 1807 sacra:
2758 1751 3051 1822 Scriptura:
3079 1750 3373 1821 prudenter
3407 1765 3515 1806 non
3545 1750 3733 1804 consi-

2160 1842 2380 1906 derant,
2419 1855 2556 1911 pene
2602 1852 2790 1895 omnes
2834 1847 3053 1895 sanctos
3088 1846 3471 1903 contemnunt;
3502 1837 3548 1892 si
3584 1836 3735 1891 enim

2160 1935 2233 1989 ita
2286 1942 2410 1995 est.
2453 1940 2508 1986 ut
2561 1939 2816 1985 asserunt
2849 1944 3020 2002 :ergo
3053 1938 3319 1999 quotquot
3368 1943 3435 1986 ex
3469 1927 3739 1985 Romanis

2158 2022 2404 2077 conversi
2427 2021 2567 2091 apud
2593 2020 2864 2075 Romanos
2885 2020 3082 2088 degunt
3106 2036 3121 2085 ;
3147 2027 3413 2089 quotquot
3442 2033 3511 2074 ex
3532 2017 3740 2091 Graecis

2160 2113 2299 2183 apud
2323 2111 2578 2176 Gmecos;
2607 2119 2870 2180 quotquot
2894 2123 2960 2164 ex
2991 2107 3139 2164 Italis
3168 2109 3308 2179 apud
3336 2108 3538 2173 italos;
3565 2117 3737 2178 quot-

2159 2215 2295 2275 quot
2319 2220 2383 2259 ex
2407 2203 2573 2259 Gallis
2595 2202 2733 2274 apud
2754 2198 2966 2268 Gallos;
2988 2210 3253 2273 quotquot
3270 2216 3335 2257 ex
3358 2201 3575 2257 Hiberis
3591 2201 3735 2270 apud

2161 2295 2413 2360 Hiberos;
2463 2302 2728 2365 quotquot
2776 2308 2843 2348 ex
2890 2291 3178 2348 Germanis
3216 2291 3357 2361 apud
3385 2291 3739 2354 Germanos;

2160 2396 2424 2458 quotquot
2442 2403 2508 2442 ex
2531 2384 2868 2456 Aquitanicis
2888 2382 3027 2455 apud
3055 2383 3440 2455 Aquitanieos;
3466 2389 3740 2452 quotquot

2160 2495 2226 2534 ex
2252 2477 2580 2531 Britannicis
2600 2475 2739 2547 apud
2773 2472 3140 2537 Britannicas;
3172 2482 3434 2541 quotquot
3459 2486 3525 2525 ex
3544 2467 3734 2538 Anglis

2162 2570 2300 2640 apud
2334 2568 2587 2639 Anglicus
2640 2566 2887 2636 religiose
2934 2565 3158 2628 vivunt,
3207 2560 3504 2632 imperfecti
3548 2570 3730 2615 erunt.

2161 2662 2300 2716 Ecce
2330 2659 2528 2714 Paulus
2550 2666 2605 2713 et
2634 2657 2898 2712 Antonius
2921 2672 2988 2711 ex
3022 2655 3266 2710 Tbehmis
3295 2654 3434 2724 apud
3467 2651 3739 2708 Thebaeus

2161 2750 2384 2822 perfecti
2415 2757 2558 2805 sunt.
2590 2748 2732 2804 Ecce
2761 2746 3019 2819 llylarion
3042 2761 3109 2800 ex
3137 2743 3439 2799 Palrestinis
3465 2742 3605 2812 apud
3632 2742 3733 2796 Pa-

2162 2840 2398 2895 laestinos
2425 2837 2695 2910 perfectus
2737 2845 2840 2892 est.
2871 2836 3009 2891 Ecce
3047 2834 3350 2889 Macbarius
3372 2846 3437 2887 ex
3460 2830 3734 2903 Egyptiis

2164 2930 2304 3002 apud
2333 2930 2613 3003 Egyptios
2634 2928 2904 3000 perfectus
2926 2936 3028 2982 est.
3060 2926 3200 2981 Ecce
3231 2924 3556 2981 Oxirinehus
3595 2923 3730 2978 civi-

2166 3034 2246 3077 tas
2290 3034 2351 3076 ex
2381 3021 2611 3092 propriis
2647 3019 2954 3075 civitatibus
2981 3026 3094 3072 tota
3135 3015 3371 3086 perfecta
3404 3024 3518 3073 est.
3558 3014 3734 3079 Ecce,

2163 3119 2222 3165 nt
2251 3112 2316 3164 ad
2349 3111 2556 3166 vicinos
2584 3118 2796 3165 nostros
2814 3109 3118 3173 veniamus,
3146 3106 3426 3162 Protasius
3445 3114 3501 3161 et
3525 3104 3733 3160 Cerva-

2164 3206 2275 3261 sius
2311 3204 2362 3258 in
2389 3203 2605 3275 propria
2646 3202 2749 3260 bac
2783 3200 3166 3257 Mediolanensi
3200 3198 3447 3263 civitate,
3484 3196 3735 3269 propria-

2166 3310 2269 3362 que
2310 3293 2468 3348 domo
2504 3300 2820 3356 manentes,
2867 3304 2933 3345 ac
2971 3288 3070 3360 per
3101 3288 3288 3343 decem
3340 3302 3509 3342 annos
3545 3300 3736 3341 mona-

2165 3388 2386 3442 chorum
2422 3386 2588 3441 vitam
2618 3392 2950 3447 exercentes,
3007 3382 3081 3436 ita
3111 3379 3334 3452 perfecti
3380 3377 3599 3434 fuerunt
3623 3417 3641 3442 ,
3673 3386 3734 3430 ut

2165 3488 2431 3550 martyres
2477 3478 2688 3532 fierent.
2741 3475 2824 3528 An
2872 3472 3012 3528 forte
3062 3479 3244 3527 nostra
3292 3469 3405 3525 sola
3450 3468 3729 3539 provincia

2164 3582 2315 3626 extra
2346 3570 2489 3626 banc
2511 3567 2748 3639 regulam
2768 3565 2873 3621 erit
2892 3574 3140 3634 excepta,
3166 3570 3227 3618 ut
3247 3577 3351 3617 non
3383 3561 3449 3616 de.
3470 3558 3731 3631 propriis,

2165 3664 2256 3718 sed
2287 3654 2491 3718 tantum
2521 3661 2585 3715 de
2613 3658 2816 3715 exteris
2850 3656 3047 3712 habeat
3070 3651 3397 3711 monachos?
3560 3668 3563 3673 '
3730 3694 3742 3737 ._

2235 3752 2598 3825 Satagendum
2634 3751 2804 3823 magis
2833 3757 2919 3805 est
2971 3755 3050 3814 ut,
3081 3744 3171 3801 ubi
3200 3744 3322 3815 quis
3351 3741 3547 3805 fuerit,
3575 3738 3731 3811 juxta

2164 3841 2524 3914 perfecturum
2554 3839 2791 3912 regulam
2811 3838 2984 3902 vivat,
3014 3850 3120 3891 non
3142 3843 3445 3904 parentum,
3473 3844 3581 3885 non
3607 3842 3736 3898 pro-

2164 3934 2511 4003 pinquormn,
2536 3946 2640 3985 non
2670 3929 2903 3985 afﬁnium
2925 3925 3194 3983 illecebris
3216 3939 3245 3978 a
3268 3925 3353 3976 via
3385 3919 3733 3991 perfectionis

2165 4021 2417 4078 declinet.
2440 4016 2532 4076 Sic
2557 4027 2702 4074 certe
2724 4016 2875 4086 juxta
2898 4013 3196 4071 Salvatoris
3217 4009 3542 4068 sententiam
3576 4006 3729 4079 (an.

2167 4117 2308 4176 xtv),
2341 4108 2478 4179 patri
2508 4107 2796 4175 matrique,
2824 4103 3100 4167 fratribus,
3125 4101 3422 4163 sororibus,
3451 4096 3733 4159 uxoribus,

2168 4201 2310 4265 filiis,
2342 4199 2616 4261 domibus,
2649 4196 2813 4266 agris,
2841 4204 2896 4250 et
2923 4195 3133 4250 etmctis
3159 4207 3279 4262 qua:
3317 4188 3559 4261 possidet
3583 4228 3598 4251 ,
3650 4204 3735 4240 re.-

2170 4293 2417 4348 nuntiare
2441 4289 2658 4344 valebit.
2691 4287 2805 4342 Hoc
2837 4298 3017 4341 autem
3058 4285 3201 4350 dico,
3237 4298 3344 4338 non
3373 4295 3482 4352 quo
3512 4292 3737 4333 succeso

2169 4397 2341 4444 seres,
2357 4381 2447 4451 qui
2467 4381 2531 4435 de
2556 4393 2719 4449 regno
2738 4378 2804 4431 ad
2833 4391 3080 4446 regnum,
3100 4376 3168 4430 de
3179 4372 3392 4444 publico
3410 4372 3475 4424 ad
3495 4380 3736 4424 eremum

2173 4481 2483 4536 transeunt,
2532 4485 2740 4525 summa
2777 4468 2936 4523 laude
2965 4482 3071 4523 non
3101 4466 3294 4521 ducam
3320 4480 3336 4529 ;
3362 4461 3457 4517 sed
3484 4473 3592 4532 quo
3619 4458 3737 4512 illos

2169 4563 2366 4627 etiam,
2392 4563 2485 4633 qui
2515 4560 2684 4631 magis
2715 4559 2994 4614 all'ectibus
3018 4550 3248 4628 patriam
3284 4554 3530 4623 fugiunt,
3573 4562 3734 4621 quam

2169 4656 2464 4725 gressibus,
2490 4654 2675 4708 felices
2693 4642 2863 4720 atque
2881 4647 3145 4719 perfectos
3168 4646 3471 4701 ostendam.
3495 4640 3734 4697 Obsecro

2171 4742 2354 4813 itaque
2388 4741 2539 4808 illos,
2570 4741 2661 4812 qui
2694 4741 2794 4793 hoc
2822 4737 2962 4808 apud
2983 4750 3081 4791 nos
3110 4734 3229 4789 ﬁeri
3254 4747 3410 4803 posse
3432 4732 3690 4800 denegant
3711 4766 3731 4793 ,

2167 4842 2225 4886 ut
2250 4831 2494 4902 vigilanti
2525 4829 2703 4884 studio
2727 4826 3098 4889 considerent,
3129 4838 3227 4877 cur
3259 4835 3366 4877 non
3396 4818 3595 4875 dixerit
3624 4816 3729 4870 Do-

2167 4925 2344 4978 minus
2364 4939 2383 4975 ι
2412 4920 2582 4976 Nemo
2623 4919 2882 4989 propheta
2915 4914 3183 4986 perfectus
3222 4911 3387 4967 est'in
3433 4904 3605 4981 patria
3634 4920 3727 4960 sua

2168 5014 2318 5084 (Luc.
2349 5014 2457 5083 tv),
2485 5014 2575 5067 sed
2605 5011 2676 5065 ibi
2700 5010 2827 5080 quid
2856 5008 2998 5064 aliud
3045 5005 3445 5075 intelligendum
3497 5009 3601 5064 est,
3629 4995 3725 5052 nisi

2167 5106 2293 5175 quia
2320 5113 2596 5173 acceptum
2622 5100 2755 5155 dixit
2785 5111 3120 5168 nequaquam
3142 5093 3453 5165 receptum?
3476 5090 3727 5159 Quodque

2170 5200 2236 5250 de
2270 5194 2543 5267 prophetis
2568 5190 2803 5259 antiquis
2836 5198 2891 5244 et
2943 5189 3120 5258 seipse
3158 5185 3381 5256 intelligi
3411 5182 3614 5245 voluit,
3638 5178 3723 5247 qui

496 5294 683 5341 tamen
728 5284 929 5341 factum
977 5297 1192 5352 putatur
1248 5291 1364 5347 sine
1405 5292 1599 5348 causa?
1657 5292 1754 5349 Est
1809 5268 2073 5352 orteterca
2172 5287 2311 5352 apud
2353 5280 2922 5340 incredulos'Judmos
2974 5294 3077 5334 non
3121 5275 3341 5331 fuerunt
3377 5274 3598 5345 accepti,
3636 5268 3722 5325 sed
