4062 5352
284 310 396 371 377

1464 316 1722 379 οιιΑτιυ
1763 323 1853 379 AD
1900 321 2392 386 Αυειωῑιιτωι.

3461 329 3566 387 578

284 434 336 486 ci
362 434 424 486 {at
468 440 526 486 et
568 430 873 503 proditores
920 430 1137 490 fuistis?
1173 431 1308 502 Quis
1343 420 1520 490 autem
1562 451 1670 491 non
1702 437 1882 492 videat
1909 443 1956 503 Λ
1987 440 2065 497 ria
2134 453 2431 501 sectatores
2508 459 2634 501 suos
2692 445 2995 516 perducunt
3052 445 3120 502 ad
3170 445 3293 502 cali
3344 444 3562 519 palatia.

287 530 510 590 quanta
557 523 911 588 temeritatis,
956 534 1283 596 quantaque
1328 524 1401 579 sit
1441 518 1927 597 prmsumptionis'

289 613 534 683 aliquem
560 611 664 668 sibi
689 613 967 683 prophetzc
991 629 1188 669 nomen
1217 614 1531 670 assumere?

360 702 445 759 Tu
473 704 640 775 igitur
658 718 782 759 cum
809 705 1094 759 charitatis
1114 703 1404 761 aﬂectione
1427 704 1562 761 tales
1585 706 1878 779 redargue;

288 804 346 853 et
364 796 523 867 juxta
562 795 801 868 regulam
832 795 1052 851 Patrum
1092 795 1273 852 vivere
1303 796 1518 869 semper
1548 796 1733 863 stude,
1762 813 1881 854 ma-

290 888 439 943 xime
488 896 673 943 autem
714 888 890 943 sancti
928 886 1256 943 confessoris
1293 886 1590 945 Benedicti.
1619 887 1738 945 Non
1782 888 1878 946 de-

289 978 463 1035 clines
491 978 563 1034 ab
593 993 658 1033 ea
686 994 924 1049 quoque,
954 993 1058 1034 nec
1093 978 1169 1034 illi
1197 979 1365 1035 addas
1406 980 1683 1052 quidpiam
1711 1020 1728 1047 ,
1780 995 1882 1036 nec

292 1066 531 1123 minuas.
561 1065 760 1122 Totum
795 1068 938 1122 enim
969 1069 1114 1138 quod
1139 1068 1370 1135 sufﬁcit,
1406 1069 1599 1136 habet,
1642 1078 1699 1126 et
1745 1086 1878 1127 nus-

284 1172 455 1229 quam
519 1158 703 1215 minus
767 1160 948 1215 habet.
1024 1159 1193 1231 Cujus
1259 1162 1422 1218 verba
1480 1170 1644 1241 atque
1706 1161 1880 1234 impe-

598 1383 948 1397 ψ

1982 604 1989 611 ,
2054 532 2216 599 Ecce,
2245 535 2412 592 frater
2437 538 2780 606 charissime,
2813 540 2957 597 inter
2976 547 3205 597 carteras
3235 553 3383 594 meas
3404 553 3565 593 oecu-

1982 625 2228 695 pationes
2258 627 2401 682 hunc
2430 627 2523 682 tibi
2553 642 2861 683 sermonem
2891 629 3175 686 nocturnis
3210 629 3360 685 horis
3386 670 3401 696 ,
3440 629 3567 685 licet

1986 713 2189 769 inculta
2244 726 2544 783 venustate,
2568 717 2765 774 dictavi
2811 727 2975 789 atque
3017 719 3338 790 conscripsi.
3394 718 3564 787 Quem

1986 808 2110 879 quia
2141 809 2487 878 epistularem
2514 811 2732 884 modum
2776 811 3010 868 transire
3036 811 3295 884 cognovi,
3325 810 3563 868 libellum

1982 898 2163 971 potius
2207 900 2282 955 De
2308 900 2843 957 conﬂictu-vitiorum
2874 910 3038 972 atque
3064 902 3325 956 virtutum
3353 913 3567 955 nuncu-

1980 1004 2112 1062 pare
2136 990 2328 1057 malui,
2354 992 2407 1046 in
2434 1007 2543 1061 quo
2570 992 2616 1047 si
2641 992 3015 1049 ardilieationis
3044 992 3247 1064 aliquid
3273 989 3564 1063 repereris,

1984 1083 2128 1139 hunc
2156 1083 2439 1155 legendum
2467 1093 2522 1140 et
2543 1084 2665 1139 aliis
2688 1084 2902 1140 tradere
2932 1084 3118 1141 debes.

2919 1373 3554 1407 -.-..-..-.-..--η

1086 1542 1768 1662 suum
1867 1543 2514 1701 meum
2587 1544 2795 1659 ιχ
2901 1701 2904 1705 ’

1608 1776 1871 1833 ROMANI
1915 1776 2164 1834 PONTIF
2169 1777 2295 1835 lClS

614 1977 1154 2093 ORATIO
1268 1979 1453 2090 AD
1549 1890 2501 2093 ADELBERT’UM
2600 1975 3252 2092 COMITEM

1191 2198 1273 2258 De
1305 2199 1704 2260 restitutione
1752 2199 2121 2261 monasterii
2169 2193 2665 2274 Hirsaugiensis.

1729 2360 1937 2444 (Anno
1976 2358 2180 2440 1059).

1019 2524 1208 2594 (Apud
1242 2523 1554 2585 Baronitnn,
1590 2522 1786 2575 Annal.
1825 2531 1889 2577 ιο]

1994 2521 2079 2588 XI,
2112 2539 2233 2595 pag.
2269 2523 2393 2591 184,
2416 2522 2482 2578 ad
2514 2540 2640 2579 ann.
2676 2524 2862 2595 1οί9.)

1778 2684 2096 2703 m

1627 2799 2238 2895 MONITUM.

370 2988 907 3066 Arguendnserrork
934 2986 1253 3066 Trithemitts
1272 3005 1390 3066 cum
1428 2989 1483 3042 in
1504 2988 1779 3066 _Chrom'co
1808 2989 2203 3066 llirsaugiettsis
2245 2991 2549 3066 monasterii
2570 3009 2673 3066 non
2712 2993 2809 3048 hoc
2827 3008 2970 3066 anno
3002 2992 3206 3066 @049),
3232 2999 3321 3047 sed
3343 2996 3579 3066 sequenti

300 3056 639 3134 ponit:sancti
668 3059 860 3113 Leonis
884 3060 1164 3134 aduentum
1190 3056 1626 3134 iit-Germaniam,
1653 3069 1703 3114 et
1743 3056 2058 3115 celebratum
2092 3064 2155 3116 ab
2175 3079 2235 3116 eo
2272 3061 2553 3134 concilium
2596 3062 2983 3134 Moguntiuum.
3009 3056 3114 3134 Qui
3133 3056 3288 3117 etiam
3310 3056 3427 3134 qua}
3453 3075 3577 3118 tunc

302 3131 368 3182 de
410 3129 648 3205 ejusdem
686 3130 998 3205 monasterii
1024 3130 1359 3184 restitutione
1398 3131 1802 3186 intercesserunt
1847 3134 1983 3187 inter
2021 3135 2191 3203 ipsum
2236 3132 2539 3203 pontiﬁcem
2575 3143 2624 3187 et
2659 3129 2775 3205 eius
2808 3135 3005 3188 sororis
3036 3129 3212 3203 ﬁlium
3239 3129 3578 3189 Adclbertum

299 3202 563 3264 comitem,
598 3200 680 3255 sic
708 3200 980 3255 describit.

374 3342 534 3400 Anno
559 3343 828 3399 Dominici
856 3343 1167 3400 Nativitatis
1203 3344 1341 3400 1050
1381 3344 1565 3419 [1049]
1598 3347 1892 3404 indictione
1924 3354 1966 3413 Β
1996 3348 2431 3418 dcbat.Quadam
2460 3348 2546 3404 die
2569 3348 2807 3420 pontifex
2846 3345 3198 3401 recreationis
3219 3343 3388 3400 animi
3407 3357 3577 3401 causa

304 3437 467 3493 tertia
500 3435 820 3510 [secunda],
858 3448 1081 3494 sanctus
1124 3438 1232 3494 Leo
1273 3455 1409 3511 papa
1439 3455 1611 3495 nonus
1635 3440 1701 3494 ad
1736 3455 1889 3496 com-

304 3529 586 3600 ponendas
642 3545 734 3586 res
781 3537 839 3585 et
890 3538 1092 3586 statum
1138 3529 1502 3586 Ecclesiarum
1533 3572 1548 3598 ,
1592 3546 1892 3603 pacemque

303 3621 498 3678 Galliis
532 3621 885 3690 reddendam,
908 3620 1080 3678 Roma
1107 3638 1358 3694 egressus
1376 3638 1500 3680 cum
1529 3623 1892 3681 eardinalibus

304 3714 496 3770 multis
525 3715 673 3771 venit
694 3714 748 3770 in
772 3714 1144 3771 Germaniam.
1189 3714 1317 3771 Erat
1341 3730 1408 3771 eo
1435 3723 1678 3787 tempore
1711 3731 1894 3774 eomes

303 3803 630 3861 Adelbertus
655 3805 720 3861 de
748 3805 932 3861 Calwe
962 3805 1271 3861 monasterii
1304 3804 1706 3877 Hirsaugiensis
1732 3808 1895 3861 advo—

304 3905 490 3961 catus,
538 3895 631 3951 sed
681 3896 1032 3952 desolationis
1086 3908 1374 3968 patronus,
1422 3898 1512 3969 qui
1564 3915 1673 3956 non
1719 3900 1890 3955 solum

304 3988 599 4044 restituere
635 3989 964 4060 contempsit
1004 4006 1102 4060 per
1135 4005 1364 4061 proavos
1391 3991 1450 4048 S.
1481 3991 1701 4048 Aurelio
1731 3994 1893 4063 impie

303 4078 509 4144 ablata,
556 4095 744 4135 verum
771 4096 831 4135 se
859 4079 1007 4150 justo
1034 4082 1215 4137 omnia
1243 4083 1522 4154 possidere
1565 4083 1723 4139 titulo
1749 4084 1893 4138 arbi-

306 4175 507 4232 tratus,
537 4168 671 4224 nihil
702 4170 882 4226 minus
926 4185 1087 4241 quam
1118 4172 1183 4227 de
1210 4172 1551 4241 reparatione
1576 4173 1892 4228 monasterii

305 4260 603 4332 cogitabat.
636 4260 875 4332 Contigit
909 4262 1073 4334 igitur
1115 4280 1261 4318 anno
1309 4270 1632 4335 pramotato,
1671 4264 1763 4332 qui
1792 4262 1895 4318 fuit

306 4349 663 4407 desolationis
701 4353 1021 4409 monasterii
1068 4362 1293 4408 octavus
1339 4360 1392 4408 et
1424 4352 1890 4424 quadragesimus,

306 4456 476 4511 supra
539 4442 883 4500 millesimum
930 4459 1061 4500 vero
1124 4443 1379 4509 Domini,
1430 4443 1573 4499 sicut
1617 4443 1889 4505 diximus,

306 4533 812 4604 quinquagesimus,
840 4535 982 4604 quod
1011 4534 1151 4589 idem
1178 4532 1290 4589 Leo
1315 4533 1691 4589 sanctissimus
1730 4548 1890 4603 papa,

306 4622 495 4679 comiti
531 4624 750 4696 praefato
803 4626 1066 4696 sanguine
1093 4625 1355 4697 junctus,
1394 4623 1566 4681 Roma
1614 4639 1891 4696 egressus,

1992 3440 2246 3495 comitem
2279 3440 2470 3494 dextra
2500 3438 2837 3509 complexus,
2862 3438 2929 3492 de
2977 3436 3200 3491 castello
3241 3450 3349 3491 non
3387 3435 3579 3507 procul

1992 3532 2059 3584 ad
2092 3532 2251 3586 vicini
2293 3529 2774 3587 montis'verticem
2803 3529 2993 3594 exivit,
3022 3528 3089 3582 ad
3131 3543 3292 3599 quem
3324 3528 3466 3584 inter
3494 3526 3578 3582 lo-

1992 3623 2260 3694 quendnm
2291 3639 2307 3677 :

2067 3733 2086 3767 ι
2127 3714 2301 3783 Quam
2332 3723 2513 3784 aptus,
2546 3712 2741 3783 inquit,
2764 3729 2798 3769 o
2821 3712 2899 3769 illi
2918 3753 2934 3779 ,
2963 3711 3114 3768 locus
3145 3711 3275 3766 mihi
3304 3711 3581 3767 videretur

1999 3823 2018 3857 ‹
2064 3807 2337 3863 montibus
2377 3806 2773 3876 circumseptus
2817 3807 3086 3876 undique,
3114 3820 3273 3874 quem
3313 3812 3370 3860 et
3404 3818 3578 3874 aqua-

2001 3912 2020 3946 ι
2067 3912 2182 3951 rum
2221 3895 2374 3966 copia
2420 3896 2641 3959 utilem,
2669 3903 2724 3950 et
2749 3894 2979 3949 solitudo
3015 3894 3187 3948 reddit
3214 3892 3480 3961 quietutn,
3522 3892 3578 3951 in

2000 4016 2015 4041 ι
2063 4005 2172 4060 quo
2201 4004 2485 4045 servorum
2523 3987 2613 4043 Dei
2654 3989 3044 4042 monasterium
3089 3985 3329 4042 construi
3361 3984 3580 4051 debeat,

2000 4101 2018 4133 ι
2064 4081 2157 4151 qui
2188 4081 2434 4136 Creatori
2463 4088 2651 4134 nostro
2676 4077 2864 4133 laudes
2891 4077 3178 4133 continuas
3208 4076 3579 4146 persolventes

2001 4190 2020 4223 ‹
2066 4188 2165 4244 pro
2203 4172 2380 4227 salute
2408 4171 2702 4227 multorum
2728 4171 2973 4228 devotius
3000 4179 3311 4225 exorarent.
3334 4187 3352 4221 ι

2063 4262 2162 4318 Cui
2199 4275 2381 4318 comes
2413 4278 2427 4316 :
2471 4281 2489 4314 ι
2524 4261 2665 4330 Est,
2708 4260 2905 4331 inquit,
2943 4259 3252 4315 beatissime
3295 4257 3480 4324 Pater,
3525 4259 3581 4315 in

2000 4371 2019 4405 ι
2065 4353 2244 4408 vicino
2271 4350 2498 4408 ecclesia
2528 4352 2596 4406 ab
2624 4349 3057 4406 antecessoribus
3076 4350 3212 4406 meis
3237 4349 3290 4404 in
3317 4350 3581 4404 honorem

2001 4463 2020 4497 ι
2064 4445 2345 4517 cujusdam
2391 4443 2566 4500 sancti
2606 4442 2847 4508 Aurelii,
2877 4441 3033 4513 cujus
3068 4452 3123 4496 et
3166 4455 3366 4511 corpus
3404 4440 3459 4496 in
3513 4454 3582 4495 ea

2001 4552 2020 4586 ι
2067 4533 2239 4590 fertur
2276 4533 2566 4604 sepultum,
2597 4532 2725 4588 olim
2765 4533 2832 4588 ad
2874 4533 3266 4587 monachorum
3295 4531 3581 4585 habitacu-

2000 4644 2019 4677 ι
2064 4625 2175 4681 Ιιιηι
2222 4641 2344 4680 cum
2393 4625 2616 4694 reliquis
2662 4626 3035 4680 mansionibus
3082 4623 3405 4679 necessariis
3450 4636 3583 4676 cou-

307 4712 572 4785 italiaque
619 4714 940 4772 transmissa
991 4732 1089 4788 per
1126 4716 1262 4772 lines
1292 4716 1556 4773 Sueorum
1599 4718 1704 4773 iter
1735 4733 1890 4774 suum
1920 4728 1968 4792 ο
2003 4733 2022 4765 ι
2066 4723 2292 4781 structa,
2315 4715 2368 4769 in
2392 4731 2494 4785 qua
2519 4730 2642 4770 cum
2670 4717 2868 4770 dudum
2892 4714 3142 4770 monachi
3167 4728 3263 4784 per
3280 4726 3450 4768 annos
3471 4725 3585 4777 non.

308 4824 501 4864 versus
531 4808 859 4882 Moguntiam
898 4811 1174 4882 dirigeret.
1227 4809 1377 4877 Quod
1406 4826 1527 4866 cmn
1567 4809 1890 4866 Adclbertus

310 4913 497 4955 comes
518 4900 775 4971 prtefatus
807 4901 1080 4966 rescisset,
1105 4901 1427 4955 avunculum
1455 4900 1703 4957 videlicet
1730 4917 1902 4979 suum,

311 5002 512 5048 sancta:
542 4995 799 5050 Romana:
824 5003 882 5049 et
910 4993 1234 5050 universalis
1278 4992 1533 5048 Ecclesiae
1576 4992 1888 5071 pontiﬁcem

313 5101 444 5141 suas
475 5088 829 5142 transiturum
871 5102 968 5159 per
1005 5097 1201 5148 terras,
1230 5083 1446 5139 obviam
1479 5072 1571 5140 illi.
1592 5100 1893 5155 properans

316 5178 631 5234 humillimis
663 5193 787 5234 eum
830 5178 1081 5249 precibus
1110 5174 1309 5232 devicit
1331 5184 1597 5248 quatenus
1626 5175 1681 5229 in
1712 5176 1894 5248 hospi-

319 5267 448 5298 Ιῖηηη
476 5269 683 5298 ηηηηιῗο
714 5269 914 5298 ἶηοηη-ιι
959 5283 1064 5298 una
1094 5266 1390 5298 l'nnnlnnnnl
1444 5266 1579 5298 Dnnn
1653 5272 1762 5298 In.“
1795 5269 1860 5298 λη

2002 4825 2022 4859 ‹
2066 4824 2268 4879 paucos
2289 4809 2643 4880 omnipotenti
2668 4808 2776 4866 Deo
2798 4807 3047 4880 religiose
3068 4797 3436 4867 Servivissent,
3458 4817 3584 4874 pos-

2003 4919 2021 4952 ‹
2069 4912 2348 4971 tremoque
2377 4916 2406 4954 a
2438 4900 2673 4970 regulari
2715 4899 2998 4968 disciplina
3045 4896 3239 4950 misere
3288 4900 3583 4963 torpentes,

2004 5007 2024 5042 ι
2065 5003 2188 5043 eum
2214 4988 2373 5043 nullis
2391 4988 2848 5044 admonitionibus
2872 4988 3135 5060 majorum
3158 4986 3586 5055 acquiescerent,

2006 5100 2024 5134 ς
2073 5095 2104 5135 a
2130 5079 2571 5152 progenitoribus
2610 5078 2746 5135 meis
2776 5087 3034 5150 tanquam
3063 5074 3380 5131 scandalum
3416 5070 3593 5145 plebis

2007 5193 2026 5227 ι
2074 5173 2200 5229 inde
2228 5172 2453 5244 projecti
2483 5180 2628 5227 sunt.
2663 5190 2683 5224 ι

2077 5263 2166 5298 “in
2196 5262 2593 5298 conluuionis-nua

2641 5259 2881 5298 nnntifov
2916 5255 3117 5298 ..ι-Αἱιίε
3151 5257 3217 5298 nd
3247 5258 3426 5298 lnnnm
3470 5268 3596 5298 nar-
