4062 5352
489 260 595 346 5's

1508 288 1565 347 S.
1609 288 1856 347 LEONIS
1892 289 1963 344 ΙΧ
2000 285 2201 343 PAP/E
2265 285 2645 344 OPUSCULA.

3625 290 3730 346 580

480 398 754 468 quomodo
797 413 927 457 avus
971 397 1185 455 comitis
1229 398 1503 455 Adclhcrti
1547 400 1857 457 coenobium
1894 398 2128 459 bonisA
2159 416 2179 450 ι
2224 398 2427 468 petenti
2480 399 2588 455 Dco
2626 407 2681 454 et
2732 412 2901 454 saetas
2946 399 3256 456 monasticae
3303 398 3551 471 religioni
3600 396 3727 456 olim

480 488 764 558 spoliasset
790 489 1059 553 omnibus,
1091 489 1435 560 expulsisque
1462 492 1740 549 monachis
1769 506 1973 562 paucos
2001 492 2053 546 in

478 564 656 632 locum
684 575 907 634 clericos
935 580 1226 650 posuisset.

548 665 753 734 Quibus
781 668 1014 737 cognitis
1039 677 1258 725 sanctus
1284 672 1478 741 pracsul
1505 672 1786 744 ingemuit,
1811 671 1903 729 sed
1933 685 2052 728 cor-

477 755 563 810 dis
587 756 672 811 sui
699 753 938 812 dolorem
965 760 1257 829 prudenter
1277 761 1644 829 dissimulans,
1669 760 1888 818 ubinam
1925 778 2053 818 cor-

476 860 578 915 pus
606 846 715 901 divi
746 847 1038 903 haberetur
1078 848 1283 904 Aurelii
1310 849 1377 903 ab
1406 843 1595 907 eodem
1637 852 1834 907 ClCl‘itO
1860 852 2054 923 (ιιιωεί-

475 937 572 991 vit.
599 934 850 1004 Quicum
894 938 1098 994 diceret
1129 954 1186 999 se
1226 956 1256 996 a
1300 940 1594 1009 majoribus
1638 944 1750 998 suis
1782 945 2053 999 audivisse

474 1043 661 1085 sacras
688 1028 745 1084 S.
771 1029 976 1085 Aurelii
1006 1029 1264 1101 reliquias
1292 1041 1534 1102 tempore
1563 1049 1669 1104 quo
1697 1034 2052 1092 Northmanni

474 1131 824 1179 vastaverunt
864 1122 1093 1180 Galliam
1129 1142 1224 1196 per
1269 1130 1558 1198 quemdam
1589 1130 1841 1187 abbatem
1890 1132 2053 1202 hujus

474 1212 579 1269 loci
615 1213 714 1269 sub
761 1223 960 1270 terram
991 1215 1159 1273 fuisse
1188 1220 1559 1285 absconditas,
1606 1232 1662 1277 et
1708 1240 1878 1294 usque
1927 1241 2049 1291 eum

464 1301 530 1381 in
561 1302 704 1358 diem
756 1305 1059 1378 incognitas
1102 1308 1351 1363 omnibus
1401 1311 1790 1380 permansisse,
1832 1324 2053 1374 sanctus

474 1409 648 1465 papa,
682 1396 874 1451 accitis
921 1400 1220 1468 operariis,
1263 1409 1464 1456 terram
1516 1405 1566 1457 in
1615 1404 1842 1459 diversis
1880 1407 2053 1461 eccle-

474 1483 571 1539 siae
626 1484 762 1542 locis
817 1486 1001 1543 fodere
1055 1482 1257 1560 coepit,
1298 1501 1355 1546 et
1400 1493 1717 1565 thesaurum
1768 1498 2053 1569 abscondi-

478 1584 588 1629 tum
632 1576 918 1648 diligenter
969 1579 1275 1650 inquirere;
1340 1585 1434 1639 sed
1492 1595 1841 1658 posteaquam
1893 1605 1923 1645 c
1960 1605 2050 1646 sso

473 1666 653 1723 labore
703 1669 793 1725 diu
846 1670 1184 1730 laborassent
1237 1677 1498 1743 artiﬁces,
1551 1690 1607 1734 et
1654 1681 1787 1736 nihil
1835 1683 2050 1753 penitus

2161 512 2182 548 ι
2225 511 2255 550 a
2285 495 2719 566 progenitoribus
2756 494 2861 550 tuis
2891 494 2992 550 rite
3017 491 3277 560 dicatum,
3300 495 3485 551 multis
3513 506 3730 565 quoque

2159 601 2178 635 ι
2227 585 2384 639 crinis
2409 600 2438 639 a
2463 584 2625 639 Petro
2651 583 2744 639 Dei
2775 582 2976 638 famulo
3005 585 3359 640 inhabitatum
3387 624 3403 650 ,
3446 600 3614 654 quem
3651 585 3728 639 tui

2157 690 2178 725 ι
2225 673 2463 742 majores
2478 689 2616 730 avus
2655 673 2990 744 genitorque,
3019 674 3255 743 pessima
3282 682 3344 731 et
3369 672 3576 729 crudeli
3605 687 3730 728 ava-

2158 779 2179 813 (
2229 760 2350 818 ritia
2384 761 2555 828 ducti,
2591 761 2803 817 abbatis
2832 761 3265 831 possessionibus
3288 773 3344 817 et
3380 762 3539 818 bonis
3576 761 3732 816 dese-

2159 868 2179 904 ι
2223 848 2390 906 latum
2424 847 2665 908 fecerunt
2697 861 2795 907 :vet
2822 851 2965 923 quod
3001 852 3149 908 omni
3176 852 3383 908 scelere
3410 846 3730 909 sceleratius

2159 960 2180 997 ι
2222 939 2325 1006 est,
2351 944 2630 1000 monachis
2646 940 2901 1015 expulsis,
2925 944 3193 1007 ollieinam
3212 953 3527 1002 sanctarum
3552 944 3728 999 virtu-

2156 1052 2178 1089 ι
2225 1044 2358 1100 tum,
2389 1036 2713 1093 introductis
2738 1036 3173 1093 dissolutissimae
3202 1038 3327 1091 vita:
3376 1036 3731 1093 saecularibus

2158 1142 2178 1176 ι
2223 1124 2467 1190 clericis,
2499 1125 2551 1181 in
2580 1127 2820 1181 omnium
2859 1127 3168 1198 speluncam
3198 1127 3449 1183 vitiorum
3479 1142 3726 1182 cantiun-

2156 1234 2176 1269 ι
2226 1226 2426 1273 larunt.
2480 1216 2559 1271 Τιι
2606 1233 2859 1286 quoque,
2911 1218 3092 1287 pravis
3137 1216 3403 1286 majorum
3459 1218 3728 1274 inhmrens

2155 1326 2176 1361 ι
2222 1308 2485 1379 vestigiis,
2522 1309 2682 1365 sicuti
2715 1310 2940 1378 probato
2968 1325 3156 1365 sumus
3176 1308 3353 1364 edocti
3390 1306 3725 1373 testimonio,

2157 1417 2177 1451 ι
2223 1416 2329 1456 non
2371 1400 2541 1455 solum
2567 1416 2628 1456 ea
2673 1416 2792 1471 quae
2838 1401 2913 1456 illi
2943 1396 3226 1473 sacrilegio
3256 1398 3444 1470 polluti
3474 1417 3505 1455 a
3535 1415 3728 1457 servo-

2156 1510 2175 1544 ι
2222 1509 2337 1559 rum
2380 1488 2471 1549 Dei
2500 1488 2753 1549 cmnobio
2792 1492 3144 1562 injustissime
3189 1491 3567 1556 abstulerunt,
3609 1493 3727 1547 sine

2154 1600 2174 1634 ι
2223 1581 2316 1637 Dei
2352 1582 2548 1636 timore
2576 1583 2848 1652 possides,
2875 1584 2968 1636 sed
3004 1590 3108 1636 tua:
3145 1580 3333 1635 salutis
3361 1581 3578 1651 penitus
3624 1581 3727 1634 im—

2156 1693 2175 1728 ι
2221 1690 2449 1739 memor,
2500 1683 2669 1728 totum
2714 1673 2858 1744 quod
2917 1672 2990 1728 illi
3051 1672 3321 1744 parcendo
3376 1671 3726 1742 reliquissent

475 1761 834 1830 reperissent,
862 1775 1142 1835 cmperunt
1179 1782 1367 1825 omnes
1395 1770 1488 1840 qui
1527 1773 1754 1829 aderant
1800 1748 1865 1830 de
1902 1775 2051 1831 inve-
2080 1748 2125 1808 Β
2157 1785 2177 1818 ι
2222 1765 2501 1829 “tmolum.
2550 1765 2776 1835 νειβιιίδιί
2823 1783 2836 1818 ε
2885 1766 3162 1835 Deumque
3208 1773 3265 1819 οι
3308 1762 3368 1819 S-
3420 1763 3723 1830 Ᾱυτειίυπιν

473 1850 670 1905 niendo
700 1865 927 1922 corpore
969 1857 1144 1911 sancti
1178 1857 1483 1929 desperare.

546 1939 699 1998 Tunc
736 1951 928 1999 sancto
967 1945 1021 1999 in
1069 1948 1405 2005 orationibus
1447 1952 1702 2021 pontiﬁce
1745 1963 2046 2026 prostrato,

474 2027 701 2101 ipsoque
727 2034 1049 2089 cohortante
1078 2036 1313 2094 artiﬁces
1343 2054 1410 2093 ne
1440 2038 1756 2111 desperent.
1804 2060 1944 2102 unus
1983 2062 2048 2103 ex

475 2119 578 2185 his,
602 2123 817 2178 eicteris
850 2123 902 2177 in
929 2133 1047 2180 arte
1085 2141 1182 2181 sua
1213 2128 1388 2201 magis
1411 2132 1637 2200 peritus,
1664 2134 1755 2203 qui
1780 2151 1954 2206 nuper
1982 2153 2048 2193 ex

472 2209 710 2265 dominio
760 2211 1089 2270 Venetorum
1140 2232 1261 2272 cum
1331 2218 1452 2275 ﬁliis
1501 2223 1832 2291 adveniens,
1882 2214 2047 2283 inulta

473 2302 599 2358 huic
626 2303 741 2358 loco
776 2305 890 2361 suis
920 2306 1193 2377 laboribus
1232 2311 1493 2382 impendit
1529 2313 1692 2381 bona,
1727 2316 2049 2376 industriose

472 2394 791 2462 perquirens
844 2397 1052 2471 singula
1093 2399 1232 2463 loca,
1285 2403 1496 2457 tandem
1548 2421 1613 2460 ex
1645 2410 2049 2478 repercussione

473 2484 788 2540 malleorum
838 2488 1192 2558 deprehendit
1241 2501 1442 2548 terram
1494 2496 1681 2554 subtus
1726 2515 1845 2555 esse
1885 2517 2045 2557 cava-

474 2585 582 2629 tam
610 2595 623 2629 :
652 2577 717 2630 ad
742 2578 895 2648 cujus
918 2582 1204 2638 consilium
1250 2586 1301 2639 in
1335 2587 1524 2643 eodem
1569 2589 1687 2645 loco
1709 2590 1890 2649 fodere
1917 2596 2049 2650 arti-

474 2668 604 2724 ﬁces
651 2684 928 2741 coeperunt
961 2692 975 2729 :
1013 2676 1102 2745 qui
1137 2677 1353 2734 tandem
1397 2695 1503 2759 pou
1533 2683 1651 2738 sine
1689 2699 1883 2754 magna
1914 2685 2050 2741 ditii-

471 2760 674 2817 cultate
703 2763 866 2820 humo
916 2775 1120 2824 remota
1146 2809 1166 2837 ,
1195 2785 1467 2828 cameram
1502 2774 1911 2831 subterraneam
1965 2779 2049 2834 iu-

470 2862 736 2909 venerunt
756 2856 978 2925 pulchre
1018 2861 1151 2916 satis
1174 2860 1482 2928 lormatam,
1518 2866 1571 2921 in
1602 2882 1706 2938 qua
1751 2871 2045 2941 sarcopha—

472 2957 572 3013 gus
591 2945 841 3014 apparuit
883 2950 1223 3007 extrinsecus
1260 2952 1548 3011 admodum
1592 2969 1782 3015 ornate
1819 2961 2048 3032 disposi-

473 3040 578 3086 tus.
609 3032 779 3101 Quem
827 3053 950 3092 cum
992 3042 1369 3100 sanctissimus
1405 3059 1540 3116 papa
1573 3047 1813 3113 vidisset,
1850 3065 2045 3122 magno

474 3123 709 3192 repletus
755 3128 952 3196 gaudio
1007 3134 1259 3202 praecepit
1299 3143 1357 3189 ut
1405 3150 1594 3193 omnes
1631 3141 1697 3194 ad
1745 3143 2045 3199 orationem

474 3228 646 3283 genua
694 3213 994 3284 ﬂecterent,
1031 3232 1086 3275 et
1124 3224 1288 3278 Deum
1322 3241 1419 3297 pro
1453 3226 1779 3286 confessoris
1828 3232 1909 3286 sui
1949 3233 2046 3289 (le-

475 3305 709 3360 sialcrata
739 3308 1049 3367 inventione
1084 3315 1474 3373 collaudarent.
1501 3319 1758 3377 Oratione
1785 3324 2048 3394 completa

475 3404 695 3449 sanctus
739 3396 848 3454 Leo
893 3403 1112 3472 prepius
1146 3408 1449 3470 accedens,
1487 3406 1654 3477 jussit
1699 3414 1911 3481 aperire
1965 3429 2049 3471 se-

394 3504 397 3507 <
478 3486 718 3556 pulcrum
752 3504 764 3541 :
798 3506 906 3561 quo
934 3494 1163 3561 recluso,
1191 3498 1543 3556 suavissimus
1570 3502 1705 3559 odor
1736 3504 2010 3560 exhalavit
2030 3547 2048 3573 ,

475 3578 564 3647 qui
597 3593 785 3635 omnes
810 3582 899 3651 qui
932 3584 1159 3640 aderant
1186 3587 1319 3641 mira
1349 3589 1615 3646 suavitate
1657 3593 1740 3648 sui
1780 3594 2045 3653 reﬁceret.

476 3664 802 3725 Invenerunt
850 3672 1033 3743 itaque
1091 3678 1417 3733 sanctissimi
1473 3681 1799 3738 confessoris
1846 3684 2047 3743 Christi

473 3758 678 3815 Aurelii
721 3764 1089 3821 sacratissima
1147 3770 1521 3827 ossa‘sericiis
1559 3771 1795 3828 involuta
1832 3777 2045 3845 pannis,

475 3851 700 3919 pulchre
736 3854 787 3910 in
821 3855 1047 3913 formam
1076 3862 1324 3932 corporis
1355 3862 1537 3919 debito
1559 3864 1814 3921 collocata
1836 3869 2045 3939 ordine,

474 3951 529 3997 et
554 3945 620 3998 ad
656 3957 815 4016 caput
843 3949 958 4021 ejus
989 3952 1219 4009 tabulam
1264 3971 1328 4010 ex
1370 3956 1590 4027 plumbo
1635 3958 1736 4016 ista
1770 3962 2050 4019 continen-

477 4042 582 4090 tem
610 4055 624 4091 Ξ
1308 4049 1321 4057 ’

765 4142 963 4188 CORPUS
993 4148 1037 4188 S.
1063 4150 1274 4191 Αυιιειιι
1316 4151 1551 4195 EPISCOPI

620 4230 864 4272 TEIPORF.
914 4237 1175 4279 ARNULI‘HI
1215 4241 1368 4281 REGIS
1398 4242 1696 4285 REPOSITUI

716 4371 721 4379 ⁵
796 4323 1111 4365 nenoenano
1143 4329 1347 4369 suum;

652 4411 860 4452 OCTAVO
902 4415 1139 4457 KALENDA
1148 4420 1173 4458 S
1218 4420 1559 4463 SEPTEMBRIS-

545 4485 682 4542 Cum
723 4499 942 4545 sanctus
972 4507 1108 4562 papa
1149 4494 1290 4550 lnmc
1323 4496 1532 4568 titulum
1563 4513 1742 4552 coram
1794 4500 2042 4557 omnibus

477 4579 713 4650 legisset,
765 4583 1057 4653 ingemuit.
1102 4586 1288 4642 dicens
1321 4606 1334 4640 :
1366 4607 1383 4640 ι
1424 4589 1513 4644 Va:
1567 4589 1671 4645 illis
1722 4592 1813 4661 qui
1868 4590 2042 4647 locum

477 4672 610 4725 tanti
635 4673 879 4742 praesulis
902 4676 1294 4732 sanctiﬁcatum
1329 4679 1536 4735 meritis
1556 4688 1609 4736 et
1635 4679 1921 4750 praesentia
1953 4680 2049 4736 dc-

476 4763 739 4832 solarunt,
784 4776 840 4821 et
883 4767 1067 4823 clauso
1116 4771 1479 4841 sarcophago,
1510 4787 1576 4826 ne
1605 4772 1846 4842 reliquiae
1875 4773 2047 4828 sancti

477 4857 666 4923 quovis
693 4858 850 4915 modo
877 4860 1347 4930 subtraherentur,
1380 4879 1503 4917 cum
1533 4864 1645 4918 suis
1673 4864 1738 4918 ad
1765 4863 2045 4919 castellum

478 4946 690 5000 comitis
704 4957 784 5001 est
807 4960 1073 5005 reversus.
1098 4970 1116 5003 ι
1143 4951 1364 5005 Postera
1388 4953 1495 5017 die,
1511 4969 1633 5007 cum
1661 4962 1885 5008 sanctus
1906 4968 2051 5024 papa

480 5031 590 5072 'I'.pn
635 5044 842 5072 lnmnuc
890 5038 1104 5072 ι’ἶιιῖροιιι
1148 5042 1432 5072 διιιηιιιῖηηῖ
1464 5043 1545 5072 an:
1593 5042 1919 5072 ΛΛΜηΙΛν-Ᾰηι
1949 5059 2014 5072 An

2158 1877 2177 1911 ι
2223 1859 2332 1914 imo
2375 1859 2524 1914 cives
2572 1873 2819 1929 superum
2869 1858 3056 1927 patriae
3114 1857 3397 1914 universos
3454 1856 3726 1914 irritando

2099 1955 2102 1959 '
2157 1965 2193 2000 «-
2225 1944 2321 2004 tibi
2385 1947 2732 2009 adversarios
2788 1946 2991 2003 fecisti.
3050 1945 3237 2027 Neque
3302 1949 3447 2003 enim
3496 1962 3725 2019 parvum

2155 2056 2175 2090 ι
2219 2046 2500 2108 peccatum
2548 2038 2927 2092 aestimandum
2979 2048 3063 2092 est
3120 2038 3261 2108 quod
3308 2039 3364 2092 in
3430 2039 3601 2093 Deum
3668 2046 3726 2092 et

2153 2145 2174 2180 ι
2220 2136 2436 2185 sanctos
2461 2125 2577 2195 ejus
2604 2127 2991 2190 connnittitur,
3021 2141 3144 2182 cum
3179 2127 3319 2197 apud
3367 2127 3515 2197 ipsos
3559 2128 3725 2182 etiam

2155 2237 2173 2271 ι
2219 2218 2467 2273 homines
2499 2216 2693 2287 injusta
2723 2233 2901 2272 rerum
2933 2217 3093 2272 alieni
3124 2217 3265 2287 juris
3294 2220 3574 2289 usurpatio
3599 2234 3725 2275 scc-

2154 2326 2173 2360 ι
2219 2307 2303 2362 lus
2358 2307 2736 2380 gravissimum
2783 2305 3074 2375 judicatur.
3132 2306 3269 2363 Ecce
3324 2317 3377 2361 tu
3434 2324 3538 2362 una
3597 2324 3725 2363 cum

2153 2419 2172 2452 ι
2214 2400 2650 2471 progenitoribus
2676 2399 2782 2453 tuis
2835 2407 3048 2470 pactum
3094 2400 3330 2465 violasti,
3378 2402 3726 2472 primumque

2102 2500 2109 2507 "
2154 2511 2171 2544 ι
2217 2501 2428 2549 tuorum
2454 2490 2767 2561 corrupisti,
2792 2490 2901 2545 imo
2923 2491 3235 2546 aunihilasti
3270 2501 3515 2546 sanctum
3551 2500 3725 2546 testa-

2153 2599 2171 2632 ι
2220 2589 2485 2645 mentum,
2518 2590 2572 2635 et
2601 2595 2722 2650 quae
2760 2580 2835 2635 illi
2878 2580 3229 2649 omnipotenti
3262 2581 3370 2636 Deo
3395 2581 3627 2651 simplici
3655 2596 3720 2642 ac

2154 2691 2171 2723 ι
2218 2680 2405 2726 sancta
2436 2671 2721 2726 devotione
2750 2687 2847 2742 pro
2875 2671 3177 2726 animarum
3209 2671 3447 2727 remedio
3496 2686 3722 2726 suarum

2151 2782 2171 2815 ι
2217 2762 2551 2826 obtulerunt,
2588 2773 2643 2817 tu
2691 2762 2858 2817 Deum
2886 2770 2940 2815 et
2967 2769 3184 2817 sanctos
3206 2759 3341 2829 ejus,
3381 2761 3546 2831 impia
3592 2776 3723 2815 cru-

2152 2874 2171 2908 ι
2216 2855 2434 2911 delitate
2458 2863 2513 2910 et
2543 2854 2747 2910 crudeli
2774 2854 3000 2909 avaritia
3025 2867 3336 2917 succensus,
3361 2854 3594 2924 spoliare
3616 2870 3721 2909 non

2152 2964 2172 2997 ι
2219 2944 2466 3010 timuisti,
2500 2944 2676 3001 lactus
2711 2944 2962 3000 inimicus
2981 2953 3039 3000 et
3058 2944 3530 3000 adversar-insueti
3563 2946 3724 2999 modo

2153 3053 2173 3087 ι
2218 3037 2311 3092 Dei
2334 3045 2393 3091 et
2419 3044 2729 3091 sanctorum
2777 3034 2913 3102 ejus,
2955 3035 3049 3089 sed
3072 3044 3129 3090 et
3160 3035 3368 3090 tibimet
3407 3036 3724 3107 ipsie'penc-

2155 3145 2173 3177 ι
2219 3124 2373 3194 rique
2412 3133 2503 3178 tuo
2536 3122 2706 3177 hostis
2738 3123 3069 3189 declaratus,
3108 3124 3162 3178 et
3211 3123 3446 3181 crudelis
3473 3125 3721 3188 antistes,

2153 3233 2172 3266 ι
2217 3215 2387 3283 ipsam
2445 3215 2793 3284 propaginem
2849 3228 2913 3267 ex
2968 3224 3057 3269 tuo
3108 3216 3314 3270 semine
3358 3215 3721 3285 generandam

2152 3321 2171 3354 ι
2217 3304 2539 3374 gravissimo
2560 3305 2764 3360 scelere
2786 3304 3079 3369 innodasti,
3125 3319 3243 3375 quae
3283 3304 3723 3374 quandiuscri-

2152 3414 2171 3446 ‹
2215 3394 2330 3467 lega
2384 3394 2700 3450 htereditate
2736 3396 2899 3449 etiam
2941 3394 3188 3450 nesciens
3221 3392 3493 3464 polluitur,
3527 3403 3622 3449 aut
3667 3394 3721 3447 in

2152 3503 2171 3537 ι
2219 3484 2408 3554 paucis
2454 3484 2896 3552 generationibus
2941 3482 3199 3541 deﬁciens
3243 3474 3719 3555 exterminabitur,

2151 3593 2170 3627 ι
2216 3583 2308 3629 aut
2328 3575 2378 3629 in
2398 3574 2501 3629 hac
2519 3575 2627 3629 vita
2650 3573 2972 3629 miserabilis
2991 3573 3429 3638 evadet,aetcrnis
3444 3581 3565 3642 post
3578 3586 3718 3626 mor-

2151 3687 2171 3721 ι
2217 3679 2322 3725 tem
2347 3667 2622 3739 suppliciis
2642 3683 2741 3738 pro
2762 3666 3041 3721 demeritis
3063 3664 3370 3726 crucianda.
3392 3662 3508 3718 Tibi
3536 3672 3717 3725 autem

2152 3778 2172 3814 ι
2217 3776 2336 3831 qua:
2365 3775 2488 3830 spes
2521 3770 2740 3814 aeterna:
2775 3756 3049 3812 felicitatis
3090 3754 3480 3824 consequentia:
3522 3752 3722 3822 poterit

2154 3867 2173 3901 ι
2218 3863 2362 3910 esse.
2383 3866 2415 3903 ο
2439 3846 2511 3901 ﬁli
2554 3846 2650 3911 mi,
2682 3861 2803 3901 cum
2834 3859 2929 3915 per
2956 3854 3063 3899 tam
3090 3844 3434 3909 manifestum
3462 3842 3641 3905 scelus
3668 3851 3721 3894 et

2151 3958 2171 3991 ι
2219 3937 2557 4007 sacrilegium
2580 3936 2743 3990 Deum
2760 3934 3178 4003 omnipotentem
3196 3947 3315 3986 Clllll
3332 3932 3584 3987 erunibus
3597 3948 3719 3985 san-

2154 4047 2173 4080 ι
2219 4029 2323 4084 ctis
2341 4028 2452 4082 suis
2477 4027 2755 4081 inimicum
2782 4024 2875 4079 tibi
2900 4024 3111 4084 feceris,
3133 4024 3447 4091 hostemque
3461 4032 3516 4078 et
3530 4023 3720 4077 adver-

2157 4137 2175 4170 ι
2224 4115 2463 4172 sarium?
2495 4116 2853 4185 periculosum
2899 4123 2982 4170 est
3012 4113 3106 4167 tibi
3137 4113 3456 4182 penitusque
3478 4112 3713 4167 damna-

2155 4226 2173 4260 ι
2220 4207 2346 4272 bile,
2376 4207 2538 4261 crede
2583 4206 2759 4268 nobis,
2789 4203 2956 4257 Deum
2999 4202 3198 4257 habere
3219 4200 3571 4264 contrarium,
3601 4200 3715 4269 qui.

2156 4319 2175 4352 ι
2221 4299 2319 4353 etsi
2352 4299 2622 4369 patienter
2649 4295 2874 4364 injurias
2907 4293 3153 4351 videatur
3188 4290 3329 4345 ferre
3378 4304 3508 4345 suas
3538 4291 3591 4344 in
3620 4290 3718 4343 hoc

2155 4407 2174 4441 ι
2223 4398 2483 4458 tempore,
2508 4387 2702 4442 vindex
2729 4401 2849 4439 eum
2879 4385 2950 4440 sit
2972 4383 3259 4453 justusque
3288 4380 3478 4448 judex,
3502 4381 3718 4445 aeternis

2156 4500 2174 4532 ι
2222 4482 2362 4535 hanc
2387 4480 2699 4551 patientiam
2729 4488 2852 4548 post
2874 4484 3101 4531 mortem
3132 4471 3428 4544 suppliciis,
3472 4486 3580 4531 nou
3624 4470 3718 4525 dil‘

2155 4593 2173 4625 ι
2218 4572 2376 4634 bites,
2403 4571 2718 4629 vindicabit.

2225 4682 2244 4716 ι
2292 4662 2402 4718 Nos
2440 4678 2589 4728 vero,
2616 4662 2810 4732 quibus
2852 4674 2984 4716 cura
3027 4656 3218 4712 salutis
3265 4666 3366 4710 tuae
3398 4663 3718 4723 tuorumque

2157 4772 2178 4807 ι
2222 4765 2326 4821 est,
2370 4769 2474 4809 non
2509 4755 2666 4808 modo
2707 4753 2914 4807 ratione
2956 4748 3238 4820 pastoralis
3267 4746 3674 4815 culminis,qua
3700 4785 3712 4808 ,

2160 4865 2179 4899 ι
2226 4846 2350 4901 licet
2392 4844 2678 4908 innueriti,
2726 4842 2885 4898 saluti
2929 4840 3169 4899 omnium
3225 4853 3411 4893 sumus
3453 4838 3715 4892 debitores

2157 4957 2177 4991 ι
2223 4954 2289 4993 ex
2311 4936 2506 5001 ollicio,
2549 4951 2735 4990 verum
2764 4937 2927 4991 etiam
2963 4949 3029 4990 ex
3058 4932 3347 5008 sanguinis.
3377 4932 3709 5002 cognatione,

2158 5046 2177 5072 ι
2223 5042 2325 5072 mm
2371 5026 2528 5072 nobis
2576 5039 2764 5072 sorore
2818 5029 2976 5072 natus
3024 5022 3214 5072 intime
3254 5021 3608 5072 coniunctus.
3661 5027 3710 5071 te
