  <div class='ocr_page' id='page_1' title='image "/cluster/home/n/w/nwhite01/storage/ocr_20150623/143/hvd.32044015471816/294.png"; bbox 0 0 4062 5352; ppageno 0'>
   <div class='ocr_carea' id='block_1_1' title="bbox 259 315 361 373">
    <p class='ocr_par' dir='ltr' id='par_1_1' title="bbox 259 315 361 373">
     <span class='ocr_line' id='line_1_1' title="bbox 259 315 361 373; baseline -0.02 0"><span class='ocrx_word' id='word_1_1' title='bbox 259 315 361 373; x_wconf 76' lang='grc'><strong>581</strong></span> 
     </span>
    </p>
   </div>
   <div class='ocr_carea' id='block_1_2' title="bbox 1553 311 2240 372">
    <p class='ocr_par' dir='ltr' id='par_1_2' title="bbox 1553 311 2240 372">
     <span class='ocr_line' id='line_1_2' title="bbox 1553 311 2240 372; baseline -0.006 -2"><span class='ocrx_word' id='word_1_2' title='bbox 1553 312 1829 372; x_wconf 69' lang='grc' dir='ltr'><strong>ΝΟΤΙΤΙΑ</strong></span> <span class='ocrx_word' id='word_1_3' title='bbox 1866 311 2240 371; x_wconf 76' lang='lat' dir='ltr'><strong>BRUNONIS.</strong></span> 
     </span>
    </p>
   </div>
   <div class='ocr_carea' id='block_1_3' title="bbox 3437 319 3542 378">
    <p class='ocr_par' dir='ltr' id='par_1_3' title="bbox 3437 319 3542 378">
     <span class='ocr_line' id='line_1_3' title="bbox 3437 319 3542 378; baseline 0.048 -5"><span class='ocrx_word' id='word_1_4' title='bbox 3437 319 3542 378; x_wconf 71' lang='lat'><strong>583</strong></span> 
     </span>
    </p>
   </div>
   <div class='ocr_carea' id='block_1_4' title="bbox 267 423 3540 504">
    <p class='ocr_par' dir='ltr' id='par_1_4' title="bbox 267 423 3540 504">
     <span class='ocr_line' id='line_1_4' title="bbox 267 423 3540 504; baseline 0.003 -26"><span class='ocrx_word' id='word_1_5' title='bbox 267 447 285 478; x_wconf 77' lang='grc' dir='ltr'><strong>ι</strong></span> <span class='ocrx_word' id='word_1_6' title='bbox 333 427 604 496; x_wconf 88' lang='lat' dir='ltr'><strong>cipientes</strong></span> <span class='ocrx_word' id='word_1_7' title='bbox 653 426 747 483; x_wconf 91' lang='lat' dir='ltr'><strong>tibi</strong></span> <span class='ocrx_word' id='word_1_8' title='bbox 796 426 1160 492; x_wconf 82' lang='lat' dir='ltr'><strong>mandamus,</strong></span> <span class='ocrx_word' id='word_1_9' title='bbox 1209 435 1479 498; x_wconf 89' lang='lat' dir='ltr'><strong>quatenus</strong></span> <span class='ocrx_word' id='word_1_10' title='bbox 1533 429 1847 499; x_wconf 67' lang='lat' dir='ltr'><strong>praedictum</strong></span> <span class='ocrx_word' id='word_1_11' title='bbox 1879 439 1977 498; x_wconf 78' lang='grc' dir='ltr'>Αι</span> <span class='ocrx_word' id='word_1_12' title='bbox 2026 423 2393 496; x_wconf 75' lang='lat' dir='ltr'><strong>dignationem</strong></span> <span class='ocrx_word' id='word_1_13' title='bbox 2451 424 2861 496; x_wconf 72' lang='lat' dir='ltr'><strong>omnipotentis.</strong></span> <span class='ocrx_word' id='word_1_14' title='bbox 2911 427 3045 496; x_wconf 84' lang='lat' dir='ltr'><strong>Dei,</strong></span> <span class='ocrx_word' id='word_1_15' title='bbox 3113 438 3540 504; x_wconf 73' lang='lat' dir='ltr'><strong>sanctorumque</strong></span> 
     </span>
    </p>
   </div>
   <div class='ocr_carea' id='block_1_5' title="bbox 265 518 1854 589">
    <p class='ocr_par' dir='ltr' id='par_1_5' title="bbox 265 518 1854 589">
     <span class='ocr_line' id='line_1_5' title="bbox 265 518 1854 589; baseline 0.003 -19"><span class='ocrx_word' id='word_1_16' title='bbox 265 539 283 570; x_wconf 83' lang='grc' dir='ltr'><strong>ι</strong></span> <span class='ocrx_word' id='word_1_17' title='bbox 332 520 535 583; x_wconf 89' lang='lat' dir='ltr'><strong>locum,</strong></span> <span class='ocrx_word' id='word_1_18' title='bbox 577 519 791 574; x_wconf 76' lang='lat' dir='ltr'><strong>clericis</strong></span> <span class='ocrx_word' id='word_1_19' title='bbox 817 518 1087 587; x_wconf 76' lang='lat' dir='ltr'><strong>expulsis,</strong></span> <span class='ocrx_word' id='word_1_20' title='bbox 1113 533 1252 588; x_wconf 80' lang='lat' dir='ltr'><strong>quos</strong></span> <span class='ocrx_word' id='word_1_21' title='bbox 1281 518 1607 574; x_wconf 90' lang='lat' dir='ltr'><strong>auctoritate</strong></span> <span class='ocrx_word' id='word_1_22' title='bbox 1635 527 1854 589; x_wconf 86' lang='lat' dir='ltr'><strong>aposto-</strong></span> 
     </span>
    </p>
   </div>
   <div class='ocr_carea' id='block_1_6' title="bbox 263 609 1869 692">
    <p class='ocr_par' dir='ltr' id='par_1_6' title="bbox 263 609 1869 692">
     <span class='ocr_line' id='line_1_6' title="bbox 263 609 1869 692; baseline 0.001 -29"><span class='ocrx_word' id='word_1_23' title='bbox 263 630 284 663; x_wconf 74' lang='grc' dir='ltr'><strong>ι</strong></span> <span class='ocrx_word' id='word_1_24' title='bbox 333 612 436 666; x_wconf 87' lang='lat' dir='ltr'><strong>lica</strong></span> <span class='ocrx_word' id='word_1_25' title='bbox 473 612 624 667; x_wconf 89' lang='lat' dir='ltr'><strong>omni</strong></span> <span class='ocrx_word' id='word_1_26' title='bbox 654 611 915 666; x_wconf 87' lang='lat' dir='ltr'><strong>beneficio</strong></span> <span class='ocrx_word' id='word_1_27' title='bbox 961 621 1017 666; x_wconf 87' lang='lat' dir='ltr'><strong>et</strong></span> <span class='ocrx_word' id='word_1_28' title='bbox 1065 611 1356 666; x_wconf 84' lang='lat' dir='ltr'><strong>residentia</strong></span> <span class='ocrx_word' id='word_1_29' title='bbox 1389 610 1444 665; x_wconf 92' lang='lat' dir='ltr'><strong>in</strong></span> <span class='ocrx_word' id='word_1_30' title='bbox 1501 609 1691 665; x_wconf 85' lang='lat' dir='ltr'><strong>eadem</strong></span> <span class='ocrx_word' id='word_1_31' title='bbox 1754 610 1869 692; x_wconf 80' lang='lat' dir='ltr'><strong>hac</strong></span> 
     </span>
    </p>
   </div>
   <div class='ocr_carea' id='block_1_7' title="bbox 264 705 1858 775">
    <p class='ocr_par' dir='ltr' id='par_1_7' title="bbox 264 705 1858 775">
     <span class='ocr_line' id='line_1_7' title="bbox 264 705 1858 775; baseline 0.001 -19"><span class='ocrx_word' id='word_1_32' title='bbox 264 723 283 756; x_wconf 78' lang='grc' dir='ltr'><strong>ι</strong></span> <span class='ocrx_word' id='word_1_33' title='bbox 329 706 466 761; x_wconf 85' lang='lat' dir='ltr'><strong>hora</strong></span> <span class='ocrx_word' id='word_1_34' title='bbox 501 706 847 762; x_wconf 82' lang='lat' dir='ltr'><strong>decernimus</strong></span> <span class='ocrx_word' id='word_1_35' title='bbox 892 706 1168 773; x_wconf 87' lang='lat' dir='ltr'><strong>privatos,</strong></span> <span class='ocrx_word' id='word_1_36' title='bbox 1203 705 1258 762; x_wconf 87' lang='lat' dir='ltr'><strong>in</strong></span> <span class='ocrx_word' id='word_1_37' title='bbox 1305 705 1596 775; x_wconf 90' lang='lat' dir='ltr'><strong>pristinum</strong></span> <span class='ocrx_word' id='word_1_38' title='bbox 1650 712 1858 759; x_wconf 85' lang='lat' dir='ltr'><strong>statum</strong></span> 
     </span>
    </p>
   </div>
   <div class='ocr_carea' id='block_1_8' title="bbox 264 795 1852 866">
    <p class='ocr_par' dir='ltr' id='par_1_8' title="bbox 264 795 1852 866">
     <span class='ocr_line' id='line_1_8' title="bbox 264 795 1852 866; baseline 0.001 -20"><span class='ocrx_word' id='word_1_39' title='bbox 264 814 282 846; x_wconf 80' lang='grc' dir='ltr'><strong>ι</strong></span> <span class='ocrx_word' id='word_1_40' title='bbox 334 795 600 850; x_wconf 80' lang='lat' dir='ltr'><strong>reducere</strong></span> <span class='ocrx_word' id='word_1_41' title='bbox 630 810 810 860; x_wconf 83' lang='lat' dir='ltr'><strong>cures,</strong></span> <span class='ocrx_word' id='word_1_42' title='bbox 834 795 1241 866; x_wconf 72' lang='lat' dir='ltr'><strong>monachosque</strong></span> <span class='ocrx_word' id='word_1_43' title='bbox 1284 805 1340 849; x_wconf 89' lang='lat' dir='ltr'><strong>et</strong></span> <span class='ocrx_word' id='word_1_44' title='bbox 1368 795 1623 851; x_wconf 84' lang='lat' dir='ltr'><strong>abbatem</strong></span> <span class='ocrx_word' id='word_1_45' title='bbox 1656 809 1852 850; x_wconf 84' lang='lat' dir='ltr'><strong>secun-</strong></span> 
     </span>
    </p>
   </div>
   <div class='ocr_carea' id='block_1_9' title="bbox 266 885 1850 956">
    <p class='ocr_par' dir='ltr' id='par_1_9' title="bbox 266 885 1850 956">
     <span class='ocr_line' id='line_1_9' title="bbox 266 885 1850 956; baseline 0.001 -17"><span class='ocrx_word' id='word_1_46' title='bbox 266 905 286 939; x_wconf 73' lang='grc' dir='ltr'><strong>ι</strong></span> <span class='ocrx_word' id='word_1_47' title='bbox 332 887 460 941; x_wconf 75' lang='lat' dir='ltr'><strong>dum</strong></span> <span class='ocrx_word' id='word_1_48' title='bbox 492 887 731 956; x_wconf 87' lang='lat' dir='ltr'><strong>regulam</strong></span> <span class='ocrx_word' id='word_1_49' title='bbox 757 887 1060 942; x_wconf 83' lang='lat' dir='ltr'><strong>diviPatris</strong></span> <span class='ocrx_word' id='word_1_50' title='bbox 1080 885 1850 956; x_wconf 86' lang='lat' dir='ltr'><strong>Benedicti,quemadmodum</strong></span> 
     </span>
    </p>
   </div>
   <div class='ocr_carea' id='block_1_10' title="bbox 265 972 1893 1048">
    <p class='ocr_par' dir='ltr' id='par_1_10' title="bbox 265 972 1893 1048">
     <span class='ocr_line' id='line_1_10' title="bbox 265 972 1893 1048; baseline -0.001 -16"><span class='ocrx_word' id='word_1_51' title='bbox 265 999 287 1032; x_wconf 78' lang='grc' dir='ltr'><strong>ι</strong></span> <span class='ocrx_word' id='word_1_52' title='bbox 330 994 359 1032; x_wconf 82' lang='lat' dir='ltr'><strong>a</strong></span> <span class='ocrx_word' id='word_1_53' title='bbox 406 978 680 1048; x_wconf 88' lang='lat' dir='ltr'><strong>principio</strong></span> <span class='ocrx_word' id='word_1_54' title='bbox 733 978 806 1033; x_wconf 88' lang='lat' dir='ltr'><strong>ibi</strong></span> <span class='ocrx_word' id='word_1_55' title='bbox 852 977 1023 1034; x_wconf 88' lang='lat' dir='ltr'><strong>fuisse</strong></span> <span class='ocrx_word' id='word_1_56' title='bbox 1079 986 1492 1044; x_wconf 85' lang='lat' dir='ltr'><strong>memorantur,</strong></span> <span class='ocrx_word' id='word_1_57' title='bbox 1553 972 1893 1042; x_wconf 70' lang='lat' dir='ltr'><strong>instituas,‘</strong></span> 
     </span>
    </p>
   </div>
   <div class='ocr_carea' id='block_1_11' title="bbox 264 1069 1850 1140">
    <p class='ocr_par' dir='ltr' id='par_1_11' title="bbox 264 1069 1850 1140">
     <span class='ocr_line' id='line_1_11' title="bbox 264 1069 1850 1140; baseline 0.002 -20"><span class='ocrx_word' id='word_1_58' title='bbox 264 1088 284 1120; x_wconf 79' lang='grc' dir='ltr'><strong>ι</strong></span> <span class='ocrx_word' id='word_1_59' title='bbox 329 1069 520 1138; x_wconf 78' lang='lat' dir='ltr'><strong>eisque</strong></span> <span class='ocrx_word' id='word_1_60' title='bbox 568 1070 752 1124; x_wconf 88' lang='lat' dir='ltr'><strong>omnia</strong></span> <span class='ocrx_word' id='word_1_61' title='bbox 798 1079 856 1126; x_wconf 88' lang='lat' dir='ltr'><strong>et</strong></span> <span class='ocrx_word' id='word_1_62' title='bbox 893 1069 1105 1140; x_wconf 84' lang='lat' dir='ltr'><strong>singula</strong></span> <span class='ocrx_word' id='word_1_63' title='bbox 1149 1085 1247 1140; x_wconf 89' lang='lat' dir='ltr'><strong>per</strong></span> <span class='ocrx_word' id='word_1_64' title='bbox 1287 1079 1409 1126; x_wconf 88' lang='lat' dir='ltr'><strong>tuos</strong></span> <span class='ocrx_word' id='word_1_65' title='bbox 1457 1069 1850 1140; x_wconf 85' lang='lat' dir='ltr'><strong>progenitores,</strong></span> 
     </span>
    </p>
   </div>
   <div class='ocr_carea' id='block_1_12' title="bbox 263 1159 1851 1230">
    <p class='ocr_par' dir='ltr' id='par_1_12' title="bbox 263 1159 1851 1230">
     <span class='ocr_line' id='line_1_12' title="bbox 263 1159 1851 1230; baseline 0.001 -19"><span class='ocrx_word' id='word_1_66' title='bbox 263 1178 284 1210; x_wconf 85' lang='grc'><em>‹</em></span> <span class='ocrx_word' id='word_1_67' title='bbox 333 1168 496 1228; x_wconf 80' lang='lat' dir='ltr'><strong>teque</strong></span> <span class='ocrx_word' id='word_1_68' title='bbox 547 1159 634 1215; x_wconf 80' lang='lat' dir='ltr'><strong>vel</strong></span> <span class='ocrx_word' id='word_1_69' title='bbox 687 1159 823 1216; x_wconf 89' lang='lat' dir='ltr'><strong>alios</strong></span> <span class='ocrx_word' id='word_1_70' title='bbox 887 1176 1242 1230; x_wconf 86' lang='lat' dir='ltr'><strong>quoscunque</strong></span> <span class='ocrx_word' id='word_1_71' title='bbox 1295 1160 1473 1216; x_wconf 86' lang='lat' dir='ltr'><strong>ablata</strong></span> <span class='ocrx_word' id='word_1_72' title='bbox 1529 1160 1648 1214; x_wconf 88' lang='lat' dir='ltr'><strong>sine</strong></span> <span class='ocrx_word' id='word_1_73' title='bbox 1699 1174 1851 1214; x_wconf 89' lang='lat' dir='ltr'><strong>mora</strong></span> 
     </span>
    </p>
   </div>
   <div class='ocr_carea' id='block_1_13' title="bbox 265 1249 1850 1323">
    <p class='ocr_par' dir='ltr' id='par_1_13' title="bbox 265 1249 1850 1323">
     <span class='ocr_line' id='line_1_13' title="bbox 265 1249 1850 1323; baseline 0.004 -25"><span class='ocrx_word' id='word_1_74' title='bbox 265 1268 282 1298; x_wconf 81' lang='grc' dir='ltr'><strong>ι</strong></span> <span class='ocrx_word' id='word_1_75' title='bbox 327 1249 615 1314; x_wconf 81' lang='lat' dir='ltr'><strong>restituas,</strong></span> <span class='ocrx_word' id='word_1_76' title='bbox 658 1258 715 1306; x_wconf 88' lang='lat' dir='ltr'><strong>et</strong></span> <span class='ocrx_word' id='word_1_77' title='bbox 746 1251 791 1306; x_wconf 92' lang='lat' dir='ltr'><strong>si</strong></span> <span class='ocrx_word' id='word_1_78' title='bbox 842 1252 970 1321; x_wconf 87' lang='lat' dir='ltr'><strong>quid</strong></span> <span class='ocrx_word' id='word_1_79' title='bbox 1010 1251 1242 1323; x_wconf 80' lang='lat' dir='ltr'><strong>amplius</strong></span> <span class='ocrx_word' id='word_1_80' title='bbox 1265 1253 1332 1305; x_wconf 83' lang='lat' dir='ltr'><strong>ad</strong></span> <span class='ocrx_word' id='word_1_81' title='bbox 1366 1252 1481 1306; x_wconf 64' lang='lat' dir='ltr'><strong>haec</strong></span> <span class='ocrx_word' id='word_1_82' title='bbox 1519 1250 1850 1320; x_wconf 87' lang='lat' dir='ltr'><strong>perﬁcienda</strong></span> 
     </span>
    </p>
   </div>
   <div class='ocr_carea' id='block_1_14' title="bbox 266 1321 1896 1414">
    <p class='ocr_par' dir='ltr' id='par_1_14' title="bbox 266 1321 1896 1414">
     <span class='ocr_line' id='line_1_14' title="bbox 266 1321 1896 1414; baseline 0.002 -19"><span class='ocrx_word' id='word_1_83' title='bbox 266 1361 288 1394; x_wconf 74' lang='grc' dir='ltr'><strong>ι</strong></span> <span class='ocrx_word' id='word_1_84' title='bbox 332 1345 639 1414; x_wconf 86' lang='lat' dir='ltr'><strong>requiritur</strong></span> <span class='ocrx_word' id='word_1_85' title='bbox 688 1321 1116 1410; x_wconf 43' lang='lat' dir='ltr'><strong>necessarium,</strong></span> <span class='ocrx_word' id='word_1_86' title='bbox 1146 1346 1214 1401; x_wconf 87' lang='lat' dir='ltr'><strong>de</strong></span> <span class='ocrx_word' id='word_1_87' title='bbox 1254 1355 1345 1399; x_wconf 91' lang='lat' dir='ltr'><strong>tua</strong></span> <span class='ocrx_word' id='word_1_88' title='bbox 1394 1346 1696 1401; x_wconf 88' lang='lat' dir='ltr'><strong>substantia</strong></span> <span class='ocrx_word' id='word_1_89' title='bbox 1729 1346 1853 1399; x_wconf 84' lang='lat' dir='ltr'><strong>fide-</strong></span> <span class='ocrx_word' id='word_1_90' title='bbox 1885 1321 1896 1348; x_wconf 71' lang='grc'><em>’</em></span> 
     </span>
    </p>
   </div>
   <div class='ocr_carea' id='block_1_15' title="bbox 261 1437 1851 1508">
    <p class='ocr_par' dir='ltr' id='par_1_15' title="bbox 261 1437 1851 1508">
     <span class='ocr_line' id='line_1_15' title="bbox 261 1437 1851 1508; baseline 0.002 -19"><span class='ocrx_word' id='word_1_91' title='bbox 261 1455 282 1489; x_wconf 75' lang='grc' dir='ltr'><strong>ι</strong></span> <span class='ocrx_word' id='word_1_92' title='bbox 329 1437 455 1494; x_wconf 82' lang='lat' dir='ltr'><strong>liter</strong></span> <span class='ocrx_word' id='word_1_93' title='bbox 484 1447 540 1492; x_wconf 89' lang='lat' dir='ltr'><strong>et</strong></span> <span class='ocrx_word' id='word_1_94' title='bbox 571 1437 694 1494; x_wconf 88' lang='lat' dir='ltr'><strong>sine</strong></span> <span class='ocrx_word' id='word_1_95' title='bbox 719 1437 826 1493; x_wconf 87' lang='lat' dir='ltr'><strong>ulla</strong></span> <span class='ocrx_word' id='word_1_96' title='bbox 855 1438 1283 1495; x_wconf 87' lang='lat' dir='ltr'><strong>contradictione</strong></span> <span class='ocrx_word' id='word_1_97' title='bbox 1323 1453 1423 1508; x_wconf 91' lang='lat' dir='ltr'><strong>pro</strong></span> <span class='ocrx_word' id='word_1_98' title='bbox 1463 1448 1680 1495; x_wconf 58' lang='lat' dir='ltr'><strong>aeternae.</strong></span> <span class='ocrx_word' id='word_1_99' title='bbox 1727 1440 1851 1492; x_wconf 65' lang='lat' dir='ltr'><strong>vitae</strong></span> 
     </span>
    </p>
   </div>
   <div class='ocr_carea' id='block_1_16' title="bbox 211 1527 1840 1599">
    <p class='ocr_par' dir='ltr' id='par_1_16' title="bbox 211 1527 1840 1599">
     <span class='ocr_line' id='line_1_16' title="bbox 211 1527 1840 1599; baseline 0.001 -16"><span class='ocrx_word' id='word_1_100' title='bbox 211 1573 214 1576; x_wconf 90' lang='lat'><strong>.</strong></span> <span class='ocrx_word' id='word_1_101' title='bbox 261 1546 283 1583; x_wconf 75' lang='grc' dir='ltr'><strong>ι</strong></span> <span class='ocrx_word' id='word_1_102' title='bbox 329 1543 522 1584; x_wconf 89' lang='lat' dir='ltr'><strong>amore</strong></span> <span class='ocrx_word' id='word_1_103' title='bbox 549 1527 797 1599; x_wconf 87' lang='lat' dir='ltr'><strong>legaliter</strong></span> <span class='ocrx_word' id='word_1_104' title='bbox 846 1529 1151 1598; x_wconf 82' lang='lat' dir='ltr'><strong>impendas.</strong></span> <span class='ocrx_word' id='word_1_105' title='bbox 1185 1528 1309 1584; x_wconf 86' lang='lat' dir='ltr'><strong>llaec</strong></span> <span class='ocrx_word' id='word_1_106' title='bbox 1352 1529 1423 1584; x_wconf 94' lang='lat' dir='ltr'><strong>ibi</strong></span> <span class='ocrx_word' id='word_1_107' title='bbox 1455 1537 1658 1597; x_wconf 88' lang='lat' dir='ltr'><strong>quanto</strong></span> <span class='ocrx_word' id='word_1_108' title='bbox 1688 1528 1840 1584; x_wconf 67' lang='lat' dir='ltr'><strong>citiu‘</strong></span> 
     </span>
    </p>
   </div>
   <div class='ocr_carea' id='block_1_17' title="bbox 261 1619 1850 1690">
    <p class='ocr_par' dir='ltr' id='par_1_17' title="bbox 261 1619 1850 1690">
     <span class='ocr_line' id='line_1_17' title="bbox 261 1619 1850 1690; baseline 0.003 -20"><span class='ocrx_word' id='word_1_109' title='bbox 261 1636 283 1670; x_wconf 73' lang='grc' dir='ltr'><strong>ι</strong></span> <span class='ocrx_word' id='word_1_110' title='bbox 331 1619 659 1690; x_wconf 79' lang='lat' dir='ltr'><strong>perﬁcienda</strong></span> <span class='ocrx_word' id='word_1_111' title='bbox 714 1635 817 1672; x_wconf 93' lang='lat' dir='ltr'><strong>una</strong></span> <span class='ocrx_word' id='word_1_112' title='bbox 867 1636 991 1674; x_wconf 88' lang='lat' dir='ltr'><strong>cum</strong></span> <span class='ocrx_word' id='word_1_113' title='bbox 1048 1619 1277 1689; x_wconf 77' lang='lat' dir='ltr'><strong>conjuge</strong></span> <span class='ocrx_word' id='word_1_114' title='bbox 1314 1629 1402 1674; x_wconf 89' lang='lat' dir='ltr'><strong>tua</strong></span> <span class='ocrx_word' id='word_1_115' title='bbox 1446 1621 1604 1675; x_wconf 89' lang='lat' dir='ltr'><strong>nobis</strong></span> <span class='ocrx_word' id='word_1_116' title='bbox 1655 1621 1850 1676; x_wconf 88' lang='lat' dir='ltr'><strong>dilecta</strong></span> 
     </span>
    </p>
   </div>
   <div class='ocr_carea' id='block_1_18' title="bbox 262 1710 1845 1782">
    <p class='ocr_par' dir='ltr' id='par_1_18' title="bbox 262 1710 1845 1782">
     <span class='ocr_line' id='line_1_18' title="bbox 262 1710 1845 1782; baseline 0.004 -23"><span class='ocrx_word' id='word_1_117' title='bbox 262 1725 282 1759; x_wconf 72' lang='grc' dir='ltr'><strong>ι</strong></span> <span class='ocrx_word' id='word_1_118' title='bbox 327 1710 873 1778; x_wconf 85' lang='lat' dir='ltr'><strong>consummandaque</strong></span> <span class='ocrx_word' id='word_1_119' title='bbox 923 1711 1248 1766; x_wconf 86' lang='lat' dir='ltr'><strong>auctoritate</strong></span> <span class='ocrx_word' id='word_1_120' title='bbox 1296 1712 1688 1782; x_wconf 86' lang='lat' dir='ltr'><strong>omnipotentis</strong></span> <span class='ocrx_word' id='word_1_121' title='bbox 1733 1712 1845 1774; x_wconf 88' lang='lat' dir='ltr'><strong>Dei.</strong></span> 
     </span>
    </p>
   </div>
   <div class='ocr_carea' id='block_1_19' title="bbox 1963 516 3541 587">
    <p class='ocr_par' dir='ltr' id='par_1_19' title="bbox 1963 516 3541 587">
     <span class='ocr_line' id='line_1_19' title="bbox 1963 516 3541 587; baseline 0.004 -13"><span class='ocrx_word' id='word_1_122' title='bbox 1963 539 1982 574; x_wconf 77' lang='grc' dir='ltr'><strong>ι</strong></span> <span class='ocrx_word' id='word_1_123' title='bbox 2031 519 2179 575; x_wconf 86' lang='lat' dir='ltr'><strong>Petri</strong></span> <span class='ocrx_word' id='word_1_124' title='bbox 2205 527 2262 574; x_wconf 88' lang='lat' dir='ltr'><strong>et</strong></span> <span class='ocrx_word' id='word_1_125' title='bbox 2289 516 2440 572; x_wconf 84' lang='lat' dir='ltr'><strong>Pauli</strong></span> <span class='ocrx_word' id='word_1_126' title='bbox 2471 517 2857 587; x_wconf 74' lang='lat' dir='ltr'><strong>apostolorum,</strong></span> <span class='ocrx_word' id='word_1_127' title='bbox 2887 529 2940 573; x_wconf 92' lang='lat' dir='ltr'><strong>et</strong></span> <span class='ocrx_word' id='word_1_128' title='bbox 2965 520 3208 577; x_wconf 89' lang='lat' dir='ltr'><strong>omnium</strong></span> <span class='ocrx_word' id='word_1_129' title='bbox 3244 523 3541 580; x_wconf 86' lang='lat' dir='ltr'><strong>electorum</strong></span> 
     </span>
    </p>
   </div>
   <div class='ocr_carea' id='block_1_20' title="bbox 1962 610 3540 682">
    <p class='ocr_par' dir='ltr' id='par_1_20' title="bbox 1962 610 3540 682">
     <span class='ocr_line' id='line_1_20' title="bbox 1962 610 3540 682; baseline 0.004 -16"><span class='ocrx_word' id='word_1_130' title='bbox 1962 631 1982 666; x_wconf 72' lang='grc' dir='ltr'><strong>ι</strong></span> <span class='ocrx_word' id='word_1_131' title='bbox 2027 613 2228 669; x_wconf 86' lang='lat' dir='ltr'><strong>Christi</strong></span> <span class='ocrx_word' id='word_1_132' title='bbox 2263 611 2480 668; x_wconf 79' lang='lat' dir='ltr'><strong>noveris</strong></span> <span class='ocrx_word' id='word_1_133' title='bbox 2506 610 2803 674; x_wconf 90' lang='lat' dir='ltr'><strong>incursum,</strong></span> <span class='ocrx_word' id='word_1_134' title='bbox 2837 621 2994 682; x_wconf 87' lang='lat' dir='ltr'><strong>teque</strong></span> <span class='ocrx_word' id='word_1_135' title='bbox 3024 613 3127 668; x_wconf 85' lang='lat' dir='ltr'><strong>sub</strong></span> <span class='ocrx_word' id='word_1_136' title='bbox 3173 617 3540 673; x_wconf 88' lang='lat' dir='ltr'><strong>anathematis</strong></span> 
     </span>
    </p>
   </div>
   <div class='ocr_carea' id='block_1_21' title="bbox 1960 703 3541 773">
    <p class='ocr_par' dir='ltr' id='par_1_21' title="bbox 1960 703 3541 773">
     <span class='ocr_line' id='line_1_21' title="bbox 1960 703 3541 773; baseline 0.004 -15"><span class='ocrx_word' id='word_1_137' title='bbox 1960 723 1980 758; x_wconf 79' lang='grc' dir='ltr'><strong>ι</strong></span> <span class='ocrx_word' id='word_1_138' title='bbox 2026 705 2242 761; x_wconf 89' lang='lat' dir='ltr'><strong>vinculo</strong></span> <span class='ocrx_word' id='word_1_139' title='bbox 2283 703 2610 759; x_wconf 86' lang='lat' dir='ltr'><strong>auctoritate</strong></span> <span class='ocrx_word' id='word_1_140' title='bbox 2639 703 2939 773; x_wconf 85' lang='lat' dir='ltr'><strong>apostolica</strong></span> <span class='ocrx_word' id='word_1_141' title='bbox 2969 705 3348 771; x_wconf 88' lang='lat' dir='ltr'><strong>constrictum,</strong></span> <span class='ocrx_word' id='word_1_142' title='bbox 3371 707 3541 764; x_wconf 86' lang='lat' dir='ltr'><strong>divini</strong></span> 
     </span>
    </p>
   </div>
   <div class='ocr_carea' id='block_1_22' title="bbox 1959 793 3544 870">
    <p class='ocr_par' dir='ltr' id='par_1_22' title="bbox 1959 793 3544 870">
     <span class='ocr_line' id='line_1_22' title="bbox 1959 793 3544 870; baseline 0.004 -20"><span class='ocrx_word' id='word_1_143' title='bbox 1959 816 1980 850; x_wconf 72' lang='grc' dir='ltr'><strong>ι</strong></span> <span class='ocrx_word' id='word_1_144' title='bbox 2024 797 2292 853; x_wconf 80' lang='lat' dir='ltr'><strong>examinis</strong></span> <span class='ocrx_word' id='word_1_145' title='bbox 2327 796 2534 867; x_wconf 91' lang='lat' dir='ltr'><strong>judicio</strong></span> <span class='ocrx_word' id='word_1_146' title='bbox 2581 793 2696 850; x_wconf 91' lang='lat' dir='ltr'><strong>fore</strong></span> <span class='ocrx_word' id='word_1_147' title='bbox 2739 795 3058 863; x_wconf 78' lang='lat' dir='ltr'><strong>obnoxium,</strong></span> <span class='ocrx_word' id='word_1_148' title='bbox 3085 799 3424 868; x_wconf 75' lang='lat' dir='ltr'><strong>gravissimis</strong></span> <span class='ocrx_word' id='word_1_149' title='bbox 3451 817 3544 870; x_wconf 86' lang='lat' dir='ltr'><strong>ge-</strong></span> 
     </span>
    </p>
   </div>
   <div class='ocr_carea' id='block_1_23' title="bbox 1959 889 3538 965">
    <p class='ocr_par' dir='ltr' id='par_1_23' title="bbox 1959 889 3538 965">
     <span class='ocr_line' id='line_1_23' title="bbox 1959 889 3538 965; baseline 0.004 -23"><span class='ocrx_word' id='word_1_150' title='bbox 1959 909 1978 942; x_wconf 81' lang='grc' dir='ltr'><strong>ι</strong></span> <span class='ocrx_word' id='word_1_151' title='bbox 2026 892 2218 946; x_wconf 68' lang='grc' dir='ltr'>Ιιειιηω</span> <span class='ocrx_word' id='word_1_152' title='bbox 2264 890 2548 946; x_wconf 82' lang='lat' dir='ltr'><strong>tormentis</strong></span> <span class='ocrx_word' id='word_1_153' title='bbox 2594 905 2715 945; x_wconf 91' lang='lat' dir='ltr'><strong>cum</strong></span> <span class='ocrx_word' id='word_1_154' title='bbox 2766 889 2948 960; x_wconf 90' lang='lat' dir='ltr'><strong>impiis</strong></span> <span class='ocrx_word' id='word_1_155' title='bbox 2995 891 3115 947; x_wconf 86' lang='lat' dir='ltr'><strong>sine</strong></span> <span class='ocrx_word' id='word_1_156' title='bbox 3157 893 3265 948; x_wconf 85' lang='lat' dir='ltr'><strong>ﬁne</strong></span> <span class='ocrx_word' id='word_1_157' title='bbox 3307 894 3538 965; x_wconf 79' lang='lat' dir='ltr'><strong>punien-</strong></span> 
     </span>
    </p>
   </div>
   <div class='ocr_carea' id='block_1_24' title="bbox 1959 981 2242 1034">
    <p class='ocr_par' dir='ltr' id='par_1_24' title="bbox 1959 981 2242 1034">
     <span class='ocr_line' id='line_1_24' title="bbox 1959 981 2242 1034; baseline 0.004 -4"><span class='ocrx_word' id='word_1_158' title='bbox 1959 997 1978 1030; x_wconf 78' lang='grc' dir='ltr'><strong>ι</strong></span> <span class='ocrx_word' id='word_1_159' title='bbox 2025 981 2174 1034; x_wconf 85' lang='grc' dir='ltr'>ιΙιιιιι.</span> <span class='ocrx_word' id='word_1_160' title='bbox 2224 999 2242 1031; x_wconf 76' lang='grc' dir='ltr'><strong>ι</strong></span> 
     </span>
    </p>
   </div>
   <div class='ocr_carea' id='block_1_25' title="bbox 2024 1068 3540 1146">
    <p class='ocr_par' dir='ltr' id='par_1_25' title="bbox 2024 1068 3540 1146">
     <span class='ocr_line' id='line_1_25' title="bbox 2024 1068 3540 1146; baseline 0.003 -23"><span class='ocrx_word' id='word_1_161' title='bbox 2024 1069 2140 1124; x_wconf 84' lang='lat' dir='ltr'><strong>Hac</strong></span> <span class='ocrx_word' id='word_1_162' title='bbox 2187 1069 2458 1139; x_wconf 74' lang='lat' dir='ltr'><strong>pontificis</strong></span> <span class='ocrx_word' id='word_1_163' title='bbox 2503 1068 2754 1125; x_wconf 87' lang='lat' dir='ltr'><strong>oratione</strong></span> <span class='ocrx_word' id='word_1_164' title='bbox 2792 1080 3188 1142; x_wconf 87' lang='lat' dir='ltr'><strong>compunctus,</strong></span> <span class='ocrx_word' id='word_1_165' title='bbox 3242 1073 3310 1127; x_wconf 84' lang='lat' dir='ltr'><strong>ad</strong></span> <span class='ocrx_word' id='word_1_166' title='bbox 3364 1091 3540 1146; x_wconf 87' lang='lat' dir='ltr'><strong>genua</strong></span> 
     </span>
    </p>
   </div>
   <div class='ocr_carea' id='block_1_26' title="bbox 1953 1158 3538 1235">
    <p class='ocr_par' dir='ltr' id='par_1_26' title="bbox 1953 1158 3538 1235">
     <span class='ocr_line' id='line_1_26' title="bbox 1953 1158 3538 1235; baseline 0.003 -19"><span class='ocrx_word' id='word_1_167' title='bbox 1953 1158 2070 1229; x_wconf 92' lang='lat' dir='ltr'><strong>ejus</strong></span> <span class='ocrx_word' id='word_1_168' title='bbox 2100 1175 2283 1216; x_wconf 90' lang='lat' dir='ltr'><strong>comes</strong></span> <span class='ocrx_word' id='word_1_169' title='bbox 2312 1161 2570 1232; x_wconf 88' lang='lat' dir='ltr'><strong>procidit,</strong></span> <span class='ocrx_word' id='word_1_170' title='bbox 2618 1177 2785 1231; x_wconf 86' lang='lat' dir='ltr'><strong>seque</strong></span> <span class='ocrx_word' id='word_1_171' title='bbox 2827 1178 3088 1233; x_wconf 87' lang='lat' dir='ltr'><strong>peccasse</strong></span> <span class='ocrx_word' id='word_1_172' title='bbox 3140 1165 3382 1235; x_wconf 75' lang='lat' dir='ltr'><strong>graviter</strong></span> <span class='ocrx_word' id='word_1_173' title='bbox 3416 1181 3538 1220; x_wconf 90' lang='lat' dir='ltr'><strong>cum</strong></span> 
     </span>
    </p>
   </div>
   <div class='ocr_carea' id='block_1_27' title="bbox 1954 1251 3542 1326">
    <p class='ocr_par' dir='ltr' id='par_1_27' title="bbox 1954 1251 3542 1326">
     <span class='ocr_line' id='line_1_27' title="bbox 1954 1251 3542 1326; baseline 0.003 -20"><span class='ocrx_word' id='word_1_174' title='bbox 1954 1251 2209 1323; x_wconf 85' lang='lat' dir='ltr'><strong>lacrymis</strong></span> <span class='ocrx_word' id='word_1_175' title='bbox 2257 1252 2468 1323; x_wconf 85' lang='lat' dir='ltr'><strong>publice</strong></span> <span class='ocrx_word' id='word_1_176' title='bbox 2517 1254 2825 1319; x_wconf 67' lang='lat' dir='ltr'><strong>conﬂssus,</strong></span> <span class='ocrx_word' id='word_1_177' title='bbox 2858 1255 3043 1312; x_wconf 86' lang='lat' dir='ltr'><strong>omnia</strong></span> <span class='ocrx_word' id='word_1_178' title='bbox 3091 1271 3212 1326; x_wconf 72' lang='lat' dir='ltr'><strong>qua:</strong></span> <span class='ocrx_word' id='word_1_179' title='bbox 3257 1253 3542 1325; x_wconf 90' lang='lat' dir='ltr'><strong>juberetur</strong></span> 
     </span>
    </p>
   </div>
   <div class='ocr_carea' id='block_1_28' title="bbox 1952 1341 3538 1414">
    <p class='ocr_par' dir='ltr' id='par_1_28' title="bbox 1952 1341 3538 1414">
     <span class='ocr_line' id='line_1_28' title="bbox 1952 1341 3538 1414; baseline 0.003 -18"><span class='ocrx_word' id='word_1_180' title='bbox 1952 1341 2222 1397; x_wconf 83' lang='lat' dir='ltr'><strong>facturum</strong></span> <span class='ocrx_word' id='word_1_181' title='bbox 2277 1357 2377 1412; x_wconf 82' lang='lat' dir='ltr'><strong>pro</strong></span> <span class='ocrx_word' id='word_1_182' title='bbox 2420 1344 2622 1397; x_wconf 90' lang='lat' dir='ltr'><strong>viribus</strong></span> <span class='ocrx_word' id='word_1_183' title='bbox 2675 1345 2978 1414; x_wconf 87' lang='lat' dir='ltr'><strong>promittit,</strong></span> <span class='ocrx_word' id='word_1_184' title='bbox 3018 1345 3234 1400; x_wconf 82' lang='lat' dir='ltr'><strong>veniam</strong></span> <span class='ocrx_word' id='word_1_185' title='bbox 3285 1347 3538 1401; x_wconf 81' lang='lat' dir='ltr'><strong>eorumis-</strong></span> 
     </span>
    </p>
   </div>
   <div class='ocr_carea' id='block_1_29' title="bbox 1951 1435 3543 1508">
    <p class='ocr_par' dir='ltr' id='par_1_29' title="bbox 1951 1435 3543 1508">
     <span class='ocr_line' id='line_1_29' title="bbox 1951 1435 3543 1508; baseline 0.003 -20"><span class='ocrx_word' id='word_1_186' title='bbox 1951 1449 2136 1489; x_wconf 82' lang='lat' dir='ltr'><strong>sorunt</strong></span> <span class='ocrx_word' id='word_1_187' title='bbox 2183 1435 2689 1507; x_wconf 87' lang='lat' dir='ltr'><strong>absolutionemque</strong></span> <span class='ocrx_word' id='word_1_188' title='bbox 2740 1437 3024 1508; x_wconf 90' lang='lat' dir='ltr'><strong>postulans</strong></span> <span class='ocrx_word' id='word_1_189' title='bbox 3071 1454 3102 1492; x_wconf 85' lang='lat' dir='ltr'><strong>a</strong></span> <span class='ocrx_word' id='word_1_190' title='bbox 3151 1438 3405 1508; x_wconf 89' lang='lat' dir='ltr'><strong>pontiﬁce</strong></span> <span class='ocrx_word' id='word_1_191' title='bbox 3446 1453 3543 1492; x_wconf 87' lang='lat' dir='ltr'><strong>au-</strong></span> 
     </span>
    </p>
   </div>
   <div class='ocr_carea' id='block_1_30' title="bbox 1953 1523 2130 1579">
    <p class='ocr_par' dir='ltr' id='par_1_30' title="bbox 1953 1523 2130 1579">
     <span class='ocr_line' id='line_1_30' title="bbox 1953 1523 2130 1579; baseline -0.017 0"><span class='ocrx_word' id='word_1_192' title='bbox 1953 1523 2089 1579; x_wconf 83' lang='lat' dir='ltr'><strong>divit</strong></span> <span class='ocrx_word' id='word_1_193' title='bbox 2117 1541 2130 1576; x_wconf 91' lang='lat'><strong>:</strong></span> 
     </span>
    </p>
   </div>
   <div class='ocr_carea' id='block_1_31' title="bbox 2031 1616 3542 1689">
    <p class='ocr_par' dir='ltr' id='par_1_31' title="bbox 2031 1616 3542 1689">
     <span class='ocr_line' id='line_1_31' title="bbox 2031 1616 3542 1689; baseline 0.004 -21"><span class='ocrx_word' id='word_1_194' title='bbox 2031 1638 2048 1667; x_wconf 73' lang='grc' dir='ltr'><strong>ι</strong></span> <span class='ocrx_word' id='word_1_195' title='bbox 2093 1616 2148 1670; x_wconf 89' lang='lat' dir='ltr'><strong>Si</strong></span> <span class='ocrx_word' id='word_1_196' title='bbox 2196 1618 2493 1686; x_wconf 80' lang='lat' dir='ltr'><strong>perfeceris</strong></span> <span class='ocrx_word' id='word_1_197' title='bbox 2522 1634 2608 1682; x_wconf 88' lang='lat' dir='ltr'><strong>ca,</strong></span> <span class='ocrx_word' id='word_1_198' title='bbox 2638 1633 2758 1688; x_wconf 66' lang='lat' dir='ltr'><strong>qua:</strong></span> <span class='ocrx_word' id='word_1_199' title='bbox 2797 1619 3235 1689; x_wconf 65' lang='lat' dir='ltr'><strong>praecipientibus</strong></span> <span class='ocrx_word' id='word_1_200' title='bbox 3281 1619 3436 1674; x_wconf 85' lang='lat' dir='ltr'><strong>nobis</strong></span> <span class='ocrx_word' id='word_1_201' title='bbox 3489 1627 3542 1674; x_wconf 85' lang='lat' dir='ltr'><strong>te</strong></span> 
     </span>
    </p>
   </div>
   <div class='ocr_carea' id='block_1_32' title="bbox 1955 1708 3542 1780">
    <p class='ocr_par' dir='ltr' id='par_1_32' title="bbox 1955 1708 3542 1780">
     <span class='ocr_line' id='line_1_32' title="bbox 1955 1708 3542 1780; baseline 0.003 -19"><span class='ocrx_word' id='word_1_202' title='bbox 1955 1727 1974 1761; x_wconf 70' lang='grc' dir='ltr'><strong>ι</strong></span> <span class='ocrx_word' id='word_1_203' title='bbox 2021 1708 2291 1765; x_wconf 88' lang='lat' dir='ltr'><strong>facturum</strong></span> <span class='ocrx_word' id='word_1_204' title='bbox 2332 1712 2625 1780; x_wconf 87' lang='lat' dir='ltr'><strong>promittis,</strong></span> <span class='ocrx_word' id='word_1_205' title='bbox 2655 1712 2866 1766; x_wconf 81' lang='lat' dir='ltr'><strong>veniam</strong></span> <span class='ocrx_word' id='word_1_206' title='bbox 2904 1713 2998 1768; x_wconf 90' lang='lat' dir='ltr'><strong>tibi</strong></span> <span class='ocrx_word' id='word_1_207' title='bbox 3048 1729 3154 1767; x_wconf 92' lang='lat' dir='ltr'><strong>non</strong></span> <span class='ocrx_word' id='word_1_208' title='bbox 3189 1713 3361 1768; x_wconf 90' lang='lat' dir='ltr'><strong>solum</strong></span> <span class='ocrx_word' id='word_1_209' title='bbox 3391 1727 3542 1766; x_wconf 87' lang='lat' dir='ltr'><strong>corn-</strong></span> 
     </span>
    </p>
   </div>
   <div class='ocr_carea' id='block_1_33' title="bbox 260 1788 3540 1874">
    <p class='ocr_par' dir='ltr' id='par_1_33' title="bbox 260 1788 3540 1874">
     <span class='ocr_line' id='line_1_33' title="bbox 260 1788 3540 1874; baseline 0.001 -22"><span class='ocrx_word' id='word_1_210' title='bbox 260 1819 289 1857; x_wconf 74' lang='grc' dir='ltr'>ι,</span> <span class='ocrx_word' id='word_1_211' title='bbox 327 1799 385 1854; x_wconf 89' lang='lat' dir='ltr'><strong>in</strong></span> <span class='ocrx_word' id='word_1_212' title='bbox 410 1801 786 1856; x_wconf 88' lang='lat' dir='ltr'><strong>remissionem</strong></span> <span class='ocrx_word' id='word_1_213' title='bbox 811 1812 1023 1857; x_wconf 88' lang='lat' dir='ltr'><strong>tuorum</strong></span> <span class='ocrx_word' id='word_1_214' title='bbox 1055 1813 1406 1874; x_wconf 90' lang='lat' dir='ltr'><strong>peccatorum</strong></span> <span class='ocrx_word' id='word_1_215' title='bbox 1443 1805 1589 1860; x_wconf 86' lang='lat' dir='ltr'><strong>serio</strong></span> <span class='ocrx_word' id='word_1_216' title='bbox 1615 1803 1847 1874; x_wconf 88' lang='lat' dir='ltr'><strong>injungi-</strong></span> <span class='ocrx_word' id='word_1_217' title='bbox 1879 1788 1921 1847; x_wconf 80' lang='grc' dir='ltr'><strong>Β</strong></span> <span class='ocrx_word' id='word_1_218' title='bbox 1960 1819 1974 1851; x_wconf 87' lang='grc' dir='ltr'><strong>ι</strong></span> <span class='ocrx_word' id='word_1_219' title='bbox 2019 1801 2309 1856; x_wconf 88' lang='lat' dir='ltr'><strong>missorum</strong></span> <span class='ocrx_word' id='word_1_220' title='bbox 2377 1818 2498 1857; x_wconf 90' lang='lat' dir='ltr'><strong>cum</strong></span> <span class='ocrx_word' id='word_1_221' title='bbox 2564 1803 2907 1858; x_wconf 87' lang='lat' dir='ltr'><strong>absolutione</strong></span> <span class='ocrx_word' id='word_1_222' title='bbox 2973 1804 3346 1872; x_wconf 71' lang='lat' dir='ltr'><strong>impendamus</strong></span> <span class='ocrx_word' id='word_1_223' title='bbox 3373 1842 3388 1867; x_wconf 94' lang='lat'><strong>,</strong></span> <span class='ocrx_word' id='word_1_224' title='bbox 3445 1803 3540 1856; x_wconf 90' lang='lat' dir='ltr'><strong>sed</strong></span> 
     </span>
    </p>
   </div>
   <div class='ocr_carea' id='block_1_34' title="bbox 259 1890 1844 1966">
    <p class='ocr_par' dir='ltr' id='par_1_34' title="bbox 259 1890 1844 1966">
     <span class='ocr_line' id='line_1_34' title="bbox 259 1890 1844 1966; baseline 0.006 -24"><span class='ocrx_word' id='word_1_225' title='bbox 259 1907 284 1942; x_wconf 69' lang='grc' dir='ltr'><strong>ι</strong></span> <span class='ocrx_word' id='word_1_226' title='bbox 327 1905 475 1946; x_wconf 89' lang='lat' dir='ltr'><strong>mus.</strong></span> <span class='ocrx_word' id='word_1_227' title='bbox 511 1890 645 1959; x_wconf 57' lang='lat' dir='ltr'><strong>Quae</strong></span> <span class='ocrx_word' id='word_1_228' title='bbox 669 1893 714 1946; x_wconf 89' lang='lat' dir='ltr'><strong>si</strong></span> <span class='ocrx_word' id='word_1_229' title='bbox 748 1894 914 1963; x_wconf 86' lang='lat' dir='ltr'><strong>(quod</strong></span> <span class='ocrx_word' id='word_1_230' title='bbox 945 1895 1109 1964; x_wconf 86' lang='lat' dir='ltr'><strong>absit)</strong></span> <span class='ocrx_word' id='word_1_231' title='bbox 1139 1895 1461 1966; x_wconf 77' lang='lat' dir='ltr'><strong>neglexeris,</strong></span> <span class='ocrx_word' id='word_1_232' title='bbox 1501 1905 1844 1952; x_wconf 88' lang='lat' dir='ltr'><strong>nostrorum-</strong></span> 
     </span>
    </p>
   </div>
   <div class='ocr_carea' id='block_1_35' title="bbox 255 1983 1850 2055">
    <p class='ocr_par' dir='ltr' id='par_1_35' title="bbox 255 1983 1850 2055">
     <span class='ocr_line' id='line_1_35' title="bbox 255 1983 1850 2055; baseline 0.004 -22"><span class='ocrx_word' id='word_1_233' title='bbox 255 1997 282 2033; x_wconf 68' lang='lat'><strong>1</strong></span> <span class='ocrx_word' id='word_1_234' title='bbox 325 1995 434 2050; x_wconf 88' lang='lat' dir='ltr'><strong>que</strong></span> <span class='ocrx_word' id='word_1_235' title='bbox 476 1983 858 2039; x_wconf 84' lang='lat' dir='ltr'><strong>mandatorum</strong></span> <span class='ocrx_word' id='word_1_236' title='bbox 881 1996 1229 2055; x_wconf 87' lang='lat' dir='ltr'><strong>contemptor</strong></span> <span class='ocrx_word' id='word_1_237' title='bbox 1255 1987 1508 2042; x_wconf 88' lang='lat' dir='ltr'><strong>inventus</strong></span> <span class='ocrx_word' id='word_1_238' title='bbox 1549 1986 1738 2052; x_wconf 88' lang='lat' dir='ltr'><strong>fueris,</strong></span> <span class='ocrx_word' id='word_1_239' title='bbox 1766 1987 1850 2041; x_wconf 68' lang='lat' dir='ltr'><strong>in.</strong></span> 
     </span>
    </p>
   </div>
   <div class='ocr_carea' id='block_1_36' title="bbox 1959 1893 3540 1962">
    <p class='ocr_par' dir='ltr' id='par_1_36' title="bbox 1959 1893 3540 1962">
     <span class='ocr_line' id='line_1_36' title="bbox 1959 1893 3540 1962; baseline 0.003 -19"><span class='ocrx_word' id='word_1_240' title='bbox 1959 1911 1976 1943; x_wconf 78' lang='grc' dir='ltr'><strong>ι</strong></span> <span class='ocrx_word' id='word_1_241' title='bbox 2024 1893 2188 1946; x_wconf 82' lang='lat' dir='ltr'><strong>etiam</strong></span> <span class='ocrx_word' id='word_1_242' title='bbox 2246 1895 2468 1962; x_wconf 69' lang='lat' dir='ltr'><strong>prazmia</strong></span> <span class='ocrx_word' id='word_1_243' title='bbox 2518 1894 2792 1950; x_wconf 89' lang='lat' dir='ltr'><strong>felicitatis</strong></span> <span class='ocrx_word' id='word_1_244' title='bbox 2839 1906 3058 1950; x_wconf 63' lang='lat' dir='ltr'><strong>acterna:</strong></span> <span class='ocrx_word' id='word_1_245' title='bbox 3108 1895 3426 1950; x_wconf 76' lang='lat' dir='ltr'><strong>titultimoda</strong></span> <span class='ocrx_word' id='word_1_246' title='bbox 3483 1894 3540 1948; x_wconf 91' lang='lat' dir='ltr'><strong>iu</strong></span> 
     </span>
    </p>
   </div>
   <div class='ocr_carea' id='block_1_37' title="bbox 1959 1984 3106 2056">
    <p class='ocr_par' dir='ltr' id='par_1_37' title="bbox 1959 1984 3106 2056">
     <span class='ocr_line' id='line_1_37' title="bbox 1959 1984 3106 2056; baseline 0.007 -22"><span class='ocrx_word' id='word_1_247' title='bbox 1959 2002 1980 2034; x_wconf 85' lang='grc'><strong><em>‹</em></strong></span> <span class='ocrx_word' id='word_1_248' title='bbox 2029 1984 2169 2040; x_wconf 75' lang='grc' dir='ltr'><strong>ρωΙο</strong></span> <span class='ocrx_word' id='word_1_249' title='bbox 2207 1986 2299 2040; x_wconf 91' lang='lat' dir='ltr'><strong>tibi</strong></span> <span class='ocrx_word' id='word_1_250' title='bbox 2332 1988 2565 2056; x_wconf 88' lang='lat' dir='ltr'><strong>reposita</strong></span> <span class='ocrx_word' id='word_1_251' title='bbox 2597 1988 3048 2056; x_wconf 87' lang='lat' dir='ltr'><strong>repromittimus.</strong></span> <span class='ocrx_word' id='word_1_252' title='bbox 3087 2008 3106 2042; x_wconf 76' lang='grc' dir='ltr'><strong>ι</strong></span> 
     </span>
    </p>
   </div>
   <div class='ocr_carea' id='block_1_38' title="bbox 271 2139 3532 2180">
    <p class='ocr_par' dir='ltr' id='par_1_38' title="bbox 271 2139 3532 2180">
     <span class='ocr_line' id='line_1_38' title="bbox 271 2139 3532 2180; baseline 0.001 -25"><span class='ocrx_word' id='word_1_253' title='bbox 271 2139 3532 2180; x_wconf 68' lang='lat'><strong>.._.___.__________________________________</strong></span> 
     </span>
    </p>
   </div>
   <div class='ocr_carea' id='block_1_39' title="bbox 1304 2271 2503 2399">
    <p class='ocr_par' dir='ltr' id='par_1_39' title="bbox 1304 2271 2503 2399">
     <span class='ocr_line' id='line_1_39' title="bbox 1304 2271 2503 2399; baseline 0.007 -37"><span class='ocrx_word' id='word_1_254' title='bbox 1304 2271 1814 2365; x_wconf 87' lang='lat' dir='ltr'><strong>NOTITIA</strong></span> <span class='ocrx_word' id='word_1_255' title='bbox 1877 2277 2503 2399; x_wconf 83' lang='lat' dir='ltr'><strong>BRUNONIS</strong></span> 
     </span>
    </p>
   </div>
   <div class='ocr_carea' id='block_1_40' title="bbox 959 2455 2863 2543">
    <p class='ocr_par' dir='ltr' id='par_1_40' title="bbox 959 2455 2863 2543">
     <span class='ocr_line' id='line_1_40' title="bbox 959 2455 2863 2543; baseline 0.004 -19"><span class='ocrx_word' id='word_1_256' title='bbox 959 2455 1267 2525; x_wconf 76' lang='lat' dir='ltr'><strong>EPISCOPI</strong></span> <span class='ocrx_word' id='word_1_257' title='bbox 1309 2469 1722 2538; x_wconf 83' lang='lat' dir='ltr'><strong>TULLENSIS,</strong></span> <span class='ocrx_word' id='word_1_258' title='bbox 1763 2470 2187 2529; x_wconf 73' lang='lat' dir='ltr'><strong>POSTMODUM</strong></span> <span class='ocrx_word' id='word_1_259' title='bbox 2229 2473 2475 2530; x_wconf 82' lang='lat' dir='ltr'><strong>LEONlS</strong></span> <span class='ocrx_word' id='word_1_260' title='bbox 2515 2476 2584 2531; x_wconf 80' lang='lat' dir='ltr'><strong>IX</strong></span> <span class='ocrx_word' id='word_1_261' title='bbox 2624 2474 2863 2543; x_wconf 59' lang='lat' dir='ltr'><strong>PAPIE,</strong></span> 
     </span>
    </p>
   </div>
   <div class='ocr_carea' id='block_1_41' title="bbox 1287 2605 2518 2686">
    <p class='ocr_par' dir='ltr' id='par_1_41' title="bbox 1287 2605 2518 2686">
     <span class='ocr_line' id='line_1_41' title="bbox 1287 2605 2518 2686; baseline 0.005 -22"><span class='ocrx_word' id='word_1_262' title='bbox 1287 2605 1376 2665; x_wconf 87' lang='lat' dir='ltr'><strong>De</strong></span> <span class='ocrx_word' id='word_1_263' title='bbox 1415 2606 1880 2667; x_wconf 77' lang='lat' dir='ltr'><strong>instauratione</strong></span> <span class='ocrx_word' id='word_1_264' title='bbox 1923 2606 2186 2668; x_wconf 73' lang='lat' dir='ltr'><strong>caenobii</strong></span> <span class='ocrx_word' id='word_1_265' title='bbox 2223 2609 2292 2668; x_wconf 88' lang='lat' dir='ltr'><strong>S.</strong></span> <span class='ocrx_word' id='word_1_266' title='bbox 2334 2608 2518 2686; x_wconf 83' lang='lat' dir='ltr'><strong>Apri.</strong></span> 
     </span>
    </p>
   </div>
   <div class='ocr_carea' id='block_1_42' title="bbox 1525 2744 2288 2828">
    <p class='ocr_par' dir='ltr' id='par_1_42' title="bbox 1525 2744 2288 2828">
     <span class='ocr_line' id='line_1_42' title="bbox 1525 2744 2288 2828; baseline 0 -19"><span class='ocrx_word' id='word_1_267' title='bbox 1525 2744 1727 2828; x_wconf 86' lang='lat' dir='ltr'><strong>(Circe</strong></span> <span class='ocrx_word' id='word_1_268' title='bbox 1780 2765 2022 2810; x_wconf 86' lang='lat' dir='ltr'><strong>annum</strong></span> <span class='ocrx_word' id='word_1_269' title='bbox 2084 2751 2288 2827; x_wconf 85' lang='lat'><strong>1030.)</strong></span> 
     </span>
    </p>
   </div>
   <div class='ocr_carea' id='block_1_43' title="bbox 851 2896 2895 2973">
    <p class='ocr_par' dir='ltr' id='par_1_43' title="bbox 851 2896 2895 2973">
     <span class='ocr_line' id='line_1_43' title="bbox 851 2896 2895 2973; baseline 0 -20"><span class='ocrx_word' id='word_1_270' title='bbox 851 2900 1027 2972; x_wconf 65' lang='lat' dir='ltr'><strong>(Apud</strong></span> <span class='ocrx_word' id='word_1_271' title='bbox 1071 2898 1276 2955; x_wconf 84' lang='lat' dir='ltr'><strong>Mabill.</strong></span> <span class='ocrx_word' id='word_1_272' title='bbox 1324 2897 1396 2953; x_wconf 83' lang='lat' dir='ltr'><strong>De</strong></span> <span class='ocrx_word' id='word_1_273' title='bbox 1425 2913 1479 2952; x_wconf 85' lang='lat' dir='ltr'><strong>re</strong></span> <span class='ocrx_word' id='word_1_274' title='bbox 1507 2896 1866 2968; x_wconf 83' lang='lat' dir='ltr'><strong>diplomatica,</strong></span> <span class='ocrx_word' id='word_1_275' title='bbox 1888 2897 1979 2951; x_wconf 90' lang='lat' dir='ltr'><strong>lib.</strong></span> <span class='ocrx_word' id='word_1_276' title='bbox 2011 2913 2086 2961; x_wconf 77' lang='lat' dir='ltr'><strong>vr,</strong></span> <span class='ocrx_word' id='word_1_277' title='bbox 2110 2915 2235 2970; x_wconf 81' lang='lat' dir='ltr'><strong>pag.</strong></span> <span class='ocrx_word' id='word_1_278' title='bbox 2257 2898 2385 2963; x_wconf 66' lang='lat'><strong>602,</strong></span> <span class='ocrx_word' id='word_1_279' title='bbox 2408 2915 2472 2954; x_wconf 78' lang='lat' dir='ltr'><strong>ex</strong></span> <span class='ocrx_word' id='word_1_280' title='bbox 2505 2902 2895 2973; x_wconf 77' lang='lat' dir='ltr'><strong>autographa.)</strong></span> 
     </span>
    </p>
   </div>
   <div class='ocr_carea' id='block_1_44' title="bbox 320 3111 3544 3188">
    <p class='ocr_par' dir='ltr' id='par_1_44' title="bbox 320 3111 3544 3188">
     <span class='ocr_line' id='line_1_44' title="bbox 320 3111 3544 3188; baseline -0.002 -8"><span class='ocrx_word' id='word_1_281' title='bbox 320 3125 378 3180; x_wconf 86' lang='lat' dir='ltr'><strong>lu</strong></span> <span class='ocrx_word' id='word_1_282' title='bbox 419 3121 644 3180; x_wconf 87' lang='lat' dir='ltr'><strong>nomine</strong></span> <span class='ocrx_word' id='word_1_283' title='bbox 690 3124 900 3187; x_wconf 75' lang='lat' dir='ltr'><strong>sancta:</strong></span> <span class='ocrx_word' id='word_1_284' title='bbox 946 3125 1002 3170; x_wconf 90' lang='lat' dir='ltr'><strong>et</strong></span> <span class='ocrx_word' id='word_1_285' title='bbox 1051 3113 1336 3169; x_wconf 70' lang='lat' dir='ltr'><strong>iudividuze</strong></span> <span class='ocrx_word' id='word_1_286' title='bbox 1381 3113 1706 3178; x_wconf 85' lang='lat' dir='ltr'><strong>Trinitatis,</strong></span> <span class='ocrx_word' id='word_1_287' title='bbox 1738 3112 1844 3168; x_wconf 88' lang='lat' dir='ltr'><strong>Pa-</strong></span> <span class='ocrx_word' id='word_1_288' title='bbox 1871 3122 1914 3184; x_wconf 70' lang='grc' dir='ltr'>ι]</span> <span class='ocrx_word' id='word_1_289' title='bbox 1947 3116 2157 3186; x_wconf 88' lang='lat' dir='ltr'><strong>piuare.</strong></span> <span class='ocrx_word' id='word_1_290' title='bbox 2214 3111 2366 3168; x_wconf 83' lang='lat' dir='ltr'><strong>Unde</strong></span> <span class='ocrx_word' id='word_1_291' title='bbox 2412 3114 2640 3187; x_wconf 84' lang='lat' dir='ltr'><strong>contigit</strong></span> <span class='ocrx_word' id='word_1_292' title='bbox 2694 3123 2752 3167; x_wconf 92' lang='lat' dir='ltr'><strong>ut</strong></span> <span class='ocrx_word' id='word_1_293' title='bbox 2787 3113 2968 3185; x_wconf 85' lang='lat' dir='ltr'><strong>plures</strong></span> <span class='ocrx_word' id='word_1_294' title='bbox 2991 3130 3179 3170; x_wconf 89' lang='lat' dir='ltr'><strong>eorum</strong></span> <span class='ocrx_word' id='word_1_295' title='bbox 3221 3129 3544 3188; x_wconf 68' lang='lat' dir='ltr'><strong>quaerentes</strong></span> 
     </span>
    </p>
   </div>
   <div class='ocr_carea' id='block_1_45' title="bbox 215 3189 1850 3276">
    <p class='ocr_par' dir='ltr' id='par_1_45' title="bbox 215 3189 1850 3276">
     <span class='ocr_line' id='line_1_45' title="bbox 215 3189 1850 3276; baseline -0.006 -10"><span class='ocrx_word' id='word_1_296' title='bbox 215 3189 217 3191; x_wconf 10' lang='lat'><strong><em>1</em></strong></span> <span class='ocrx_word' id='word_1_297' title='bbox 259 3217 378 3276; x_wconf 90' lang='lat' dir='ltr'><strong>Iris,</strong></span> <span class='ocrx_word' id='word_1_298' title='bbox 407 3222 461 3266; x_wconf 91' lang='lat' dir='ltr'><strong>ct</strong></span> <span class='ocrx_word' id='word_1_299' title='bbox 490 3210 644 3272; x_wconf 79' lang='lat' dir='ltr'><strong>Filii,</strong></span> <span class='ocrx_word' id='word_1_300' title='bbox 695 3216 746 3262; x_wconf 83' lang='lat' dir='ltr'><strong>et</strong></span> <span class='ocrx_word' id='word_1_301' title='bbox 792 3205 1029 3274; x_wconf 83' lang='lat' dir='ltr'><strong>Spiritus</strong></span> <span class='ocrx_word' id='word_1_302' title='bbox 1055 3205 1260 3266; x_wconf 90' lang='lat' dir='ltr'><strong>sancti,</strong></span> <span class='ocrx_word' id='word_1_303' title='bbox 1293 3219 1394 3274; x_wconf 85' lang='lat' dir='ltr'><strong>ego</strong></span> <span class='ocrx_word' id='word_1_304' title='bbox 1425 3203 1625 3268; x_wconf 86' lang='lat' dir='ltr'><strong>Bruno,</strong></span> <span class='ocrx_word' id='word_1_305' title='bbox 1673 3204 1850 3273; x_wconf 90' lang='lat' dir='ltr'><strong>gratia</strong></span> 
     </span>
    </p>
   </div>
   <div class='ocr_carea' id='block_1_46' title="bbox 259 3294 1848 3366">
    <p class='ocr_par' dir='ltr' id='par_1_46' title="bbox 259 3294 1848 3366">
     <span class='ocr_line' id='line_1_46' title="bbox 259 3294 1848 3366; baseline -0.005 -10"><span class='ocrx_word' id='word_1_306' title='bbox 259 3303 350 3358; x_wconf 87' lang='lat' dir='ltr'><strong>Dei</strong></span> <span class='ocrx_word' id='word_1_307' title='bbox 392 3301 740 3356; x_wconf 86' lang='lat' dir='ltr'><strong>Leuchorum</strong></span> <span class='ocrx_word' id='word_1_308' title='bbox 795 3295 1024 3366; x_wconf 83' lang='lat' dir='ltr'><strong>praesul,</strong></span> <span class='ocrx_word' id='word_1_309' title='bbox 1067 3294 1214 3349; x_wconf 88' lang='lat' dir='ltr'><strong>clero</strong></span> <span class='ocrx_word' id='word_1_310' title='bbox 1249 3302 1302 3347; x_wconf 91' lang='lat' dir='ltr'><strong>et</strong></span> <span class='ocrx_word' id='word_1_311' title='bbox 1331 3294 1528 3364; x_wconf 89' lang='lat' dir='ltr'><strong>populo</strong></span> <span class='ocrx_word' id='word_1_312' title='bbox 1559 3295 1848 3363; x_wconf 69' lang='lat' dir='ltr'><strong>praesenti,</strong></span> 
     </span>
    </p>
   </div>
   <div class='ocr_carea' id='block_1_47' title="bbox 259 3383 1850 3461">
    <p class='ocr_par' dir='ltr' id='par_1_47' title="bbox 259 3383 1850 3461">
     <span class='ocr_line' id='line_1_47' title="bbox 259 3383 1850 3461; baseline -0.005 -17"><span class='ocrx_word' id='word_1_313' title='bbox 259 3403 418 3461; x_wconf 86' lang='lat' dir='ltr'><strong>atque</strong></span> <span class='ocrx_word' id='word_1_314' title='bbox 441 3388 715 3444; x_wconf 89' lang='lat' dir='ltr'><strong>universis</strong></span> <span class='ocrx_word' id='word_1_315' title='bbox 757 3385 914 3454; x_wconf 85' lang='lat' dir='ltr'><strong>hujus</strong></span> <span class='ocrx_word' id='word_1_316' title='bbox 937 3384 1178 3440; x_wconf 78' lang='lat' dir='ltr'><strong>ecclesia:</strong></span> <span class='ocrx_word' id='word_1_317' title='bbox 1208 3383 1364 3449; x_wconf 92' lang='lat' dir='ltr'><strong>ﬁliis,</strong></span> <span class='ocrx_word' id='word_1_318' title='bbox 1408 3393 1516 3438; x_wconf 64' lang='lat' dir='ltr'><strong>tam</strong></span> <span class='ocrx_word' id='word_1_319' title='bbox 1545 3384 1850 3438; x_wconf 75' lang='lat' dir='ltr'><strong>viventibus</strong></span> 
     </span>
    </p>
   </div>
   <div class='ocr_carea' id='block_1_48' title="bbox 260 3479 891 3554">
    <p class='ocr_par' dir='ltr' id='par_1_48' title="bbox 260 3479 891 3554">
     <span class='ocr_line' id='line_1_48' title="bbox 260 3479 891 3554; baseline -0.011 -16"><span class='ocrx_word' id='word_1_320' title='bbox 260 3501 423 3554; x_wconf 84' lang='lat' dir='ltr'><strong>quam</strong></span> <span class='ocrx_word' id='word_1_321' title='bbox 452 3493 506 3536; x_wconf 92' lang='lat' dir='ltr'><strong>et</strong></span> <span class='ocrx_word' id='word_1_322' title='bbox 530 3479 891 3536; x_wconf 80' lang='lat' dir='ltr'><strong>successoris.</strong></span> 
     </span>
    </p>
   </div>
   <div class='ocr_carea' id='block_1_49' title="bbox 332 3567 1846 3643">
    <p class='ocr_par' dir='ltr' id='par_1_49' title="bbox 332 3567 1846 3643">
     <span class='ocr_line' id='line_1_49' title="bbox 332 3567 1846 3643; baseline -0.005 -14"><span class='ocrx_word' id='word_1_323' title='bbox 332 3575 516 3629; x_wconf 82' lang='lat' dir='ltr'><strong>Scitur</strong></span> <span class='ocrx_word' id='word_1_324' title='bbox 539 3589 571 3627; x_wconf 76' lang='grc' dir='ltr'>ει</span> <span class='ocrx_word' id='word_1_325' title='bbox 593 3571 840 3643; x_wconf 91' lang='lat' dir='ltr'><strong>pluribus</strong></span> <span class='ocrx_word' id='word_1_326' title='bbox 863 3569 1098 3640; x_wconf 87' lang='lat' dir='ltr'><strong>qualiter</strong></span> <span class='ocrx_word' id='word_1_327' title='bbox 1119 3579 1362 3637; x_wconf 90' lang='lat' dir='ltr'><strong>tempore</strong></span> <span class='ocrx_word' id='word_1_328' title='bbox 1384 3567 1566 3623; x_wconf 79' lang='grc' dir='ltr'>(Ιοιιιιιί</span> <span class='ocrx_word' id='word_1_329' title='bbox 1592 3568 1846 3635; x_wconf 82' lang='lat' dir='ltr'><strong>Bertuldi,</strong></span> 
     </span>
    </p>
   </div>
   <div class='ocr_carea' id='block_1_50' title="bbox 261 3661 1849 3735">
    <p class='ocr_par' dir='ltr' id='par_1_50' title="bbox 261 3661 1849 3735">
     <span class='ocr_line' id='line_1_50' title="bbox 261 3661 1849 3735; baseline -0.003 -14"><span class='ocrx_word' id='word_1_330' title='bbox 261 3666 421 3735; x_wconf 88' lang='lat' dir='ltr'><strong>hujus</strong></span> <span class='ocrx_word' id='word_1_331' title='bbox 460 3666 604 3722; x_wconf 88' lang='lat' dir='ltr'><strong>sedis</strong></span> <span class='ocrx_word' id='word_1_332' title='bbox 649 3664 960 3735; x_wconf 74' lang='lat' dir='ltr'><strong>pontiﬁcis,</strong></span> <span class='ocrx_word' id='word_1_333' title='bbox 1015 3679 1110 3730; x_wconf 87' lang='lat' dir='ltr'><strong>per</strong></span> <span class='ocrx_word' id='word_1_334' title='bbox 1158 3663 1410 3716; x_wconf 88' lang='lat' dir='ltr'><strong>domuum</strong></span> <span class='ocrx_word' id='word_1_335' title='bbox 1443 3664 1690 3716; x_wconf 84' lang='lat' dir='ltr'><strong>abbatem</strong></span> <span class='ocrx_word' id='word_1_336' title='bbox 1720 3661 1849 3717; x_wconf 83' lang='lat' dir='ltr'><strong>Wil-</strong></span> 
     </span>
    </p>
   </div>
   <div class='ocr_carea' id='block_1_51' title="bbox 263 3753 1849 3825">
    <p class='ocr_par' dir='ltr' id='par_1_51' title="bbox 263 3753 1849 3825">
     <span class='ocr_line' id='line_1_51' title="bbox 263 3753 1849 3825; baseline -0.001 -15"><span class='ocrx_word' id='word_1_337' title='bbox 263 3758 513 3818; x_wconf 83' lang='lat' dir='ltr'><strong>leltnutu,</strong></span> <span class='ocrx_word' id='word_1_338' title='bbox 563 3757 738 3812; x_wconf 88' lang='lat' dir='ltr'><strong>locum</strong></span> <span class='ocrx_word' id='word_1_339' title='bbox 777 3755 960 3811; x_wconf 84' lang='lat' dir='ltr'><strong>Sancti</strong></span> <span class='ocrx_word' id='word_1_340' title='bbox 996 3753 1123 3824; x_wconf 87' lang='lat' dir='ltr'><strong>Apri</strong></span> <span class='ocrx_word' id='word_1_341' title='bbox 1155 3755 1301 3809; x_wconf 88' lang='lat' dir='ltr'><strong>omni</strong></span> <span class='ocrx_word' id='word_1_342' title='bbox 1337 3755 1591 3825; x_wconf 81' lang='lat' dir='ltr'><strong>religione</strong></span> <span class='ocrx_word' id='word_1_343' title='bbox 1630 3756 1849 3809; x_wconf 80' lang='lat' dir='ltr'><strong>destitu-</strong></span> 
     </span>
    </p>
   </div>
   <div class='ocr_carea' id='block_1_52' title="bbox 262 3847 1848 3918">
    <p class='ocr_par' dir='ltr' id='par_1_52' title="bbox 262 3847 1848 3918">
     <span class='ocr_line' id='line_1_52' title="bbox 262 3847 1848 3918; baseline 0 -16"><span class='ocrx_word' id='word_1_344' title='bbox 262 3862 376 3902; x_wconf 89' lang='lat' dir='ltr'><strong>tum</strong></span> <span class='ocrx_word' id='word_1_345' title='bbox 424 3851 569 3904; x_wconf 88' lang='lat' dir='ltr'><strong>Deus</strong></span> <span class='ocrx_word' id='word_1_346' title='bbox 595 3849 950 3912; x_wconf 87' lang='lat' dir='ltr'><strong>visitaverat,</strong></span> <span class='ocrx_word' id='word_1_347' title='bbox 999 3862 1158 3916; x_wconf 88' lang='lat' dir='ltr'><strong>quem</strong></span> <span class='ocrx_word' id='word_1_348' title='bbox 1209 3847 1292 3900; x_wconf 80' lang='lat' dir='ltr'><strong>vix</strong></span> <span class='ocrx_word' id='word_1_349' title='bbox 1323 3848 1556 3902; x_wconf 89' lang='lat' dir='ltr'><strong>evictum</strong></span> <span class='ocrx_word' id='word_1_350' title='bbox 1599 3849 1848 3918; x_wconf 85' lang='lat' dir='ltr'><strong>precibus</strong></span> 
     </span>
    </p>
   </div>
   <div class='ocr_carea' id='block_1_53' title="bbox 262 3939 1850 4012">
    <p class='ocr_par' dir='ltr' id='par_1_53' title="bbox 262 3939 1850 4012">
     <span class='ocr_line' id='line_1_53' title="bbox 262 3939 1850 4012; baseline -0.001 -16"><span class='ocrx_word' id='word_1_351' title='bbox 262 3943 405 3996; x_wconf 88' lang='lat' dir='ltr'><strong>idem</strong></span> <span class='ocrx_word' id='word_1_352' title='bbox 437 3941 634 4012; x_wconf 74' lang='lat' dir='ltr'><strong>pra-sul</strong></span> <span class='ocrx_word' id='word_1_353' title='bbox 681 3940 962 3995; x_wconf 86' lang='lat' dir='ltr'><strong>Bertoldus</strong></span> <span class='ocrx_word' id='word_1_354' title='bbox 1007 3940 1230 3995; x_wconf 78' lang='lat' dir='ltr'><strong>adduxit</strong></span> <span class='ocrx_word' id='word_1_355' title='bbox 1275 3955 1303 3993; x_wconf 91' lang='lat' dir='ltr'><strong>a</strong></span> <span class='ocrx_word' id='word_1_356' title='bbox 1335 3939 1654 4011; x_wconf 67' lang='lat' dir='ltr'><strong>Burgundiae</strong></span> <span class='ocrx_word' id='word_1_357' title='bbox 1681 3942 1850 4011; x_wconf 88' lang='lat' dir='ltr'><strong>parti-</strong></span> 
     </span>
    </p>
   </div>
   <div class='ocr_carea' id='block_1_54' title="bbox 261 4031 1844 4102">
    <p class='ocr_par' dir='ltr' id='par_1_54' title="bbox 261 4031 1844 4102">
     <span class='ocr_line' id='line_1_54' title="bbox 261 4031 1844 4102; baseline 0 -14"><span class='ocrx_word' id='word_1_358' title='bbox 261 4034 401 4098; x_wconf 84' lang='lat' dir='ltr'><strong>bus,</strong></span> <span class='ocrx_word' id='word_1_359' title='bbox 460 4033 620 4102; x_wconf 84' lang='lat' dir='ltr'><strong>eique</strong></span> <span class='ocrx_word' id='word_1_360' title='bbox 669 4031 868 4087; x_wconf 89' lang='lat' dir='ltr'><strong>ibidem</strong></span> <span class='ocrx_word' id='word_1_361' title='bbox 920 4031 1240 4101; x_wconf 75' lang='lat' dir='ltr'><strong>regulariter</strong></span> <span class='ocrx_word' id='word_1_362' title='bbox 1283 4034 1522 4102; x_wconf 70' lang='lat' dir='ltr'><strong>prmfecit</strong></span> <span class='ocrx_word' id='word_1_363' title='bbox 1568 4033 1844 4090; x_wconf 80' lang='lat' dir='ltr'><strong>fratribus.</strong></span> 
     </span>
    </p>
   </div>
   <div class='ocr_carea' id='block_1_55' title="bbox 262 4122 1850 4193">
    <p class='ocr_par' dir='ltr' id='par_1_55' title="bbox 262 4122 1850 4193">
     <span class='ocr_line' id='line_1_55' title="bbox 262 4122 1850 4193; baseline 0 -15"><span class='ocrx_word' id='word_1_364' title='bbox 262 4123 371 4178; x_wconf 86' lang='lat' dir='ltr'><strong>Sed</strong></span> <span class='ocrx_word' id='word_1_365' title='bbox 419 4123 550 4193; x_wconf 86' lang='lat' dir='ltr'><strong>quia</strong></span> <span class='ocrx_word' id='word_1_366' title='bbox 607 4123 714 4178; x_wconf 69' lang='lat' dir='ltr'><strong>vita</strong></span> <span class='ocrx_word' id='word_1_367' title='bbox 766 4124 1106 4190; x_wconf 81' lang='lat' dir='ltr'><strong>monastica,</strong></span> <span class='ocrx_word' id='word_1_368' title='bbox 1157 4122 1284 4177; x_wconf 87' lang='lat' dir='ltr'><strong>dum</strong></span> <span class='ocrx_word' id='word_1_369' title='bbox 1327 4124 1605 4188; x_wconf 84' lang='lat' dir='ltr'><strong>nescitur,</strong></span> <span class='ocrx_word' id='word_1_370' title='bbox 1638 4125 1850 4179; x_wconf 75' lang='lat' dir='ltr'><strong>videtur</strong></span> 
     </span>
    </p>
   </div>
   <div class='ocr_carea' id='block_1_56' title="bbox 261 4215 1849 4285">
    <p class='ocr_par' dir='ltr' id='par_1_56' title="bbox 261 4215 1849 4285">
     <span class='ocr_line' id='line_1_56' title="bbox 261 4215 1849 4285; baseline 0 -17"><span class='ocrx_word' id='word_1_371' title='bbox 261 4215 415 4285; x_wconf 81' lang='lat' dir='ltr'><strong>quasi</strong></span> <span class='ocrx_word' id='word_1_372' title='bbox 443 4215 716 4269; x_wconf 86' lang='lat' dir='ltr'><strong>contraria</strong></span> <span class='ocrx_word' id='word_1_373' title='bbox 743 4232 758 4280; x_wconf 69' lang='grc' dir='ltr'>ε</span> <span class='ocrx_word' id='word_1_374' title='bbox 792 4229 916 4268; x_wconf 91' lang='lat' dir='ltr'><strong>cum</strong></span> <span class='ocrx_word' id='word_1_375' title='bbox 963 4216 1080 4271; x_wconf 88' lang='lat' dir='ltr'><strong>vice</strong></span> <span class='ocrx_word' id='word_1_376' title='bbox 1128 4225 1334 4270; x_wconf 88' lang='lat' dir='ltr'><strong>mutata</strong></span> <span class='ocrx_word' id='word_1_377' title='bbox 1359 4255 1374 4279; x_wconf 93' lang='lat'><strong>,</strong></span> <span class='ocrx_word' id='word_1_378' title='bbox 1403 4217 1647 4270; x_wconf 82' lang='lat' dir='ltr'><strong>viderent</strong></span> <span class='ocrx_word' id='word_1_379' title='bbox 1675 4224 1730 4270; x_wconf 90' lang='lat' dir='ltr'><strong>et</strong></span> <span class='ocrx_word' id='word_1_380' title='bbox 1755 4231 1849 4269; x_wconf 85' lang='lat' dir='ltr'><strong>au-</strong></span> 
     </span>
    </p>
   </div>
   <div class='ocr_carea' id='block_1_57' title="bbox 261 4305 1848 4369">
    <p class='ocr_par' dir='ltr' id='par_1_57' title="bbox 261 4305 1848 4369">
     <span class='ocr_line' id='line_1_57' title="bbox 261 4305 1848 4369; baseline 0.001 -10"><span class='ocrx_word' id='word_1_381' title='bbox 261 4307 446 4359; x_wconf 90' lang='lat' dir='ltr'><strong>dirent</strong></span> <span class='ocrx_word' id='word_1_382' title='bbox 474 4305 551 4360; x_wconf 86' lang='lat' dir='ltr'><strong>de</strong></span> <span class='ocrx_word' id='word_1_383' title='bbox 588 4306 782 4360; x_wconf 87' lang='lat' dir='ltr'><strong>ordine</strong></span> <span class='ocrx_word' id='word_1_384' title='bbox 828 4306 1214 4360; x_wconf 87' lang='lat' dir='ltr'><strong>monachorum</strong></span> <span class='ocrx_word' id='word_1_385' title='bbox 1254 4307 1506 4361; x_wconf 86' lang='lat' dir='ltr'><strong>inusitata</strong></span> <span class='ocrx_word' id='word_1_386' title='bbox 1535 4347 1548 4369; x_wconf 88' lang='lat'><strong>,</strong></span> <span class='ocrx_word' id='word_1_387' title='bbox 1595 4316 1651 4360; x_wconf 91' lang='lat' dir='ltr'><strong>et</strong></span> <span class='ocrx_word' id='word_1_388' title='bbox 1677 4307 1848 4363; x_wconf 82' lang='lat' dir='ltr'><strong>inter-</strong></span> 
     </span>
    </p>
   </div>
   <div class='ocr_carea' id='block_1_58' title="bbox 261 4395 1848 4465">
    <p class='ocr_par' dir='ltr' id='par_1_58' title="bbox 261 4395 1848 4465">
     <span class='ocr_line' id='line_1_58' title="bbox 261 4395 1848 4465; baseline 0.003 -16"><span class='ocrx_word' id='word_1_389' title='bbox 261 4396 535 4450; x_wconf 87' lang='lat' dir='ltr'><strong>diceretur</strong></span> <span class='ocrx_word' id='word_1_390' title='bbox 583 4395 889 4465; x_wconf 87' lang='lat' dir='ltr'><strong>quibusque</strong></span> <span class='ocrx_word' id='word_1_391' title='bbox 926 4395 1422 4451; x_wconf 82' lang='lat' dir='ltr'><strong>curiosisfratrum</strong></span> <span class='ocrx_word' id='word_1_392' title='bbox 1467 4396 1848 4464; x_wconf 85' lang='lat' dir='ltr'><strong>familiaritas,</strong></span> 
     </span>
    </p>
   </div>
   <div class='ocr_carea' id='block_1_59' title="bbox 1953 3205 3540 3276">
    <p class='ocr_par' dir='ltr' id='par_1_59' title="bbox 1953 3205 3540 3276">
     <span class='ocr_line' id='line_1_59' title="bbox 1953 3205 3540 3276; baseline 0.001 -13"><span class='ocrx_word' id='word_1_393' title='bbox 1953 3207 2264 3263; x_wconf 82' lang='lat' dir='ltr'><strong>societatem</strong></span> <span class='ocrx_word' id='word_1_394' title='bbox 2292 3206 2756 3275; x_wconf 88' lang='lat' dir='ltr'><strong>adipiscerentur,</strong></span> <span class='ocrx_word' id='word_1_395' title='bbox 2788 3205 3030 3276; x_wconf 89' lang='lat' dir='ltr'><strong>plerique</strong></span> <span class='ocrx_word' id='word_1_396' title='bbox 3073 3222 3203 3262; x_wconf 90' lang='lat' dir='ltr'><strong>vero</strong></span> <span class='ocrx_word' id='word_1_397' title='bbox 3222 3209 3390 3264; x_wconf 87' lang='lat' dir='ltr'><strong>etiam</strong></span> <span class='ocrx_word' id='word_1_398' title='bbox 3422 3226 3540 3265; x_wconf 85' lang='lat' dir='ltr'><strong>mo-</strong></span> 
     </span>
    </p>
   </div>
   <div class='ocr_carea' id='block_1_60' title="bbox 1952 3297 3540 3368">
    <p class='ocr_par' dir='ltr' id='par_1_60' title="bbox 1952 3297 3540 3368">
     <span class='ocr_line' id='line_1_60' title="bbox 1952 3297 3540 3368; baseline 0.003 -17"><span class='ocrx_word' id='word_1_399' title='bbox 1952 3297 2110 3354; x_wconf 90' lang='lat' dir='ltr'><strong>nachi</strong></span> <span class='ocrx_word' id='word_1_400' title='bbox 2159 3299 2500 3352; x_wconf 77' lang='lat' dir='ltr'><strong>edicerentur</strong></span> <span class='ocrx_word' id='word_1_401' title='bbox 2529 3315 2544 3354; x_wconf 76' lang='lat' dir='ltr'><strong><em>z</em></strong></span> <span class='ocrx_word' id='word_1_402' title='bbox 2571 3299 2757 3368; x_wconf 88' lang='lat' dir='ltr'><strong>sicque</strong></span> <span class='ocrx_word' id='word_1_403' title='bbox 2803 3308 3080 3354; x_wconf 89' lang='lat' dir='ltr'><strong>crescente</strong></span> <span class='ocrx_word' id='word_1_404' title='bbox 3113 3300 3346 3355; x_wconf 82' lang='lat' dir='ltr'><strong>fidelium</strong></span> <span class='ocrx_word' id='word_1_405' title='bbox 3375 3302 3540 3356; x_wconf 89' lang='lat' dir='ltr'><strong>devo-</strong></span> 
     </span>
    </p>
   </div>
   <div class='ocr_carea' id='block_1_61' title="bbox 1955 3387 3542 3458">
    <p class='ocr_par' dir='ltr' id='par_1_61' title="bbox 1955 3387 3542 3458">
     <span class='ocr_line' id='line_1_61' title="bbox 1955 3387 3542 3458; baseline 0.006 -19"><span class='ocrx_word' id='word_1_406' title='bbox 1955 3387 2101 3443; x_wconf 88' lang='lat' dir='ltr'><strong>tione</strong></span> <span class='ocrx_word' id='word_1_407' title='bbox 2152 3388 2315 3457; x_wconf 71' lang='lat' dir='ltr'><strong>cwpit</strong></span> <span class='ocrx_word' id='word_1_408' title='bbox 2358 3389 2647 3458; x_wconf 72' lang='lat' dir='ltr'><strong>smpefatlts</strong></span> <span class='ocrx_word' id='word_1_409' title='bbox 2699 3389 2969 3444; x_wconf 90' lang='lat' dir='ltr'><strong>sublevari</strong></span> <span class='ocrx_word' id='word_1_410' title='bbox 3025 3390 3175 3444; x_wconf 91' lang='lat' dir='ltr'><strong>locus</strong></span> <span class='ocrx_word' id='word_1_411' title='bbox 3223 3393 3542 3447; x_wconf 85' lang='lat' dir='ltr'><strong>donantium</strong></span> 
     </span>
    </p>
   </div>
   <div class='ocr_carea' id='block_1_62' title="bbox 1955 3477 3545 3550">
    <p class='ocr_par' dir='ltr' id='par_1_62' title="bbox 1955 3477 3545 3550">
     <span class='ocr_line' id='line_1_62' title="bbox 1955 3477 3545 3550; baseline 0.004 -18"><span class='ocrx_word' id='word_1_412' title='bbox 1955 3477 2226 3550; x_wconf 79' lang='lat' dir='ltr'><strong>largitate.</strong></span> <span class='ocrx_word' id='word_1_413' title='bbox 2262 3477 2394 3532; x_wconf 85' lang='lat' dir='ltr'><strong>Nam</strong></span> <span class='ocrx_word' id='word_1_414' title='bbox 2425 3479 2671 3548; x_wconf 82' lang='lat' dir='ltr'><strong>quisquis</strong></span> <span class='ocrx_word' id='word_1_415' title='bbox 2695 3479 2747 3533; x_wconf 89' lang='lat' dir='ltr'><strong>in</strong></span> <span class='ocrx_word' id='word_1_416' title='bbox 2800 3481 3116 3535; x_wconf 86' lang='lat' dir='ltr'><strong>societatem</strong></span> <span class='ocrx_word' id='word_1_417' title='bbox 3163 3480 3394 3537; x_wconf 83' lang='lat' dir='ltr'><strong>fratrum</strong></span> <span class='ocrx_word' id='word_1_418' title='bbox 3423 3499 3545 3539; x_wconf 88' lang='lat' dir='ltr'><strong>sese</strong></span> 
     </span>
    </p>
   </div>
   <div class='ocr_carea' id='block_1_63' title="bbox 1951 3570 3546 3646">
    <p class='ocr_par' dir='ltr' id='par_1_63' title="bbox 1951 3570 3546 3646">
     <span class='ocr_line' id='line_1_63' title="bbox 1951 3570 3546 3646; baseline 0.003 -21"><span class='ocrx_word' id='word_1_419' title='bbox 1951 3570 2233 3632; x_wconf 79' lang='lat' dir='ltr'><strong>offerebat,</strong></span> <span class='ocrx_word' id='word_1_420' title='bbox 2261 3571 2591 3640; x_wconf 82' lang='lat' dir='ltr'><strong>largiebatur</strong></span> <span class='ocrx_word' id='word_1_421' title='bbox 2612 3582 2946 3641; x_wconf 88' lang='lat' dir='ltr'><strong>spontaneus</strong></span> <span class='ocrx_word' id='word_1_422' title='bbox 2980 3574 3316 3641; x_wconf 89' lang='lat' dir='ltr'><strong>transitoria,</strong></span> <span class='ocrx_word' id='word_1_423' title='bbox 3340 3584 3398 3628; x_wconf 94' lang='lat' dir='ltr'><strong>ut</strong></span> <span class='ocrx_word' id='word_1_424' title='bbox 3421 3591 3546 3646; x_wconf 87' lang='lat' dir='ltr'><strong>par-</strong></span> 
     </span>
    </p>
   </div>
   <div class='ocr_carea' id='block_1_64' title="bbox 1952 3663 3540 3736">
    <p class='ocr_par' dir='ltr' id='par_1_64' title="bbox 1952 3663 3540 3736">
     <span class='ocr_line' id='line_1_64' title="bbox 1952 3663 3540 3736; baseline 0.003 -19"><span class='ocrx_word' id='word_1_425' title='bbox 1952 3664 2262 3735; x_wconf 88' lang='lat' dir='ltr'><strong>ticipatione</strong></span> <span class='ocrx_word' id='word_1_426' title='bbox 2297 3663 2404 3720; x_wconf 86' lang='lat' dir='ltr'><strong>Deo</strong></span> <span class='ocrx_word' id='word_1_427' title='bbox 2435 3665 2784 3719; x_wconf 88' lang='lat' dir='ltr'><strong>servientium</strong></span> <span class='ocrx_word' id='word_1_428' title='bbox 2822 3676 3126 3721; x_wconf 88' lang='lat' dir='ltr'><strong>mereretur</strong></span> <span class='ocrx_word' id='word_1_429' title='bbox 3159 3681 3540 3736; x_wconf 86' lang='lat' dir='ltr'><strong>permansura.</strong></span> 
     </span>
    </p>
   </div>
   <div class='ocr_carea' id='block_1_65' title="bbox 1951 3757 3546 3828">
    <p class='ocr_par' dir='ltr' id='par_1_65' title="bbox 1951 3757 3546 3828">
     <span class='ocr_line' id='line_1_65' title="bbox 1951 3757 3546 3828; baseline 0.002 -18"><span class='ocrx_word' id='word_1_430' title='bbox 1951 3757 2289 3827; x_wconf 87' lang='lat' dir='ltr'><strong>Quapropter</strong></span> <span class='ocrx_word' id='word_1_431' title='bbox 2332 3759 2393 3812; x_wconf 82' lang='lat' dir='ltr'><strong>.le</strong></span> <span class='ocrx_word' id='word_1_432' title='bbox 2434 3759 2686 3826; x_wconf 81' lang='lat' dir='ltr'><strong>expensis</strong></span> <span class='ocrx_word' id='word_1_433' title='bbox 2717 3774 2905 3812; x_wconf 90' lang='lat' dir='ltr'><strong>eorum</strong></span> <span class='ocrx_word' id='word_1_434' title='bbox 2935 3759 3176 3828; x_wconf 79' lang='lat' dir='ltr'><strong>aggressi</strong></span> <span class='ocrx_word' id='word_1_435' title='bbox 3202 3768 3328 3814; x_wconf 89' lang='lat' dir='ltr'><strong>sunt</strong></span> <span class='ocrx_word' id='word_1_436' title='bbox 3360 3761 3546 3814; x_wconf 87' lang='lat' dir='ltr'><strong>facere</strong></span> 
     </span>
    </p>
   </div>
   <div class='ocr_carea' id='block_1_66' title="bbox 1950 3846 3542 3919">
    <p class='ocr_par' dir='ltr' id='par_1_66' title="bbox 1950 3846 3542 3919">
     <span class='ocr_line' id='line_1_66' title="bbox 1950 3846 3542 3919; baseline -0.001 -16"><span class='ocrx_word' id='word_1_437' title='bbox 1950 3846 2268 3903; x_wconf 88' lang='lat' dir='ltr'><strong>memoriale</strong></span> <span class='ocrx_word' id='word_1_438' title='bbox 2342 3857 2643 3909; x_wconf 65' lang='lat' dir='ltr'><strong>aeternum,</strong></span> <span class='ocrx_word' id='word_1_439' title='bbox 2712 3855 2770 3901; x_wconf 92' lang='grc' dir='ltr'><strong>ιιι</strong></span> <span class='ocrx_word' id='word_1_440' title='bbox 2832 3847 3018 3901; x_wconf 88' lang='lat' dir='ltr'><strong>talium</strong></span> <span class='ocrx_word' id='word_1_441' title='bbox 3093 3847 3435 3919; x_wconf 86' lang='lat' dir='ltr'><strong>eleemosyna</strong></span> <span class='ocrx_word' id='word_1_442' title='bbox 3489 3849 3542 3901; x_wconf 89' lang='lat' dir='ltr'><strong>in</strong></span> 
     </span>
    </p>
   </div>
   <div class='ocr_carea' id='block_1_67' title="bbox 1951 3937 3546 4008">
    <p class='ocr_par' dir='ltr' id='par_1_67' title="bbox 1951 3937 3546 4008">
     <span class='ocr_line' id='line_1_67' title="bbox 1951 3937 3546 4008; baseline 0 -16"><span class='ocrx_word' id='word_1_443' title='bbox 1951 3947 2243 4008; x_wconf 83' lang='lat' dir='ltr'><strong>conspectu</strong></span> <span class='ocrx_word' id='word_1_444' title='bbox 2301 3937 2538 3992; x_wconf 90' lang='lat' dir='ltr'><strong>ﬁdelium</strong></span> <span class='ocrx_word' id='word_1_445' title='bbox 2585 3939 2934 4007; x_wconf 64' lang='lat' dir='ltr'><strong>praesentium</strong></span> <span class='ocrx_word' id='word_1_446' title='bbox 2972 3946 3028 3991; x_wconf 91' lang='lat' dir='ltr'><strong>et</strong></span> <span class='ocrx_word' id='word_1_447' title='bbox 3078 3937 3387 3992; x_wconf 87' lang='lat' dir='ltr'><strong>futurorum</strong></span> <span class='ocrx_word' id='word_1_448' title='bbox 3419 3953 3546 3993; x_wconf 83' lang='lat' dir='ltr'><strong>con-</strong></span> 
     </span>
    </p>
   </div>
   <div class='ocr_carea' id='block_1_68' title="bbox 1952 4028 3546 4105">
    <p class='ocr_par' dir='ltr' id='par_1_68' title="bbox 1952 4028 3546 4105">
     <span class='ocr_line' id='line_1_68' title="bbox 1952 4028 3546 4105; baseline -0.004 -19"><span class='ocrx_word' id='word_1_449' title='bbox 1952 4033 2140 4102; x_wconf 83' lang='lat' dir='ltr'><strong>Spicua</strong></span> <span class='ocrx_word' id='word_1_450' title='bbox 2162 4071 2176 4094; x_wconf 91' lang='lat'><strong>,</strong></span> <span class='ocrx_word' id='word_1_451' title='bbox 2208 4041 2262 4085; x_wconf 90' lang='lat' dir='ltr'><strong>et</strong></span> <span class='ocrx_word' id='word_1_452' title='bbox 2294 4031 2349 4085; x_wconf 93' lang='lat' dir='ltr'><strong>in</strong></span> <span class='ocrx_word' id='word_1_453' title='bbox 2373 4031 2475 4105; x_wconf 87' lang='lat' dir='ltr'><strong>hoc</strong></span> <span class='ocrx_word' id='word_1_454' title='bbox 2503 4028 2698 4084; x_wconf 73' lang='lat' dir='ltr'><strong>saeculo</strong></span> <span class='ocrx_word' id='word_1_455' title='bbox 2723 4029 2795 4083; x_wconf 85' lang='lat' dir='ltr'><strong>sit</strong></span> <span class='ocrx_word' id='word_1_456' title='bbox 2826 4029 2878 4081; x_wconf 91' lang='lat' dir='ltr'><strong>in</strong></span> <span class='ocrx_word' id='word_1_457' title='bbox 2913 4028 3306 4084; x_wconf 88' lang='lat' dir='ltr'><strong>benedictionis</strong></span> <span class='ocrx_word' id='word_1_458' title='bbox 3347 4044 3546 4082; x_wconf 85' lang='lat' dir='ltr'><strong>memo-</strong></span> 
     </span>
    </p>
   </div>
   <div class='ocr_carea' id='block_1_69' title="bbox 1954 4119 3542 4190">
    <p class='ocr_par' dir='ltr' id='par_1_69' title="bbox 1954 4119 3542 4190">
     <span class='ocr_line' id='line_1_69' title="bbox 1954 4119 3542 4190; baseline -0.002 -14"><span class='ocrx_word' id='word_1_459' title='bbox 1954 4123 2084 4176; x_wconf 88' lang='lat' dir='ltr'><strong>rialc</strong></span> <span class='ocrx_word' id='word_1_460' title='bbox 2123 4131 2248 4176; x_wconf 88' lang='lat' dir='ltr'><strong>ante</strong></span> <span class='ocrx_word' id='word_1_461' title='bbox 2269 4122 2436 4175; x_wconf 89' lang='lat' dir='ltr'><strong>Deum</strong></span> <span class='ocrx_word' id='word_1_462' title='bbox 2483 4122 2533 4174; x_wconf 91' lang='lat' dir='ltr'><strong>in</strong></span> <span class='ocrx_word' id='word_1_463' title='bbox 2567 4119 3004 4173; x_wconf 82' lang='lat' dir='ltr'><strong>remuneratione</strong></span> <span class='ocrx_word' id='word_1_464' title='bbox 3029 4128 3314 4190; x_wconf 89' lang='lat' dir='ltr'><strong>perpetua.</strong></span> <span class='ocrx_word' id='word_1_465' title='bbox 3354 4121 3542 4190; x_wconf 86' lang='lat' dir='ltr'><strong>Itaque</strong></span> 
     </span>
    </p>
   </div>
   <div class='ocr_carea' id='block_1_70' title="bbox 1953 4212 3546 4286">
    <p class='ocr_par' dir='ltr' id='par_1_70' title="bbox 1953 4212 3546 4286">
     <span class='ocr_line' id='line_1_70' title="bbox 1953 4212 3546 4286; baseline -0.003 -15"><span class='ocrx_word' id='word_1_466' title='bbox 1953 4216 2139 4271; x_wconf 89' lang='lat' dir='ltr'><strong>Sancti</strong></span> <span class='ocrx_word' id='word_1_467' title='bbox 2171 4216 2304 4286; x_wconf 86' lang='lat' dir='ltr'><strong>Apri</strong></span> <span class='ocrx_word' id='word_1_468' title='bbox 2348 4215 2630 4285; x_wconf 88' lang='lat' dir='ltr'><strong>antiquum</strong></span> <span class='ocrx_word' id='word_1_469' title='bbox 2675 4212 3062 4267; x_wconf 83' lang='lat' dir='ltr'><strong>monasterium</strong></span> <span class='ocrx_word' id='word_1_470' title='bbox 3103 4221 3370 4267; x_wconf 88' lang='lat' dir='ltr'><strong>vetustate</strong></span> <span class='ocrx_word' id='word_1_471' title='bbox 3407 4212 3546 4280; x_wconf 77' lang='lat' dir='ltr'><strong>laps~</strong></span> 
     </span>
    </p>
   </div>
   <div class='ocr_carea' id='block_1_71' title="bbox 1953 4303 3541 4374">
    <p class='ocr_par' dir='ltr' id='par_1_71' title="bbox 1953 4303 3541 4374">
     <span class='ocr_line' id='line_1_71' title="bbox 1953 4303 3541 4374; baseline -0.005 -12"><span class='ocrx_word' id='word_1_472' title='bbox 1953 4307 2224 4362; x_wconf 88' lang='lat' dir='ltr'><strong>abundum</strong></span> <span class='ocrx_word' id='word_1_473' title='bbox 2255 4348 2270 4372; x_wconf 94' lang='lat'><strong>,</strong></span> <span class='ocrx_word' id='word_1_474' title='bbox 2314 4305 2479 4360; x_wconf 90' lang='lat' dir='ltr'><strong>semel</strong></span> <span class='ocrx_word' id='word_1_475' title='bbox 2527 4313 2582 4358; x_wconf 90' lang='lat' dir='ltr'><strong>et</strong></span> <span class='ocrx_word' id='word_1_476' title='bbox 2623 4303 2706 4358; x_wconf 92' lang='lat' dir='ltr'><strong>bis</strong></span> <span class='ocrx_word' id='word_1_477' title='bbox 2748 4303 2877 4357; x_wconf 89' lang='lat' dir='ltr'><strong>olim</strong></span> <span class='ocrx_word' id='word_1_478' title='bbox 2921 4303 3042 4374; x_wconf 88' lang='lat' dir='ltr'><strong>igne</strong></span> <span class='ocrx_word' id='word_1_479' title='bbox 3091 4311 3499 4358; x_wconf 89' lang='lat' dir='ltr'><strong>concrematum</strong></span> <span class='ocrx_word' id='word_1_480' title='bbox 3525 4343 3541 4367; x_wconf 96' lang='lat'><strong>,</strong></span> 
     </span>
    </p>
   </div>
   <div class='ocr_carea' id='block_1_72' title="bbox 1955 4395 3546 4470">
    <p class='ocr_par' dir='ltr' id='par_1_72' title="bbox 1955 4395 3546 4470">
     <span class='ocr_line' id='line_1_72' title="bbox 1955 4395 3546 4470; baseline -0.003 -16"><span class='ocrx_word' id='word_1_481' title='bbox 1955 4401 2024 4455; x_wconf 90' lang='lat' dir='ltr'><strong>ab</strong></span> <span class='ocrx_word' id='word_1_482' title='bbox 2079 4400 2210 4470; x_wconf 90' lang='lat' dir='ltr'><strong>ipsis</strong></span> <span class='ocrx_word' id='word_1_483' title='bbox 2281 4396 2648 4454; x_wconf 84' lang='lat' dir='ltr'><strong>fundamentis</strong></span> <span class='ocrx_word' id='word_1_484' title='bbox 2720 4397 3089 4451; x_wconf 88' lang='lat' dir='ltr'><strong>renovandum</strong></span> <span class='ocrx_word' id='word_1_485' title='bbox 3145 4395 3546 4450; x_wconf 85' lang='lat' dir='ltr'><strong>constituerunt</strong></span> 
     </span>
    </p>
   </div>
   <div class='ocr_carea' id='block_1_73' title="bbox 261 4477 3548 4563">
    <p class='ocr_par' dir='ltr' id='par_1_73' title="bbox 261 4477 3548 4563">
     <span class='ocr_line' id='line_1_73' title="bbox 261 4477 3548 4563; baseline 0.001 -26"><span class='ocrx_word' id='word_1_486' title='bbox 261 4502 379 4557; x_wconf 76' lang='lat' dir='ltr'><strong>qua:</strong></span> <span class='ocrx_word' id='word_1_487' title='bbox 413 4487 615 4556; x_wconf 86' lang='lat' dir='ltr'><strong>passim</strong></span> <span class='ocrx_word' id='word_1_488' title='bbox 655 4488 808 4557; x_wconf 87' lang='lat' dir='ltr'><strong>prius</strong></span> <span class='ocrx_word' id='word_1_489' title='bbox 833 4488 1042 4543; x_wconf 89' lang='lat' dir='ltr'><strong>cunctis</strong></span> <span class='ocrx_word' id='word_1_490' title='bbox 1067 4491 1374 4544; x_wconf 88' lang='lat' dir='ltr'><strong>communis</strong></span> <span class='ocrx_word' id='word_1_491' title='bbox 1401 4500 1457 4545; x_wconf 92' lang='lat' dir='ltr'><strong>ct</strong></span> <span class='ocrx_word' id='word_1_492' title='bbox 1480 4491 1651 4546; x_wconf 76' lang='lat' dir='ltr'><strong>facilis</strong></span> <span class='ocrx_word' id='word_1_493' title='bbox 1676 4493 1847 4548; x_wconf 78' lang='lat' dir='ltr'><strong>cxsti-</strong></span> <span class='ocrx_word' id='word_1_494' title='bbox 1881 4477 1934 4538; x_wconf 76' lang='lat' dir='ltr'><strong><em>D</em></strong></span> <span class='ocrx_word' id='word_1_495' title='bbox 1957 4493 2167 4563; x_wconf 81' lang='lat' dir='ltr'><strong>erigere</strong></span> <span class='ocrx_word' id='word_1_496' title='bbox 2222 4493 2279 4548; x_wconf 91' lang='lat' dir='ltr'><strong>in</strong></span> <span class='ocrx_word' id='word_1_497' title='bbox 2337 4490 2692 4546; x_wconf 88' lang='lat' dir='ltr'><strong>domicilium.</strong></span> <span class='ocrx_word' id='word_1_498' title='bbox 2738 4488 2806 4544; x_wconf 88' lang='lat' dir='ltr'><strong>Et</strong></span> <span class='ocrx_word' id='word_1_499' title='bbox 2840 4497 2900 4544; x_wconf 88' lang='lat' dir='ltr'><strong>ut</strong></span> <span class='ocrx_word' id='word_1_500' title='bbox 2928 4487 3134 4544; x_wconf 88' lang='lat' dir='ltr'><strong>sciatur</strong></span> <span class='ocrx_word' id='word_1_501' title='bbox 3161 4488 3360 4556; x_wconf 89' lang='lat' dir='ltr'><strong>quibus</strong></span> <span class='ocrx_word' id='word_1_502' title='bbox 3387 4488 3548 4542; x_wconf 88' lang='lat' dir='ltr'><strong>bene-</strong></span> 
     </span>
    </p>
   </div>
   <div class='ocr_carea' id='block_1_74' title="bbox 263 4580 1849 4655">
    <p class='ocr_par' dir='ltr' id='par_1_74' title="bbox 263 4580 1849 4655">
     <span class='ocr_line' id='line_1_74' title="bbox 263 4580 1849 4655; baseline 0.004 -21"><span class='ocrx_word' id='word_1_503' title='bbox 263 4589 431 4646; x_wconf 81' lang='lat' dir='ltr'><strong>terat;</strong></span> <span class='ocrx_word' id='word_1_504' title='bbox 464 4581 548 4635; x_wconf 90' lang='lat' dir='ltr'><strong>his</strong></span> <span class='ocrx_word' id='word_1_505' title='bbox 575 4592 632 4635; x_wconf 90' lang='lat' dir='ltr'><strong>et</strong></span> <span class='ocrx_word' id='word_1_506' title='bbox 660 4580 786 4636; x_wconf 85' lang='lat' dir='ltr'><strong>aliis</strong></span> <span class='ocrx_word' id='word_1_507' title='bbox 831 4581 1208 4636; x_wconf 86' lang='lat' dir='ltr'><strong>occasionibus</strong></span> <span class='ocrx_word' id='word_1_508' title='bbox 1234 4585 1400 4652; x_wconf 77' lang='lat' dir='ltr'><strong>C(Bpil</strong></span> <span class='ocrx_word' id='word_1_509' title='bbox 1425 4586 1555 4639; x_wconf 85' lang='lat' dir='ltr'><strong>oriri</strong></span> <span class='ocrx_word' id='word_1_510' title='bbox 1577 4587 1849 4655; x_wconf 61' lang='lat' dir='ltr'><strong>querimo-</strong></span> 
     </span>
    </p>
   </div>
   <div class='ocr_carea' id='block_1_75' title="bbox 262 4672 1851 4748">
    <p class='ocr_par' dir='ltr' id='par_1_75' title="bbox 262 4672 1851 4748">
     <span class='ocr_line' id='line_1_75' title="bbox 262 4672 1851 4748; baseline 0.005 -24"><span class='ocrx_word' id='word_1_511' title='bbox 262 4673 350 4725; x_wconf 81' lang='lat' dir='ltr'><strong>nia</strong></span> <span class='ocrx_word' id='word_1_512' title='bbox 403 4681 594 4728; x_wconf 81' lang='lat' dir='ltr'><strong>contra</strong></span> <span class='ocrx_word' id='word_1_513' title='bbox 647 4672 870 4736; x_wconf 84' lang='lat' dir='ltr'><strong>locum,</strong></span> <span class='ocrx_word' id='word_1_514' title='bbox 905 4680 960 4726; x_wconf 88' lang='lat' dir='ltr'><strong>et</strong></span> <span class='ocrx_word' id='word_1_515' title='bbox 1009 4689 1131 4728; x_wconf 91' lang='lat' dir='ltr'><strong>cum</strong></span> <span class='ocrx_word' id='word_1_516' title='bbox 1167 4673 1534 4730; x_wconf 77' lang='lat' dir='ltr'><strong>diﬁamatione</strong></span> <span class='ocrx_word' id='word_1_517' title='bbox 1581 4677 1851 4748; x_wconf 77' lang='lat' dir='ltr'><strong>vitupera—</strong></span> 
     </span>
    </p>
   </div>
   <div class='ocr_carea' id='block_1_76' title="bbox 266 4766 1847 4838">
    <p class='ocr_par' dir='ltr' id='par_1_76' title="bbox 266 4766 1847 4838">
     <span class='ocr_line' id='line_1_76' title="bbox 266 4766 1847 4838; baseline 0.005 -20"><span class='ocrx_word' id='word_1_518' title='bbox 266 4766 428 4821; x_wconf 86' lang='lat' dir='ltr'><strong>tionis</strong></span> <span class='ocrx_word' id='word_1_519' title='bbox 466 4767 824 4834; x_wconf 84' lang='lat' dir='ltr'><strong>scandalum,</strong></span> <span class='ocrx_word' id='word_1_520' title='bbox 874 4775 927 4820; x_wconf 90' lang='grc' dir='ltr'><strong>ιιι</strong></span> <span class='ocrx_word' id='word_1_521' title='bbox 963 4769 1194 4836; x_wconf 83' lang='lat' dir='ltr'><strong>quidam</strong></span> <span class='ocrx_word' id='word_1_522' title='bbox 1246 4771 1462 4838; x_wconf 77' lang='lat' dir='ltr'><strong>sapiens</strong></span> <span class='ocrx_word' id='word_1_523' title='bbox 1505 4771 1574 4824; x_wconf 89' lang='lat' dir='ltr'><strong>ait</strong></span> <span class='ocrx_word' id='word_1_524' title='bbox 1613 4790 1624 4825; x_wconf 91' lang='lat'><strong>:</strong></span> <span class='ocrx_word' id='word_1_525' title='bbox 1663 4772 1847 4828; x_wconf 78' lang='lat' dir='ltr'><strong>Omnis</strong></span> 
     </span>
    </p>
   </div>
   <div class='ocr_carea' id='block_1_77' title="bbox 262 4857 1852 4932">
    <p class='ocr_par' dir='ltr' id='par_1_77' title="bbox 262 4857 1852 4932">
     <span class='ocr_line' id='line_1_77' title="bbox 262 4857 1852 4932; baseline 0.006 -23"><span class='ocrx_word' id='word_1_526' title='bbox 262 4857 435 4910; x_wconf 69' lang='lat' dir='ltr'><strong>arbita</strong></span> <span class='ocrx_word' id='word_1_527' title='bbox 453 4859 673 4912; x_wconf 72' lang='lat' dir='ltr'><strong>mutatio</strong></span> <span class='ocrx_word' id='word_1_528' title='bbox 691 4873 868 4912; x_wconf 79' lang='lat' dir='ltr'><strong>rerum</strong></span> <span class='ocrx_word' id='word_1_529' title='bbox 892 4874 994 4912; x_wconf 78' lang='lat' dir='ltr'><strong>non</strong></span> <span class='ocrx_word' id='word_1_530' title='bbox 1014 4859 1074 4927; x_wconf 83' lang='lat' dir='ltr'><strong>ﬁt</strong></span> <span class='ocrx_word' id='word_1_531' title='bbox 1096 4859 1446 4931; x_wconf 73' lang='lat' dir='ltr'><strong>sinequodam</strong></span> <span class='ocrx_word' id='word_1_532' title='bbox 1465 4865 1628 4932; x_wconf 79' lang='lat' dir='ltr'><strong>[luctu</strong></span> <span class='ocrx_word' id='word_1_533' title='bbox 1649 4866 1852 4919; x_wconf 82' lang='lat' dir='ltr'><strong>animo-</strong></span> 
     </span>
    </p>
   </div>
   <div class='ocr_carea' id='block_1_78' title="bbox 266 4949 1852 5015">
    <p class='ocr_par' dir='ltr' id='par_1_78' title="bbox 266 4949 1852 5015">
     <span class='ocr_line' id='line_1_78' title="bbox 266 4949 1852 5015; baseline 0.007 -13"><span class='ocrx_word' id='word_1_534' title='bbox 266 4966 401 5004; x_wconf 70' lang='lat' dir='ltr'><strong>rum.</strong></span> <span class='ocrx_word' id='word_1_535' title='bbox 439 4949 592 5008; x_wconf 85' lang='lat' dir='ltr'><strong>Unde</strong></span> <span class='ocrx_word' id='word_1_536' title='bbox 612 4950 820 5007; x_wconf 82' lang='lat' dir='ltr'><strong>factum</strong></span> <span class='ocrx_word' id='word_1_537' title='bbox 853 4963 935 5007; x_wconf 88' lang='lat' dir='ltr'><strong>est</strong></span> <span class='ocrx_word' id='word_1_538' title='bbox 963 4962 1020 5006; x_wconf 92' lang='lat' dir='ltr'><strong>ut</strong></span> <span class='ocrx_word' id='word_1_539' title='bbox 1043 4970 1072 5008; x_wconf 89' lang='lat' dir='ltr'><strong>a</strong></span> <span class='ocrx_word' id='word_1_540' title='bbox 1092 4955 1287 5009; x_wconf 86' lang='lat' dir='ltr'><strong>vicinis</strong></span> <span class='ocrx_word' id='word_1_541' title='bbox 1310 4958 1776 5013; x_wconf 87' lang='lat' dir='ltr'><strong>murmurantibus</strong></span> <span class='ocrx_word' id='word_1_542' title='bbox 1797 4969 1852 5015; x_wconf 90' lang='lat' dir='ltr'><strong>et</strong></span> 
     </span>
    </p>
   </div>
   <div class='ocr_carea' id='block_1_79' title="bbox 270 5045 1849 5116">
    <p class='ocr_par' dir='ltr' id='par_1_79' title="bbox 270 5045 1849 5116">
     <span class='ocr_line' id='line_1_79' title="bbox 270 5045 1849 5116; baseline 0.007 -19"><span class='ocrx_word' id='word_1_543' title='bbox 270 5045 712 5112; x_wconf 77' lang='lat' dir='ltr'><strong>detrahentilms,</strong></span> <span class='ocrx_word' id='word_1_544' title='bbox 767 5047 1268 5116; x_wconf 86' lang='lat' dir='ltr'><strong>blasphemantibus</strong></span> <span class='ocrx_word' id='word_1_545' title='bbox 1327 5061 1381 5107; x_wconf 90' lang='lat' dir='ltr'><strong>et</strong></span> <span class='ocrx_word' id='word_1_546' title='bbox 1433 5054 1849 5116; x_wconf 84' lang='lat' dir='ltr'><strong>accusantibus,</strong></span> 
     </span>
    </p>
   </div>
   <div class='ocr_carea' id='block_1_80' title="bbox 275 5135 1818 5162">
    <p class='ocr_par' dir='ltr' id='par_1_80' title="bbox 275 5135 1818 5162">
     <span class='ocr_line' id='line_1_80' title="bbox 275 5135 1818 5162; baseline 0 0"><span class='ocrx_word' id='word_1_547' title='bbox 275 5135 411 5162; x_wconf 59' lang='grc' dir='ltr'><strong>,Δί-ειη</strong></span> <span class='ocrx_word' id='word_1_548' title='bbox 453 5137 842 5162; x_wconf 53' lang='grc' dir='ltr'><strong>..λεια-.-ξολσληε</strong></span> <span class='ocrx_word' id='word_1_549' title='bbox 880 5137 964 5162; x_wconf 56' lang='grc' dir='ltr'><strong>λε..</strong></span> <span class='ocrx_word' id='word_1_550' title='bbox 999 5140 1287 5162; x_wconf 57' lang='grc' dir='ltr'><strong>ρ---.ί--οι...-Ι</strong></span> <span class='ocrx_word' id='word_1_551' title='bbox 1365 5158 1450 5162; x_wconf 42' lang='lat' dir='ltr'><strong>A,,-‘</strong></span> <span class='ocrx_word' id='word_1_552' title='bbox 1470 5158 1514 5162; x_wconf 49' lang='grc' dir='ltr'><strong>ρ-</strong></span> <span class='ocrx_word' id='word_1_553' title='bbox 1568 5157 1585 5162; x_wconf 53' lang='grc' dir='ltr'><strong><em>Α</em></strong></span> <span class='ocrx_word' id='word_1_554' title='bbox 1635 5143 1740 5162; x_wconf 35' lang='grc' dir='ltr'><strong>--κλι</strong></span> <span class='ocrx_word' id='word_1_555' title='bbox 1803 5159 1818 5162; x_wconf 77' lang='lat'><strong>-</strong></span> 
     </span>
    </p>
   </div>
   <div class='ocr_carea' id='block_1_81' title="bbox 1959 4582 3548 4652">
    <p class='ocr_par' dir='ltr' id='par_1_81' title="bbox 1959 4582 3548 4652">
     <span class='ocr_line' id='line_1_81' title="bbox 1959 4582 3548 4652; baseline -0.003 -11"><span class='ocrx_word' id='word_1_556' title='bbox 1959 4588 2256 4642; x_wconf 80' lang='lat' dir='ltr'><strong>factoribus</strong></span> <span class='ocrx_word' id='word_1_557' title='bbox 2305 4586 2677 4651; x_wconf 90' lang='lat' dir='ltr'><strong>construitur,</strong></span> <span class='ocrx_word' id='word_1_558' title='bbox 2731 4599 2922 4639; x_wconf 92' lang='lat' dir='ltr'><strong>eorum</strong></span> <span class='ocrx_word' id='word_1_559' title='bbox 2965 4582 3226 4639; x_wconf 85' lang='lat' dir='ltr'><strong>vocabula</strong></span> <span class='ocrx_word' id='word_1_560' title='bbox 3256 4582 3464 4652; x_wconf 90' lang='lat' dir='ltr'><strong>pariter</strong></span> <span class='ocrx_word' id='word_1_561' title='bbox 3491 4591 3548 4636; x_wconf 91' lang='lat' dir='ltr'><strong>et</strong></span> 
     </span>
    </p>
   </div>
   <div class='ocr_carea' id='block_1_82' title="bbox 1957 4679 3548 4756">
    <p class='ocr_par' dir='ltr' id='par_1_82' title="bbox 1957 4679 3548 4756">
     <span class='ocr_line' id='line_1_82' title="bbox 1957 4679 3548 4756; baseline -0.008 -15"><span class='ocrx_word' id='word_1_562' title='bbox 1957 4700 2226 4756; x_wconf 55' lang='lat' dir='ltr'><strong>expensas</strong></span> <span class='ocrx_word' id='word_1_563' title='bbox 2273 4685 2589 4738; x_wconf 89' lang='lat' dir='ltr'><strong>nominatim</strong></span> <span class='ocrx_word' id='word_1_564' title='bbox 2643 4681 2828 4738; x_wconf 85' lang='lat' dir='ltr'><strong>subter</strong></span> <span class='ocrx_word' id='word_1_565' title='bbox 2855 4683 3306 4753; x_wconf 81' lang='lat' dir='ltr'><strong>assignaverunt,</strong></span> <span class='ocrx_word' id='word_1_566' title='bbox 3355 4679 3548 4745; x_wconf 83' lang='lat' dir='ltr'><strong>suique</strong></span> 
     </span>
    </p>
   </div>
   <div class='ocr_carea' id='block_1_83' title="bbox 1959 4769 3545 4844">
    <p class='ocr_par' dir='ltr' id='par_1_83' title="bbox 1959 4769 3545 4844">
     <span class='ocr_line' id='line_1_83' title="bbox 1959 4769 3545 4844; baseline -0.005 -14"><span class='ocrx_word' id='word_1_567' title='bbox 1959 4777 2100 4844; x_wconf 90' lang='lat' dir='ltr'><strong>piam</strong></span> <span class='ocrx_word' id='word_1_568' title='bbox 2142 4776 2573 4830; x_wconf 88' lang='lat' dir='ltr'><strong>recordationem</strong></span> <span class='ocrx_word' id='word_1_569' title='bbox 2621 4773 2826 4844; x_wconf 88' lang='lat' dir='ltr'><strong>jugiter</strong></span> <span class='ocrx_word' id='word_1_570' title='bbox 2875 4773 3157 4828; x_wconf 88' lang='lat' dir='ltr'><strong>devotione</strong></span> <span class='ocrx_word' id='word_1_571' title='bbox 3201 4769 3545 4825; x_wconf 89' lang='lat' dir='ltr'><strong>recolendam</strong></span> 
     </span>
    </p>
   </div>
   <div class='ocr_carea' id='block_1_84' title="bbox 1959 4859 3548 4938">
    <p class='ocr_par' dir='ltr' id='par_1_84' title="bbox 1959 4859 3548 4938">
     <span class='ocr_line' id='line_1_84' title="bbox 1959 4859 3548 4938; baseline -0.006 -16"><span class='ocrx_word' id='word_1_572' title='bbox 1959 4868 2191 4938; x_wconf 86' lang='lat' dir='ltr'><strong>posteris</strong></span> <span class='ocrx_word' id='word_1_573' title='bbox 2219 4866 2571 4936; x_wconf 87' lang='lat' dir='ltr'><strong>reliquerunt.</strong></span> <span class='ocrx_word' id='word_1_574' title='bbox 2597 4863 2803 4918; x_wconf 78' lang='lat' dir='ltr'><strong>Exinde</strong></span> <span class='ocrx_word' id='word_1_575' title='bbox 2829 4862 3194 4933; x_wconf 83' lang='lat' dir='ltr'><strong>supplicamus</strong></span> <span class='ocrx_word' id='word_1_576' title='bbox 3237 4859 3396 4928; x_wconf 88' lang='lat' dir='ltr'><strong>hujus</strong></span> <span class='ocrx_word' id='word_1_577' title='bbox 3442 4873 3548 4914; x_wconf 76' lang='lat' dir='ltr'><strong>no~</strong></span> 
     </span>
    </p>
   </div>
   <div class='ocr_carea' id='block_1_85' title="bbox 1961 4950 3552 5022">
    <p class='ocr_par' dir='ltr' id='par_1_85' title="bbox 1961 4950 3552 5022">
     <span class='ocr_line' id='line_1_85' title="bbox 1961 4950 3552 5022; baseline -0.007 -7"><span class='ocrx_word' id='word_1_578' title='bbox 1961 4970 2087 5016; x_wconf 70' lang='lat' dir='ltr'><strong>strue</strong></span> <span class='ocrx_word' id='word_1_579' title='bbox 2114 4960 2258 5015; x_wconf 90' lang='lat' dir='ltr'><strong>sedis</strong></span> <span class='ocrx_word' id='word_1_580' title='bbox 2303 4971 2646 5014; x_wconf 84' lang='lat' dir='ltr'><strong>successores</strong></span> <span class='ocrx_word' id='word_1_581' title='bbox 2671 4953 2947 5008; x_wconf 86' lang='lat' dir='ltr'><strong>antistites</strong></span> <span class='ocrx_word' id='word_1_582' title='bbox 2978 4967 3066 5014; x_wconf 88' lang='lat' dir='ltr'><strong>ne,</strong></span> <span class='ocrx_word' id='word_1_583' title='bbox 3089 4950 3246 5018; x_wconf 75' lang='lat' dir='ltr'><strong>juxta</strong></span> <span class='ocrx_word' id='word_1_584' title='bbox 3279 4951 3552 5022; x_wconf 86' lang='lat' dir='ltr'><strong>magnitu-</strong></span> 
     </span>
    </p>
   </div>
   <div class='ocr_carea' id='block_1_86' title="bbox 1959 5041 3550 5106">
    <p class='ocr_par' dir='ltr' id='par_1_86' title="bbox 1959 5041 3550 5106">
     <span class='ocr_line' id='line_1_86' title="bbox 1959 5041 3550 5106; baseline -0.005 -1"><span class='ocrx_word' id='word_1_585' title='bbox 1959 5053 2140 5105; x_wconf 91' lang='lat' dir='ltr'><strong>dinem</strong></span> <span class='ocrx_word' id='word_1_586' title='bbox 2193 5058 2483 5105; x_wconf 70' lang='lat' dir='ltr'><strong>structurae</strong></span> <span class='ocrx_word' id='word_1_587' title='bbox 2527 5045 2813 5101; x_wconf 87' lang='lat' dir='ltr'><strong>facultates</strong></span> <span class='ocrx_word' id='word_1_588' title='bbox 2849 5045 2954 5100; x_wconf 91' lang='lat' dir='ltr'><strong>loci</strong></span> <span class='ocrx_word' id='word_1_589' title='bbox 2987 5043 3360 5106; x_wconf 69' lang='lat' dir='ltr'><strong>aestimantes,</strong></span> <span class='ocrx_word' id='word_1_590' title='bbox 3395 5041 3550 5097; x_wconf 85' lang='lat' dir='ltr'><strong>obliti</strong></span> 
     </span>
    </p>
   </div>
   <div class='ocr_carea' id='block_1_87' title="bbox 1959 5138 2662 5162">
    <p class='ocr_par' dir='ltr' id='par_1_87' title="bbox 1959 5138 2662 5162">
     <span class='ocr_line' id='line_1_87' title="bbox 1959 5138 2662 5162; baseline 0 0"><span class='ocrx_word' id='word_1_591' title='bbox 1959 5140 2298 5162; x_wconf 68' lang='lat' dir='ltr'><strong>_-.__._!n-n:-</strong></span> <span class='ocrx_word' id='word_1_592' title='bbox 2381 5140 2493 5162; x_wconf 62' lang='grc' dir='ltr'><strong>..1---ἳ</strong></span> <span class='ocrx_word' id='word_1_593' title='bbox 2538 5138 2662 5162; x_wconf 73' lang='grc' dir='ltr'><strong>η....ο</strong></span> 
     </span>
    </p>
   </div>
   <div class='ocr_carea' id='block_1_88' title="bbox 2697 5131 3548 5162">
    <p class='ocr_par' dir='ltr' id='par_1_88' title="bbox 2697 5131 3548 5162">
     <span class='ocr_line' id='line_1_88' title="bbox 2697 5131 3548 5162; baseline 0 0"><span class='ocrx_word' id='word_1_594' title='bbox 2697 5147 3047 5162; x_wconf 59' lang='grc' dir='ltr'><strong>ΛΑἈηΑηι-ιληιια</strong></span> <span class='ocrx_word' id='word_1_595' title='bbox 3118 5131 3179 5162; x_wconf 63' lang='lat' dir='ltr'><strong>p0</strong></span> <span class='ocrx_word' id='word_1_596' title='bbox 3213 5139 3270 5162; x_wconf 67' lang='grc' dir='ltr'>ιιθ</span> <span class='ocrx_word' id='word_1_597' title='bbox 3301 5148 3388 5162; x_wconf 52' lang='lat' dir='ltr'><strong>non.</strong></span> <span class='ocrx_word' id='word_1_598' title='bbox 3407 5132 3548 5162; x_wconf 63' lang='lat' dir='ltr'><strong>n--:.\|</strong></span> 
     </span>
    </p>
   </div>
  </div>
