4062 5352
535 298 640 375 sas

1550 320 1559 327 ’
1635 323 1692 381 S.
1746 323 1995 386 LEOle
2032 329 2102 385 ιχ
2140 330 2342 389 ΡΑΡΑΞ
2384 332 2767 393 OPUSCULA.
2868 336 2872 341 ’

3694 351 3797 408 58ι

534 436 614 490 las
656 431 762 489 diei
810 433 973 488 horas
1021 430 1291 490 habeatur
1315 432 1386 490 ibi
1405 475 1419 500 ,
1450 448 1480 489 a
1518 435 1744 492 fratrum
1777 436 1919 494 ﬁdeli
1952 439 2115 495 devo-
2142 445 2189 504 Λ
2289 442 2530 498 Domnus
2558 445 2726 499 abbas
2756 442 3055 516 Sigil‘rcdus
3081 420 3121 503 ιξ

527 529 674 585 tione
700 528 951 584 omnibus
978 525 1170 582 diebus
1210 527 1332 582 vita:
1360 542 1493 583 mea:
1527 528 1757 584 obtinui.

600 615 727 689 lucc
770 625 893 671 sunt
921 615 1138 671 nomina
1163 614 1692 688 eleemosynatorum
1736 633 1857 673 cum
1883 618 2115 674 elcemo-

524 707 676 780 synis
697 705 827 762 suis.

592 800 837 855 Domnus
865 798 1164 870 imperator
1211 797 1567 855 Chaonradus
1594 798 1761 856 libras
1799 817 1863 856 ιν
1892 810 1948 857 et
1994 802 2112 856 auri

523 890 713 946 uncias
742 904 816 945 Iv.

593 981 800 1037 Domua
828 980 1143 1052 impcratrix
1182 980 1349 1037 libras
1390 997 1452 1038 ut
1496 991 1548 1038 et
1577 983 1713 1040 duas
1743 985 1933 1040 uncias
1965 986 2107 1040 auri.

507 1074 515 1131 ἰ
596 1072 834 1127 Donmus
862 1072 1145 1143 episcopus
1174 1072 1452 1129 Mettensis
1475 1090 1533 1128 ιι.

509 1168 513 1174 '
591 1161 787 1217 Comes
818 1161 1108 1217 Leitfridus
1133 1179 1181 1218 vr
1202 1174 1255 1218 et
1279 1166 1464 1219 smnis.

593 1252 860 1309 Comtissa
909 1253 1174 1309 Alberatla
1217 1270 1234 1309 ι
1275 1263 1332 1309 et
1373 1256 1636 1310 cortinam
1667 1256 1926 1327 optimam
1956 1258 2110 1314 cubi-

521 1352 698 1398 torum
719 1360 864 1399 Lxxu
891 1385 907 1408 ,
934 1354 990 1401 et
1012 1359 1238 1401 annonae
1263 1347 1405 1401 mod.
1434 1362 1582 1402 cccc.

592 1434 812 1492 Ductrix
836 1436 1106 1494 Matbildis
1131 1439 1221 1494 lib.
1264 1455 1422 1494 unam
1451 1450 1508 1495 et
1526 1441 1712 1497 semis.

588 1527 874 1586 Heiuricus
905 1530 1214 1587 Advocatus
1233 1546 1288 1586 ν.

583 1618 772 1676 Filista
808 1619 1004 1689 conjux
1029 1622 1146 1692 ejus
1171 1638 1222 1676 v.

583 1709 738 1781 litigo
766 1713 832 1769 de
860 1713 1137 1769 Brisciaco
1158 1730 1242 1769 tu.

578 1803 852 1860 Wulricus
874 1803 1109 1861 Grossus
1135 1821 1190 1861 γ.

582 1894 867 1951 iiciuricus
914 1895 980 1951 de
1014 1894 1125 1951 Fau
1157 1912 1212 1951 ν.

579 1985 863 2041 Heiuricus
892 1988 958 2041 de
988 1987 1248 2044 Tussiaco
1271 2005 1324 2043 v.

579 2080 920 2152 liilsleburgis
942 2082 1007 2136 de
1035 2082 1201 2136 Barro
1232 2099 1283 2137 γ.

575 2172 689 2230 Oda
721 2174 788 2230 de
818 2175 1015 2229 domno
1047 2174 1278 2232 Martino
1310 2176 1498 2232 uncias
1526 2177 1644 2232 auri
1671 2194 1724 2232 tv
1750 2185 1806 2231 ct
1835 2179 2021 2234 semis.

576 2266 906 2323 Maiul‘redus
933 2268 1026 2323 lib.
1061 2285 1112 2321 v.
1954 2267 1960 2272 ”

574 2359 763 2414 Emma
790 2375 866 2415 γι.

572 2450 896 2507 Walderada
923 2467 977 2506 ν.

573 2538 884 2596 Mainhcrus
912 2542 980 2597 de
1000 2541 1200 2597 Calmis
1220 2559 1271 2595 ν.
1324 2558 1329 2563 ’

570 2628 894 2687 Lambertus
917 2633 1215 2687 canonicus
1238 2649 1293 2686 v.

568 2720 883 2790 lngobertus
910 2738 966 2779 v.

568 2808 808 2867 Domnus
838 2812 1002 2867 abbas
1026 2810 1328 2867 Richardus
1357 2829 1393 2866 ι.

569 2903 808 2958 Domnus
833 2903 1003 2959 abbas
1020 2902 1319 2960 Norbertus
1347 2919 1384 2957 I.

2292 532 2526 589 Domnus
2556 534 2720 590 abbas
2758 534 2940 606 Poppo
2968 553 3043 593 tv.

2284 621 2525 680 Domnus
2550 624 2718 680 abbas
2743 626 2957 682 munus
2986 644 3147 685 unam
3177 639 3233 686 et
3253 631 3435 690 semis.

2287 714 2529 770 Domnus
2555 716 2722 771 abbas
2753 717 3047 774 Herbertus
3070 735 3129 776 ιι.

2226 810 2233 813 ⁷
2287 806 2525 862 Domnus
2547 807 2853 864 Azccliinus
2882 825 3044 864 unam
3078 819 3130 865 et
3158 813 3324 870 semis
3352 825 3409 876 et
3428 833 3458 870 v
3488 815 3650 875 solii.

2283 898 2652 972 Eleemosynzc
2721 914 3127 958 Conversorum.
3204 904 3443 965 Domnus
3500 910 3798 970 lict-herum

2212 988 2553 1059 primic‘rius
2598 1007 2652 1044 v.
2690 992 2925 1048 Domnus
2973 993 3267 1052 llerbertus
3292 1000 3502 1057 archid.
3554 1018 3690 1059 xvm
3737 1014 3798 1060 et

2208 1095 2434 1150 cappam
2476 1097 2823 1153 purpuream.
2870 1085 3109 1142 Domnus
3153 1087 3444 1146 Gozelinus
3468 1108 3522 1147 v.
3553 1092 3796 1150 Domnus

2207 1171 2493 1229 Girbertus
2537 1189 2635 1230 xn.
2669 1176 2909 1232 Domnus
2950 1177 3204 1233 Albertus
3240 1197 3314 1236 rt.
3350 1183 3592 1240 Domnus
3618 1185 3796 1241 Theo-

2208 1264 2423 1321 dericus
2479 1282 2578 1321 vn.
2637 1268 2872 1322 Domnus
2920 1268 3227 1325 Goisl‘ridus
3283 1289 3444 1329 uuam
3496 1285 3554 1330 et
3606 1279 3789 1333 semis.

2209 1355 2446 1411 Domnus
2501 1358 2833 1415 Harwardus
2897 1376 2913 1416 ι
2961 1371 3011 1416 et
3058 1363 3251 1431 pallam
3310 1381 3495 1421 unam.
3549 1367 3794 1425 Domnus

2205 1445 2391 1501 Nudo
2422 1446 2612 1502 vincas
2638 1448 2704 1501 ad
2733 1465 2765 1503 χ
2793 1465 2937 1504 rarr.
2966 1452 3095 1504 vini.
3124 1452 3319 1508 Comes
3354 1454 3506 1510 Oddo
3533 1473 3567 1511 κ
3598 1458 3692 1512 lib.

2228 1540 2234 1545 ’
2278 1535 2385 1592 Nec
2410 1537 2605 1591 minori
2632 1538 2932 1607 gratiarum
2964 1543 3178 1598 actione
3221 1546 3689 1618 suscrpiuutquod
3712 1552 3792 1605 eis

2205 1627 2352 1681 cives
2391 1633 2448 1680 et
2487 1628 2783 1682 suburbani
2836 1630 3006 1684 nostri
3059 1630 3112 1685 in
3157 1648 3448 1702 carropera
3505 1634 3789 1703 fecerunt,

2203 1731 2325 1771 cum
2366 1732 2494 1772 saxa
2538 1718 2770 1788 ingentia
2820 1728 2875 1774 et
2907 1718 3113 1790 lapides
3158 1723 3379 1778 muralis
3416 1724 3627 1781 ordinis
3660 1729 3794 1784 totis

2129 1807 2174 1868 Β
2202 1807 2407 1863 viribus
2429 1848 2444 1873 ,
2473 1820 2769 1877 spontaneo
2813 1810 2934 1864 nisu
2979 1820 3034 1866 et
3069 1821 3318 1883 prompta
3349 1814 3628 1871 voluntate
3657 1833 3790 1872 eou-

2200 1909 2499 1964 vexerunt,
2549 1901 2842 1971 ruinasque
2885 1913 3127 1959 veterum
3159 1922 3435 1962 murorum
3470 1910 3637 1964 totius
3666 1926 3787 1964 mo-

2200 1989 2426 2044 nasterii
2470 1978 3147 2048 manibus.inundaverunt
3167 2035 3183 2060 ,
3208 1996 3515 2053 cervicibus
3536 2008 3789 2070 asporta-

2197 2088 2430 2145 \‘crunt,
2483 2080 2698 2150 quando
2747 2081 2974 2138 necdum
3022 2085 3317 2154 attigerant
3359 2086 3783 2156 incensionum,

2196 2173 2652 2242 deprzndatiouum
2682 2184 2737 2230 et
2778 2178 3138 2232 vastationum
3182 2179 3781 2240 inl'elirinfortunium.

2154 2268 2163 2275 ’
2198 2263 2263 2317 lit
2290 2266 2414 2334 quia
2462 2266 2780 2320 nominatim
2806 2283 2921 2322 eos
2961 2284 3068 2323 non
3118 2271 3261 2340 capit
3286 2287 3527 2341 prmsens
3553 2275 3784 2341 cbarta,

2156 2374 2166 2385 -
2196 2356 2374 2424 capiat
2406 2354 2526 2410 illos
2571 2358 2809 2412 caelestis
2851 2359 3000 2430 regni
3048 2361 3169 2414 aula
3192 2377 3291 2432 pro
3319 2377 3382 2418 ea
3415 2378 3579 2433 quam
3614 2366 3787 2420 aedili-

2134 2500 2141 2505 .
2194 2459 2458 2503 caverunt
2485 2448 2599 2505 Deo
2623 2459 2674 2504 et
2705 2460 2897 2506 sancto
2922 2451 3069 2521 Apro
3110 2455 3161 2507 in
3201 2456 3301 2509 bac
3326 2455 3542 2510 mortali
3572 2458 3707 2511 vita.

2266 2536 2531 2591 Praeterea
2563 2539 2652 2594 hic
2672 2543 3016 2597 annumerari
3047 2543 3265 2614 dignum
3291 2555 3376 2600 est
3399 2546 3520 2601 illos
3544 2565 3780 2618 quorum

2196 2627 2299 2683 fuit
2324 2629 2493 2685 multo
2539 2630 2712 2698 major
2740 2632 3108 2688 benevolentia
3140 2651 3302 2704 quam
3336 2640 3605 2707 potuisset
3656 2655 3782 2695 esse

2194 2720 2455 2789 largiendi
2484 2722 2732 2788 facultas,
2764 2725 2853 2793 qui
2884 2726 3085 2780 solidos
3133 2729 3372 2798 quinque
3395 2770 3412 2792 ,
3448 2743 3541 2784 aut
3564 2730 3779 2797 decem,

2156 2888 2161 2891 _
2190 2822 2283 2867 aut
2307 2814 2618 2883 quindecim
2637 2855 2653 2880 ,
2683 2824 2776 2870 aut
2804 2832 3054 2873 nummos
3082 2819 3365 2875 duodecim
3395 2820 3480 2876 vel
3505 2836 3601 2877 se:
3624 2862 3642 2889 ,
3681 2833 3780 2876 aut

2184 2903 2304 2974 plus
2336 2907 2579 2960 minusve
2605 2908 2967 2962 contulerunt.

574 3085 3703 3116 —-————__________._____.._____.______._____.______,

1259 3209 1933 3325 sane“
2055 3147 2706 3333 montis
2800 3211 3030 3325 Ix

1791 3435 2488 3528 DIPLOMATA

1199 3625 1375 3683 DATA
1417 3624 1562 3683 CUM
1598 3624 1836 3681 ADHUC
1874 3624 2252 3685 EPISCOPUS
2300 3625 2688 3685 TULLENSIS
2742 3628 3046 3687 AGERET.

1893 3809 2282 3825 *ιι-..ι

577 4031 779 4098 Bruno,
806 4046 1073 4102 episcopus
1104 4026 1362 4082 Tullensis
1386 4026 1611 4102 abbatire
1638 4024 1822 4081 Sancti
1853 4024 1983 4095 Apri

937 4097 1283 4170 possessiones
1311 4097 1616 4167 conﬁrmat.

844 4228 848 4233 -
1078 4192 1257 4261 (Anuo
1287 4189 1470 4260 1054.)

485 4281 642 4357 {Doni
664 4283 894 4348 Calmet,
925 4282 1153 4336 Histoire
1174 4291 1239 4335 de
1263 4278 1542 4347 Lorraine,
1566 4279 1829 4347 Preuves,
1851 4280 1893 4346 l,
1917 4279 2069 4353 Μελ]

554 4398 610 4452 In
643 4396 863 4452 nomine
888 4403 1089 4450 sanctae
1109 4402 1163 4449 et
1187 4394 1478 4449 individua:
1500 4393 1805 4459 Trinitatis,
1827 4395 2067 4449 omnium

479 4492 603 4556 quae
631 4484 932 4540 subsistunt
954 4482 1286 4538 :eterualiter
1315 4482 1598 4537 creatricis
1624 4493 1788 4551 atque
1817 4482 2067 4538 modera-

481 4574 655 4640 tricis,
703 4575 907 4641 Bruuo,
951 4583 1155 4629 sanctae
1198 4571 1473 4628 Tulleusis
1515 4573 1799 4638 Ecclesiae,
1850 4574 2070 4630 humilis

478 4668 757 4817 “ﬁcium
790 4760 1160 4831 dispositionis
1205 4759 1381 4830 gratia
1432 4759 1612 4829 agitur
1639 4758 2067 4828 quotiescunque

476 4857 694 4909 animus
735 4852 1157 4922 uniuscujusque
1200 4851 1270 4906 ad
1315 4852 1514 4905 bonum
1559 4851 1696 4907 velle
1745 4850 2062 4920 inspiratur,

478 4945 714 4999 maxime
759 4945 847 4999 ille
872 4945 963 5014 qui
1009 4943 1128 5015 plus
1170 4942 1382 4997 caeteris
1420 4941 1474 4996 in
1506 4943 1609 4997 hor.
1635 4942 1836 4997 tuundo
1862 4941 2064 5012 aliquid

477 5034 677 5091 habere
702 5038 964 5099 cernitur,
993 5051 1116 5092 cum
1162 5035 1411 5106 invigilat
1449 5044 1511 5089 ut
1536 5035 1603 5090 de
1639 5035 1803 5090 rebus
1832 5044 2062 5091 terrente

477 5126 862 5182 dominationis
903 5127 1001 5182 Dei
1045 5127 1334 5182 clementia
1371 5125 1472 5181 sibi
1503 5126 1854 5196 propitietur;
1901 5124 2061 5180 nobis

476 5221 660 5271 tamen
705 5219 1011 5284 pastoribus
1052 5216 1307 5273 Ecclesia!
1336 5217 1423 5288 pia
1461 5216 1767 5273 sollicitudo
1802 5216 2060 5272 indicitur

2101 3938 2149 4003 ρ
2177 3930 2320 4002 quod
2344 3930 2410 3986 ad
2437 3929 2611 3986 locum
2636 3929 2821 3986 Sancti
2850 3930 2981 4002 Apri
3003 3904 3372 3998 devenientes,
3396 3944 3454 3990 et
3474 3935 3768 3993 vicinalem

2178 4024 2570 4079 monachorum
2617 4023 3146 4079 administrationem
3185 4025 3273 4095 pie
3319 4027 3764 4096 considerantes,

2175 4117 2334 4173 nobis
2362 4117 2414 4171 iu
2444 4115 2612 4171 futuri
2640 4116 2981 4172 districtione
3013 4115 3202 4185 judicii
3240 4135 3346 4172 non
3391 4120 3603 4177 modice
3639 4138 3769 4191 pro-

2171 4209 2413 4264 futurum
2443 4222 2564 4264 esse
2600 4209 2875 4264 credimus
2904 4208 2951 4265 si
2981 4224 3044 4264 ea
3075 4225 3194 4279 qua:
3236 4211 3306 4265 ad
3347 4211 3606 4267 alimenta
3652 4212 3767 4268 fra-

2172 4317 2312 4362 trum
2347 4306 2458 4362 illic
2488 4307 2598 4361 Deo
2628 4304 2979 4361 servientium
3014 4305 3288 4376 pertinent
3318 4320 3670 4377 augeremus;
3702 4315 3764 4362 ut

2169 4414 2268 4469 per
2310 4399 2415 4454 hoc
2458 4406 2514 4452 et
2561 4394 2876 4451 memoriale
2924 4404 3170 4451 nostrum
3216 4396 3270 4450 in
3298 4411 3367 4452 eo
3410 4397 3529 4453 loco
3556 4399 3762 4454 certius

2169 4492 2513 4556 consisteret,
2543 4499 2599 4545 et
2645 4504 2927 4546 servorum
2975 4488 3067 4545 Dei
3116 4505 3217 4559 pro
3250 4490 3539 4560 adeptione
3564 4490 3763 4547 salutis

2169 4594 2368 4639 nostra?
2391 4582 2566 4637 oratio
2602 4581 2993 4650 perpetualiter
3025 4596 3132 4636 non
3158 4590 3422 4636 cessaret.
3454 4579 3625 4651 Huius
3652 4582 3757 4637 ita-

2166 4689 2272 4742 que
2318 4671 2616 4742 rei-gratia
2647 4671 2814 4733 ducti,
2855 4685 2919 4724 ac
2966 4680 3194 4740 paterna
3238 4669 3508 4724 sollicitati
3534 4684 3602 4724 ne
3628 4684 3755 4740 pcr-

2169 4761 2318 4824 moti,
2343 4760 2534 4816 altaria
2566 4760 2920 4816 ecclesiarum
2951 4775 3089 4831 quas
3120 4760 3396 4816 modernis
3422 4759 3754 4829 temporibus

2165 4854 2235 4908 ab
2284 4853 2529 4920 ingenuis
2578 4853 2910 4916 hominibus,
2961 4868 3055 4908 seu
3101 4868 3133 4908 a
3181 4853 3513 4922 quibuslibet
3558 4853 3751 4908 vicinis

2165 4946 2376 5001 naviter
2401 4945 2697 5015 acquisitas
2738 4945 3016 5015 possidere
3044 4946 3320 5011 videntur,
3361 4944 3590 5001 consilio
3619 4946 3751 4999 lide-

2162 5036 2294 5092 lium
2319 5044 2630 5092 nostrorum
2661 5050 2760 5105 per
2779 5035 3039 5107 synodale
3057 5035 3336 5092 decretum
3358 5037 3439 5092 eis
3461 5036 3744 5091 donatione

2164 5127 2318 5181 ﬁrma
2360 5126 2730 5193 concessimus
2769 5144 2785 5180 :
2825 5141 2891 5182 ea
2939 5125 3148 5182 scilicet
3195 5127 3491 5183 stabilitate
3528 5135 3585 5183 et
3627 5125 3741 5194 lege

2160 5230 2267 5285 qua
2294 5224 2490 5270 camera
2514 5214 2703 5270 altaria
2734 5215 2903 5271 totius
2925 5215 3158 5271 abbatis:
3189 5224 3479 5276 tenuerant
3514 5215 3583 5264 ab
3604 5214 3739 5268 anti~
