4062 5352
216 309 307 380 583

940 315 1328 373 DlPLOMATA
1368 317 1546 371 DATA
1589 314 1774 371 ANTE
1831 313 2238 371 SUSCEPTUM
2281 313 2446 369 ROM.
2488 313 2690 369 PONT.

3327 273 3432 373 ass

218 449 336 490 vero
358 446 474 504 qua!
501 431 606 486 illis
633 429 1171 495 enncessimus,~ha:c
1200 439 1356 493 sunt,
1387 429 1662 493 videlicet,
1699 429 1778 483 al-
1810 439 1852 497 Α
1883 445 1947 481 ex
1975 445 2124 482 more
2166 429 2442 499 pastorali,
2478 430 2645 484 nosui
2685 433 2997 500 parochiam
3037 433 3297 504 pontiﬁcii
3342 452 3458 504 pcr-

219 538 324 579 tarc
347 522 585 579 ecclesia:
614 523 667 576 iu
696 522 817 576 villa
844 537 961 590 qme
985 523 1180 575 dicitur
1209 521 1589 584 Vallis-Curia;
1615 520 1785 575 altare

217 613 448 671 ecclesia:
473 613 526 667 iu
568 611 692 666 villa
722 627 841 682 qua:
873 611 1070 666 dicitur
1100 611 1157 666 S.
1188 611 1442 666 Germani
1483 611 1781 675 Archadis;

216 705 373 760 altare
419 703 663 758 ecclesiae
715 703 766 756 in
821 702 1150 772 Saponaria;
1205 703 1379 755 altare
1425 701 1674 754 ecclesiae
1732 700 1784 754 in

218 791 638 859 lollenis-Villa;
666 793 835 846 altare
862 791 1104 846 ecclesiae
1127 793 1178 845 in
1206 791 1475 861 Claregio.
1510 789 1787 844 llabebant

218 889 364 942 etiam
399 885 681 938 dimidiam
721 884 1002 939 ecclesiam
1043 883 1094 936 iu
1130 883 1172 936 Τ
1177 880 1587 945 antonis-Villa,
1624 896 1785 951 quam

217 980 292 1033 vir
337 977 688 1032 recordabilis
732 976 1005 1030 memoriae
1038 975 1362 1039 Raiuardus,
1394 990 1461 1030 ex
1493 977 1690 1030 comite
1733 977 1787 1029 in

219 1068 458 1137 pmdicto
503 1065 835 1121 monasterio
881 1067 1176 1120 monachus
1223 1064 1428 1130 factus,
1475 1081 1596 1120 cum
1642 1066 1790 1119 omni

217 1162 531 1228 patrimonio
583 1157 727 1226 quod
784 1158 980 1211 ibidem
1031 1158 1372 1226 possederat,
1423 1157 1491 1211 ad
1543 1156 1793 1212 cmlestes

219 1250 488 1302 thesauros
536 1246 910 1311 transtulerat,
950 1248 1075 1301 dum
1115 1256 1360 1302 maneret
1399 1247 1452 1302 in
1485 1248 1624 1312 vita;
1667 1265 1791 1302 nam

219 1342 370 1395 altera
412 1341 637 1395 dimidia
670 1357 798 1411 pars
823 1341 890 1395 de
933 1340 1216 1410 prmbenda
1248 1340 1476 1396 fratrum
1506 1340 1794 1396 canonico-

219 1448 325 1484 rum
367 1429 530 1498 hujus
572 1433 716 1486 sedis
757 1441 895 1486 erat.
937 1432 1004 1485 Et
1047 1433 1170 1502 quia
1213 1433 1384 1486 altare
1427 1447 1532 1486 non
1583 1440 1795 1501 poterat

222 1522 365 1573 dividi
421 1523 542 1592 lege
575 1523 908 1592 supradicta,
952 1524 1272 1579 tradidimus
1307 1534 1594 1594 utrumque
1629 1529 1791 1579 dona.

223 1610 351 1664 tione
399 1613 700 1675 communi,
753 1623 1022 1682 quatenus
1073 1615 1140 1666 de
1191 1614 1291 1668 hac
1341 1615 1543 1684 pietate
1596 1601 1796 1668 fratres

219 1701 618 1768 prtesentialiter
646 1703 697 1755 in
733 1705 1046 1757 memoriam
1083 1705 1357 1768 reducant,
1397 1703 1658 1774 quantum
1696 1721 1793 1774 pro

1892 520 2317 585 :unlmlaremus,
2349 521 2577 592 contigit
2626 537 2726 577 nos
2774 525 2912 593 apud
2960 526 3314 581 Bertiniacant
3347 528 3461 582 cel—

1890 611 1998 665 lam
2031 612 2289 682 hospitari
2322 628 2443 666 cum
2498 612 2763 668 ﬁdelibus.
2816 615 2999 686 Itaque
3043 634 3106 672 eo
3143 618 3244 674 loci
3276 621 3444 674 domi-

1890 719 1991 758 nus
2017 703 2188 758 abbas
2220 704 2581 771 Diviouensis,
2639 705 2964 762 llalinardus
2995 711 3213 766 nomine
3249 712 3446 778 dictus,

1890 793 2044 862 cujus
2077 796 2210 850 cella
2240 795 2326 848 illa
2353 795 2630 861 intererat,
2654 799 2963 868 pariterque
3007 799 3236 856 donmus
3263 803 3453 864 abbas.

1892 880 2181 938 Vnidricus
2223 893 2431 946 noster,
2467 884 2534 939 de
2588 888 2838 942 coenobio
2889 890 3065 946 sancti
3121 890 3272 959 Apri,
3301 894 3462 947 ambo

1887 975 2302 1030 conversatione
2351 975 2668 1042 laudabiles,
2710 993 3014 1034 convenere
3053 982 3224 1048 gratia
3269 983 3462 1036 nostri.

1893 1063 2063 1119 Porro
2091 1065 2241 1122 locus
2271 1067 2357 1122 ille
2383 1068 2514 1121 satis
2533 1068 2813 1139 eleganter
2845 1071 2938 1126 Dei
2989 1071 3216 1126 servitio
3243 1073 3467 1127 exstite-

1900 1166 1984 1211 rat
2010 1167 2355 1213 constructus
2370 1168 2423 1212 et
2446 1161 2800 1217 dedicationis
2824 1163 3200 1219 benedictione
3224 1165 3464 1220 nondum

1896 1252 2156 1316 munitus,
2182 1262 2256 1317 et,
2282 1254 2425 1323 quod
2468 1255 2622 1308 nobis
2653 1257 2881 1325 gratius,
2930 1257 3266 1327 disciplinate
3297 1275 3327 1312 a
3355 1275 3471 1312 tuo-

1898 1341 2086 1394 nachis
2109 1342 2376 1411 religiosis
2424 1343 2778 1398 iucolebatur.
2817 1345 2983 1416 Igitur
3008 1346 3218 1415 praefati
3239 1348 3464 1402 abbates

1895 1431 2170 1498 petierunt
2226 1431 2356 1484 illud
2417 1447 2515 1486 nos
2564 1433 2814 1487 dedicare
2876 1435 3198 1500 oratorium,
3279 1445 3468 1506 utpote

1895 1519 2179 1574 ecclesiam
2232 1529 2438 1575 nostra:
2496 1521 2746 1577 diu'cesis
2791 1533 2842 1576 et
2881 1525 3173 1592 regiminis.
3226 1526 3466 1592 Quorum

1897 1613 2180 1664 annuendo
2217 1612 2360 1680 preci
2401 1611 2732 1682 explevimus
2752 1614 2892 1683 quod
2917 1621 3084 1670 nostri
3114 1627 3230 1669 erat
3283 1616 3466 1671 otlicii.

1898 1699 2174 1756 Ordinatis
2209 1718 2340 1756 vero
2396 1701 2462 1756 de
2514 1703 2709 1771 quibus
2775 1704 3252 1773 inlerpellabamur
3309 1707 3470 1761 rebus

221 1794 344 1850 bona
372 1797 652 1852 voluntate
683 1797 1038 1866 omnipotenti
1085 1798 1192 1851 Deo
1219 1812 1317 1865 pro
1347 1797 1500 1852 nobis
1529 1797 1794 1852 instanter
1828 1797 1872 1856 Β
1897 1791 2170 1855 omnibus,
2219 1791 2470 1846 consultu
2518 1793 2752 1847 ﬁdelium
2805 1797 3126 1850 commorati
3186 1811 3374 1850 sumus
3409 1807 3469 1852 ut

221 1885 505 1955 supplicare
537 1887 790 1941 debeant.
833 1887 1074 1942 Petimus
1101 1887 1332 1957 denique
1365 1895 1420 1942 et
1445 1888 1794 1942 obsecrantes

223 1979 566 2047 deprecamur
590 1993 964 2034 successorum
996 1989 1298 2034 nostrorum
1327 1988 1606 2048 paternam
1631 1980 1796 2033 benc-

223 2072 530 2138 rolentiam,
580 2082 638 2127 ut
686 2074 797 2127 lucc
846 2081 1044 2126 nostra
1093 2071 1361 2142 largitatis
1405 2072 1605 2126 oblatio
1643 2072 1796 2126 ﬁrma

223 2165 469 2218 habeatur
511 2175 570 2219 et
601 2175 742 2228 rata,
773 2165 931 2220 sicuti
960 2174 1017 2219 et
1059 2165 1160 2236 ipsi
1192 2179 1535 2234 quoquesua
1581 2169 1798 2218 decreta

225 2259 558 2312 constitutnri
584 2269 710 2313 sunt
731 2275 948 2314 servare
972 2260 1280 2328 perenniter
1303 2259 1534 2325 illibata,
1565 2261 1797 2316 scientes

229 2349 593 2414 proculdubio
620 2363 678 2403 se
719 2349 792 2403 ita
838 2364 936 2418 pro
982 2353 1117 2403 bona
1145 2357 1419 2405 voluntate
1447 2365 1799 2405 remuneran-

227 2437 327 2499 dos,
353 2439 504 2492 sicuti
544 2454 641 2508 pro
667 2439 975 2493 temeritate
1001 2454 1186 2494 eorum
1217 2455 1337 2509 quae
1371 2456 1468 2510 pro
1497 2447 1800 2496 animarum

228 2527 446 2580 remedio
478 2528 779 2581 constituta
811 2536 959 2591 sunt,
987 2526 1054 2581 ab
1088 2535 1312 2582 auctore
1359 2529 1540 2583 mundi
1584 2529 1802 2598 gravius

225 2617 530 2683 puniendos.
580 2617 649 2672 Ut
691 2627 871 2672 autem
914 2617 1031 2672 ιδπεο
1077 2628 1276 2672 uostrte
1329 2618 1638 2673 traditionis
1683 2637 1802 2675 con-

226 2709 383 2762 cessio
413 2710 464 2763 iu
497 2709 700 2764 futuris
732 2701 1062 2779 temporibus
1088 2711 1293 2764 firmior
1315 2710 1579 2766 habeatur
1600 2728 1662 2766 ac
1687 2728 1805 2780 per-

224 2787 695 2865 petualiter’illzesa
719 2809 1096 2862 conservetur,
1120 2815 1277 2854 manu
1301 2801 1542 2854 omnium
1569 2801 1804 2856 ﬁdelium

229 2897 520 2941 nostrorum
566 2903 690 2942 eam
729 2887 1070 2941 corroborari
1102 2887 1346 2952 fecimus,
1375 2897 1429 2943 et
1465 2889 1806 2944 auctoritatis

230 2989 413 3031 nostra:
451 2979 628 3049 gratia
669 2979 870 3034 durare
912 2994 1007 3048 per
1050 2979 1397 3035 succedentia
1443 2989 1686 3050 tempora
1721 2981 1807 3036 de-

230 3081 506 3121 (Cl'llllllllS.

1899 1892 2144 1936 sanctum
2191 1884 2394 1938 Christi
2438 1895 2729 1955 martyrem
2767 1884 3082 1956 Bcnigttum,
3106 1886 3259 1955 cujus
3280 1888 3469 1944 honori

1905 1971 2054 2024 illum
2085 1975 2421 2027 sacravimus
2473 1974 2676 2038 locum,
2703 1977 2892 2044 quavis
2923 1978 3213 2034 donatione
3255 1990 3473 2035 susten-

1903 2072 2141 2118 taremus
2170 2073 2442 2133 quatenus
2470 2081 2566 2134 per
2599 2067 2700 2120 hoc
2735 2067 3074 2122 stabiliretut:
3112 2069 3244 2124 inibi
3276 2085 3476 2128 memo-

1903 2159 2034 2211 riale
2087 2159 2288 2224 nostri,
2339 2169 2394 2213 et
2443 2160 2548 2214 vivi
2594 2170 2650 2214 ct
2689 2161 2952 2216 defuncti.
3002 2163 3102 2218 Diu
3145 2180 3278 2236 ergo
3311 2180 3477 2235 super

1903 2251 1987 2305 his
2041 2252 2432 2308 meditantibus
2481 2270 2580 2309 nec
2627 2255 2694 2310 ad
2727 2271 2922 2312 manus
2959 2257 3099 2326 quod
3140 2259 3257 2313 dari
3299 2269 3481 2330 posset

1900 2341 2112 2396 celebre
2158 2343 2481 2398 habentibus
2533 2358 2840 2417 suggestum
2897 2357 2980 2403 est
3019 2348 3212 2404 altaria
3243 2350 3310 2404 de
3339 2351 3476 2405 dua-

1904 2432 2003 2486 bus
2033 2431 2300 2497 ecclesiis,
2330 2448 2451 2500 qua:
2475 2445 2631 2488 erant
2659 2437 2832 2490 sancti
2861 2435 3025 2502 illius,
3052 2439 3152 2493 sub
3183 2447 3369 2494 nostra
3399 2440 3480 2494 di-

1903 2521 2048 2577 tione
2088 2526 2326 2593 pendere
2357 2524 2582 2596 darique
2619 2527 2879 2596 possibile
2926 2539 3112 2585 nostro
3156 2531 3478 2588 consisteret

1901 2613 2057 2667 velle.

1976 2702 2081 2756 Sed
2131 2703 2256 2771 quia
2294 2718 2380 2758 res
2407 2706 2720 2776 perSpicuas
2768 2722 2908 2777 saepe
2931 2710 3194 2780 contingit
3237 2712 3470 2780 quadam

1904 2792 2194 2848 dubietatis
2243 2794 2473 2865 caligine
2504 2796 2773 2865 impediri,
2821 2801 3146 2854 verebamur
3192 2817 3260 2855 ne
3310 2801 3481 2864 illata,

1906 2885 2084 2940 subita
2132 2896 2188 2940 et
2225 2887 2529 2943 indiscussa
2578 2890 2798 2946 donatio
2831 2894 3177 2949 contraheret
3207 2894 3258 2948 in
3301 2907 3484 2966 poste-

1906 2991 2027 3030 rum
2049 2975 2254 3046 aliquid
2279 2979 2487 3034 sinistri
2517 2988 2571 3034 et
2599 2995 2666 3035 ne
2701 2981 2854 3036 ﬁeret
2877 2986 3200 3055 quandoque
3236 2988 3482 3047 semina-

1909 3067 2049 3120 rium
2086 3067 2324 3141 scandali
2350 3084 2364 3132 ;
2395 3069 2488 3123 sed
2518 3071 2778 3139 quoniam
2803 3072 2938 3144 legis
2961 3077 3213 3145 praesidio
3239 3088 3293 3132 et
3315 3081 3484 3149 :rqui-

297 3157 400 3225 Ego
429 3157 619 3213 Bruno
648 3158 904 3230 indignus
931 3157 1213 3230 episcopus
1253 3173 1412 3213 manu
1443 3159 1656 3230 propria
1688 3160 1807 3216 sub-
1834 3153 1878 3214 C
1913 3168 2037 3217 tatis
2089 3162 2244 3217 lance
2285 3163 2336 3216 id
2371 3162 2552 3219 facere
2593 3165 2946 3234 conabamur,
2996 3172 3212 3226 statutis
3255 3173 3486 3229 induciis

233 3262 430 3316 Scripsn

299 3336 515 3404 Signum
547 3335 768 3391 Gibuini
800 3336 1118 3407 primicerii.

293 3423 511 3494 Signum
547 3425 790 3481 Dudonis
819 3423 1172 3483 Virdunensis
1196 3427 1487 3498 primicerii

297 3512 512 3583 Signum
547 3515 788 3571 Ulderici
819 3517 1029 3573 archid.

294 3601 506 3672 Signum
544 3606 799 3676 Ebydrici
832 3607 1042 3683 archid.

298 3691 507 3763 Signum
542 3698 672 3751 item
703 3696 936 3753 Udelrici
966 3699 1154 3755 archid

297 3778 513 3850 Signum
546 3783 826 3840 Lamberti
855 3786 1062 3842 archid.

297 3870 509 3940 Signum
541 3873 822 3929 Beuzeliui
851 3877 1056 3931 archid.

297 3958 508 4031 Signum
539 3963 816 4020 Geberoui
847 3968 1054 4022 archid.

301 4048 515 4120 Signum
549 4055 831 4110 Lanzelini
865 4059 1072 4112 archid.

304 4141 426 4194 Data
450 4160 585 4199 ιιι-ιιι
613 4146 730 4199 Kal.
755 4145 908 4213 Julii,
935 4165 1078 4205 anno
1106 4151 1175 4205 ab
1202 4153 1576 4209 incarnatione
1604 4155 1815 4210 Domini

241 4229 362 4285 1034
382 4274 393 4296 ,
425 4235 723 4292 indictione
763 4256 798 4293 ll
819 4281 833 4302 ,
873 4258 1013 4294 almo
1039 4259 1169 4298 vero
1199 4245 1380 4298 donmi
1410 4245 1640 4300 Conradi
1675 4246 1817 4316 regis

243 4336 293 4385 ι,
317 4323 523 4394 imperii
551 4343 714 4393 nono,
739 4331 933 4401 pontii.
962 4349 1174 4404 quoque
1198 4335 1377 4390 domui
1406 4335 1674 4391 Brunonis
1698 4353 1814 4403 vut,

241 4415 425 4469 comite
451 4415 733 4472 Rainardo
755 4419 994 4488 jnnionc.

305 4504 406 4575 Ego
437 4508 746 4566 Harduiuus
782 4514 1036 4570 sacerdos
1064 4526 1119 4569 et
1150 4531 1295 4569 mon.
1320 4517 1473 4586 jussu
1505 4518 1684 4573 domui
1715 4518 1810 4573 ab-
1842 4500 1894 4559 D

247 4592 371 4648 hatis
403 4595 608 4652 Vidrici
641 4602 854 4670 scripsi.

309 4686 432 4741 Acta
466 4687 630 4745 Tullo
658 4692 710 4745 in
739 4693 980 4762 plenaria
1008 4697 1233 4759 synodo.

255 4882 412 4941 Bruno
447 4888 708 4968 Tullensis
741 4891 990 4968 Ecclesia
1027 4898 1298 4968 episcopus
1338 4911 1604 4955 consecrat
1638 4913 1814 4955 orato-

665 4963 796 5017 rium
830 4963 1145 5023 Bertiuiucw
1187 4963 1370 5024 curtis.

837 5077 1013 5147 (Anno
1048 5078 1237 5148 1056.)

255 5151 483 5227 ll’erard,
530 5162 746 5217 Recueil
802 5168 864 5220 de
917 5169 1136 5225 diverse;
1182 5171 1349 5238 piéces
1388 5185 1594 5228 servant
1624 5177 1657 5228 ὰ
1703 5176 1737 5227 Γ
1740 5179 1819 5230 1ιί-

561 5256 723 5308 sloire
744 5258 805 5310 de
834 5258 1158 5333 Bourgogue,
1193 5276 1318 5331 pag.
1349 5265 1496 5338 185.]

1912 3253 2217 3308 distulimus
2242 3255 2386 3323 quod
2438 3255 2620 3310 sedem
2671 3268 2916 3312 nostram
2965 3263 3485 3330 repeteremus.De-

1911 3341 2074 3410 uique
2097 3343 2464 3410 postmodum,
2513 3361 2614 3398 una
2668 3347 2898 3414 dierum,
2939 3353 3224 3406 convocari
3261 3351 3490 3410 fecimus

1916 3434 2086 3486 ttostri
2115 3434 2245 3488 cleri
2280 3435 2589 3499 concilium,
2645 3439 2802 3510 cujus
2844 3443 2894 3495 iu
2941 3444 3175 3499 medium
3225 3448 3488 3502 recitatur

1913 3526 2105 3592 petitio
2135 3525 2386 3580 abbatqu
2416 3529 2819 3598 prtcdictorum.
2861 3533 3106 3590 Relatum
3135 3546 3218 3590 cst
3244 3539 3488 3594 omnium

1912 3618 2002 3685 qui
2049 3616 2276 3674 aderant
2337 3621 2567 3676 concilio
2607 3623 2658 3676 id
2713 3641 2813 3680 nec
2857 3626 3043 3696 perﬁci
3101 3645 3202 3684 nec
3251 3632 3481 3686 stabiliri

1914 3728 2071 3782 posse
2102 3715 2304 3786 absque
2337 3720 2676 3775 testamentis
2701 3723 2954 3791 utrinque
2977 3739 3098 3778 cum
3125 3725 3484 3798 chirographo

1915 3805 2132 3859 notatis.
2164 3804 2366 3860 ﬂorum
2391 3807 2569 3875 laude,
2599 3817 2654 3862 ct
2683 3811 2944 3880 petitione
2965 3823 3020 3868 et
3041 3816 3244 3869 arctius
3268 3818 3480 3872 caeteris

1914 3893 2110 3948 domno
2129 3897 2326 3953 abbate
2359 3899 2615 3954 Vuidrico
2665 3901 2969 3965 insistente.
3009 3906 3330 3964 donavimus
3357 3925 3487 3962 san—

1913 3995 2004 4039 cto
2039 3985 2280 4058 Benigno
2310 3989 2416 4044 duo
2463 3991 2674 4057 altaria,
2707 3994 2958 4049 videlicet
2995 3998 3061 4052 de
3097 3998 3273 4053 Solvis
3307 4009 3488 4055 monte

1917 4083 1973 4127 et
1993 4073 2222 4129 Yolferei
2242 4088 2417 4141 curte,
2441 4093 2505 4134 eo
2530 4081 2762 4136 rationis
2779 4092 2966 4139 tenore
2987 4087 3226 4156 quandiu
3251 4089 3378 4144 inibi
3404 4105 3492 4144 re-

1917 4167 2182 4236 gulariter
2228 4171 2597 4228 celebraretur
2643 4177 2778 4229 ordo
2831 4178 2958 4232 vine
3004 4179 3358 4246 monasticae;
3407 4183 3489 4240 sin

1917 4272 2099 4324 secus,
2146 4261 2421 4328 quoniam,
2456 4264 2590 4333 proh
2625 4266 2777 4320 dolor
2806 4267 2820 4321 !
2853 4279 3102 4337 potentes
3139 4271 3320 4325 smeuli
3354 4272 3490 4328 tales

1921 4362 2024 4401 non
2056 4360 2182 4404 sunt
2207 4351 2393 4420 quales
2424 4363 2548 4409 ante
2574 4356 2739 4412 habiti
2767 4368 2911 4424 sunt,
2938 4360 2980 4412 si
3003 4360 3186 4415 forsan
3211 4361 3494 4432 episcopus

1921 4435 2272 4518 Singonensis
2309 4457 2404 4512 per
2444 4445 2754 4516 cupiditatis
2799 4450 2971 4504 zelum
3005 4452 3189 4508 usibus
3215 4454 3329 4510 suis
3361 4454 3490 4512 ilind

1924 4533 2164 4600 rapuerit
2221 4538 2627 4603 monasterium,
2676 4541 2813 4607 sive,
2851 4544 3021 4612 pulsis
3063 4546 3261 4600 exinde
3311 4563 3495 4602 mona-

1921 4623 2039 4676 chis
2067 4625 2424 4695 regularibus,
2458 4645 2711 4701 pompose
2748 4636 3081 4691 Siccularitas
3123 4637 3260 4692 idem
3301 4639 3482 4694 subin-

1925 4715 2137 4770 troierit
2163 4719 2490 4787 coenobium,
2543 4723 2656 4780 haec
2706 4727 2919 4788 altaria.
2969 4729 3042 4782 illi
3075 4730 3328 4784 Ecclesiae
3358 4746 3487 4784 con.-

1921 4821 2077 4861 cessa
2125 4807 2242 4862 sine
2277 4807 2382 4864 ulla
2426 4817 2814 4880 controversia,
2862 4819 3066 4888 absque
3121 4818 3494 4890 apostrophali

1921 4898 2256 4969 garrulitate,
2319 4900 2370 4954 in
2445 4913 2687 4958 nostram
2747 4911 2968 4965 redeant
3020 4917 3364 4978 potestatem.
3428 4911 3496 4965 Et

1922 4993 2048 5060 quia
2096 4993 2385 5046 thesaurus
2429 5009 2608 5050 rerum
2661 5000 2905 5057 omnium
2966 5002 3226 5057 memoria
3279 5013 3388 5071 est,
3433 5019 3502 5060 ne

1920 5088 2125 5158 posteri
2170 5090 2340 5142 nostri
2403 5089 2514 5147 ullo
2568 5095 2997 5162 perturbationis
3053 5111 3242 5154 errore
3288 5114 3502 5172 praepe»

1924 5179 2164 5242 diantur,
2199 5177 2291 5230 sed
2333 5182 2622 5234 conventio
2650 5182 2752 5236 ista
2781 5186 2902 5244 sine
2936 5185 3204 5241 velamine
3235 5187 3349 5244 ﬁeri
3397 5189 3506 5244 illis

1924 5275 2111 5339 aperta
2178 5266 2465 5331 reveletur,
2526 5272 2638 5326 haec
2692 5281 3014 5334 testamenta
3065 5292 3120 5330 tu
3181 5277 3506 5344 alterutram
