4062 5352
580 167 686 233 587

1621 176 1678 234 S.
1736 177 1986 238 LEOle
2038 182 2103 238 IX
2153 180 2367 238 ΡΜ)Ᾰῦ
2404 185 2792 248 OPUSCULA.

577 285 736 340 nardi
768 303 781 351 ;
817 284 875 340 S.
900 283 1143 356 Gregorii
1193 277 1433 356 praefatae
1459 279 1607 343 cella:
1644 290 1843 359 prioris
1875 308 1890 357 ;
1925 289 1982 346 S.
2022 291 2146 348 Vui-

2261 309 2372 354 cum
2411 299 2695 357 duodecim
2739 302 2976 358 denariis
3007 302 3072 358 de
3104 303 3254 370 ﬁsco,
3299 313 3354 358 et
3392 305 3682 373 maricipiis
3706 305 3832 362 Gri-

577 378 714 436 drici
742 378 952 434 abbatis
983 395 997 444 ;
1029 377 1087 434 S.
1121 377 1351 434 Hunaldi
1397 381 1649 448 abbatis;
1685 383 1742 438 S.
1777 383 1992 440 Gibuini
2043 385 2152 455 pri-

577 468 790 524 micerii
816 485 830 533 ;
858 468 917 524 S.
950 467 1211 524 Vualterii
1243 471 1430 526 decani
1455 477 1474 538 ';
1509 471 1566 526 8.
1591 471 1863 530 Odelbrici
1892 475 2101 531 archid.
2135 493 2150 542 ;

579 559 638 615 8.
696 559 932 616 Lietardi
1004 561 1253 626 archid.;
1341 561 1396 616 S.
1457 559 1728 619 Gelizoztis
1791 566 2031 633 archid.;
2084 566 2141 623 S.

578 648 827 704 llcrlmrti
877 651 1110 718 archid.;
1143 651 1201 706 S.
1247 649 1486 706 Vuidrici
1516 655 1745 721 archid.;
1779 655 1836 710 8.
1881 655 2151 713 Lamberti

587 738 800 793 archid.
827 755 842 805 ;
874 738 933 794 S.
965 739 1224 811 Stephani
1273 740 1504 807 archid.;
1527 741 1585 796 S.
1612 741 1881 815 Rodulphi
1917 747 2149 812 archid.;

587 828 649 884 S.
696 828 924 884 Beselini
976 831 1211 898 archid.;
1263 827 1321 886 S.
1355 829 1627 902 Raynardi
1662 831 1903 902 ejusdem
1959 836 2144 890 civita-

580 920 654 976 tis
710 921 1054 986 comitis;S.
1098 922 1337 994 Hugonis
1389 922 1576 979 fratris
1633 925 1815 982 domni
1869 927 2154 998 episc0pi;

581 1012 640 1067 8.
672 1013 924 1080 Milonis;
960 1013 1017 1069 S.
1055 1015 1396 1082 Bruchardi;
1429 1015 1487 1071 S.
1543 1013 1844 1087 Stephani;
1881 1019 1940 1074 S.
1988 1018 2158 1074 Boso—

580 1103 708 1170 nis;
767 1104 868 1176 sig.
925 1103 1161 1160 lleinrici
1220 1105 1506 1174 advocati;
1567 1105 1625 1162 S.
1693 1106 1786 1162 ﬁlii
1829 1107 1946 1178 ejus
2009 1107 2157 1180 Sigi-

579 1193 730 1249 fridi.

649 1282 819 1354 Igitur
846 1284 1124 1356 quoniam,
1149 1285 1442 1342 secundum
1473 1284 1810 1355 Apostolum,
1845 1305 1863 1338 ι
1899 1286 2053 1342 nobis
2078 1292 2162 1344 est

583 1373 876 1430 videndum
943 1376 1212 1446 quomodo
1274 1385 1428 1432 caute
1485 1376 1844 1443 ambulemus,
1907 1379 2160 1448 quoniam

590 1464 706 1520 dies
755 1465 881 1520 mali
937 1474 1093 1532 sunt,
1136 1485 1156 1519 ι
1189 1467 1333 1522 hunc
1367 1482 1590 1522 censum
1630 1469 1696 1524 de
1736 1468 1855 1523 istis
1901 1469 2163 1523 altaribus

585 1571 696 1612 non
757 1557 1140 1626 perdonamus,
1191 1557 1284 1612 sed
1337 1572 1436 1628 pro
1483 1558 1652 1613 solida
1693 1559 1954 1614 vestitura
2009 1557 2162 1612 nobis

591 1647 897 1717 nostrisque
919 1647 1325 1703 successoribus
1350 1647 1761 1718 persolvendum
1789 1662 2154 1703 reservamus.
2190 1629 2236 1689 Β

588 1737 723 1794 Cum
770 1749 952 1793 autem
981 1739 1269 1811 contigerit
1298 1755 1358 1794 ea
1385 1740 1602 1794 vicariis
1636 1741 1868 1805 viduari,
1918 1747 2156 1809 potesta-

586 1837 695 1884 tem
765 1828 931 1882 libere
996 1829 1297 1894 obtineant,
1356 1831 1474 1884 sine
1537 1841 1789 1900 respectu
1839 1830 2075 1902 episcopi
2106 1838 2161 1884 et

580 1919 973 1986 archidiaconi,
1013 1920 1149 1974 alios
1186 1921 1492 1991 imponendi
1524 1930 1579 1974 et
1609 1921 1716 1976 illis
1755 1936 1818 1976 ea
1863 1920 2156 1976 vendendi.

652 2011 789 2066 Acta
830 2021 954 2065 sunt
987 2012 1098 2066 luet:
1130 2011 1289 2071 Tulli.
1325 2013 1375 2066 in
1407 2012 1649 2082 plenaria
1706 2012 1917 2085 synodo
1971 2012 2160 2066 habita

575 2115 681 2158 'vm
713 2102 835 2157 ldus
856 2101 1126 2164 Octobris,
1163 2103 1286 2156 luna
1311 2119 1429 2166 xm,
1463 2114 1651 2173 cpacta
1683 2106 1880 2172 prima,
1929 2119 2162 2158 concur-

571 2203 740 2249 “rente
795 2209 882 2258 tv,
937 2195 1197 2258 bissexto,
1245 2209 1389 2248 anno
1434 2195 1822 2249 incarnationis
1869 2194 2162 2250 Dominicte

579 2286 742 2350 1056,
774 2286 1068 2341 indictione
1091 2303 1121 2339 v
1152 2303 1167 2354 ;
1206 2302 1351 2340 anno
1399 2288 1546 2358 regni
1578 2286 1855 2342 Cltonratli
1885 2303 2008 2351 xm,
2061 2288 2162 2341 int-

582 2375 721 2445 perii
751 2389 882 2429 vero
909 2389 966 2429 κ.

639 2469 767 2540 'Ego
799 2468 1058 2523 Dizilinus
1083 2469 1463 2534 cancellarius,
1505 2467 1757 2540 indignus
1785 2468 1943 2524 levita
1972 2469 2162 2523 domus

568 2561 749 2616 sancti
780 2558 1059 2633 Stephani,
1092 2561 1284 2630 scripsi
1317 2569 1370 2614 et
1402 2558 1615 2630 publice
1645 2559 1830 2628 relegi.

1331 2671 1417 2727 lll.

567 2765 780 2833 ‘ano,
811 2757 1071 2820 Tullensis
1096 2765 1390 2835 episcopus,
1419 2765 1779 2835 ﬁundationem
1808 2765 2069 2834 priorum:
2099 2763 2164 2816 de

878 2835 1166 2906 Daguliaco
1194 2834 1281 2904 (de
1315 2834 1541 2907 Deuilly)
1570 2836 1864 2905 conﬁrmat.

1156 2927 1359 2993 '(Anno
1393 2927 1577 2999 ιοιι.)

636 3040 806 3103 1⁵0οη1
835 3031 1076 3105 Calmet,
1104 3029 1339 3178 "facit;
1364 3035 1736 3161 11:7].‘0rraine,
1765 3037 1806 3092 1.
1839 3036 2087 3104 Preuves,

1222 3123 1285 3176 pa
1329 3148 1344 3164 .
1476 3125 1515 3178 ,ι

1222 3123 1344 3178 pag.
1364 3123 1515 3178 ωλι

640 3195 708 3256 ln
739 3201 958 3256 nomine
995 3209 1195 3256 sancta!
1224 3210 1278 3255 et
1309 3200 1597 3255 individua:
1632 3199 1937 3265 Trinitatis,
1961 3199 2162 3264 Patris,

586 3303 643 3349 τι
687 3293 832 3359 Filii,
875 3302 930 3349 et
998 3286 1233 3364 spiritus
1274 3293 1466 3355 sancti,
1507 3293 1698 3348 'Bruno
1735 3294 1902 3363 episc.
1960 3293 2163 3348 Divina:

581 3387 714 3457 legis
737 3394 1005 3456 praecepto
1045 3399 1454 3440 eommonemnr
1507 3386 1706 3441 bonum
1751 3382 2013 3442 "facientes
2058 3404 2160 3442 non

578 3479 844 3542 deﬁcere.
875 3477 968 3532 sed
1003 3478 1068 3534 de
1099 3478 1184 3532 die
1229 3477 1282 3531 in
1310 3477 1451 3532 diem
1483 3488 1794 3532 sanctorum
1823 3479 1941 3534 loca
1975 3496 2159 3536 accre-

565 3569 804 3637 scendo,
827 3569 1028 3625 Christi
1057 3579 1333 3624 annuente
1364 3570 1560 3640 gratia,
1596 3565 1662 3624 'in
1695 3571 2160 3643 eleemosynarum

565 3664 828 3734 largitate
881 3661 1146 3734 proﬁcere
1180 3677 1278 3732 pro
1311 3662 1536 3717 viribus.
1577 3662 1762 3733 Itaque
1808 3664 2018 3718 noverit
2047 3662 2165 3718 uni-

567 3753 812 3808 versitas
843 3752 1204 3816 credentium,
1239 3751 1379 3822 quod
1400 3749 1685 3808 'Galterius
1732 3752 1799 3808 de
1848 3752 2158 3824 Dagnliaco,

565 3858 700 3899 “cum
718 3843 955 3900 consilio
988 3852 1039 3897 el
1071 3842 1346 3896 voluntate
1372 3843 1618 3913 conjugis
1649 3858 1760 3897 sua:
1803 3842 2002 3911 AtllltB,
2029 3859 2160 3898 con-

577 3934 840 3988 struxerit
859 3933 915 3988 in
946 3933 1167 4003 antiquo
1190 3933 1270 3988 sui
1289 3933 1428 4003 juris
1451 3934 1651 4002 prmdio
1673 3934 1940 4005 quoddam
1972 3949 2160 3989 caeno-

577 4027 781 4082 hiolnm
827 4029 1130 4083 monastico
1171 4028 1348 4082 ordini
1393 4043 1715 4097 congruum,
1746 4030 1888 4099 quod
1935 4045 2032 4100 pro
2064 4045 2160 4084 sua

578 4134 907 4189 suorumque
952 4121 1408 4189 przedecessorum
1449 4136 1512 4174 ac
1552 4135 1926 4176 successorum
1986 4122 2160 4177 salute

581 4211 912 4266 monasterio
933 4211 1116 4264 Sancti
1144 4209 1270 4278 Apri
1294 4211 1346 4263 in
1368 4210 1625 4264 subnrbio
1645 4210 1984 4266 Lemhnrnm
2010 4212 2159 4267 urbis

2254 390 2432 445 maldo
2463 400 2516 446 et
2544 408 2711 448 uxore
2732 393 2846 463 ejus
2876 409 2938 449 ac
2962 393 3084 448 liliis
3105 392 3244 457 eius,
3269 405 3326 448 et
3353 394 3608 449 ltoberto.
3641 394 3840 450 lledie—

2258 490 2422 538 tatem
2455 484 2700 539 ecclesia:
2724 488 2789 540 de
2816 485 3218 540 Donmod‘etro
3247 485 3600 556 (Dampt'erre,
3627 489 3841 555 presen—

2256 579 2442 625 tement
2470 571 2521 626 la
2554 571 2724 628 Petita
2746 573 3034 645 Martigny)
3065 591 3187 629 cum
3215 590 3404 630 manso
3432 590 3566 639 uno,
3587 584 3645 630 et
3672 585 3838 642 terra,

2257 672 2309 718 et
2339 674 2514 732 prato.
2550 665 2887 722 Medietatem
2920 667 3161 722 ecclesia!
3188 666 3255 722 de
3283 667 3559 722 Aureliani
3601 669 3841 724 mansio-

2257 756 2415 810 nibus
2442 756 2857 830 (Oreilmaison).
2890 760 3188 815 Ecclesiam
3209 759 3697 816 Totelenei-curtis
3718 759 3785 830 (Τ
3786 776 3846 812 o-

2257 846 2538 918 lm‘ncourt)
2579 866 2703 905 cum
2745 851 3028 906 duodecim
3063 853 3301 906 denariis
3344 852 3412 907 de
3451 852 3586 908 ﬁsco
3630 861 3689 908 et
3736 868 3843 906 uno

2259 941 2584 1008 receptorio,
2616 950 2669 995 et
2699 957 2822 997 cum
2855 943 3141 1012 mancipiis
3166 942 3440 998 Joseleino
3474 953 3530 997 et
3557 942 3840 1002 llaimone.

2259 1046 2379 1084 cum
2424 1028 2683 1088 fratribus
2729 1043 2782 1088 et
2827 1036 3106 1090 sororibus
3146 1050 3332 1089 eorum
3384 1035 3760 1105 uxoribusque
3782 1049 3845 1087 ac

2260 1117 2408 1185 ﬁliis,
2455 1131 2509 1176 et
2539 1121 2835 1178 llumbertu
2859 1139 2982 1179 cum
3023 1125 3230 1180 liberis.
3278 1125 3578 1179 Ecclesiam
3610 1123 3846 1179 Seivillat

2261 1227 2382 1267 cum
2410 1215 2727 1284 receptorio.
2776 1215 2840 1268 Et
2871 1214 3154 1270 duodecim
3187 1216 3423 1270 denariis
3451 1217 3516 1271 de
3559 1215 3716 1271 ﬁsco.
3740 1214 3844 1269 Ec.-

2261 1303 2481 1358 clcsiam
2517 1305 2758 1361 Madonis
2783 1306 2949 1370 villas,
2973 1321 3096 1360 cum
3129 1307 3368 1375 quinque
3400 1306 3589 1361 solidis
3619 1305 3689 1360 de
3720 1305 3848 1359 ﬁsco

2262 1400 2317 1445 et
2353 1393 2578 1448 totidem
2618 1397 2812 1450 modiis
2859 1411 3076 1461 avenas,
3107 1405 3163 1448 et
3197 1411 3320 1450 cum
3353 1395 3560 1466 capella
3595 1394 3849 1450 Morleni-

2263 1485 2434 1538 curtis
2465 1484 2929 1555 (Morlaincourt),
2970 1494 3025 1538 et
3056 1501 3180 1540 cum
3214 1485 3384 1540 trihus
3427 1484 3756 1554 rcceptoriis
3795 1483 3848 1537 in

2265 1587 2436 1638 anno,
2467 1581 2522 1628 et
2550 1573 2832 1644 mancipiis
2860 1573 3171 1638 Rain£redo,
3209 1590 3330 1630 cum
3361 1589 3528 1629 uxore
3555 1583 3613 1628 et
3638 1571 3850 1634 liberis,

2266 1665 2430 1720 terris
2476 1674 2530 1721 et
2575 1666 2768 1736 pratis.
2803 1665 3144 1722 Medietatem
3177 1666 3419 1722 θειτιρεῑω
3452 1665 3852 1721 Ciricis—curtis

2262 1753 2557 1827 (Xircourt)
2581 1773 2700 1810 cutn
2725 1759 3023 1827 receptorio
3055 1775 3163 1814 uno
3190 1767 3244 1812 et
3273 1759 3555 1813 duodecim
3582 1756 3849 1811 denariis.

2262 1847 2558 1904 Ecclesiam
2606 1849 2789 1905 Sancti
2832 1851 3250 1906 Hilarii-montis
3293 1849 3669 1920 (Hilairmont)
3726 1863 3848 1902 cum

2262 1943 2564 2011 receptorio
2608 1959 2746 2007 uno,
2793 1953 2847 1998 et
2899 1944 3185 1999 duodecim
3236 1944 3475 1998 denariis
3521 1959 3648 1998 cum
3697 1942 3848 1996 omni

2263 2034 2468 2103 prmdio
2518 2034 2570 2088 in
2623 2035 2806 2100 silvis,
2853 2038 3045 2105 pratis,
3094 2037 3256 2092 terris
3301 2037 3462 2091 cultis
3505 2044 3561 2089 et
3608 2033 3848 2098 incultis,

2261 2124 2432 2179 servis
2478 2132 2533 2178 et
2581 2125 2811 2180 ancillis.
2855 2126 2990 2180 Tres
3033 2135 3218 2195 partes
3255 2126 3496 2181 ecclesia.
3541 2125 3844 2179 Faucaudi-

2262 2215 2435 2270 curtis
2468 2213 2886 2287 (Foucaucourt)
2915 2233 3035 2271 cum
3063 2217 3269 2272 duobus
3310 2216 3628 2285 receptoriis
3679 2223 3737 2268 et
3766 2224 3847 2268 to-

2263 2303 2428 2357 tidem
2473 2302 2679 2368 solidis,
2713 2312 2770 2358 et
2812 2319 2933 2359 cum
2981 2305 3269 2360 medietate
3297 2303 3765 2374 elcemosynarum
3797 2311 3852 2358 et

2261 2393 2616 2456 oblationum.
2643 2401 2697 2448 et
2736 2409 2857 2448 cmn
2903 2394 3048 2449 omni
3095 2395 3300 2464 przedio
3344 2394 3398 2448 in
3446 2392 3620 2456 silvis,
3649 2393 3849 2455 vineis,

2261 2485 2456 2556 pratis,
2497 2483 2658 2540 terris
2701 2484 2864 2540 cultis
2906 2493 2962 2539 et
3004 2485 3256 2558 incultis,
3293 2484 3468 2540 servis
3509 2491 3566 2540 et
3610 2483 3845 2537 ancillis.

2265 2575 2500 2632 Tertiam
2532 2588 2739 2647 partem
2770 2577 3153 2632 Radalliovilla:
3181 2592 3302 2632 cum
3327 2575 3630 2646 receptorio
3665 2590 3774 2629 uno
3796 2585 3850 2630 et

2263 2685 2359 2724 sex
2384 2669 2648 2735 denariis,
2677 2679 2731 2723 et
2761 2685 2882 2724 cum
2913 2685 3069 2724 servo
3099 2663 3332 2724 R'ainero
3359 2669 3584 2740 ejusque
3630 2684 3847 2723 manso.

2264 2758 2563 2814 Ecclesiam
2593 2759 2658 2814 de
2688 2758 3078 2814 Monasteriolo
3100 2759 3194 2832 (Le
3219 2759 3504 2829 Homero!)
3537 2775 3664 2814 cum
3689 2773 3846 2813 rece-

2263 2851 2443 2923 ptorio
2475 2866 2581 2906 uno
2611 2859 2668 2905 et
2696 2866 2787 2905 sex
2820 2851 3080 2917 denariis,
3121 2859 3320 2906 etcum
3345 2866 3503 2906 servo
3530 2849 3769 2904 Rodull’o
3791 2860 3846 2904 et

2268 2956 2437 2996 uxore
2475 2955 2538 2996 ac
2569 2941 2774 3006 liberis,
2805 2955 2867 2996 ac
2907 2957 3114 2997 manso.
3147 2941 3443 2997 Ecclesiam
3473 2942 3540 2996 de
3567 2941 3850 2996 Frasnello

2269 3029 2516 3102 (Frenel)
2547 3047 2668 3088 cum
2697 3031 2870 3086 servis
2899 3028 3146 3101 Josperto
3177 3040 3230 3086 et
3261 3031 3596 3103 Angelrada,
3627 3041 3682 3085 et
3708 3030 3845 3086 Ber-

2266 3121 2439 3175 nardo
2467 3136 2589 3174 cum
2634 3121 2921 3176 medietate
2952 3119 3266 3175 liberorum.
3299 3120 3643 3176 Medietatem
3672 3119 3850 3176 eccle-

2266 3214 2360 3269 siae
2388 3215 2454 3269 de
2490 3212 2724 3269 Boverio
2751 3213 2977 3282 (Rouvre
3005 3231 3070 3270 en
3104 3213 3384 3286 Saintois),
3413 3225 3468 3270 et
3507 3215 3574 3270 de
3600 3214 3707 3268 alia
3735 3230 3852 3270 me-

2265 3303 2466 3359 dietate
2496 3315 2704 3359 sextam
2740 3314 2948 3376 partem
2991 3321 3115 3360 cum
3157 3306 3368 3362 duobus
3420 3306 3764 3375 receptoriis,
3796 3316 3849 3360 et

2263 3394 2570 3463 quindecim
2609 3396 2869 3460 denariis,
2917 3403 2972 3450 et
3010 3411 3132 3451 cum
3172 3397 3458 3466 mancipiis
3503 3395 3758 3451 Folberto
3797 3406 3849 3448 et

2265 3499 2438 3538 uxore
2478 3499 2542 3538 ac
2574 3483 2793 3550 liberis,
2817 3494 2872 3538 et
2916 3500 3122 3539 manso.
3160 3485 3458 3540 Ecclesiam
3493 3485 3558 3538 de
3599 3483 3848 3539 Masnillo

2266 3571 2502 3642 (.llainil)
2533 3589 2658 3628 cum
2701 3588 2859 3629 servo
2900 3573 3164 3628 Balduino
3209 3582 3264 3628 et
3312 3587 3479 3629 uxore
3528 3588 3594 3628 ac
3638 3572 3844 3633 liberis.

2264 3677 2387 3718 cum
2426 3664 2634 3718 duobus
2682 3665 3002 3734 receptoriis
3041 3672 3097 3719 et
3147 3664 3432 3718 duodecim
3477 3663 3741 3718 denariis.
3772 3661 3846 3716 De

2262 3753 2492 3808 ecclesia
2551 3753 2726 3808 sancti
2784 3753 2972 3808 Hilarii
3033 3753 3408 3818 medietatem,
3459 3768 3584 3807 cum
3638 3752 3848 3808 duabus

2260 3842 2484 3912 («pellis
2507 3841 2987 3898 Hannonis-curtis
3002 3841 3849 3913 (Manoncour),Girandi-curtis

2263 3928 2626 4002 (Girancour),
2641 3940 2867 3987 etservo
2889 3931 3201 3986 Thiebaudo
3220 3947 3343 3986 cum
3366 3945 3534 3986 uxore
3556 3939 3614 3984 et
3639 3929 3846 3991 liberis,

2261 4028 2316 4074 et
2346 4021 2524 4076 banno
2558 4021 2815 4077 territorii
2846 4021 3015 4092 ipsius
3045 4021 3291 4076 ecclesia:
3315 4036 3438 4075 cum
3493 4019 3673 4074 tribus
3702 4032 3849 4074 rece-

2262 4110 2452 4181 ptoriis
2483 4122 2539 4166 et
2566 4113 2876 4182 quindecim
2913 4113 3176 4177 denariis,
3206 4122 3261 4166 et
3311 4128 3434 4168 cum
3481 4112 3640 4166 tertia
3696 4120 3849 4180 parte

2259 4203 2726 4276 eleemoSynarum
2751 4215 2808 4260 et
2829 4204 3188 4262 oblationum.
3218 4205 3478 4276 Campum
3513 4205 3605 4274 qui
3634 4205 3848 4275 adjacet

580 4300 688 4357 aito
741 4309 998 4371 perpetua
1031 4300 1373 4370 possessione
1413 4301 1692 4355 tradiderit
1732 4301 2066 4371 subjectum.
2103 4312 2158 4357 et
2187 4305 2234 4364 D
2263 4299 2625 4360 monasterio,
2669 4312 2838 4368 usque
2869 4297 2935 4351 ad
2965 4297 3153 4352 silvam
3183 4312 3304 4368 quae
3333 4305 3557 4352 vocatur
3577 4296 3844 4360 Banosus.

581 4389 843 4460 quasdam
894 4405 1005 4446 suae
1053 4388 1390 4445 hmreditatis
1442 4389 1698 4446 ecclesias
1750 4391 1816 4445 ad
1855 4391 2159 4446 subsidium

575 4482 808 4538 fratrum
855 4481 967 4537 Deo
1006 4480 1077 4535 ibi
1125 4479 1474 4536 servientium
1533 4489 1795 4550 perpetuo
1845 4481 2159 4536 retinendas

568 4571 695 4644 jure
739 4572 917 4628 eidem
966 4571 1085 4625 loco
1133 4570 1500 4642 delegaverit,
1544 4580 1598 4626 et
1629 4571 1694 4624 ad
1726 4571 2157 4627 conﬁrmandum

575 4679 688 4720 sua:
717 4662 1024 4718 donationis
1058 4661 1458 4724 testimonium,
1489 4662 1629 4716 hanc
1662 4662 1906 4715 chartam
1935 4660 1990 4716 in
2021 4678 2158 4730 prae-

565 4755 749 4810 sentia
803 4762 988 4809 nostra
1029 4769 1154 4808 cum
1206 4753 1530 4810 auctoritate
1559 4753 1851 4823 apostolica
1885 4754 2154 4809 conscribi

571 4847 700 4901 inde
733 4854 790 4900 et
816 4846 1062 4901 roborari
1091 4845 1304 4901 fecerit.
1337 4845 1480 4900 Inter
1514 4844 1754 4899 Francos
1784 4842 1991 4900 scilicet
2021 4843 2153 4898 Mai-

567 4936 747 4991 reium
795 4938 962 5004 (eum
1004 4934 1174 4990 Frain
1203 4945 1252 4990 et
1297 4935 1490 5005 Maré),
1521 4949 1738 4990 mansos
1780 4934 1914 4990 duos
1945 4935 2002 4989 in
2035 4935 2157 4989 dote

564 5029 818 5097 praedicti
863 5028 1102 5082 coenobli
1158 5027 1423 5090 ecclesiae,
1476 5043 1601 5081 cum
1653 5029 1833 5088 terris,
1883 5026 2056 5094 pratis
2103 5033 2154 5078 et

564 5116 862 5185 mancipiis
891 5117 1142 5171 Durando
1170 5126 1225 5172 et
1253 5130 1421 5170 uxore
1460 5117 1576 5185 ejus
1599 5114 1746 5170 Gisla
1776 5123 1830 5168 et
1862 5115 1985 5169 ﬁliis
2015 5112 2153 5182 ejus.

569 5202 878 5261 lEcclesiam
927 5206 995 5258 de
1032 5205 1231 5259 domno
1263 5205 1481 5260 Valerio
1521 5204 1906 5275 (Domrallier),
1960 5220 2081 5258 cum
2124 5221 2154 5256 ν

573 5295 766 5352 solidis
816 5305 870 5349 et
932 5297 1153 5352 dimidio
1201 5298 1266 5352 de
1305 5297 1466 5352 ﬁsco.
1527 5308 1582 5352 et
1637 5299 1830 5352 modiis
1888 5313 1917 5350 v
1970 5312 2157 5350 avena:

2263 4395 2320 4440 et
2350 4387 2489 4441 ultra
2530 4387 2722 4442 silvam
2765 4386 2995 4442 alterum
3029 4403 3278 4457 campum
3325 4401 3494 4457 usque
3527 4387 3595 4441 ad
3642 4387 3846 4450 rivum,

2263 4473 2534 4549 aliumque
2550 4479 2679 4534 inibi
2707 4495 2828 4534 cum
2858 4479 2990 4536 silva
3017 4481 3283 4551 apposita,
3309 4496 3469 4551 quem
3493 4481 3642 4536 dedit
3666 4481 3847 4535 Eretu-

2261 4567 2449 4623 bertus
2475 4569 2758 4641 presbyter
2793 4586 2890 4640 pro
2924 4586 3036 4627 sua:
3059 4572 3256 4626 animae
3282 4573 3544 4626 remedio.
3577 4571 3844 4626 Molendi-

2259 4675 2391 4714 nnm
2410 4677 2612 4724 versus
2627 4663 2990 4728 occidentem,
3011 4679 3134 4722 cum
3151 4665 3360 4719 duobus
3388 4666 3559 4734 pratis
3582 4662 3843 4732 adjacen-

2263 4749 2426 4804 tibns.
2473 4751 2735 4820 Campum
2788 4768 2817 4806 a
2868 4751 3135 4807 Romoldo
3182 4753 3362 4808 villico
3411 4753 3629 4818 datum,
3684 4751 3842 4822 juxta

2261 4848 2501 4893 nostram
2550 4851 2823 4895 corvatam
2867 4842 3054 4896 situm.
3087 4841 3332 4898 Mansum
3361 4843 3502 4912 apud
3533 4841 3841 4896 Mannonis—

2261 4940 2468 4986 curtem
2513 4933 2581 4986 ah
2629 4932 2904 4990 Everardo
2947 4935 3266 5006 presbytero
3300 4936 3506 4997 datum,
3539 4947 3661 4988 cum
3697 4944 3836 4988 terra

2260 5035 2314 5075 ct
2367 5033 2522 5092 prato
2579 5023 2652 5078 ibi
2705 5024 2986 5092 adjacente
3033 5034 3089 5079 et
3141 5027 3353 5082 vineam
3398 5026 3469 5082 ab
3518 5024 3836 5081 Eremberto

2260 5114 2576 5183 presbytero
2620 5113 2822 5168 datam.
2881 5116 3035 5184 Apud
3088 5114 3462 5170 Martiniacum
3525 5112 3832 5184 (διανείμας)

2260 5215 2472 5275 pratum
2499 5206 2567 5261 ad
2601 5216 2710 5261 tres
2739 5221 2948 5275 carros,
2971 5208 3156 5262 datum
3201 5223 3300 5279 pro
3345 5208 3584 5263 remedio
3609 5203 3829 5261 Alhrici.

2261 5298 2488 5352 Alodum
2515 5297 2581 5352 de
2610 5297 2833 5352 Rosulio
2858 5299 3157 5352 (Βακτριιῇ
3186 5287 3306 5352 cum
3335 5301 3509 5352 servis
3529 5307 3583 5352 et
3602 5295 3830 5352 ancillis.
