4062 5352
230 190 342 255 389

985 195 1377 254 D‘lPLOMATA
1423 197 1596 254 DATA
1639 195 1823 253 ANTE
1871 191 2294 253 SUSCEPTUM
2345 185 2511 250 ROM.
2552 192 2753 252 PONT.

3395 171 3503 248 sai

233 312 369 366 tetri.
401 310 612 366 Pnedia
642 308 778 380 apud
811 308 1060 382 Bonfugit
1091 311 1368 382 (Βοκίας).
1394 321 1448 366 et
1485 312 1817 375 Danvillam;
1852 313 1896 371 Α
1925 309 2045 375 bui,
2075 309 2142 362 ad
2168 307 2600 379 supplementum
2631 306 3020 381 eleemosytizc,
3055 315 3291 379 quatuor
3316 309 3508 364 altaria

233 417 395 456 usum
409 401 564 456 silvae
583 399 879 468 adjacentis
900 410 1082 457 castro
1103 419 1225 467 suo,
1247 403 1520 458 concessit
1544 402 1825 458 monachis

235 491 664 559 hominibusque
716 491 796 545 eis
842 492 1074 546 subditis
1122 493 1396 562 quomodo
1423 493 1505 547 sui
1536 501 1824 546 uterentur

234 582 404 636 servi.
442 580 612 636 Usum
647 581 812 636 etiam
853 581 1080 636 aliarum
1109 582 1369 638 silvarum
1408 591 1463 638 et
1503 597 1824 653 pascuarum

235 684 618 739 aquarumque
661 670 712 723 in
749 670 1000 723 omnibus
1041 671 1154 726 suis
1193 672 1436 741 praediis,
1467 673 1644 726 servis
1678 677 1822 738 ejtis-

237 758 362 811 dem
394 757 547 812 celizn
569 760 844 814 concessit
879 758 1074 814 ibidem
1113 761 1489 825 manentibus,
1522 770 1580 813 ut
1602 771 1827 814 utantur

236 849 359 903 sine
413 848 569 903 omni
633 850 854 904 servitio
908 866 1058 906 more
1113 867 1337 906 suorum
1392 867 1696 907 servorum.
1753 851 1826 906 Dc

239 947 485 994 mercato
529 939 692 992 etiam
740 949 920 994 castro
967 955 1066 996 suo
1105 940 1388 1009 adiacente
1435 942 1704 997 concessit
1745 943 1826 997 eis

233 1028 515 1082 decimum
568 1030 881 1095 denarium,
914 1031 1124 1086 scilicet
1151 1033 1216 1088 de
1247 1034 1490 1097 teloneo,
1523 1035 1588 1088 de
1614 1035 1823 1105 justitia

239 1119 320 1172 vel
365 1121 433 1174 de
453 1122 609 1175 omni
638 1121 750 1177 alio
777 1124 1005 1176 redditu.
1036 1123 1217 1178 Unum
1245 1141 1312 1180 ex
1337 1125 1511 1180 furnis
1549 1127 1822 1182 baualem.

238 1209 517 1265 Widricus
544 1213 706 1265 etiam
735 1214 902 1287 abbas
936 1215 1172 1270 omnobii
1205 1216 1390 1271 Sancti
1437 1218 1566 1286 Apri
1599 1218 1825 1287 plurima

234 1313 560 1356 ornamenta
585 1304 813 1357 contulit
843 1305 1113 1374 praedicta:
1135 1306 1303 1370 cella,
1327 1315 1382 1361 et
1398 1309 1538 1376 apud
1564 1307 1827 1364 Vallerias

238 1393 454 1446 vincam
487 1395 556 1447 ad
586 1395 827 1465 quinque
853 1411 1040 1452 carros
1066 1397 1172 1452 vini
1191 1438 1204 1463 ,
1231 1415 1352 1469 quae
1374 1399 1574 1454 dicitur
1601 1399 1828 1457 Clausus

238 1480 520 1538 Lamberti
563 1486 612 1538 in
644 1502 784 1556 pago
815 1486 1073 1543 Tullensi.
1103 1488 1384 1545 Concessit
1414 1507 1649 1562 quoque,
1685 1503 1747 1547 ut
1780 1495 1824 1548 si

231 1589 435 1628 servus
470 1576 532 1628 S.
575 1576 704 1646 Apri
738 1577 1014 1646 acciperet
1051 1595 1276 1635 uxorem
1315 1597 1384 1637 ex
1415 1583 1634 1638 ancillis
1662 1583 1822 1649 hujus

235 1666 414 1730 cellae,
452 1665 661 1736 absque
691 1669 836 1723 omni
874 1670 1233 1748 refragatione
1263 1686 1382 1726 eam
1410 1682 1640 1738 teneret,
1673 1674 1824 1728 simi-
1857 1652 1903 1711 Β

237 1755 472 1826 literqne
521 1773 739 1812 servum
787 1759 946 1828 hujus
997 1763 1204 1830 ancilla:
1244 1762 1430 1818 Sancti
1491 1763 1621 1834 Apri
1683 1764 1825 1819 facta

235 1847 424 1900 stabili
454 1848 848 1905 communitate
878 1851 931 1905 in
953 1853 1261 1922 conjugium
1294 1856 1616 1924 susciperet.
1648 1854 1826 1909 Advo-

234 1939 443 1992 catiam
479 1951 662 1994 autem
711 1943 952 2011 praedicti
1001 1944 1101 1998 lo-i
1138 1947 1434 2001 Walterius
1467 1946 1566 2000 sibi
1590 1954 1646 2000 et
1668 1947 1824 2001 uxori

233 2043 352 2103 suae
380 2029 553 2084 Adilze
577 2031 824 2099 retinuit,
842 2042 897 2087 et
925 2045 1045 2104 post
1067 2052 1160 2090 eos
1189 2038 1279 2090 uni
1306 2053 1525 2091 suorum
1553 2038 1825 2093 lnrredum

235 2122 331 2190 qui
392 2120 568 2188 major
630 2129 757 2177 u'a'tu
816 2123 996 2180 fuerit.
1052 2113 1350 2184 Constituit
1396 2137 1578 2183 autem
1622 2143 1691 2182 ne
1731 2127 1825 2183 ulli

236 2226 464 2265 suorum
501 2209 776 2268 lizeredum
804 2215 945 2271 hanc
971 2211 1308 2272 advocatiam
1343 2217 1546 2274 tenenti
1572 2220 1824 2290 cuiquam

237 2302 295 2354 in
331 2301 652 2356 beneﬁcium
682 2318 804 2357 eam
836 2304 966 2358 dare
993 2305 1183 2371 liceat,
1222 2307 1314 2362 sed
1347 2307 1462 2377 ipse
1490 2322 1610 2362 eam
1646 2309 1700 2363 in
1729 2324 1828 2364 suo
1865 2353 1868 2355 λ

237 2391 486 2446 dominio
527 2394 829 2461 possideat,
868 2409 989 2464 qua:
1038 2408 1302 2465 post_cos
1347 2398 1414 2452 ad
1455 2395 1622 2453 illium
1668 2416 1826 2454 siuna
1855 2457 1870 2466 γ,

217 2478 553 2534 :Odelricum
583 2481 854 2548 deveniat,
883 2493 936 2538 et
963 2494 1086 2554 post
1112 2500 1235 2541 eum
1268 2488 1577 2558 quicunque
1607 2492 1827 2560 propin-

237 2571 403 2638 quior
447 2572 622 2628 limes
653 2583 901 2628 castrum
939 2575 1290 2647 Daguliacum
1328 2577 1449 2646 jure
1500 2580 1823 2649 possederit,

234 2664 488 2718 eamdem
515 2665 860 2721 advocat'iam
879 2677 1074 2723 teneat.
1095 2669 1374 2725 Summam
1408 2682 1590 2726 autem
1615 2670 1822 2730 servitii

212 2772 218 2776 -
239 2753 348 2808 sibi
372 2755 593 2826 suisque
616 2757 923 2813 heredibus
941 2773 1039 2828 pro
1064 2762 1326 2816 memoria
1349 2752 1640 2816 advocati:
1667 2763 1823 2817 dandi

215 2846 498 2901 .omnihus
531 2849 691 2902 annis
745 2851 978 2917 statuit,
1007 2857 1176 2906 extra
1206 2867 1369 2922 quam
1413 2852 1547 2907 nihil
1598 2854 1827 2922 amplius

243 2937 587 3005 requiratur,
624 2939 673 2992 id
718 2951 833 3004 est,
875 2941 1011 2995 duos
1073 2941 1274 2996 solidos
1318 2952 1550 2997 moneta:
1585 2941 1823 3009 ejusdem

237 3032 364 3103 pagi
412 3033 466 3086 in
497 3031 638 3086 festo
661 3043 869 3088 sanctae
895 3033 1075 3090 Maria:
1101 3035 1166 3090 de
1196 3035 1476 3100 Candelis;
1509 3036 1823 3105 dejustitiis

243 3134 427 3177 autem
477 3124 862 3179 clnma'tionutn
902 3143 1037 3196 quas
1077 3131 1395 3199 prarpositus
1445 3127 1685 3197 ejusdem
1723 3129 1823 3185 loci

237 3231 342 3285 per
375 3232 442 3271 se
485 3220 721 3287 potuerit
750 3217 978 3274 ditlinire
998 3262 1013 3286 ,
1048 3222 1182 3276 nihil
1211 3223 1532 3276 advocatum
1558 3225 1823 3280 concessit

237 3310 508 3380 accipere.
537 3297 641 3366 Sed
659 3311 704 3365 si
737 3313 1034 3369 monachus
1063 3327 1167 3368 non
1200 3315 1402 3368 valeret
1430 3316 1824 3371 contumaciam

242 3400 474 3471 alicujus
497 3403 783 3465 evincere.
811 3405 1136 3460 advocatum
1159 3407 1262 3461 sibi
1294 3407 1345 3461 in
1382 3408 1706 3478 adjutorium
1734 3407 1826 3462 ad-

238 3494 679 3557 vocaverit,tunc
699 3496 862 3548 trium
897 3496 1242 3551 denariorum
1273 3513 1541 3553 summam
1571 3499 1822 3572 accipiat,

237 3584 314 3636 ita
336 3589 520 3640 tamen
541 3595 598 3640 ut
612 3586 748 3641 duas
767 3598 948 3657 partes
965 3591 1233 3644 monacho
1247 3591 1452 3645 habere
1467 3592 1616 3661 prius
1635 3591 1822 3656 faciat,

239 3675 449 3746 reliqua
482 3678 663 3732 omnia
695 3677 1036 3749 dispositioni
1069 3679 1284 3734 abbatis
1323 3679 1509 3736 Sancti
1545 3680 1674 3751 Apri
1707 3697 1824 3736 ca:-

215 3766 388 3821 -nobii
450 3768 750 3824 ordinanda
808 3771 1091 3839 permittit.
1140 3771 1251 3838 Ego
1304 3787 1436 3826 vero
1499 3769 1678 3827 Brimo
1730 3773 1822 3828 Dei

235 3859 414 3928 gratia
454 3859 650 3929 prmsul
697 3861 970 3929 indignus,
1007 3876 1106 3930 pro
1146 3863 1284 3916 bona
1321 3860 1492 3916 ﬁdelis
1521 3862 1619 3916 viri
1652 3861 1826 3917 inten-

239 3951 415 4014 tione,
468 3951 757 4006 ecclesiam
799 3952 930 4006 inibi
987 3963 1355 4008 constructam
1411 3953 1522 4007 Deo
1561 3963 1615 4007 et
1654 3952 1825 4008 beatze

238 4037 425 4093 Maria:
454 4039 725 4105 dedicari,
755 4055 982 4111 eamque
1027 4058 1055 4096 a
1101 4043 1435 4113 subjectione
1484 4041 1730 4097 ecclesiae
1759 4043 1825 4098 de

235 4131 442 4186 domno
493 4129 709 4186 Valerio
752 4147 874 4186 cum
913 4134 1167 4189 omnibus
1205 4132 1540 4204 appendiciis
1580 4134 1690 4187 suis
1745 4148 1826 4188 re-

239 4229 414 4292 movi,
445 4237 500 4282 et
529 4228 793 4298 quidquid
823 4229 963 4283 infra
992 4231 1193 4283 atrium
1229 4229 1536 4287 continetur
1570 4227 1820 4297 potestati

1927 411 2050 449 cum
2105 397 2217 450 suis
2267 394 2566 450 redditibus
2620 397 2794 450 eidem
2848 396 2966 450 loco
3018 395 3247 462 tradidi,
3296 396 3507 450 scilicet

1927 488 2099 542 altare
2121 486 2577 548 Totileni-curtis,
2605 486 2776 542 altare
2808 486 3222 542 Medonis-villze
3251 485 3500 558 (Medon-

1929 579 2092 648 rille),
2140 579 2311 632 altare
2364 577 2893 641 Faucaudis-curtis,
2946 577 3116 632 altare
3163 577 3230 631 de
3275 579 3502 633 ecclesia

1929 669 2112 724 Sancti
2144 669 2352 734 llilarii,
2378 683 2442 722 ea
2473 668 2782 722 conditione
2816 676 2874 720 ut
2897 667 3004 736 jam
3031 667 3085 722 in
3119 668 3325 736 reliquo
3355 667 3509 722 decc-

1927 761 2177 813 dentibus
2228 759 2449 814 vicarils
2492 773 2597 811 non
2652 753 3004 822 redimantur,
3057 758 3352 811 secundum
3406 772 3513 808 mo-

1927 864 2040 904 rem
2089 849 2316 904 aliarum
2359 848 2737 912 ecclesiarum,
2787 847 2881 902 sed
2918 848 3080 900 abeo
3124 847 3217 916 qui
3261 847 3515 900 cccnohiu

1925 940 2201 1009 przefuerit
2250 942 2424 997 idonei
2474 942 2661 996 vicarii
2711 941 3000 1014 eliganttlr,
3047 948 3107 994 et
3150 939 3220 993 ab
3258 939 3514 1009 episcopo

1927 1048 2057 1086 cura
2115 1033 2196 1089 eis
2259 1028 2566 1088 animarum
2631 1037 3003 1090 tantummodo
3055 1031 3391 1108 hijtmgatur.
3443 1031 3514 1090 U‘t

1932 1133 2113 1177 autem
2147 1124 2228 1178 ha:
2256 1132 2453 1178 nostrai
2475 1125 2864 1180 convenientia:
2895 1125 3103 1180 ﬁrmius
3136 1126 3504 1186 stabiliantur.

1929 1214 2267 1269 decrevimus
2310 1217 2457 1269 onmi
2499 1231 2643 1269 anno
2682 1207 2964 1270 duodecim
2993 1217 3243 1272 denarios
3267 1216 3510 1287 ejusdem

1927 1304 2087 1374 pretii
2132 1305 2199 1358 ad
2238 1304 2410 1359 altare
2450 1305 2509 1360 S.
2545 1305 2804 1375 Stephani
2836 1306 3176 1362 Leuchorum
3213 1309 3379 1374 sedis,
3407 1323 3510 1378 pro

1929 1394 2189 1448 memoria
2230 1395 2619 1464 subjectionis,
2648 1397 2700 1450 in
2743 1397 3130 1452 Puriﬁcatione
3169 1410 3366 1456 sancta:
3396 1400 3511 1455 Ma-

1929 1485 2043 1550 rize,
2068 1501 2098 1539 a
2120 1485 2222 1540 loci
2245 1486 2485 1555 ejusdem
2509 1487 2656 1543 cellae
2673 1490 2960 1560 praeposito
2982 1491 3231 1560 persolvi.
3257 1491 3313 1548 Si
3330 1502 3511 1549 autem

1928 1576 2123 1646 aliquis
2148 1593 2522 1633 successorum
2550 1590 2859 1636 nostrorum
2879 1595 2975 1652 per
2999 1584 3344 1638 succedentia
3371 1591 3514 1640 tem-

1927 1684 2064 1739 pora
2115 1670 2259 1725 hanc
2307 1670 2705 1742 elcemosynam
2753 1673 3030 1727 infirmare
3064 1685 3159 1728 aut
3197 1675 3514 1748 infringere.

1927 1758 2014 1810 vel
2065 1752 2256 1814 co’n'tra
2309 1759 2577 1827 justitiam
2642 1771 2843 1817 nostrae
2904 1763 3176 1819 devotioni
3234 1765 3513 1836 refragare

1928 1847 2178 1910 voluerit,
2221 1849 2478 1920 pastorali
2532 1852 2857 1906 auctoritate
2887 1861 2941 1907 et
2971 1853 3136 1908 etiam
3167 1855 3515 1910 anathemate

1927 1931 2337 2009 constringatur
2359 1950 2522 2011 atque
2545 1944 2612 1996 ad
2649 1943 3024 1998 rectitudinem
3056 1945 3234 2001 redire
3260 1955 3507 2015 cogatur.

1930 2027 1993 2082 Et
2056 2038 2112 2114 ut
2178 2033 2293 2114 haec
2351 2035 2823 2108 nostra_traditio
2872 2035 3080 2090 ﬁrmior
3125 2036 3208 2090 vel
3268 2037 3514 2094 stabilior

1927 2111 2231 2187 habeatur,
2279 2124 2418 2178 hanc
2471 2119 2717 2180 chartam
2780 2126 2832 2182 in
2882 2128 3173 2197 prmscntia
3225 2139 3410 2184 nostra
3459 2131 3512 2184 in

1929 2207 2173 2280 plenaria
2216 2213 2422 2282 synodo
2461 2201 2679 2269 recitari
2724 2215 2985 2281 fecimus,
3017 2219 3355 2291 testibusque
3392 2219 3517 2275 sub-

1927 2302 2149 2370 scriptis
2187 2302 2546 2358 roborandam
2592 2305 2945 2372 tradidimus,
2979 2305 3137 2361 lande
3165 2316 3219 2362 et
3246 2322 3515 2364 consensu

1928 2394 2170 2448 omnium
2205 2392 2527 2449 clericorum
2557 2403 2898 2460 nostrorum,
2927 2410 3224 2466 omnesque
3259 2398 3348 2465 qui
3388 2397 3517 2452 huic

1928 2499 2128 2542 nostra:
2166 2488 2434 2565 sanctioni
2468 2489 2848 2544 rebellaverint
2875 2498 3139 2559 perpetuo
3168 2491 3516 2552 anathemate

1929 2595 1958 2633 a
2001 2579 2378 2637 communione
2424 2589 2625 2634 sanctm
2674 2579 2926 2636 Ecclesia:
2969 2579 3370 2656 separavimus,
3408 2581 3512 2635 nisi

1931 2669 2258 2738 rcsipuerint
2284 2679 2338 2722 et
2372 2667 2481 2724 Deo
2509 2670 2668 2740 digne
2695 2685 2790 2740 per
2821 2670 3195 2741 paenitentiam
3216 2669 3508 2738 satisfece-

1931 2761 2060 2816 rint.
2894 2827 2898 2832 .

1931 2875 2112 2947 (Quod
2139 2875 2374 2947 sequitur
2389 2884 2682 2947 atramento
2711 2884 2758 2930 et
2787 2873 3278 2947 scripturapaultmt
3302 2874 3515 2945 differre

2354 2945 2559 3000 videtur
2576 2963 2607 3000 a
2629 2946 3084 3016 prwcedentibus.)
3413 3009 3418 3012 _

2000 3033 2152 3089 llanc
2189 3031 2407 3106 Quoque
2447 3034 2821 3090 diliinitionem
2854 3034 3286 3106 praebendariam
3321 3045 3511 3092 aucto.-

1921 3120 2089 3180 ‘ritate
2111 3139 2216 3193 qua
2245 3140 2407 3194 supra
2423 3123 2604 3179 omnia
2633 3117 3020 3194 disposuimus,
3046 3126 3188 3182 inter
3218 3129 3515 3190 monachos

1919 3227 1981 3273 'et
2017 3218 2354 3288 capellannm
2394 3217 2649 3272 ordinare
2690 3233 2901 3272 summa
2947 3234 3083 3288 pace
3126 3234 3248 3274 cum
3283 3209 3513 3278 consilio

1928 3310 2438 3382 ipsinsdomini,qui
2462 3310 2652 3365 cellam
2674 3319 3054 3366 construxerat
3079 3310 3512 3380 procuravimus,

1922 3414 1980 3459 et
2019 3404 2211 3459 subtus
2245 3403 2522 3459 ascribere
2561 3403 2626 3458 ad
2661 3406 2977 3458 memoriam
3009 3414 3347 3474 posterorum
3381 3405 3515 3462 l'eci-

1929 3510 2068 3552 mus.
2097 3493 2304 3549 scilicet
2329 3494 2571 3564 quinque
2609 3495 2790 3549 modia
2827 3493 3082 3549 frumenti
3117 3510 3242 3549 cum
3273 3494 3510 3564 siligine,

1923 3583 2008 3637 vel
2045 3583 2192 3654 pisar,
2217 3581 2300 3635 vel
2343 3581 2501 3647 fabae,
2529 3598 2560 3635 v
2592 3583 2800 3637 modios
2827 3583 3018 3652 spelte,
3049 3583 3292 3653 quinque
3332 3583 3511 3654 anno.-

1927 3689 2028 3738 nae,
2079 3674 2318 3743 privatas
2367 3673 2579 3737 missas,
2637 3657 2876 3743 primam
2922 3674 3143 3727 missam
3192 3673 3258 3728 ad
3315 3687 3512 3744 corpus

1927 3766 2204 3831 defuncti,
2249 3779 2429 3834 peras,
2478 3757 2714 3835 rlbptias,
2752 3763 3158 3833 puriﬁcationes
3199 3763 3507 3828 mulierum,

1926 3860 2257 3929 sepulturam
2289 3859 2616 3924 albatorum,
2648 3857 3038 3918 confessiones.
3066 3858 3262 3913 festum
3293 3866 3513 3936 sancta-

1927 3968 2046 4007 rum
2082 3951 2410 4013 animarum,
2447 3950 2651 4020 absque
2687 3950 2911 4005 candela
2946 3949 2998 4005 in
3031 3945 3509 4028 qninquefestivi-

1925 4042 2128 4097 tatibus
2174 4042 2526 4106 annuaiibus,
2561 4041 2800 4111 singulos
2847 4039 3134 4105 denarius,
3171 4032 3227 4096 et
3271 4041 3324 4096 in
3377 4041 3510 4111 ipsis

1923 4131 2308 4188 festivitatibus
2345 4149 2467 4187 cum
2511 4132 2766 4186 fratribus
2808 4131 3158 4187 refectionem
3210 4126 3510 4204 eleemosy-

1922 4219 2049 4280 itaut
2100 4224 2336 4280 defuncti
2376 4233 2635 4293 quantum
2687 4223 2842 4278 vivus
2889 4223 3192 4286 donaverit,
3226 4223 3509 4278 monachis

237 4319 624 4374 monachorum
651 4317 878 4387 subieci,
905 4329 958 4374 et
983 4321 1302 4375 auctoritate
1326 4321 1617 4390 apostolica
1651 4321 1819 4374 inter-
1851 4339 1900 4399 ι)
1928 4325 2106 4370 autem
2149 4307 2388 4385 quorum
2451 4313 2683 4369 ecclesia
2736 4322 2822 4368 est
2873 4313 3085 4383 reliqua
3141 4313 3322 4394 omnia
3380 4321 3505 4367 con-

240 4408 358 4464 dixi
393 4418 451 4464 ut
478 4409 657 4464 nullus
687 4410 870 4478 aliquo
899 4410 1188 4464 temerario
1216 4425 1371 4474 ausu,
1401 4410 1512 4464 sive
1539 4409 1822 4479 episcopus

239 4511 336 4554 aut
375 4500 623 4570 quilibet,
657 4501 712 4554 in
763 4499 880 4553 loco
919 4499 1008 4553 illo
1053 4501 1120 4554 de
1169 4499 1346 4569 aliqua
1400 4499 1648 4553 violentia
1683 4498 1819 4553 infra

236 4589 435 4642 atrium
484 4588 629 4644 facta
670 4589 938 4659 justitiam
993 4599 1240 4658 expetat,
1290 4589 1390 4645 nisi
1446 4591 1691 4644 monachi
1729 4605 1823 4660 per

237 4679 498 4734 vicarium
538 4696 701 4734 suum
730 4679 1102 4743 clamaverint,
1144 4687 1237 4732 aut
1283 4678 1446 4748 aliqui
1485 4678 1701 4749 maligni
1734 4693 1818 4732 rc-

236 4773 578 4839 hellaverint;
616 4773 670 4827 in
701 4789 804 4843 qua
835 4771 1062 4826 ecclesia
1097 4773 1198 4825 tria
1244 4772 1439 4825 altaria
1483 4779 1816 4830 constructa,

238 4876 289 4919 et
314 4882 343 4920 a
369 4867 524 4922 nobis
554 4865 870 4925 benedicta.
907 4863 1188 4933 ipsamque
1221 4863 1502 4933 privilegio
1531 4863 1823 4916 auctorita-

239 4959 303 5012 tis
322 4959 635 5031 apostolica:
660 4971 785 5011 cum
806 4954 1020 5010 vinculo
1045 4964 1315 5025 perpetuae
1336 4955 1696 5010 anathematis
1722 4954 1819 5009 hac

237 5045 474 5104 libertate
506 5045 735 5107 donavi,
763 5054 821 5099 ut
848 5060 1005 5099 nemo
1026 5047 1279 5112 deinceps
1309 5062 1370 5099 ea
1403 5043 1696 5116 infringere
1722 5061 1821 5100 nec

231 5136 460 5212 sigillam
511 5145 613 5190 aut
675 5133 728 5188 in
780 5134 860 5188 cis
914 5134 1089 5190 divina
1150 5133 1322 5189 ofﬁcia
1383 5135 1662 5191 celebrare
1717 5135 1816 5191 nisi

213 5230 585 5299 'permissiune
641 5234 738 5278 aut
779 5225 1017 5295 jussione
1067 5227 1458 5282 monachorum
1505 5237 1815 5297 prccsumat.

209 5321 277 5352 -ιί
297 5323 386 5352 ιι.ιὶ
417 5329 581 5352 Δ-Ι“1
614 5317 671 5352 in
697 5326 878 5352 nnch-n
901 5318 977 5352 vol
1008 5317 1059 5352 in
1090 5317 1348 5352 ειιιιιηιιιῖη
1371 5316 1789 5352 ιεηιηηνιηεονῖηί

1926 4409 2217 4472 cessimus;
2262 4417 2315 4462 et
2354 4423 2544 4462 omnes
2575 4408 2666 4477 qui
2716 4405 2842 4462 huic
2889 4407 3216 4463 ordinationi
3253 4391 3512 4462 obviave‘

1925 4499 2057 4564 rint,
2091 4499 2190 4553 sub
2217 4497 2478 4568 perpetuo
2507 4499 2855 4553 anathemate
2882 4497 3278 4552 damnavimus.

1997 4587 2219 4658 Signum
2245 4588 2530 4644 Gebisonis
2551 4589 2844 4658 primicerii
2870 4598 2926 4644 et
2945 4587 3275 4644 cancellarii;

2000 4680 2114 4750 Sig.
2146 4679 2410 4752 Stephani
2438 4681 2826 4737 archidiaconi.

1998 4771 2111 4839 Sig.
2139 4771 2358 4826 Roherti
2387 4769 2782 4828 archidiaconi.

1997 4854 2145 4930 Sign.
2181 4859 2403 4915 Widrici
2432 4859 2824 4918 archidiaconi.

1996 4949 2144 5019 Sign.
2175 4949 2431 5005 Bainardi
2461 4965 2600 5006 com.

1997 5041 2148 5111 S'gn.
2181 5043 2452 5103 Conraudi
2475 5059 2618 5101 com.

1996 5136 2152 5187 Anno
2214 5133 2560 5202 pontiﬁcatus
2621 5133 2807 5191 domui
2864 5137 3137 5198 Brunons
3189 5122 3334 5212 xIx,
3371 5147 3520 5202 urbis

1867 5239 1878 5277 ,ι
1921 5221 2123 5279 Comite
2164 5222 2437 5311 Bainardo
2462 5219 2714 5292 juniore;
2751 5221 3093 5295 ὃρςεῃθηδίς
3120 5232 3240 5303 pagi
3280 5237 3370 5292 ubi
3406 5225 3520 5311 ipsa-

1922 5315 2051 5352 mlh
2075 5313 2173 5352 ιῖια
2199 5324 2278 5352 ne?
2325 5317 2521 5352 nnunitn
2551 5318 2784 5352 Dianinn
2815 5318 2872 5352 ἶ.-

2881 5333 3031 5352 σεξλ-Λ
