4062 5352
1608 238 1665 294 8.
1708 236 1954 295 LEONIS
1993 235 2063 291 IX
2101 234 2302 292 ΡΑΡᾸΞ

2375 233 2746 294 )PUSCIJLA.
3713 218 3830 276 ~59i

546 356 725 431 (Quod
747 356 990 431 sequitur
1019 365 1092 410 est
1123 355 1402 431 Μνημονιρὶ
1423 355 1676 431 ῃνξηιὶιὶυξ
1699 367 1744 431 et
1787 371 1972 410 manu:
1992 355 2134 425 ejus-
2166 362 2206 420 Α
2310 351 2457 421 Sign.
2495 349 2731 406 Valtheri
2755 349 2990 406 comitis.

929 427 1048 481 dem
1075 443 1191 481 cum
1222 427 1373 480 initio
1399 425 1743 497 diplomatis.)

618 540 732 612 Ego
762 538 944 592 Bruno
971 537 1063 592 Dei
1087 537 1264 608 gratia
1294 536 1634 592 Leuchorum
1661 547 1859 606 praesul
1883 543 2132 607 tmngtms

549 633 846 704 subscripsi
875 642 930 688 et
957 632 1191 703 signavi.

622 725 846 796 Signum
878 723 1120 797 liugonis
1148 723 1218 778 de
1247 721 1388 793 Cysa
1413 722 1548 777 urbe
1567 721 1847 776 Italorum.

529 865 536 868 _
619 817 771 888 Sion.
800 813 1126 872 Herberardi
1151 814 1300 884 (119)
1332 813 1724 884 archiepiscopi
1757 811 2127 868 Trevirormn.

623 911 776 976 Sign.
801 908 1194 966 Adhelberonis
1225 906 1479 963 lletensis
1499 906 1673 976 episc.

622 999 773 1067 Sion.
799 997 1123 1054 Theoderici
1159 997 1312 1068 (190)
1343 995 1700 1053 Virdunensis
1726 997 1984 1067 episcopi.

623 1091 769 1158 Sim.
808 1088 1050 1160 llugonis
1070 1087 1487 1159 Chrisopolitani
1522 1089 1928 1160 archiepiscopi.

627 1181 778 1250 δέρη.
808 1167 1037 1238 Widrici
1066 1179 1278 1234 abbatis
1301 1179 1475 1235 sancti
1501 1179 1655 1250 Apri.

505 1327 508 1334 ,
623 1270 772 1342 Sign.
808 1269 1057 1332 Herberti
1080 1269 1398 1340 primicerii.

540 1417 547 1422 _
624 1361 772 1433 Sign.
802 1360 1055 1418 llerberti
1083 1359 1476 1418 archidiaconi.

624 1515 774 1588 (119)
805 1516 842 1570 ll
875 1529 944 1571 nc
965 1515 1047 1572 fut
1079 1513 1177 1571 fait
1205 1517 1546 1588 archevéque
1567 1515 1728 1587 qu'en
1767 1515 1922 1571 1017.

2309 441 2458 514 Sign.
2488 443 2747 500 llainardi
2777 443 3014 499 comitis.

2307 533 2458 605 Sign.
2488 534 2719 592 Odelrici
2744 534 2979 591 comitis.

2308 624 2461 696 Sign.
2491 625 2716 681 alterius
2743 625 2986 682 Oderrici
3018 622 3255 680 comitis.

2311 718 2464 786 Sign.
2501 718 2719 775 llenrici
2744 721 3011 775 advocati.

2313 813 2468 888 εἷρπε
2489 813 2794 868 Gomberti.

2315 903 2468 973 Sign.
2502 903 2772 958 Norberti.

2314 996 2463 1067 Sign.
2495 996 2819 1052 Beimbaltli.

2313 1088 2444 1142 Data
2464 1095 2588 1142 sunt
2615 1086 2729 1142 haec
2753 1102 2896 1141 anno
2919 1086 2988 1140 ab
3019 1085 3398 1141 lncarnatione
3425 1080 3651 1141 Domini
3683 1077 3837 1142 1043.

2242 1177 2535 1234 indictione
2581 1193 2643 1240 tt,
2687 1186 2875 1246 epacta
2921 1193 3030 1239 xiv,
3061 1185 3422 1232 concurrente
3467 1191 3546 1242 vt,
3575 1179 3842 1245 regnante

2244 1267 2481 1324 Henrico
2512 1267 2752 1324 secundo
2783 1266 3152 1323 Romanorum
3175 1266 3437 1338 Angusto.

2321 1523 2471 1596 (120)
2510 1522 2551 1578 ll
2582 1536 2648 1577 ne
2679 1519 2763 1577 fut
2790 1520 2936 1576 aussi
2965 1519 3171 1590 evéque
3192 1518 3351 1590 qu'en
3377 1517 3536 1573 1047.

1367 1771 2038 1892 SANGTI
2110 1774 2766 1891 ιεοιπιε
2839 1774 3044 1890 Ix

1858 1983 2125 2043 ROMANI
2155 1985 2536 2044 PONTlFlClS

831 2161 1564 2280 EPISTOL/E
1649 2163 1830 2278 ET
1941 2161 2598 2278 DECRETA
2699 2161 3563 2280 PONTIFICIA.

560 2619 749 2676 leonis
787 2618 873 2676 IX
904 2637 1055 2692 papa
1093 2619 1237 2676 bulla
1271 2638 1376 2692 qua
1411 2621 1647 2677 Berardo
1679 2621 1741 2686 1,
1780 2618 2030 2692 Farfensi
2060 2622 2150 2677 nb-

633 2692 772 2764 ιηιιὶ,Δ
795 2692 1014 2764 ejusque
1051 2693 1365 2747 monasterio
1389 2733 1404 2758 ,
1432 2692 1586 2756 bona,
1618 2692 1750 2762 jura
1780 2709 1842 2747 ac
1874 2693 2149 2764 privilegia

630 2761 1135 2832 omnia'conﬁrmat.

1156 2852 1335 2909 (Anno
1374 2852 1560 2924 1019.)

733 2966 1039 3040 [Muratori,
1072 2967 1196 3022 lter.
1237 2965 1364 3021 Iun.
1401 2961 1599 3036 Script.
1632 2965 1696 3031 ll,
1729 2981 1790 3030 ll,
1821 2965 1971 3038 585.]

633 3057 744 3114 Leo
785 3058 1105 3128 episcopus,
1143 3073 1334 3114 servus
1373 3074 1655 3114 servorum
1694 3057 1821 3124 Dei,
1865 3059 2062 3116 dilecto
2097 3061 2151 3116 in

561 3147 781 3204 Christo
804 3147 915 3204 ﬁlio
935 3147 1221 3214 BERARDO,
1249 3149 1431 3204 abbati
1457 3148 1773 3203 monasterii
1819 3149 1959 3218 quod
1994 3151 2150 3218 poni-

563 3251 654 3297 tur
681 3242 736 3296 in
763 3239 985 3306 Pharia,
1020 3243 1235 3314 tuisque
1271 3243 1685 3299 successoribus
1715 3244 1767 3298 in
1797 3255 2115 3315 perpetuum
2137 3284 2153 3311 ,

564 3325 878 3406 perpetuam
911 3333 965 3388 in
996 3333 1222 3391 Domino
1253 3334 1503 3390 salutem.

637 3425 772 3479 Cum
809 3423 910 3494 pia:
951 3425 1244 3494 petitiones
1283 3427 1482 3480 nostris
1528 3427 1751 3480 auribus
1794 3425 2156 3493 inculcantur,

568 3519 726 3576 decet
769 3533 868 3574 nos
903 3534 1184 3575 assensum
1223 3520 1500 3588 prmbcre,
1536 3529 1592 3572 et
1635 3518 1831 3572 talilms
1875 3519 2157 3574 desideriis

568 3629 674 3670 non
697 3610 984 3677 resultare,
1007 3611 1262 3683 quatinus
1281 3625 1434 3666 sacra
1461 3609 1575 3666 loca
1602 3611 1934 3682 temporibus
1957 3611 2156 3666 nostris

564 3704 854 3779 proﬁciant
873 3711 928 3759 et
957 3714 1282 3776 augeantur,
1313 3715 1368 3757 et
1399 3703 1452 3758 in
1483 3702 1647 3767 nullo,
1681 3703 1824 3773 quod
1856 3701 2023 3762 absit!
2058 3703 2156 3757 mi-

554 3808 822 3865 nuantur.
860 3797 1029 3869 igitur
1064 3798 1189 3868 quia
1216 3799 1431 3869 petistis
1460 3812 1490 3853 a
1519 3797 1675 3854 nobis
1697 3798 1950 3870 quatinus
1971 3814 2038 3854 ex
2062 3814 2157 3852 no-

2177 2513 2224 2574 B
2251 2511 2498 2567 Romano
2535 2512 2730 2575 etiam,
2770 2521 2823 2567 ct
2865 2511 3144 2579 Tuscano,
3183 2528 3481 2582 omnesque
3511 2514 3850 2584 adjaccutias

2253 2603 2491 2670 ejusdem
2532 2605 2845 2659 monasterii
2893 2613 3057 2675 atque
3094 2605 3483 2676 pertinentias,
3525 2622 3653 2660 cum
3697 2607 3847 2662 omni

2255 2695 2562 2766 integritate
2589 2695 2936 2752 concedimus
2962 2696 3273 2762 detinenda,
3303 2705 3410 2751 tam
3438 2711 3501 2752 ea
3531 2712 3657 2766 qua:
3689 2699 3850 2752 modo

2248 2785 2394 2856 juste
2422 2787 2732 2858 possidetis,
2761 2804 2922 2858 quam
2952 2803 3017 2843 ea
3043 2803 3162 2858 qua:
3189 2788 3242 2842 in
3272 2787 3546 2853 futurum,
3579 2788 3852 2861 largiente

2255 2879 2511 2946 Domino,
2542 2881 2828 2952 potueritis
2863 2881 3146 2951 acquirere
3174 2890 3226 2933 tu
3251 2888 3310 2934 et
3347 2894 3700 2936 successores
3728 2881 3804 2935 tui
3830 2920 3850 2943 ,

2255 2971 2412 3026 sicuti
2465 2987 2563 3042 per
2620 2972 2897 3049 privilegia
2954 2982 3160 3026 sancta:
3213 2972 3609 3026 recordationis
3662 2972 3850 3026 domui

2253 3064 2476 3119 Adriani
2512 3065 2782 3134 quondam
2819 3081 3000 3134 papae,
3037 3073 3091 3117 ct
3124 3063 3308 3124 Pauli,
3341 3063 3516 3117 eidem
3550 3063 3849 3119 venerabili

2257 3154 2588 3212 monasterio
2623 3154 2945 3210 conﬁrmata
2976 3163 3135 3218 sunt,
3175 3155 3562 3224 permaneuda.
3603 3154 3684 3209 De
3717 3154 3851 3210 telo-

2256 3248 2375 3304 neis
2413 3263 2628 3318 quoque
2664 3255 3058 3310 mercatorum,
3091 3254 3147 3302 et
3185 3246 3428 3317 pontium
3451 3286 3466 3311 ,
3511 3255 3570 3300 et
3607 3247 3851 3302 decimas

2257 3340 2324 3394 ad
2352 3339 2741 3394 monachorum
2779 3338 3047 3408 stipendia
3077 3346 3132 3392 et
3159 3352 3455 3408 pauperum
3488 3337 3607 3392 dari
3642 3353 3676 3392 a
3712 3353 3853 3408 pra:-

2256 3431 2394 3485 senti
2419 3428 2652 3485 secunda
2673 3428 2969 3483 indictione
3001 3436 3104 3483 tua:
3133 3421 3468 3499 religiositati
3494 3429 3716 3499 tuisque
3734 3445 3852 3485 sac-

2258 3521 2562 3577 cessoribus
2588 3520 2874 3576 abbatibus
2900 3520 3064 3576 vestri
3098 3521 3412 3575 monasterii
3441 3521 3495 3574 in
3527 3531 3849 3591 perpetuom

2258 3611 2635 3674 concedimus,
2679 3627 2742 3666 ex
2776 3609 2981 3666 eisdem
3013 3611 3266 3665 omnibus
3303 3611 3714 3680 percipiendas;
3753 3626 3849 3666 nec

2259 3719 2364 3760 non
2393 3713 2448 3760 et
2476 3703 2778 3759 oblationes
2811 3711 3169 3758 mortuorum.
3204 3701 3520 3758 Statuentes
3539 3704 3852 3775 apostolica

2257 3811 2483 3851 censura
2515 3811 2578 3850 ex
2606 3795 2931 3851 auctoritate
2958 3794 3101 3850 beati
3129 3793 3275 3849 Petri
3307 3795 3679 3866 apostolorum
3706 3796 3856 3866 prin-

557 3902 677 3951 ,stra
709 3891 960 3960 largitate
1005 3901 1301 3962 nostroque
1329 3891 1470 3948 dono
1507 3892 1928 3947 concederemus
1960 3901 2155 3947 vestra
2182 3902 2226 3962 ο
2259 3886 2394 3956 cipis
2423 3887 2522 3939 sub
2554 3885 2751 3939 divinis
2789 3883 3244 3939 olileslalionibtts
3281 3893 3337 3940 et
3376 3886 3748 3941 anathematis
3778 3887 3856 3940 itt-

571 3986 911 4058 religiositati
943 3987 1258 4043 monasterii
1289 3988 1454 4042 vestri
1490 3985 1980 4051 conﬁrmationem,
2011 3984 2154 4055 ejus—

570 4081 805 4150 demque
841 4081 1134 4144 honorem,
1173 4096 1294 4150 qnte
1329 4080 1493 4135 habet
1526 4080 1721 4145 modo,
1757 4088 1814 4134 et
1841 4079 2153 4134 habiturum

572 4181 654 4227 est
691 4173 742 4226 in
775 4181 1090 4242 perpetuum
1111 4214 1126 4234 ,
1157 4172 1408 4228 videlicet
1449 4172 1670 4227 fundum
1705 4172 1935 4227 Massam
1967 4173 2019 4226 in
2047 4187 2155 4242 quo

574 4269 658 4315 est
676 4261 903 4316 ecclesia
923 4261 1104 4317 Sancti
1126 4262 1412 4316 Valentini.
1434 4262 1507 4314 Ex
1535 4260 1699 4315 lundo
1720 4261 1950 4316 Muciani
1967 4262 2156 4316 uncias

577 4363 707 4407 tres.
742 4351 988 4406 Fundam
1017 4351 1307 4406 Paternum
1330 4392 1344 4418 ,
1378 4353 1428 4404 in
1459 4366 1566 4419 quo
1597 4361 1680 4406 est
1707 4351 1936 4406 ecclesia
1971 4351 2152 4406 Sancti

573 4441 857 4498 Johannis.
912 4441 1158 4496 Funtlntn
1211 4441 1631 4496 Carbonianum.
1683 4440 1927 4496 Fundum
1981 4442 2158 4512 Septi-

575 4534 746 4589 niani.
786 4532 1030 4588 Fundmn
1069 4531 1337 4602 Pipiliani.
1383 4531 1627 4586 Fundum
1672 4531 1860 4602 Agelli.
1910 4530 2158 4586 Fundam

574 4625 827 4682 Mutellm.
856 4623 1104 4679 Fumlnm
1132 4621 1430 4678 Loriniani.
1459 4622 1705 4696 Fundum
1733 4620 1982 4678 Urbana.
2010 4621 2159 4676 Fun-

575 4719 705 4773 dum
733 4716 1068 4772 Bucciniani.
1101 4714 1350 4770 Fundum
1373 4715 1691 4782 Albuciani;
1717 4723 1772 4769 et
1803 4714 1938 4770 alios
1965 4713 2162 4769 fundos

573 4824 698 4864 cum
730 4807 1001 4869 domibus,
1033 4805 1225 4868 vineis,
1260 4804 1476 4861 olivetis
1508 4813 1672 4875 atque
1697 4803 1922 4859 colonis.
1951 4803 2162 4858 Conﬁr-

577 4913 792 4953 mamus
819 4908 999 4952 autem
1023 4895 1174 4951 vobis
1196 4897 1504 4968 vestrisque
1523 4894 1931 4964 successoribus
1953 4908 2166 4966 praeno-

577 4990 818 5044 minatos
845 4989 1058 5053 fundos,
1086 4990 1170 5043 vel
1196 4989 1402 5050 uncias,
1437 5002 1530 5043 seu
1559 4971 1818 5044 ecclesias
1849 5001 1972 5042 cum
1998 4985 2162 5050 casis,

2261 3974 2686 4032 terdictionibus.
2717 3985 2773 4028 ut
2805 3972 2934 4026 nulli
2959 3987 3195 4042 unquam
3225 3980 3534 4028 nostrorum
3563 3988 3851 4029 successo-

2260 4081 2377 4119 rnm
2409 4065 2754 4134 pontiﬁcum,
2797 4063 2877 4118 vel
2917 4063 3036 4118 alia:
3067 4063 3291 4118 cuilibet
3323 4079 3534 4134 magna:
3563 4079 3855 4134 parva-que

2258 4173 2530 4229 personae,
2573 4157 2685 4227 ipsa
2718 4164 3108 4225 prmuonunata
3149 4154 3266 4210 loca
3299 4156 3381 4209 vel
3411 4170 3532 4225 qua:
3571 4156 3627 4209 in
3669 4166 3851 4225 postc-

2259 4265 2409 4313 rum,
2441 4247 2738 4302 auxiliante
2772 4249 2904 4311 Deo,
2951 4257 3134 4302 vestro
3164 4247 3494 4302 monasterio
3526 4245 3734 4300 fuerint
3759 4262 3855 4299 ac-

2259 4340 2478 4410 quisita,
2519 4339 2677 4393 sicuti
2715 4354 2873 4407 supra
2915 4347 3041 4392 sunt
3084 4338 3332 4392 instituta
3358 4376 3374 4401 ,
3415 4353 3446 4390 a
3486 4345 3762 4408 potestate
3801 4345 3853 4390 et

2260 4432 2464 4486 ditione
2495 4440 2674 4485 vestra
2705 4441 3120 4498 vestrorumque
3151 4443 3526 4484 successorum
3546 4467 3562 4492 ,
3595 4443 3662 4482 ac
3689 4427 3854 4482 vestri

2261 4521 2575 4577 monasterii
2607 4520 2824 4575 auferre
2855 4519 2937 4573 vel
2967 4520 3208 4574 alienare
3237 4535 3454 4590 quoquo
3481 4520 3642 4574 modo
3673 4519 3852 4572 liceat.

2263 4612 2322 4667 Si
2348 4627 2472 4682 quae
2500 4620 2679 4665 autem
2714 4609 3002 4664 temerario
3027 4624 3161 4664 ausu
3198 4625 3391 4680 magna
3431 4624 3705 4678 parvaque
3731 4623 3857 4678 per-

2264 4720 2394 4760 sona
2441 4712 2630 4758 contra
2681 4701 2782 4757 hoc
2828 4710 3073 4755 nostrum
3122 4699 3459 4769 privilegium
3511 4714 3677 4768 agere
3723 4713 3856 4767 pra:-

2266 4796 2580 4867 sumpscrit,
2607 4796 2742 4849 sciat
2768 4808 2826 4848 se
2853 4793 3214 4848 anatliematis
3243 4791 3456 4846 vinculo
3481 4806 3602 4846 esse
3633 4791 3859 4845 innoda-

2269 4899 2400 4953 tam,
2429 4898 2485 4943 et
2513 4905 2541 4943 a
2568 4903 2730 4959 regno
2762 4886 2854 4942 Dei
2881 4886 3136 4949 alienam,
3164 4895 3219 4939 et
3245 4901 3366 4940 cmn
3391 4885 3645 4940 omnibus
3677 4884 3855 4954 impiis

2267 4992 2472 5036 mterno
2501 4979 2750 5035 inccndio
2775 4993 2838 5032 ac
2865 4977 3130 5046 supplicio
3163 4976 3598 5031 condemnatam.
3631 4974 3703 5026 At
3728 4988 3857 5026 vero

578 5077 779 5143 vineis,
810 5078 1001 5147 pratis,
1033 5077 1208 5142 silvis,
1239 5075 1476 5142 salictis,
1506 5091 1737 5134 necnon
1765 5075 2082 5147 aquimolis,
2113 5083 2169 5130 et
2269 5073 2360 5142 qui
2400 5073 2488 5142 pio
2524 5069 2722 5124 intuitu
2763 5078 2982 5124 curator
3024 5077 3078 5120 et
3122 5067 3444 5121 observator
3480 5065 3636 5135 hujus
3685 5064 3853 5118 nostri

581 5170 853 5226 universis
895 5170 1309 5241 appendicibus,
1341 5169 1550 5228 colonis
1590 5178 1755 5242 atque
1784 5169 2052 5232 .l'amiliis,
2082 5167 2166 5222 vel

2271 5160 2534 5234 privilegii
2560 5159 2851 5224 exstiterit,
2881 5156 3107 5230 gratiam
3140 5165 3304 5225 atque
3332 5153 3752 5209 misericordiam
3778 5151 3857 5204 vi-

582 5261 839 5317 omnibus
868 5262 934 5313 ad
961 5240 1055 5316 eos
1083 5261 1410 5332 generaliter
1437 5270 1493 5318 et
1519 5263 1573 5318 in
1600 5240 1867 5332 integrum
1897 5259 2168 5331 pertinen-
2202 5274 2248 5334 ι)
2277 5263 2494 5321 tamque
2538 5257 2796 5306 mtcrnam
2849 5264 2878 5302 a
2932 5246 3440 5302 misericordissimo
3487 5243 3713 5352 Domin
3745 5240 3858 5296 Deo
