4062 5352
223 327 328 384 593

1216 339 1576 397 EPISTOLxE
1619 345 1705 400 ET
1751 347 2062 402 DECRETA
2105 349 2506 407 PONTIFICIA.

3396 359 3520 432 θυι,

300 445 498 499 Datum
532 462 584 500 tv
616 447 730 502 Kal.
765 448 937 505 Martii
970 466 1066 520 per
1093 469 1285 510 manus
1312 455 1456 511 Petri
1483 458 1692 515 diaconi
1731 461 1811 514 bi-
1847 469 1888 524 Λ
1920 465 2173 534 episcopo
2203 465 2466 520 Perusino
2493 465 2686 520 collata
2717 474 2842 520 sunt
2866 467 2930 520 de
2955 467 3142 521 eodem
3176 479 3357 524 vestro
3388 487 3508 525 ιιιυ⁹

225 536 574 592 hliothccarii
610 550 664 594 et
691 542 995 598 cancellarii
1040 555 1242 602 saneta:
1279 549 1589 617 apostolicae
1627 553 1774 607 sedis
1798 593 1813 614 ,

223 644 371 680 anno
418 631 768 696 pontificatus
809 634 990 689 domui
1026 634 1223 693 Leonis
1264 639 1391 694 noni
1431 657 1582 712 papa:
1610 643 1816 714 primo,

224 718 527 774 indictione
564 736 625 774 tt.
990 793 1032 848 ﬂ

223 898 416 978 Leonis
449 901 543 978 1
561 921 712 970 papa:
743 906 909 978 bulla,
939 924 1031 978 per
1057 926 1214 978 quam
1243 914 1616 967 monasterium
1646 914 1815 970 Pern-

293 973 468 1050 sirtum
504 972 720 1053 Sancte
745 972 946 1030 Mariae
967 972 1344 1035 Valiis-Pontis
1368 984 1518 1052 eripit
1545 982 1818 1041 Permittis

294 1058 574 1096 ειιιειουιε.

323 1058 574 1110 μιειόμη.

823 1117 1004 1183 (Anno
1041 1118 1224 1190 1049.)

514 1222 834 1294 [Muratori,
866 1226 1045 1297 Antiq.
1079 1219 1232 1296 11:31.,
1265 1232 1360 1298 Vl,
1391 1235 1539 1309 353.]

295 1330 407 1385 Leo
457 1331 788 1403 cpiscopus,
839 1352 1027 1393 servus
1071 1356 1350 1398 servorum
1401 1345 1536 1412 Dei,
1583 1346 1772 1404 JOANNI
1803 1392 1816 1412 ,

224 1423 402 1476 abbati
431 1429 750 1483 monasterii
793 1431 1005 1487 Sanctae
1027 1433 1207 1491 Mariae
1249 1436 1414 1494 Vallis
1441 1439 1658 1509 Pontis,
1691 1447 1822 1498 tuis-

224 1519 764 1583 qut-successoribus
801 1522 1103 1590 abbatibus,
1150 1539 1462 1598 perpetuam
1496 1533 1549 1588 in
1597 1535 1824 1591 Domino

226 1606 482 1661 salutem.

295 1695 435 1764 Quia
465 1698 534 1752 ad
563 1699 684 1767 hoc,
714 1715 984 1760 annuente
1013 1706 1262 1774 Domino,
1294 1726 1398 1766 non
1429 1715 1628 1769 nostris
1659 1717 1822 1771 meri-

230 1791 334 1850 tis,
383 1793 773 1895 pervenimus,
819 1805 878 1850 ut
911 1800 1148 1853 omnium
1186 1801 1547 1858 Ecclesiarum
1585 1823 1711 1860 cura
1754 1810 1820 1862 ad
1855 1818 1895 1874 n
1924 1791 2636 1895 “ea;sejisl;h},gﬁéiﬁhi

229 1897 324 1934 nos
364 1885 664 1952 respiciat,
705 1903 864 1956 quam
912 1893 1147 1948 maxime
1196 1893 1340 1948 circa
1388 1895 1506 1950 illas
1550 1899 1824 1957 Ecclesias

228 1972 529 2028 sollicitare
549 1977 812 2033 debemus
839 1997 956 2049 qua:
977 1984 1207 2053 proprite
1230 1986 1328 2039 sub
1355 1989 1602 2044 manibus
1627 1995 1824 2049 nostris

234 2068 562 2124 consistunt.
611 2071 737 2125 lude
771 2084 853 2127 est
889 2077 1029 2144 quod
1065 2077 1130 2130 ad
1173 2079 1485 2148 petitionem
1534 2092 1710 2148 tuam,
1748 2087 1828 2140 di-

235 2161 527 2218 lectissime
561 2164 633 2218 fili
665 2166 904 2223 Joannes
945 2169 1140 2233 abbas,
1173 2187 1334 2228 aures
1367 2183 1580 2231 nostras
1616 2178 1828 2232 inflexi—

238 2268 377 2314 lllllS,
406 2268 643 2323 eamque
670 2255 896 2326 implere
919 2259 1287 2327 decrevimus,
1315 2271 1374 2317 ut
1399 2263 1608 2320 scilicet
1634 2266 1829 2321 confiro

239 2356 515 2396 maremns
554 2353 610 2397 et
649 2346 1128 2405 cnrroboraremus
1167 2364 1351 2407 vestro
1387 2358 1743 2422 monasterio,
1777 2368 1832 2413 et

239 2433 388 2488 vobis
419 2449 484 2487 ac
519 2437 922 2494 successoribus
957 2443 1150 2498 vestris
1179 2443 1492 2511 abbatibus,
1529 2449 1746 2503 mobilia
1777 2459 1832 2505 et

241 2524 537 2578 immobilia
585 2526 724 2579 bona
770 2543 1102 2598 quaecunque
1132 2571 1146 2592 ,
1195 2536 1523 2604 qnocunque’
1567 2537 1725 2593 modo
1763 2539 1830 2594 ad

242 2629 391 2666 usum
433 2614 498 2666 ad
527 2630 623 2669 vos
663 2624 718 2669 et
752 2621 1136 2674 tuonaslcrium
1167 2633 1406 2679 vestrum
1443 2635 1496 2680 et
1531 2644 1673 2683 nunc
1706 2645 1832 2700 per-

243 2707 414 2759 tinent
439 2717 492 2759 et
524 2723 576 2760 In
606 2717 926 2780 perpetuum
959 2713 1332 2784 pertinebunt:
1363 2726 1414 2771 et
1438 2726 1498 2770 ut
1519 2718 1583 2772 de
1610 2719 1836 2775 det-imis

241 2809 291 2851 et
322 2800 581 2868 primitiis
607 2802 861 2857 similiter
887 2803 1210 2871 faceremus,
1243 2817 1297 2861 et
1323 2808 1388 2863 de
1413 2809 1628 2864 clericis
1654 2829 1683 2864 a
1709 2827 1836 2880 quo-

243 2905 457 2959 cunque
511 2893 801 2962 contigerit
853 2896 1207 2961 ordinandis;
1265 2907 1324 2952 ut
1379 2899 1576 2954 fotrmn
1632 2903 1834 2958 nemini

241 2982 684 3036 conditionaliter
738 2986 1026 3053 przeheatis
1069 2998 1266 3059 prteter
1315 3005 1512 3061 papae,
1561 2995 1627 3049 ad
1674 3012 1834 3066 quem

246 3072 462 3140 proprie
500 3074 814 3142 pertinetis,
849 3077 988 3132 sicut
1025 3079 1078 3133 in
1119 3092 1385 3152 praecepto
1423 3084 1524 3153 pia:
1563 3089 1836 3144 memoriae

1921 558 2179 612 nasterio.
2214 557 2319 616 Pro
2354 575 2458 628 qua
2495 559 2974 626 corroboratione,
3018 562 3407 619 constitutione
3445 573 3502 619 et

1919 647 2270 702 evacuatione
2299 650 2586 704 statuimus
2607 650 2904 720 apostolica
2927 665 3180 716 censura,
3207 653 3306 712 sub
3330 653 3498 710 divini

1917 738 2100 808 iudicii
2133 740 2555 802 .extertnininm,
2615 755 2681 794 ne
2727 740 2850 810 quis
2897 756 3132 809 unquam
3188 753 3497 798 nostrorqu

1919 842 2292 884 successorum
2342 829 2685 899 pontificum,
2734 838 2825 882 ant
2859 829 3112 899 quaelibet
3159 831 3264 885 alia
3309 848 3502 903 magna

1921 933 2195 988 parvaque
2226 933 2453 988 persona
2475 960 2490 984 ,
2530 928 2585 974 et
2617 918 2930 987 specialiter
2972 919 3256 990 episcopus
3289 919 3507 976 Perusi-

1921 1025 2052 1071 llliS,
2093 1021 2283 1064 contra
2317 1010 2419 1064 hoc
2459 1018 2699 1064 nostrum
2739 1019 3064 1080 prteceptunt
3104 1024 3264 1080 agerc
3308 1026 3508 1079 praesu-

1924 1111 2053 1154 mat.
2097 1101 2249 1168 Quod
2301 1101 2346 1154 si
2396 1101 2518 1171 quis
2571 1100 2710 1156 forte
2764 1104 3092 1170 tentaverit,
3144 1105 3510 1159 anatltematis

1922 1192 2138 1247 vinculo
2173 1208 2204 1247 a
2247 1192 2472 1248 Domino
2523 1194 2632 1248 Deo
2684 1194 2992 1258 iunodetnr,
3045 1209 3146 1250 nec
3195 1195 3298 1250 nisi
3348 1195 3507 1265 digna

1921 1281 2290 1337 satisfactione
2323 1282 2582 1336 solvatur.
2618 1282 2716 1349 Qui
2749 1299 2878 1337 vero
2915 1294 3098 1338 custos
3135 1294 3190 1338 et
3219 1284 3510 1338 inviolator

1924 1372 2084 1442 hujus
2121 1373 2294 1430 nostri
2326 1373 2579 1444 praecepti
2619 1374 2922 1438 exstiterit,
2955 1389 2984 1426 a
3018 1373 3243 1428 Domino
3279 1374 3391 1428 lleo
3418 1373 3514 1429 bc-

1924 1467 2226 1532 nedicatur,
2268 1480 2333 1520 eo
2370 1465 2512 1535 quod
2554 1465 2926 1522 inconvulsum
2969 1480 3286 1535 permanere
3328 1465 3512 1521 lauda-

1924 1557 2018 1610 vit.
2049 1555 2195 1612 Bene
2233 1556 2428 1611 valete.

1992 1645 2187 1702 Datum
2243 1663 2317 1702 vtt
2372 1647 2642 1703 Kalendas
2687 1646 2918 1718 Aprilis,
2983 1660 3080 1716 per
3129 1663 3321 1702 manus
3365 1646 3509 1703 Petri

1923 1735 2167 1805 diaconi,
2200 1737 2595 1794 bibliothecarii
2627 1748 2682 1794 et
2711 1738 3018 1793 cancellarii
3060 1747 3261 1794 sancta:
3295 1748 3512 1810 aposto-

2667 1830 2863 1886 Leonis
2892 1829 2964 1884 lX
2997 1845 3148 1901 papae
3189 1831 3398 1902 primo,
3431 1832 3512 1885 in-

1927 1921 2162 1977 dictione
2191 1921 2449 1977 secunda.

1930 2125 1991 2180 S.
2011 2123 2194 2179 Leonis
2209 2123 2292 2178 IX
2302 2125 2629 2195 privilegium
2658 2143 2750 2196 pro
2774 2125 3008 2180 Ecclesia
3027 2124 3317 2180 Trevirensi
3341 2091 3532 2196 (liii:

2516 2239 2695 2308 (Anno
2740 2238 2924 2311 ιοιθδ

2099 2349 2438 2424 [llontheim,
2474 2351 2611 2406 Ilist.
2639 2351 2838 2408 Trevir.
2875 2351 3092 2422 diplom.
3120 2350 3173 2420 1,
3199 2351 3349 2425 586.]

2002 2440 2114 2496 Leo
2142 2441 2449 2511 episcopus,
2477 2457 2666 2496 servus
2697 2456 2976 2496 servorum
3011 2441 3133 2505 Dei,
3166 2440 3519 2495 dilectissimo

1935 2531 2277 2592 Eaennanno.
2303 2532 2706 2586 Trevirensium
2736 2531 3151 2602 arcltiepisc0po
3171 2572 3186 2597 ,
3212 2531 3518 2601 vestrisque

1935 2623 2363 2690 successoribus,
2395 2623 2626 2678 salutem
2677 2623 2728 2676 in
2769 2623 3016 2676 Domino.

2006 2711 2294 2766 .Eternum
2333 2711 2528 2766 divinae
2575 2711 2996 2780 dispensationis
3046 2711 3354 2776 consilium,
3409 2725 3520 2780 quo

1938 2804 2175 2858 decrevit
2207 2817 2304 2874 per
2340 2812 2582 2873 tempora
2633 2802 2960 2858 distribuere
3009 2803 3222 2868 omnia,
3254 2801 3398 2857 nulla
3431 2817 3518 2857 re-

1939 2911 2057 2951 rum
2089 2895 2449 2950 mutabilitate
2486 2902 2753 2959 mutatur,
2794 2893 3050 2965 nullaque
3080 2903 3384 2965 temporum
3429 2892 3516 2947 di-

1943 2987 2202 3042 versitate
2229 2985 2487 3040 variatur.
2526 2984 2680 3041 Unde
2705 2984 2906 3040 factum
2929 2994 3012 3040 est
3032 2984 3270 3054 uthujus
3300 2993 3518 3040 aeternae

1941 3077 2312 3148 dispositionis
2343 3075 2695 3133 immutabilis
2723 3074 2858 3130 ordo
2886 3083 3124 3130 nostram
3153 3075 3220 3130 de
3249 3073 3520 3134 Tullensis

248 3161 552 3216 decessoris
592 3164 763 3218 nostri
798 3165 976 3222 domui
1006 3168 1301 3227 Clementis
1329 3187 1479 3243 papae
1507 3177 1834 3232 continetur.
1865 3178 1909 3238 C
1939 3171 2281 3239 cpisc0patus
2295 3167 2600 3224 humilitate
2621 3167 3053 3224 mediocritatem
3077 3168 3143 3222 ad
3163 3167 3517 3237 apostolicam

247 3252 589 3322 Quapropter
611 3270 710 3325 per
732 3255 889 3326 hujus
921 3261 1092 3316 nostri
1140 3266 1389 3333 praecepti
1420 3268 1614 3321 seriem
1641 3269 1837 3323 confir-

249 3361 463 3399 mamus
501 3354 666 3416 atque
699 3349 1117 3407 corroboramus
1148 3363 1330 3410 vestro
1369 3361 1698 3412 monasterio
1721 3401 1735 3425 ,
1779 3369 1839 3414 ut

248 3433 506 3500 diximus,
537 3449 603 3489 ac
632 3436 784 3492 vobis
811 3453 872 3493 ac
893 3442 1297 3498 successoribus
1331 3446 1524 3500 vestris
1555 3445 1838 3503 abbatibus

250 3539 588 3605 quaecunque
614 3527 775 3582 modo
809 3529 983 3597 ipsum
1016 3541 1255 3587 vestrum
1291 3537 1678 3591 monasterium
1722 3556 1837 3610 pos-

255 3613 418 3675 sitiet,
449 3623 505 3668 et
534 3615 587 3668 in
620 3627 941 3686 perpetuum
971 3622 1287 3689 possidebit,
1317 3625 1429 3679 sive
1458 3627 1567 3680 sint
1598 3629 1836 3695 mobilia,

251 3705 365 3758 sive
397 3706 719 3772 immobilia,
752 3725 1078 3782 quocunque
1111 3716 1270 3770 modo
1299 3717 1611 3774 evenissent
1634 3730 1688 3775 et
1716 3737 1838 3777 eve-

254 3798 427 3852 nient.
459 3796 706 3853 Decimas
734 3802 894 3856 etiam
937 3812 992 3858 et
1028 3806 1294 3875 primitias
1324 3808 1390 3862 de
1426 3809 1556 3878 ipsis
1596 3812 1753 3867 bonis
1783 3822 1843 3868 ut

253 3905 405 3945 more
429 3891 510 3945 sol
536 3901 586 3946 to
608 3894 910 3964 accipiatis,
933 3900 1333 3967 constituimus,
1359 3915 1489 3959 etut
1513 3905 1669 3961 liceat
1689 3909 1840 3965 vobis

255 3985 560 4052 vestrisque
592 3988 1029 4054 successoribus,
1073 3992 1372 4064 cuicunque
1401 3995 1562 4051 vultis
1590 3999 1840 4069 episcopo

251 4073 486 4128 clericos
512 4087 714 4132 vestros
741 4079 1072 4136 ordinandus
1102 4082 1315 4139 offerre.
1358 4086 1496 4154 Quin
1524 4089 1685 4144 etiam
1713 4106 1841 4160 pro-

251 4162 508 4219 hibemus
537 4182 602 4220 ne
626 4170 750 4237 quis
773 4185 804 4222 a
836 4171 990 4225 vobis
1015 4172 1196 4244 exigat
1227 4174 1423 4230 fotrnm
1441 4218 1455 4246 ,
1485 4188 1679 4248 praeter
1703 4197 1838 4252 papa

253 4257 452 4310 solum.
501 4258 584 4311 Ab
625 4261 772 4314 omni
818 4263 980 4316 etiam
1029 4264 1351 4321 alienatione
1402 4267 1600 4324 liberos
1645 4286 1740 4327 vos
1789 4281 1846 4328 et

254 4363 480 4404 securos
522 4349 741 4407 reddere
785 4353 1070 4420 volumus;
1106 4359 1246 4412 unde
1280 4362 1572 4429 apostolica
1603 4365 1841 4419 auctori-

255 4448 365 4494 tate
409 4455 690 4496 cassamus
729 4452 784 4496 et
828 4459 1154 4501 evacuamus
1202 4449 1288 4501 illa
1339 4463 1604 4523 prtecepta
1650 4469 1769 4523 qua:
1808 4470 1838 4509 a

1940 3269 2280 3330 promoveret
2319 3259 2740 3326 sublimitatem;
2792 3258 3030 3332 gratuito
3074 3259 3290 3329 quidem
3335 3259 3476 3314 dono
3502 3299 3518 3318 ,

1939 3368 2044 3407 non
2068 3351 2250 3422 aliquo
2283 3351 2532 3422 exigente
2555 3358 2744 3407 nostro
2772 3350 2989 3406 merito.
3033 3348 3296 3417 Quocirca
3339 3358 3519 3403 vestra

1941 3443 2274 3504 fraternitas,
2305 3439 2617 3497 dulcissime
2645 3439 2837 3506 frater,
2866 3455 2986 3505 nos,
3028 3450 3214 3496 nostra
3254 3439 3520 3494 charitale

1939 3534 2070 3598 vita,
2107 3535 2365 3588 comitata
2397 3544 2498 3597 est,
2529 3541 2584 3588 et
2610 3533 2791 3588 Roma:
2814 3533 3095 3588 nobiscum
3123 3531 3518 3602 aliquantulum

1942 3635 2234 3680 remorata.
2289 3625 2494 3680 Interea
2542 3623 2643 3679 loci
2698 3639 2818 3678 cum
2872 3623 3165 3694 unicuique
3221 3638 3376 3679 suum
3429 3623 3520 3694 jus

1937 3731 2206 3786 suumque
2233 3723 2462 3780 rectum,
2490 3714 2632 3785 quod
2654 3713 2738 3769 vel
2770 3712 3006 3768 ablatum
3031 3714 3268 3784 penitus,
3291 3711 3377 3767 vel
3418 3713 3521 3767 ali-

1941 3805 2262 3875 quantulum
2297 3806 2636 3860 immutatum
2669 3811 2835 3869 esset,
2861 3803 3188 3859 omnimodis
3231 3802 3524 3858 restituere

1941 3911 2280 3965 cuperemns,
2306 3886 2611 3951 dilectioriis
2637 3904 2833 3950 vestra:
2867 3894 3148 3966 privilegia
3176 3894 3334 3950 nobis
3379 3903 3524 3950 attno

1944 3986 2106 4049 listis,
2136 4003 2256 4056 quae
2283 3986 2430 4055 (122)
2448 3987 2740 4054 primatum
2761 3981 2949 4039 Galliae
2961 3983 3194 4054 Belgicae
3213 3984 3522 4052 subscripta

1945 4079 2105 4134 modo
2135 4079 2330 4132 vestris
2350 4077 2789 4131 antecessoribus
2821 4075 3007 4130 datum
3037 4092 3068 4130 a
3095 4084 3281 4131 nostra
3304 4085 3525 4145 apostoo

1943 4169 2043 4223 lica
2078 4170 2204 4224 sede
2224 4169 2562 4230 asserebant,
2591 4183 2687 4238 pro
2711 4183 2778 4223 eo
2799 4168 2941 4238 quod
2969 4169 3023 4222 in
3055 4169 3279 4224 exordio
3309 4167 3527 4239 religim

1945 4262 2030 4317 uis
2059 4269 2236 4316 vestra
2278 4257 2618 4314 Trevirensis
2645 4258 2887 4314 Ecclesia
2916 4260 3088 4329 prima
3118 4258 3223 4314 illis
3261 4259 3313 4313 in
3352 4259 3523 4329 parti-

1944 4352 2046 4408 bus
2090 4351 2213 4406 fidei
2254 4351 2556 4406 rudimenta
2601 4351 2965 4420 percepisset,
2992 4363 3088 4419 per
3135 4349 3381 4420 egregios
3427 4349 3527 4403 ilo-

1944 4445 2228 4516 sinatisms
2285 4443 2634 4510 Eucharium,
2687 4442 2978 4508 Valerium,
3011 4444 3349 4510 Maternum,
3385 4457 3524 4514 quos

255 4531 550 4589 Benedicto
587 4543 641 4589 et
683 4535 947 4608 Gregorio
981 4539 1193 4609 injustis
1231 4542 1573 4611 pontificibus
1615 4547 1832 4604 Andreze

1944 4535 2289 4592 beatissimus
2326 4536 2524 4626 Petrus
2551 4535 2918 4606 apostolorum
2946 4537 3200 4606 princeps
3243 4536 3520 4600 instruxit,

327 4708 476 4786 (121)
614 4709 876 4780 majorem
919 4725 1159 4786 praesens
1188 4711 1530 4769 Trevirensis
1578 4717 1842 4786 primatus

256 4779 602 4854 confirmatio
658 4789 897 4836 meretur
922 4779 1328 4854 iatteutionem.
1378 4787 1542 4854 quod,
1578 4779 1686 4840 non
1739 4789 1839 4841 ob-

259 4859 439 4904 stante
495 4850 726 4921 aliorum
751 4851 1109 4921 Oppositioae,
1135 4855 1291 4921 quasi
1325 4854 1376 4908 in
1397 4850 1841 4911 'contradictorio

259 4922 466 4996 mucita
497 4919 682 4996 fuerit,
713 4919 887 4996 neque
909 4938 937 4996 ει
961 4924 1088 4996 solo;
1122 4919 1370 4996 Romano
1392 4928 1668 4996 pontifice,
1692 4929 1784 4981 sed
1807 4945 1835 4980 a

262 4993 490 5060 synodo,
513 4991 601 5044 cui
641 4995 750 5046 nec
785 4993 882 5046 soli
918 4992 1034 5047 Itali
1076 4991 1416 5050 interfuere."
1444 4995 1840 5052 Hildehrantlus

261 5069 425 5121 certe,
453 5061 508 5115 in
533 5060 777 5116 Ecclesia
808 5062 1115 5118 Coloniensi
1143 5065 1434 5129 enutritus,
1481 5068 1696 5123 nolebat
1725 5083 1840 5119 ma-

263 5132 486 5207 gistram
518 5147 679 5186 suam
728 5131 1084 5207 Trevirensis
1119 5133 1269 5207 sedis
1301 5135 1536 5192 elatione
1573 5137 1837 5207 deprimi,

267 5215 382 5234 unm
403 5201 586 5234 δίκη-,Λ
608 5211 916 5234 nlannlnnnn
945 5205 1108 5234 κλίνη-υἷι
1160 5213 1216 5234 --ο
1250 5203 1348 5234 ..ΛΑ
1373 5201 1734 5234 ηθιιΩ-.-.ηλζιισ

1943 4725 2189 4785 tempore
2207 4713 2356 4785 beati
2373 4712 2586 4785 Leonis
2610 4726 2784 4783 papae,
2806 4710 3114 4785 Trevirensi
3141 4709 3397 4785 episcopo
3424 4722 3523 4779 pro

1947 4779 2154 4840 honore
2179 4784 2433 4839 Ecclesia:
2461 4779 2844 4852 vestrichuod
2867 4781 3008 4852 idem
3032 4779 3222 4836 beatus
3242 4779 3352 4852 L_eo
3377 4793 3523 4850 aegre

1945 4855 2062 4910 tulit
2091 4896 2106 4920 ,
2135 4855 2342 4908 viribus
2383 4855 2510 4908 totis
2542 4848 2857 4908 restitimus.
2900 4869 2918 4902 ι
2971 4850 3026 4905 Si
3060 4860 3241 4920 autem
3271 4848 3374 4904 hac
3426 4848 3523 4920 sua

1945 4918 2284 4996 oppositione
2313 4924 2440 4996 nihil
2466 4924 2652 4996 nocuit
2681 4921 3003 4996 confirmato
3024 4935 3125 4996 per
3153 4919 3388 4996 Leonem
3415 4918 3528 4996 pri-

1945 4987 2114 5050 niatui
2168 4994 2584 5056 Hildebrandus,
2616 4993 2667 5046 in
2700 4990 2870 5060 hociei
2905 4987 3125 5060 prodest
3153 4989 3229 5043 rei
3259 4987 3440 5058 gesta!
3465 4987 3518 5043 [lo

1943 5065 2077 5121 delis
2103 5065 2362 5128 narratio,
2390 5065 2442 5118 in
2490 5058 2865 5131 GregoriiVll
2907 5058 3152 5129 epistolis
3200 5071 3442 5128 servata,
3469 5067 3529 5113 ut

1944 5137 2028 5190 vel
2055 5135 2177 5211 inde
2201 5135 2364 5211 etiam
2391 5130 2687 5211 appareat,
2714 5130 3053 5211 Trevirensis
3096 5131 3527 5211 pritnati2e__jura

1943 5220 2101 5234 run-non
2129 5202 2505 5234 l‘n|lnn:nnoe‘m
2537 5202 2956 5234 ηιιηιιῖιιῖωηοοῖη
3005 5218 3124 5234 anno
3165 5205 3506 5234 τευτλία-..εἶσθα
