4062 5352
189 227 318 325 εει-ι’
1152 250 1511 310 EPISTOLA-Z
1549 247 1634 303 ετ
1677 246 1779 302 ῡΕ(

1883 242 1988 298 ΞΤΑ
2033 236 2436 296 PONTIFICIA.

188 395 236 438 et
259 385 306 436 in
335 386 651 449 perpetuum
674 363 843 442 ipsam
870 369 1122 433 insulam,
1148 368 1239 422 tibi
1265 375 1320 422 et
1349 361 1756 420 successoribus
1787 367 1830 424 Α

193 475 290 529 tuis
312 472 427 526 sine
458 465 827 536 inquietudine
856 462 1054 516 habere
1093 459 1438 515 concedimus
1466 457 1627 526 (deest
1659 453 1758 508 ali-

191 563 349 632 quid),
374 557 457 612 νει
488 558 538 618 in
566 554 823 615 futurum,
851 553 958 606 Deo
982 553 1294 610 miserante,
1318 546 1509 601 collata
1537 543 1757 605 fuerint,

193 655 283 709 sub
308 649 593 719 cnjnslibet
621 661 793 700 causae
820 642 1188 698 occasionisve
1209 639 1386 710 specie
1413 637 1656 691 minuere
1679 633 1760 687 vel

195 741 392 797 an'errc
419 739 638 790 audeat.
671 735 774 789 Sed
804 723 1019 794 cuiicta,
1051 746 1170 800 qua!
1203 729 1273 783 ibi
1305 727 1482 783 oblata
1516 733 1643 780 sunt
1680 724 1760 777 vel

196 831 359 886 oﬂ'erri
387 825 696 897 contigerit,
723 833 827 878 tam
850 840 878 877 a
905 832 954 877 te
975 837 1134 892 quam
1151 836 1180 875 a
1208 819 1312 874 tuis
1334 816 1758 880 successoribus,

196 940 225 993 p
258 922 400 976 renni
417 931 662 988 tempore
679 917 794 970 sine
819 913 1190 985 inquietudine
1211 911 1457 965 volumus
1477 907 1761 978 possideri,

198 1029 367 1068 eorum
408 1010 630 1079 quidem
684 1007 869 1062 usibus
895 1047 908 1071 ,
957 1021 1053 1075 pro
1096 1018 1325 1074 quorum
1372 998 1765 1055 sustentatione

199 1118 435 1159 concessa
509 1108 640 1154 sunt
670 1141 684 1164 ,
726 1100 900 1153 modis
937 1097 1185 1149 omnibus
1222 1092 1521 1164 profutura.
1559 1089 1616 1143 Si
1646 1089 1766 1160 quis

200 1210 313 1249 vero
360 1207 571 1262 regum,
627 1188 986 1252 sacerdotum,
1027 1185 1375 1247 clericorum,
1417 1180 1659 1249 judicnm
1704 1196 1767 1234 ac

201 1286 525 1343 saacnlarium
560 1297 910 1353 personarum
941 1281 1078 1334 hanc
1125 1275 1523 1332 constitutionis
1572 1281 1769 1326 nostrae.

201 1377 429 1448 paginam
471 1386 782 1446 agnoscens
821 1379 1008 1424 contra
1047 1383 1164 1422 eam
1213 1367 1399 1420 venire
1442 1363 1726 1418 tentaverit
1751 1401 1766 1424 ,

201 1466 464 1538 potestatis
506 1465 840 1533 honorisque
881 1463 962 1516 sui
1004 1459 1268 1529 dignitate
1301 1465 1485 1510 careat
1509 1468 1770 1520 reumqne

204 1578 252 1615 se
294 1559 466 1614 divino
510 1556 721 1626 judicio
750 1557 985 1611 existere
1023 1554 1089 1608 de
1132 1558 1435 1622 perpetrata
1478 1552 1771 1616 cognoscat

207 1649 487 1717 iniquitate.
536 1645 608 1700 Et
651 1645 754 1701 nisi
803 1644 1089 1715 resipuerit
1130 1651 1185 1696 et
1232 1640 1298 1694 ad
1339 1636 1767 1694 emendationem

205 1755 474 1810 congruam
524 1739 767 1806 venerit,
813 1753 842 1791 a
887 1753 1113 1807 corpore
1162 1744 1216 1789 et
1261 1733 1520 1804 sanguine
1560 1727 1768 1785 Domini

209 1831 354 1884 nostri
380 1829 504 1884 Iesu
531 1829 738 1884 Christi
795 1830 1002 1885 alienus
1033 1829 1125 1884 fiat
1151 1845 1163 1894 ;
1200 1826 1409 1882 cunctis
1430 1834 1612 1879 autem
1632 1823 1768 1878 hanc

209 1924 593 1980 constitutionis
639 1932 838 1978 nostra:
879 1924 1127 1993 paginam
1175 1918 1514 1976 servantibus
1559 1917 1630 1970 sit
1667 1931 1771 1986 pax

211 2013 397 2068 Domini
429 2013 605 2068 nostri
636 2010 762 2068 Jesu
801 2013 1028 2078 Christi,
1056 2023 1321 2082 quatenus
1343 2017 1396 2064 et
1421 2009 1508 2063 hic
1539 2006 1773 2060 fructum

212 2105 345 2158 bona:
369 2103 600 2158 actionis
621 2104 944 2174 percipiant,
962 2112 1017 2159 et
1041 2103 1181 2174 apud
1209 2087 1510 2157 districtum
1530 2094 1773 2152 Iudicem

213 2194 404 2263 pnnmia
431 2201 655 2248 aeternae
684 2195 833 2262 pacis
861 2193 1156 2248 inveniant.
1374 2201 1380 2206 ‘

278 2285 452 2339 Datum
483 2285 766 2347 Laterani,
804 2284 986 2340 Idibus
1014 2284 1237 2355 Aprilis.

219 2466 269 2523 S.
292 2468 383 2521 Leo
411 2467 490 2522 IX
519 2468 832 2523 Eberltardo
854 2470 1239 2538 archiepiscopo
1273 2467 1562 2522 Trevirensi
1592 2466 1778 2538 asserit

275 2539 737 2620 rellain‘Quatgor
767 2536 1182 2620 qoronqtoruni,
1209 2539 1609 2620 archiepiscopis
1655 2536 1780 2590 Tre-

279 2609 547 2664 rirensibus
572 2628 609 2664 α
626 2608 909 2664 Benedicto
950 2609 1054 2662 VII
1078 2610 1204 2665 olim
1225 2609 1493 2668 collatam.

786 2701 963 2772 (Anno
1007 2701 1194 2772 10‘9.)

222 2791 358 2862 [Vide
374 2807 529 2864 supra
557 2793 614 2846 in
645 2792 952 2849 Beseotcro
980 2791 1089 2846 Vill
1117 2802 1172 2847 et
1200 2791 1356 2848 Gesta
1383 2791 1613 2858 Trever.,
1641 2792 1778 2847 edit.

500 2885 887 2956 Wyttembaeh
917 2894 974 2940 et
1002 2885 1211 2952 Muller,
1245 2884 1288 2952 I,
1328 2883 1477 2958 150.]

943 2977 1027 3033 Vl.

1860 355 1943 412 vel
1979 369 2162 426 parva,
2195 360 2382 407 contra
2415 349 2552 402 hanc
2580 352 2818 400 nostram
2844 336 3256 410 praceptiouem
3275 345 3436 402 agere

1860 421 2169 516 presumat.
2227 439 2379 508 Quod
2436 437 2743 507 quicunque
2797 429 3027 492 fecerit,
3077 421 3438 481 anathematis

1862 511 2073 590 vinculo
2097 532 2340 586 feriatur.
2369 526 2472 593 Qui
2494 540 2622 579 vero
2647 532 2830 578 custos
2854 529 2908 574 et
2936 517 3251 572 observator
3279 511 3436 581 hujus

1862 633 2056 680 nostra
2085 617 2458 693 praeceptionis
2488 615 2674 680 fuerit,
2701 609 3129 668 benedictionem
3159 619 3192 660 a
3213 602 3436 658 Domino

1865 717 1973 771 Deo
1998 721 2383 783 consequatur.

1935 807 2125 861 Datum
2153 819 2242 859 χιιι
2272 799 2498 857 Kalend.
2528 797 2650 852 Maii
2679 811 2778 866 per
2804 808 2994 848 manus
3018 789 3162 845 Petri
3201 784 3437 848 diaconi,

1863 893 2258 952 bibliothecarii
2315 902 2368 946 et
2430 885 2739 943 cancellarii
2791 883 2850 938 S.
2901 879 3207 952 apostolicae
3255 874 3438 937 sedis,

1865 1005 2006 1043 anno
2041 986 2240 1042 domini
2281 983 2478 1038 Leonis
2514 979 2584 1034 IX
2615 993 2763 1049 papa:
2788 977 2986 1048 primo,
3022 971 3206 1028 indict.
3239 983 3300 1025 tt.

2596 1089 2706 1145 VII.

1868 1211 1927 1267 S.
1953 1211 2054 1266 Leo
2083 1208 2163 1263 IX
2197 1209 2455 1264 Joannem
2485 1222 2547 1260 ea:
2573 1203 2893 1258 Tuscanensi
2923 1208 3120 1268 [actum
3151 1195 3447 1268 episcopum

1943 1262 2283 1335 ﬁertuensem
2305 1288 2529 1332 testatur
2559 1274 2816 1344 (tsynodo
2843 1273 2896 1344 in
2923 1262 3142 1344 ecclesia
3175 1262 3450 1344 S._Salua-

1938 1332 2352 1490 ἰονεὲέὶιηοηωη
2383 1364 2510 1402 esse.
2560 1332 2810 1398 Ecclesia:
2841 1339 3148 1394 Parmensis
3177 1332 3460 1406 privilegio,

1939 1439 2034 1476 con
2081 1431 2237 1474 rmat.

1939 1437 2072 1476 conn
2081 1437 2237 1474 rmat.

2209 1508 2467 1582 [Ugbellh
2498 1506 2660 1562 Italia
2686 1520 2861 1568 sacra,
2887 1501 2939 1567 I,
2965 1495 3116 1570 120.]

1940 1623 2052 1678 Lso
2072 1624 2380 1691 episcopus,
2417 1631 2606 1674 servus
2643 1628 2926 1671 servorum
2954 1610 3076 1674 Dei,
3099 1605 3458 1664 dilectissimo

1803 1724 1846 1784 Β
1877 1715 2034 1771 nobis
2058 1716 2110 1767 in
2139 1712 2357 1768 Christo
2383 1709 2536 1764 fratri
2564 1717 2620 1763 et
2663 1707 2985 1774 coepiscopo
3028 1708 3216 1754 nostro
3239 1695 3450 1759 losum,

1874 1806 2196 1863 Portuensis
2218 1803 2472 1859 Ecclesiae
2503 1799 2755 1861 antistiti,
2791 1797 3011 1865 suisque
3041 1787 3460 1851 successoribus

1874 1901 1927 1954 in
1959 1906 2298 1969 perpetuum,
2329 1895 2386 1949 in
2413 1892 2644 1948 Domino
2665 1889 2921 1947 salutem.

1947 1989 2383 2059 Supplicantinm
2426 1982 2712 2042 desideriis
2759 1977 3106 2035 annuendnm
3159 1973 3313 2029 nobis
3337 1985 3458 2026 esse

1875 2091 1932 2137 et
1957 2081 2096 2135 ratio
2121 2088 2176 2134 et
2206 2077 2507 2147 benignitas
2558 2074 2752 2144 poscit,
2797 2070 2922 2140 quia
2952 2066 3092 2137 quod
3131 2060 3458 2118 rationabile

1877 2180 1960 2228 est
2012 2170 2342 2240 impendere,
2374 2167 2603 2237 benigne
2641 2163 2856 2235 quidem
2899 2174 3006 2213 non
3056 2167 3276 2224 negare.
3315 2150 3462 2219 Qua-

1880 2269 2100 2334 propter
2120 2259 2245 2329 quia
2272 2255 2804 2327 transmigrationem
2832 2249 3006 2305 fecisti
3030 2248 3097 2302 de
3119 2242 3461 2302 sedeTusca-

1881 2352 2035 2409 nensi
2059 2352 2126 2406 ad
2149 2351 2395 2406 eamdem
2421 2349 2604 2404 sedem
2629 2345 3008 2406 Portuensem,
3054 2339 3278 2410 dignum
3307 2334 3462 2390 duxi-

1882 2461 2003 2500 mus
2034 2445 2088 2498 in
2119 2441 2329 2514 synodo
2375 2439 2528 2511 prius
2558 2439 2623 2493 de
2664 2436 2766 2492 hoc
2810 2432 3096 2494 ventilare,
3118 2438 3298 2486 utrum
3315 2424 3464 2496 jnste

1883 2533 2023 2589 facta
2053 2532 2218 2586 fuerit
2242 2529 2327 2584 vel
2355 2527 2573 2598 injuste,
2621 2523 2766 2594 quod
2795 2533 2852 2579 et
2891 2520 3122 2579 fecimus
3161 2515 3465 2572 residentes

1884 2627 1937 2681 in
1965 2624 2171 2695 synodo
2193 2630 2250 2677 et
2268 2619 2497 2677 ecclesia
2526 2613 3106 2680 Salvatoris.Cumqne
3127 2608 3200 2663 ibi
3228 2605 3455 2677 diligen-

1885 2730 1968 2775 ter
1994 2726 2140 2774 esset
2180 2714 2552 2770 examinatum
2581 2724 2686 2780 qua
2729 2706 2937 2762 ratione
2967 2705 3034 2759 de
3056 2702 3367 2771 episcopatu
3396 2697 3464 2752 ad

1882 2811 2252 2881 episcopatum
2287 2803 2581 2866 transiens,
2630 2802 2911 2855 inventum
2953 2803 3036 2850 est
3085 2802 3193 2848 tam
3224 2788 3467 2847 necessiv

1887 2879 2014 2956 tatis
2036 2912 2198 2968 quam
2220 2895 2474 2950 utilitatis
2495 2906 2661 2948 causa
2689 2891 2792 2945 hoc
2820 2887 3023 2944 factum
3047 2884 3232 2948 fuisse,
3251 2889 3308 2936 et
3319 2879 3466 2950 judi-

1888 3002 2069 3048 catnm
2096 2999 2180 3045 est
2208 2989 2312 3043 hoc
2342 2986 2457 3041 fieri
2491 2982 2754 3055 potuisse.
2783 2979 2916 3047 Qua:
2961 2975 3124 3031 etiam
3173 2972 3339 3028 fuerit
3364 2983 3463 3024 ne-

225 3063 273 3118 S.
303 3065 395 3120 Leo
427 3066 504 3121 IX
529 3069 841 3123 monasterii
947 3068 1585 3149 _$al_vatoris_Septimiam
1619 3072 1778 3123 ,ψει--

1886 3083 2134 3145 cessitas,
2184 3093 2305 3149 quae
2347 3075 2573 3139 utilitas,
2606 3072 2739 3128 satis
2767 3076 3017 3141 patenter
3044 3075 3130 3120 est
3153 3075 3411 3132 expressa
3445 3075 3462 3112 :

547 3149 712 3196 tatem
745 3150 791 3194 et
822 3141 1094 3212 privilegia
1133 3141 1425 3209 conﬁrmat.

795 3233 972 3303 (Anno
1002 3231 1185 3304 1049.)

519 3322 761 3394 [Ugltelli
781 3363 796 3386 ,
824 3322 986 3378 Italia
1014 3341 1187 3388 sacra,
1219 3324 1284 3380 III
1305 3365 1320 3390 ,
1350 3321 1464 3396 68.]

289 3411 384 3467 Leo
404 3416 716 3483 episcopus,
745 3430 935 3471 servus
962 3431 1243 3472 servorum
1259 3416 1374 3481 Dei,
1399 3415 1581 3472 Ρετιιο
1605 3413 1784 3468 abbati

234 3508 514 3561 ttionasterii
529 3509 589 3562 S.
607 3507 906 3564 Salvatoris
923 3510 976 3564 in
992 3490 1258 3581 Septim‘o,
1273 3511 1493 3579 suisque
1505 3525 1790 3566 successo-

237 3597 360 3652 ribus
375 3600 674 3664 abbatibus,
692 3609 1004 3672 perpetuam
1025 3601 1452 3658 benedictionem
1466 3610 1522 3656 et
1535 3601 1783 3656 salutem.

291 3690 540 3748 Convenit
572 3693 870 3762 apostolico
899 3693 1248 3749 moderamini
1277 3693 1362 3764 pia
1395 3693 1652 3764 religione
1673 3692 1790 3763 pol-

239 3781 444 3837 lentibus
470 3784 725 3840 benevola
751 3786 1125 3855 compassione
1154 3799 1494 3851 succurrere,
1516 3793 1572 3839 et
1599 3794 1790 3854 peten-

239 3874 349 3928 tium
407 3876 692 3930 desideriis
755 3891 1052 3948 congrnntn
1118 3877 1387 3948 impertiri
1451 3875 1788 3947 sull‘ragiutn.

241 3963 496 4035 Propterea
530 4011 546 4033 ,
600 3968 842 4023 inclinati
902 3968 1156 4038 precibus
1198 3968 1422 4032 vestris,
1477 3983 1574 4038 per
1631 3969 1792 4035 hujus

243 4069 414 4112 nostra?
438 4059 814 4130 praeceptionis
838 4061 1032 4115 seriem
1058 4058 1443 4114 conﬁrmamus
1463 4067 1519 4113 et
1543 4060 1794 4113 corroboo

244 4160 399 4201 ramus
440 4147 531 4201 tibi
581 4148 969 4204 monasterium
1007 4149 1180 4218 ipsum
1220 4146 1280 4202 S.
1325 4147 1626 4203 Salvatoris
1666 4162 1789 4202 cum

243 4239 631 4295 cnnnbusbonis
651 4243 769 4312 ejus
793 4241 1079 4297 mobilibus
1098 4240 1550 4305 etimmobilibus,
1565 4254 1792 4310 seseque

246 4330 588 4398 moventibus,
627 4347 964 4403 quacunque
1003 4335 1072 4389 ad
1121 4348 1245 4388 eum
1269 4335 1418 4403 juste
1450 4342 1505 4388 et
1545 4331 1791 4402 legaliter

1886 3172 2203 3236 necessitas,
2229 3169 2352 3239 quia
2370 3167 2482 3238 jam
2510 3167 2753 3222 Romana
2784 3160 3028 3217 Ecclesia
3073 3157 3126 3212 in
3157 3156 3304 3219 liliis,
3327 3167 3468 3223 quos

1887 3265 2001 3336 ipsa
2031 3263 2348 3322 lactaverat,
2380 3256 2673 3318 defecerat,
2705 3266 2934 3324 quorum
2959 3261 3014 3304 ιιι
3043 3263 3168 3318 pars
3189 3252 3467 3315 superstes

1884 3333 2038 3418 eras;
2067 3365 2306 3422 congrua
2360 3347 2566 3402 utilitas
2597 3359 2746 3410 vero,
2775 3341 2891 3397 sive
2938 3354 3039 3409 pro
3084 3337 3244 3391 rebus
3297 3333 3468 3404 ipsius

1887 3443 2162 3508 Ecclesiae,
2186 3454 2306 3510 quae
2350 3438 2445 3494 tibi
2474 3446 2603 3492 nota
2626 3443 2747 3490 erat
2764 3447 2877 3502 prae
2916 3429 3060 3490 aliis,
3083 3427 3197 3482 sive
3225 3440 3322 3493 pro
3342 3437 3470 3477 con-

1887 3536 2024 3592 siliis
2068 3533 2284 3598 dandis,
2321 3532 2437 3586 sive
2476 3528 2644 3584 etiam
2698 3539 2798 3598 pro
2837 3518 3169 3578 mediatione
3213 3516 3472 3570 Romana:

1891 3623 2142 3678 Ecclesia:
2167 3629 2222 3676 et
2250 3620 2664 3690 imperatorum,
2691 3627 2922 3684 quorum
2957 3619 3012 3664 tn
3039 3621 3181 3675 saepe
3202 3604 3474 3661 mediator

1890 3715 2062 3769 inisti.
2113 3712 2225 3768 Hac
2265 3712 2431 3781 igitur
2475 3724 2534 3763 re
2573 3705 2817 3762 inclinati
2855 3701 3193 3757 decrevimus
3225 3695 3470 3767 petitioni

1895 3815 2002 3860 tua:
2025 3803 2364 3867 satisfacere,
2393 3801 2604 3857 scilicet
2623 3804 2682 3851 ut
2707 3795 2802 3850 tibi
2833 3794 3045 3862 tuisque
3061 3787 3470 3844 successoribus

1894 3899 2068 3967 ipsum
2094 3895 2452 3949 Portuensem
2494 3890 2867 3959 episcopatum
2910 3885 3313 3943 conllrmemus,
3343 3877 3469 3947 quia

1893 3987 2080 4054 utique
2105 3984 2336 4038 libenter
2354 3980 2603 4036 facimus.
2647 3977 2713 4032 Et
2737 3975 2968 4046 primum
2997 3972 3171 4042 ipsum
3193 3967 3469 4044 episcopo.

1895 4086 2007 4132 tum
2040 4074 2350 4131 Portuensis
2387 4070 2667 4134 Ecclesia,
2699 4082 2820 4138 quae
2863 4065 3036 4134 posita
3087 4077 3207 4118 esse
3253 4059 3470 4117 videtur

1894 4166 2028 4222 foris
2058 4165 2372 4235 prmdictam
2399 4162 2752 4217 Portuensem
2784 4157 3084 4221 civitatem,
3110 4152 3200 4210 cui
3238 4150 3469 4209 vocabuo

1893 4258 2004 4312 lum
2051 4266 2134 4312 est
2164 4255 2222 4311 S.
2269 4252 2563 4324 Hippolyti,
2613 4265 2737 4306 cum
2798 4247 2989 4309 vineis,
3032 4253 3088 4300 et
3131 4244 3327 4309 hortis,
3376 4255 3471 4295 seu

1897 4346 2164 4401 clausuris
2213 4342 2466 4408 vincatis,
2510 4349 2567 4396 et
2599 4338 2817 4397 olivetis
2859 4335 2913 4391 in
2956 4331 3187 4392 circuitu
3231 4327 3468 4400 ejusdem

248 4430 504 4484 pertinent.
527 4422 635 4478 Nec
653 4440 756 4478 non
774 4425 939 4478 etiam
961 4439 1243 4480 censemus
1268 4435 1325 4479 ut
1347 4425 1788 4494 securumipsnm
1821 4429 1868 4487 D
1895 4438 2160 4503 θεωρεῖτε,
2192 4436 2398 4506 pariter
2418 4442 2474 4489 ει
2500 4440 2808 4490 clausuram
2840 4429 2906 4484 de
2931 4426 3085 4488 vinea
3115 4437 3219 4478 una
3261 4421 3315 4476 in
3336 4420 3473 4474 imo.-

248 4515 604 4569 monasterinm
629 4517 698 4570 ab
727 4518 873 4571 omni
911 4518 1129 4573 laesione
1155 4518 1250 4583 sit,
1279 4526 1334 4573 et
1376 4519 1494 4573 sine
1543 4517 1789 4573 molestia

249 4603 306 4654 sit
326 4606 577 4676 episcopi;
615 4617 669 4664 ct
712 4620 774 4665 ut
815 4611 1182 4666 ordinationes
1219 4610 1654 4681 presbyterorum
1710 4608 1794 4663 vel

251 4700 531 4750 ceterorum
552 4700 811 4769 graduum
845 4701 894 4754 in
921 4703 1110 4756 eodem
1138 4701 1466 4756 monasterio
1498 4716 1528 4755 a
1554 4700 1794 4770 quolibet

250 4783 486 4880 catholico
512 4789 762 4860 episc0po
790 4792 1127 4856 tribuantur;
1156 4801 1210 4846 et
1232 4801 1288 4846 ut
1305 4792 1661 4864 eleemosyna:
1682 4799 1791 4845 tam

218 4889 228 4897 '
255 4884 464 4971 Vivorum
493 4896 650 4949 quam
678 4891 735 4936 et
752 4893 1084 4940 mortuorum
1113 4885 1232 4938 sine
1258 4884 1526 4940 calumnia
1551 4885 1795 4955 episcopi

253 4965 402 5018 eidem
443 4973 761 5047 monasterio
791 4975 1118 5041 tribuantttr,
1156 4983 1211 5029 et
1250 4985 1308 5030 ut
1348 4977 1415 5031 de
1461 4978 1795 5046 possessione

259 5061 534 5114 monasterii
563 5062 765 5118 decima
795 5080 825 5118 a
863 5067 1012 5124 vobis
1047 5066 1368 5134 accipiatur.
1400 5068 1463 5122 Et
1488 5067 1795 5138 quicunque

257 5148 386 5250 mild
409 5156 780 5209 monasterium
810 5161 1019 5230 sepeliri
1053 5156 1293 5230 petierit,
1325 5173 1356 5212 a
1403 5159 1683 5214 monachis
1702 5175 1793 5216 se-

261 5239 474 5352 peliatur.
503 5246 866 5352 Et'utpraater
887 5257 955 5312 ab
999 5251 1336 5324 Apostolico,
1390 5266 1458 5307 ne
1499 5251 1794 5321 judicetur,

1894 4544 2051 4600 grum
2092 4527 2252 4582 sitam
2305 4525 2362 4580 in
2408 4521 2725 4583 Cardetum,
2753 4527 2808 4573 et
2833 4517 2888 4571 in
2938 4513 3160 4585 Finilia,
3193 4509 3476 4566 clausuras

1894 4596 2028 4674 duas
2046 4633 2171 4675 cum
2191 4615 2383 4678 vineis,
2410 4621 2467 4672 et
2491 4611 2674 4675 terris,
2703 4609 2756 4662 in
2783 4605 2928 4660 Basi.
2947 4602 3141 4669 Omnia
3159 4601 3273 4654 haec
3299 4596 3482 4670 posita

1895 4713 1950 4767 in
1999 4709 2172 4766 insula
2214 4707 2440 4777 majore,
2491 4705 2602 4759 imo
2653 4711 2708 4756 et
2749 4698 3040 4759 ecclesiam
3088 4694 3146 4751 ὃ.
3185 4690 3388 4754 Maria},
3424 4695 3484 4741 et

1899 4803 2063 4858 aliam
2086 4799 2373 4856 ecclesiam
2397 4797 2456 4852 S.
2489 4792 2796 4855 Laurentii,
2823 4805 2947 4846 cum
2986 4784 3160 4850 cellis,
3182 4791 3239 4838 et
3283 4778 3481 4846 hortis,

1897 4907 2063 4964 atque
2109 4891 2303 4955 vineis,
2360 4889 2640 4945 clausuras
2690 4881 2955 4952 quinque.
2995 4877 3050 4932 In
3110 4889 3218 4929 una
3263 4869 3486 4942 quidem

1899 4959 2132 5042 ecclesia
2183 4989 2268 5036 est
2311 4979 2370 5035 S.
2422 4973 2694 5046 Gregorii,
2740 4981 2796 5026 et
2843 4967 3135 5030 Theodori,
3177 4973 3234 5020 et
3277 4965 3330 5020 in
3379 4959 3490 5017 alia

1901 5077 2131 5134 ecclesia
2174 5075 2234 5128 S.
2269 5071 2402 5139 Viti,
2449 5070 2610 5125 sicuti
2652 5081 2684 5120 ιι
2733 5080 2893 5120 ιιιιιιο
2941 5073 2997 5116 et
3042 5058 3209 5116 ﬂuvio
3255 5056 3493 5121 Tiberis,

1901 5179 2062 5236 atque
2092 5162 2352 5218 limitibus
2381 5158 2778 5220 circumdatur,
2813 5153 2980 5212 tertia
3029 5160 3118 5206 est
3144 5151 3197 5206 in
3231 5152 3346 5220 ripa
3392 5146 3496 5202 Ilu-

1904 5256 2086 5320 ntinis,
2113 5262 2304 5324 quarta
2329 5254 2484 5323 juxta
2511 5251 2569 5306 S.
2607 5247 2840 5305 Mariam
2871 5259 3041 5317 usque
3071 5245 3140 5299 ad
3176 5242 3492 5312 Traianum,
