4062 5352
575 209 680 262 599

1624 217 1680 270 S.
1723 216 1966 272 LEONIS
2013 216 2083 271 IX
2133 215 2333 270 PAPJE
2373 217 2755 272 OPUSCULA.

3713 224 3822 277 συ

581 326 779 379 dicitur
805 327 1128 389 Baccanum.
1157 345 1275 382 cum
1310 333 1601 400 appemlicc
1632 351 1745 388 sua.
1773 352 1892 404 qua:
1924 345 2144 391 vocatur
2173 330 2219 388 Α
2248 327 2484 384 Joannes
2515 331 2582 384 de
2613 330 2823 401 Sergio,
2853 338 2905 383 et
2933 331 3126 384 transit
3151 331 3308 384 aliam
3329 333 3466 385 viam
3495 337 3821 399 carrariam,

579 417 841 485 Criptula,
868 418 918 472 in
941 433 1049 488 quo
1077 430 1200 474 sunt
1221 422 1470 478 cisternae
1510 427 1746 495 antiquae
1783 430 1970 496 posita:
1989 436 2139 492 juxta

579 512 823 565 mimdem
847 513 1120 568 civitatem
1145 513 1519 582 Portucnscm,
1543 519 1699 574 sicuti
1723 520 1950 589 incipita
1969 521 2142 589 primo

572 599 762 665 latere,
794 602 862 656 ab
888 602 1080 658 arbore
1096 620 1222 673 qua:
1255 615 1479 661 vocatur
1528 609 1778 674 tamarix,
1809 617 1866 664 et
1892 610 2143 680 dirigitur

572 691 624 743 in
650 691 992 758 columnella,
1021 711 1140 764 qua:
1170 695 1222 749 in
1249 710 1440 765 campo
1485 706 1630 751 stare
1663 698 1900 765 videtur,
1947 699 2164 759 millia-_

568 783 652 835 ria
678 797 714 836 η
743 783 976 838 distante
997 786 1064 840 ab
1093 787 1277 840 eadem
1303 788 1549 856 civitate,
1574 798 1626 842 et
1657 789 1852 846 deinde
1885 800 2141 861 pergente

569 884 719 928 recto
751 875 942 930 itinere
978 891 1076 945 per
1120 877 1394 941 salariam,
1454 889 1507 934 et
1562 895 1730 950 usque
1770 881 1836 935 ad
1883 882 2136 951 attegiam

566 965 939 1031 piscatoriam,
967 977 1020 1020 et
1052 967 1245 1022 deinde
1273 970 1530 1023 redeunte
1559 970 1625 1023 ad
1654 986 1803 1025 mare
1828 987 1924 1040 per
1946 970 2140 1028 Bucci-

566 1072 714 1116 nam,
742 1065 796 1109 ct
835 1058 1207 1112 circumenute
1237 1059 1388 1113 littus
1419 1060 1585 1115 maris
1626 1061 1693 1114 ad
1723 1061 1780 1115 S.
1811 1060 2136 1132 Nympham,

565 1157 622 1202 ct
651 1164 818 1217 usque
843 1149 907 1202 ad
941 1149 1112 1205 facem
1148 1152 1401 1222 micinam
1432 1169 1552 1209 cum
1583 1154 1714 1209 locis
1764 1154 1855 1224 qui
1888 1155 2139 1210 dicuntur

566 1238 794 1293 Vincera
848 1255 1018 1310 usque
1045 1243 1111 1295 ad
1141 1241 1437 1309 balnearia,
1467 1255 1627 1316 atque
1656 1247 1828 1300 locum
1861 1247 1950 1316 qui
1980 1263 2140 1300 voca-

567 1336 656 1379 tur
678 1327 864 1386 Portus
889 1328 1124 1400 Trajani,
1155 1347 1255 1386 nec
1281 1350 1385 1388 non
1412 1343 1467 1388 et
1489 1336 1767 1389 castellum
1795 1336 1934 1390 aliud
1961 1338 2136 1392 minus

565 1419 618 1472 in
652 1420 940 1490 integrann,
971 1439 1094 1478 cum
1122 1427 1265 1480 omni
1296 1443 1392 1482 sua
1437 1430 1780 1497 pertinentia,
1827 1440 1880 1485 et
1923 1431 1974 1484 iu
2004 1432 2136 1486 civi-

563 1512 1158 1582 tatcCunstantiuiana,
1183 1520 1472 1590 omniaque
1496 1521 1692 1575 ibidem
1719 1521 1919 1576 habere
1948 1523 2138 1591 digna-

559 1603 751 1668 scitur,
780 1620 885 1658 una
913 1622 1033 1660 cum
1067 1609 1293 1663 ecclesia
1331 1610 1432 1664 BB.
1482 1613 1846 1682 apostolorum
1894 1613 2037 1668 Petri
2081 1623 2134 1669 et

558 1690 738 1758 Pauli,
764 1709 884 1762 cum
917 1697 1141 1766 cryptis,
1167 1698 1255 1752 ubi
1284 1701 1537 1754 animalia
1567 1702 1734 1771 ipsius
1754 1703 1995 1758 ecclesia:
2020 1721 2130 1758 ma-
2167 1678 2208 1736 Β

558 1800 689 1838 nere
719 1787 994 1851 videntur,
1026 1798 1079 1841 ct
1111 1790 1305 1844 deimle
1335 1807 1504 1860 usque
1533 1793 1598 1847 ad
1632 1791 1691 1847 S.
1733 1793 1980 1856 Mariam,
2011 1811 2131 1864 qua:

556 1879 777 1942 ponitur
807 1878 857 1931 in
885 1896 1013 1934 arcu
1041 1897 1163 1936 cum
1193 1894 1406 1952 crypta,
1432 1894 1488 1938 et
1514 1885 1736 1939 domum
1766 1901 1886 1954 qnte
1909 1898 2133 1941 vocatur

556 1965 812 2023 Balneum
842 1971 1088 2035 Veneris,
1114 1985 1168 2027 et
1192 1990 1360 2044 usque
1385 1976 1451 2029 ad
1495 1976 1638 2030 viam
1684 1976 1953 2046 publicam
1991 1978 2131 2034 infra

558 2059 730 2126 ipsum
762 2060 1063 2124 castellum,
1098 2072 1259 2133 atque
1301 2076 1588 2120 canuetmu
1631 2067 1697 2121 de
1739 2068 1840 2121 ista
1889 2069 2129 2135 civitate,

555 2166 658 2204 nec.
703 2168 807 2207 non
863 2157 1250 2210 monasterium
1305 2157 1362 2210 S.
1393 2160 1616 2229 Agnetis
1638 2174 1759 2214 cum
1803 2161 2036 2224 salariis,
2077 2173 2131 2218 et

557 2243 748 2307 vineis,
780 2259 900 2314 qua:
927 2246 1196 2302 incessum
1223 2249 1424 2303 habere
1467 2251 1682 2305 videtur
1706 2269 1719 2305 :
1747 2269 1908 2323 parra
1931 2268 1982 2308 et
2009 2255 2129 2308 fun-

555 2335 680 2388 dum
711 2337 762 2390 in
808 2338 1098 2407 integrum,
1132 2341 1221 2408 qui
1258 2351 1483 2397 vocatur
1519 2343 1753 2409 Polmus,
1798 2362 1920 2401 cum
1967 2349 2127 2414 casis,

552 2427 726 2481 vineis
751 2437 805 2481 et
851 2431 1033 2493 terris,
1083 2433 1316 2500 pascuis,
1372 2435 1748 2489 extendentem
1777 2454 1835 2490 se
1868 2454 2036 2507 usque
2063 2441 2129 2494 ad

551 2516 772 2574 furuum
798 2523 1076 2591 antiquum
1113 2523 1254 2592 juris
1281 2529 1522 2596 praedicti
1563 2530 1840 2599 episcopii.
1871 2541 1924 2584 ct
1953 2533 2004 2585 in
2037 2547 2129 2585 eo-

553 2612 675 2664 dem
707 2612 873 2668 fundo
897 2629 1305 2671 monumentum
1341 2619 1620 2689 antiquum
1645 2635 1764 2675 esse
1790 2621 2024 2686 videtur,
2045 2624 2126 2677 via

551 2703 860 2770 Parmensi,
897 2707 1150 2762 milliaria
1178 2710 1246 2763 ab
1275 2711 1408 2766 nreb
1439 2711 1605 2765 Roma
1633 2712 1756 2782 plus
1782 2713 1960 2770 minus
1985 2714 2125 2770 deci-

552 2813 659 2853 mo.
685 2799 928 2869 Itemque
949 2809 1003 2854 et
1029 2801 1262 2855 insulam
1296 2803 1552 2870 majorem
1583 2805 1636 2859 in
1686 2806 1952 2876 integrum
2002 2822 2124 2861 cum

553 2892 728 2946 hortis
751 2901 804 2946 et
827 2893 1002 2948 vineis
1029 2909 1123 2948 seu
1155 2895 1319 2950 terris
1349 2897 1401 2950 in
1429 2895 1604 2950 locum
1629 2897 1720 2967 qui
1746 2909 1968 2953 vocatur
1996 2897 2126 2952 Sca-

549 2983 696 3052 rajo;
753 2983 844 3051 qui
891 2984 1018 3038 alim
1075 2985 1178 3040 fuit
1229 2997 1420 3056 portus
1475 2986 1714 3058 Trajani,
1777 2989 2124 3044 inhaerentem

2247 431 2299 473 et
2333 420 2482 474 venit
2507 422 2558 474 in
2598 421 2776 475 casale
2817 423 2957 489 quod
2981 422 3224 475 detinent
3256 424 3494 476 lneredes
3521 423 3826 480 Franconis

2247 511 2663 578 Transtiberim,
2695 512 2851 566 sicuti
2882 528 2976 580 per
3023 512 3155 566 ﬁnes
3203 528 3536 566 marmoreas
3567 515 3823 585 designa-

2245 611 2355 666 tur,
2398 611 2453 658 et
2493 603 2686 657 deinde
2717 618 2813 672 per
2836 603 3016 656 casale
3057 602 3156 656 SS.
3206 614 3501 676 martyrum
3529 604 3743 658 Casum
3769 616 3826 659 et

2244 693 2513 759 Damiani,
2544 705 2601 749 et
2631 694 2821 748 transit
2867 711 2966 763 per
3021 695 3281 748 fOSsatum
3327 697 3636 765 antiquum,
3679 699 3823 766 quod

2243 801 2412 838 verno
2464 795 2705 855 tempore
2759 786 2908 839 ducit
2957 801 3152 855 aquam
3202 785 3252 838 in
3304 784 3418 838 rivo
3467 786 3722 851 Galen-im,
3769 797 3825 840 et

2241 877 2486 930 ascendit
2515 893 2612 946 per
2634 877 2806 946 ipsum
2837 877 3008 930 rivum
3041 892 3212 946 usque
3239 877 3291 931 in
3320 875 3516 930 molam
3540 877 3606 930 de
3649 879 3824 947 sylva,

2241 978 2294 1023 et
2326 969 2555 1023 revolvit
2578 985 2676 1039 per
2712 970 2853 1024 viam
2878 972 3174 1025 carrariam
3204 986 3374 1040 usque
3403 971 3453 1024 in
3487 971 3682 1024 vallem
3714 987 3825 1024 me-

2239 1059 2381 1112 diam
2431 1059 2497 1113 de
2544 1059 2744 1124 Monte,
2799 1061 2889 1130 qui
2942 1072 3166 1114 vocatur
3213 1060 3409 1124 Zunili,
3447 1071 3504 1115 et
3553 1077 3729 1132 usque
3769 1063 3824 1116 in

2241 1149 2460 1214 Staflili,
2489 1151 2579 1220 qui
2606 1160 2715 1205 stat
2741 1151 2792 1204 in
2826 1152 3137 1216 Liutistino,
3168 1163 3224 1207 et
3255 1170 3422 1224 usque
3464 1153 3519 1208 in
3560 1165 3728 1225 caput
3758 1159 3825 1212 de

2239 1239 2378 1294 Valle
2409 1239 2618 1302 Stabla,
2649 1249 2704 1294 et
2737 1258 2835 1311 per
2867 1242 3129 1296 fossatum
3160 1243 3330 1312 ipsius
3375 1243 3529 1298 vallis
3581 1247 3762 1316 pergit
3790 1264 3823 1302 a

2239 1331 2372 1402 pede
2417 1331 2487 1386 ﬁli
2543 1332 2874 1396 Salinarum,
2931 1335 3286 1390 concludente
3340 1347 3509 1391 totum
3564 1355 3820 1408 campum

2240 1437 2412 1490 usque
2460 1423 2512 1477 in
2560 1425 2806 1494 pedicam
2856 1442 2976 1495 anc
3006 1437 3234 1481 vocatur
3279 1428 3497 1494 \‘iscoli,
3524 1438 3579 1483 et
3613 1432 3822 1501 piscina

2238 1514 2516 1576 Galiarda.
2548 1518 2904 1572 concludente
2933 1519 3101 1588 ipsam
3131 1520 3400 1589 pedicam,
3427 1537 3548 1591 quae
3573 1533 3702 1576 sunt
3735 1524 3822 1576 ﬁla

2243 1606 2487 1675 triginta,
2513 1617 2569 1661 et
2599 1618 2858 1678 pergente
2875 1608 3028 1678 juxta
3059 1609 3145 1663 ﬁla
3168 1627 3287 1681 qua:
3317 1620 3460 1666 stant
3487 1616 3821 1668 nionastcria

2238 1697 2303 1752 de
2331 1697 2569 1752 Miranda
2603 1715 2774 1770 usque
2804 1700 2854 1753 in
2899 1709 3150 1771 stagnum
3203 1701 3394 1770 majus,
3427 1715 3480 1759 et
3507 1721 3605 1773 per
3650 1723 3820 1776 ripam

2238 1791 2412 1858 stagni
2441 1807 2610 1859 usque
2642 1792 2692 1844 in
2727 1791 3087 1858 Burdunaria,
3117 1805 3171 1848 et
3197 1810 3227 1847 a
3271 1796 3404 1864 pede
3457 1797 3532 1851 fili
3559 1815 3738 1868 usque
3765 1801 3819 1852 iu

2239 1882 2487 1946 Baccani,
2518 1894 2571 1938 et
2601 1895 2801 1937 terram
2832 1885 2896 1939 de
2923 1887 3235 1956 supradicto
3265 1887 3562 1958 episcopio,
3606 1900 3658 1944 et
3706 1891 3819 1943 for-

2238 1989 2378 2027 mam
2435 1991 2554 2045 qua:
2600 1984 2827 2030 vocatur
2869 1976 3129 2038 Arcione.
3159 1988 3213 2032 et
3243 1994 3338 2047 per
3381 1979 3551 2046 ipsam
3586 1979 3818 2034 formam

2238 2079 2408 2136 usque
2429 2065 2482 2119 in
2515 2066 2688 2120 rivum
2714 2066 2804 2135 qui
2834 2076 3058 2121 vocatur
3083 2065 3321 2133 Galeria,
3347 2079 3400 2122 et
3424 2068 3728 2124 Pantauum
3753 2076 3822 2126 i'e

2243 2154 2477 2208 llicorde
2513 2171 2684 2224 usque
2714 2155 2765 2208 in
2798 2157 3029 2226 primum
3059 2154 3272 2212 afﬁnem
3300 2155 3365 2210 dc
3395 2158 3566 2225 pratis
3597 2158 3815 2212 Caraci.

2239 2246 2376 2301 Infra
2409 2248 2509 2302 bos
2543 2263 2674 2302 vero
2726 2249 2882 2310 ﬁnes,
2940 2247 3055 2303 loca
3111 2259 3166 2305 et
3214 2249 3473 2303 vocabula
3519 2253 3817 2316 Sttttlhtcc,

2239 2340 2295 2393 S.
2338 2340 2640 2406 Caesareus,
2697 2339 2920 2406 Palmis,
2979 2340 3347 2409 Sarbilanum,
3401 2341 3560 2399 Clusa
3609 2355 3816 2409 vetere,

2237 2428 2535 2485 Pantanum
2566 2429 2759 2500 majus,
2792 2431 3117 2496 Medianum,
3145 2433 3297 2488 Mons
3322 2434 3635 2504 ruginosus,
3663 2452 3821 2490 mons

2237 2521 2302 2574 de
2327 2521 2570 2586 Zumilis,
2622 2538 2778 2576 mons
2804 2523 3159 2594 Canaparvis,
3191 2524 3356 2588 celsa,
3399 2524 3574 2588 limes,
3620 2527 3814 2596 major,

2236 2614 2554 2682 stagnellum
2611 2615 2979 2678 maledictum,
3037 2615 3202 2681 tiocli,
3253 2616 3458 2685 piscina
3507 2617 3815 2687 gagliarda,

2237 2706 2578 2770 alivastrum,
2625 2707 2944 2778 stagncllum
2998 2709 3339 2778 peregrinum
3389 2724 3509 2762 cum
3561 2709 3817 2762 onmibus

2237 2812 2424 2851 eorum
2455 2798 2817 2868 pertinentiis.
2853 2798 2963 2853 Nec
3007 2815 3112 2852 non
3138 2807 3194 2852 et
3243 2797 3632 2852 conﬁrmamus
3658 2799 3812 2851 vobis

2241 2890 2640 2959 perpetualiter
2666 2901 2900 2960 quatuor
2919 2891 2971 2945 in
2991 2891 3258 2960 integrum
3274 2889 3597 2960 principales
3621 2892 3810 2944 uncias

2233 2981 2300 3034 de
2327 2989 2438 3035 toto
2465 2989 2654 3052 stagno
2681 2981 2883 3052 majore
2922 2980 3217 3034 Portuense
3263 2996 3385 3034 cum
3432 2981 3581 3035 omni
3614 2982 3793 3050 pisca-

547 3042 721 3128 eiaern
764 3042 929 3128 fundo
954 3075 1210 3141 Baccani,
1232 3042 1296 3130 ὀι
1337 3093 1459 3132 cum
1482 3042 1732 3132 omnibus
1757 3078 1824 3132 ad
1852 3093 1974 3132 eum
2001 3094 2125 3149 per-
2155 3042 2202 3105 C
2235 3073 2402 3135 tione,
2451 3071 2756 3126 redditione
2784 3080 2842 3126 et
2883 3073 3114 3127 statione
3140 3086 3260 3134 sua,
3282 3069 3368 3124 vel
3396 3086 3520 3126 cum
3556 3072 3812 3124 omnibus

551 3165 847 3218 liuentibus
881 3185 893 3217 :
923 3167 1236 3236 pariterque
1283 3177 1336 3221 et
1384 3167 1606 3222 fundum
1649 3169 1740 3239 qui
1772 3177 1996 3225 vocatur
2035 3168 2130 3223 Ju-

551 3256 808 3316 dzmrum,
838 3264 890 3308 et
921 3255 1140 3309 fumium
1172 3259 1262 3323 qui
1297 3271 1519 3312 vocatur
1543 3259 1782 3315 Gualdus
1810 3277 1931 3315 cum
1954 3262 2127 3316 omni-

549 3347 649 3398 bus
679 3361 866 3400 eorum
897 3347 1319 3414 pertinentibus,
1373 3350 1581 3417 positus
1619 3351 1771 3420 juxta
1813 3352 2124 3419 praedictam

546 3435 846 3499 civitatem,
876 3445 930 3489 et
953 3437 1098 3490 filum
1129 3437 1326 3492 Salintc
1356 3441 1407 3493 in
1460 3440 1726 3510 integrum
1756 3449 2038 3496 extensum
2071 3443 2124 3496 in

547 3541 652 3577 una
705 3525 812 3578 ηπ...
858 3526 990 3580 Item
1017 3539 1068 3581 et
1099 3529 1150 3580 in
1181 3528 1424 3582 Baccana
1445 3538 1498 3583 et
1534 3530 1585 3583 in
1616 3529 1932 3596 Genestula,
1980 3541 2036 3586 et
2069 3533 2122 3586 in

547 3605 634 3667 ﬁla
661 3630 879 3680 navem,
907 3618 1088 3670 omnia
1138 3617 1224 3672 ﬁla
1278 3617 1606 3684 Salinarum,
1643 3634 1763 3689 qua:
1791 3621 1856 3675 ad
1885 3631 2124 3676 vestrum

550 3705 884 3776 episcOpium
921 3707 1195 3777 pertinere
1231 3719 1548 3774 noscuntur,
1581 3724 1678 3764 seu
1730 3719 1785 3766 et
1814 3709 2038 3766 fundum
2068 3713 2122 3767 in

549 3795 840 3867 integrum,
872 3797 964 3868 qui
986 3809 1213 3853 vocatur
1259 3797 1498 3854 Gualdus
1529 3798 1716 3867 major,
1750 3816 1871 3855 cum
1893 3801 2123 3856 ecclesia

552 3889 613 3944 S.
641 3890 856 3955 Aurem,
880 3899 935 3944 et
963 3901 1313 3946 monumento
1355 3907 1475 3955 suo,
1505 3900 1561 3946 et
1590 3901 1734 3946 terra
1763 3892 2122 3960 Semitaritia,

545 3997 666 4050 quae
694 3983 998 4052 appellatur
1028 3983 1279 4047 Planura,
1308 3984 1358 4038 in
1382 4000 1484 4054 qua
1512 3985 1764 4040 cisterme
1787 4001 1906 4041 esse
1933 3987 2124 4041 viden-

548 4083 656 4136 tur,
685 4075 855 4142 pasita
885 4075 1025 4128 inter
1072 4076 1310 4140 ﬂuvium,
1365 4075 1592 4132 formam
1644 4077 1957 4132 Arcionum.
2015 4075 2124 4132 Nec

548 4178 658 4215 non
690 4172 744 4215 ct
775 4164 1158 4219 conﬁrmamus
1188 4167 1340 4219 vobis
1379 4175 1589 4220 curtem
1623 4166 1676 4220 in
1707 4167 1972 4237 integrum
2003 4183 2125 4238 qum

546 4250 745 4303 dicitur
768 4249 1010 4316 Galeria,
1046 4252 1097 4305 in
1126 4267 1231 4322 qua
1278 4261 1361 4307 est
1389 4255 1616 4308 ecclesia
1665 4255 1723 4309 S.
1775 4255 1958 4309 Maritr
1999 4271 2121 4309 cum

546 4341 838 4397 eamiuatis
881 4357 976 4397 seu
1032 4344 1295 4398 tricliueis
1347 4354 1510 4413 atque
1557 4344 1788 4399 diversis
1840 4345 2120 4410 cubiculis,

543 4432 904 4502 amnibusque
956 4432 1072 4489 suis
1119 4433 1384 4496 aediﬁciis,
1441 4449 1564 4503 quae
1617 4433 1758 4488 infra
1810 4449 1870 4489 se
1923 4433 2122 4491 habere

551 4522 896 4593 dignoscitur
925 4538 1060 4578 cum
1111 4523 1364 4579 omnibus
1394 4523 1610 4590 ﬁnibus,
1643 4524 1908 4590 terminis,
1937 4525 2120 4580 limiti-

543 4612 759 4683 basque
782 4615 915 4679 suis,
941 4615 1126 4680 terris,
1154 4615 1442 4676 casalibus,
1473 4616 1660 4688 sylvis,
1689 4625 1851 4686 atque
1871 4617 2120 4687 pantanis

539 4715 669 4759 ‘cnm
703 4715 887 4774 ponte,
925 4713 980 4759 et
1016 4705 1189 4776 ipsum
1245 4705 1419 4760 rivum
1473 4707 1562 4776 qui
1611 4716 1832 4762 vocatur
1879 4707 2116 4773 Galeria,

548 4811 718 4862 nsque
751 4795 818 4849 ad
849 4793 1071 4862 ﬁumen,
1104 4810 1227 4849 eum
1273 4794 1405 4851 locis
1442 4797 1508 4849 ad
1547 4795 1868 4866 aquimalam
1917 4795 2119 4852 facien-

545 4885 694 4948 dam,
722 4885 804 4940 vel
834 4900 957 4940 cum
983 4886 1237 4940 omnibus
1259 4895 1317 4942 nt
1363 4888 1616 4956 superius
1659 4887 1860 4942 dictum
1909 4899 1991 4944 est
2016 4888 2120 4944 sibi

543 4973 870 5039 generaliter
911 4985 967 5028 et
1017 4975 1071 5028 in
1121 4974 1392 5043 integrum
1447 4975 1653 5029 cultum
1695 4984 1751 5032 et
1799 4977 2118 5041 assolatum,

545 5062 706 5113 situm
738 5061 791 5115 in
817 5077 1009 5132 campo
1035 5063 1127 5133 qui
1157 5076 1380 5119 vocatur
1423 5064 1634 5130 Meruli,
1660 5067 2011 5121 constitutum
2036 5068 2118 5121 via

544 5148 862 5215 Partucnse,
891 5153 1144 5208 milliaria
1169 5154 1240 5208 ab
1269 5156 1401 5209 urbe
1435 5157 1604 5209 [tanta
1637 5157 1758 5226 plus
1793 5157 2115 5212 minusduo-

546 5239 781 5305 decima,
814 5242 972 5296 sicuti
1006 5243 1192 5298 aﬁiues
1217 5245 1483 5315 incipiunt
1509 5263 1538 5299 a
1566 5255 1678 5302 toto
1707 5254 1861 5301 curte
1885 5261 1915 5300 a
1943 5249 2119 5316 primo

547 5329 712 5352 I_.a....-
766 5349 790 5352 _
817 5343 880 5352 _-.
945 5333 982 5352 IV

2231 3159 2297 3213 ad
2330 3161 2472 3229 ipsas
2495 3170 2728 3228 quatuor
2755 3159 2942 3214 uncias
2968 3159 3385 3230 pertinentibus,
3425 3159 3587 3213 sicuti
3616 3176 3646 3212 a
3677 3175 3810 3230 pne-

2229 3249 2605 3303 decessoribus
2638 3249 2838 3302 nostris
2888 3247 3218 3318 supradicta:
3243 3247 3489 3302 ecclesia:
3519 3247 3806 3303 Portucnsi

2228 3353 2544 3393 concessum
2574 3347 2676 3392 est.
2710 3338 2909 3391 Verum
2936 3337 3100 3406 etiam
3149 3337 3500 3393 concedimus
3528 3345 3584 3391 et
3610 3341 3812 3392 contir-

2227 3445 2442 3484 mamus
2465 3431 2618 3485 vobis
2664 3432 2969 3514 vcstrjsque
3021 3429 3431 3486 successoribus
3497 3439 3705 3484 turrem
3755 3433 3806 3485 in

2228 3521 2498 3591 integrum
2526 3536 2646 3590 qua:
2681 3529 2906 3574 vocatur
2942 3520 3008 3576 de
3033 3521 3190 3586 Albo,
3240 3535 3362 3575 cum
3395 3520 3562 3585 casis,
3609 3523 3806 3585 vineis,

2227 3610 2423 3675 hortis,
2482 3611 2665 3675 terris,
2719 3610 2946 3680 campis,
3001 3612 3198 3680 pratis,
3254 3611 3467 3681 pascuis
3513 3621 3570 3665 et
3619 3628 3812 3682 syivis,

2226 3702 2480 3772 pantanis
2509 3712 2562 3758 et
2585 3703 2737 3767 rivis,
2768 3703 2931 3758 cultis
2957 3712 3012 3758 et
3069 3703 3312 3770 incultis,
3361 3703 3566 3769 vacuis,
3611 3705 3808 3773 plenis,

2226 3801 2282 3848 et
2323 3807 2447 3847 cum
2472 3791 2726 3846 omnibus
2751 3792 2818 3846 ad
2873 3793 3044 3862 ipsam
3076 3803 3277 3847 turrem
3311 3794 3640 3862 generaliter
3664 3805 3720 3846 et
3757 3796 3808 3848 in

2227 3881 2497 3951 integrum
2527 3881 2950 3950 pertinentibus,
2982 3883 3125 3936 sicut
3168 3882 3358 3937 attines
3395 3882 3636 3949 ejusdem
3667 3883 3810 3936 desi-

2227 3985 2410 4042 gnant,
2447 3987 2477 4025 a
2505 3972 2681 4041 primo
2711 3972 2878 4026 latere
2927 3974 3075 4026 rivus
3102 3973 3193 4041 qui
3253 3982 3479 4027 vocatur
3500 3970 3744 4032 Galeria,
3776 3991 3803 4023 a

2226 4063 2466 4127 secundo
2494 4063 2662 4116 latere
2697 4062 2889 4116 fluvius
2920 4062 3156 4127 Tiberis,
3195 4077 3224 4116 a
3274 4062 3435 4117 tertio
3484 4061 3656 4114 latere
3687 4059 3808 4113 Pul-

2227 4153 2494 4220 veriuula,
2523 4163 2578 4209 et
2604 4169 2634 4207 a
2663 4163 2860 4223 quarto
2886 4153 3054 4208 latere
3097 4151 3269 4206 forma
3293 4167 3411 4220 quae
3456 4161 3683 4206 vocatur
3705 4154 3806 4203 Ar-

2225 4245 2462 4299 ciouum.
2493 4243 2852 4298 Concedimus
2875 4243 3038 4296 etiam
3069 4241 3200 4311 ipsis
3243 4241 3554 4295 hominibus
3579 4241 3669 4308 qni
3700 4255 3800 4307 per

2229 4348 2472 4408 tempora
2501 4337 2800 4392 babitaturi
2847 4346 2975 4392 sunt
3019 4334 3160 4391 infra
3216 4345 3447 4398 turrem,
3501 4345 3560 4388 ut
3607 4336 3804 4388 nullius

2148 4414 2202 4477 Ῑ)
2226 4431 2502 4501 potestati,
2532 4429 2733 4484 nullius
2755 4421 2946 4484 ditiani
2976 4427 3175 4483 subditi
3221 4428 3350 4492 sint,
3374 4443 3472 4481 nec
3500 4425 3659 4479 alicui
3688 4441 3802 4478 ser-

2227 4521 2396 4586 viant,
2425 4528 2519 4575 aut
2549 4521 2761 4575 hostem
2789 4518 3009 4580 faciant,
3039 4519 3142 4572 nisi
3167 4518 3422 4588 episcopo
3461 4516 3551 4584 qui
3582 4516 3634 4567 in
3658 4515 3805 4567 dicto

2224 4611 2501 4680 episcopio
2529 4608 2722 4674 fuerit;
2753 4625 2850 4662 nec
2874 4606 3450 4662 nonetcanlirmamus
3471 4605 3562 4657 tibi
3591 4603 3802 4670 tuisque

2227 4701 2635 4757 successoribus
2659 4701 2710 4754 in
2736 4707 3054 4770 perpetuum
3085 4713 3274 4751 omnes
3305 4711 3392 4750 res
3411 4704 3463 4749 et
3494 4694 3801 4754 facultates,

2227 4792 2453 4848 mobiles
2502 4803 2558 4844 et
2604 4791 2928 4855 immobiles,
2985 4789 3053 4843 de
3095 4789 3200 4842 illis
3227 4787 3535 4841 hominibus
3564 4785 3658 4855 qui
3683 4784 3802 4839 sine

2227 4884 2440 4938 haerede
2466 4892 2519 4936 et
2549 4882 2786 4938 intestati
2833 4881 3138 4938 moriuntur
3167 4880 3220 4934 in
3252 4880 3394 4934 dicta
3423 4878 3641 4932 civitate
3666 4875 3800 4930 Par.

2223 4975 2420 5039 tueusi,
2452 4975 2566 5029 sive
2595 4975 2647 5028 iu
2673 4973 3029 5037 Traustiberi,
3055 4980 3149 5027 aut
3188 4972 3240 5028 in
3292 4970 3464 5024 insula
3503 4967 3792 5040 Lycaonia,

2221 5067 2337 5121 sive
2363 5065 2673 5134 ubicunque
2694 5063 2860 5119 vestri
2889 5063 3230 5132 episcopatus
3280 5059 3421 5128 juris
3459 5076 3577 5115 esse
3608 5057 3791 5110 viden-

2223 5165 2334 5220 tur,
2360 5155 2743 5210 constituimus
2772 5155 2944 5223 ipsam
2974 5152 3325 5206 Portnensem
3351 5149 3632 5205 ecclesiam
3658 5147 3791 5214 legi-

2226 5247 2416 5300 timam
2444 5245 2732 5306 lneredem,
2776 5244 2849 5298 ita
2906 5251 2966 5296 ut
3010 5243 3292 5311 episcopus
3339 5239 3508 5309 ipsius
3554 5235 3794 5290 ecelesim

2223 5335 2237 5352 I
2295 5335 2308 5352 ι
2342 5342 2411 5352 --.
2448 5341 2760 5352 ..-.--.-.-.--
2811 5330 3087 5352 ___.I!--..-_.l:
3117 5330 3296 5352 ‘_.-_--.:..
3348 5327 3361 5352 ε

3554 5341 3669 5352 ..η-ιιι
3699 5337 3762 5352 νη
3777 5350 3786 5352 -

3254 5337 3296 5352 ζα.
3348 5337 3491 5352 ..ι-..ιι
