4062 5352
184 167 274 224 COI

1170 155 1530 214 εριδτοωε
1573 157 1661 212 ΕΤ
1702 153 2026 210 DECRETA
2072 151 2474 211 PONTIFICIA.

3340 147 3445 204 (ὶοἳ

185 288 406 348 petitum
457 291 524 330 ex
565 274 689 346 jure
738 272 878 328 sacri
928 271 1118 327 nostri
1152 271 1336 339 palatii
1367 269 1770 330 Lateraneusis,
1801 271 1849 328 Α
1879 269 1980 322 fuit
2003 269 2055 322 in
2090 267 2352 321 honorem
2378 264 2437 318 S.
2467 259 2764 317 Adalberti.
2797 260 2887 330 qui
2915 275 3014 315 suo
3045 269 3286 330 tempore
3313 277 3450 316 mar-

187 369 328 438 quod
350 367 419 420 ad
458 365 734 434 publicum
760 373 1003 418 nostrum
1028 363 1282 432 pertinet,
1314 361 1614 417 castaldutn
1640 359 1772 414 Por-

186 470 401 522 tueuse,
452 457 540 510 vel
572 455 830 526 quidquid
879 470 1048 524 usque
1077 456 1342 509 hactenus
1370 453 1543 508 nostri
1580 451 1774 507 castal-

187 531 378 604 dioues
417 549 485 604 de
533 556 642 603 tota
674 548 970 602 Portuense
1023 548 1264 614 civitate,
1296 549 1411 602 sive
1455 547 1522 601 de
1576 546 1774 615 portis,

189 642 270 695 vel
300 641 368 694 de
401 641 654 704 navibus,
689 655 787 694 nec
833 655 936 692 non
983 647 1039 692 ct
1069 639 1135 692 de
1166 647 1275 691 tota
1308 637 1663 700 Burdunaria,
1693 636 1777 690 vel

190 731 457 802 quidquid
489 740 647 784 extra
695 729 776 784 vel
813 729 954 784 infra
1006 731 1204 800 ubique
1249 731 1314 784 ad
1345 731 1490 784 illum
1522 729 1781 800 pertinuit

188 821 382 889 dejant
415 821 566 874 dicto
614 821 941 883 ministerio,
974 821 1127 875 vobis
1158 823 1464 892 vestrisque
1491 837 1776 876 successo-

188 914 340 968 ribus
382 912 438 966 iu
485 922 808 980 perpetuum
842 912 1127 966 tribuimus
1161 913 1571 982 possidendum,
1603 914 1674 967 ita
1722 923 1782 968 ιιι

189 1004 631 1074 qualemcunque
659 1005 930 1059 hominem
983 1005 1181 1059 ibidem
1229 1006 1565 1061 constituere
1597 1006 1783 1060 volue-

191 1097 311 1162 ritis
337 1095 738 1150 casutldionem
770 1104 865 1150 aut
895 1094 1321 1159 mandatarium,
1371 1096 1424 1148 iu
1477 1106 1654 1149 vestra
1685 1111 1778 1165 po-

194 1196 396 1242 testate
444 1187 736 1252 consistat,
787 1195 844 1240 et
895 1186 1163 1255 quidquid
1212 1187 1278 1241 de
1326 1187 1439 1257 ipso
1483 1187 1785 1240 ministerio

195 1280 538 1350 acquisierit,
586 1281 743 1335 vobis
786 1281 1090 1348 vestrisque
1137 1281 1548 1335 successoribus
1577 1280 1783 1334 defera-

197 1381 303 1435 tur,
365 1371 638 1440 quidquid
688 1369 839 1424 vobis
882 1372 1078 1424 exiude
1131 1370 1461 1435 faciendum,
1509 1380 1688 1425 tamen
1740 1376 1782 1424 si

198 1471 388 1515 nostro
411 1461 604 1515 comiti
656 1459 736 1515 vel
765 1469 1076 1514 nostrorum
1123 1475 1498 1514 successorum
1524 1460 1781 1530 placuerit

197 1554 263 1608 de
287 1554 405 1618 illo,
430 1553 579 1624 quod
623 1553 690 1608 ad
719 1563 960 1608 nostrum
988 1553 1246 1623 palatium
1273 1555 1529 1624 pertinet,
1564 1553 1785 1608 fidelita-

1877 361 2076 432 tyrium
2118 373 2214 428 pro
2261 355 2465 410 Christi
2497 353 2715 406 nomine
2765 351 3029 421 suscepit.
3071 352 3145 406 At
3171 351 3457 422 episcopus

1875 453 1966 508 ille
1987 451 2197 522 rogavit
2219 449 2320 504 sibi
2351 464 2379 502 a
2405 447 2561 502 nobis
2588 446 2706 499 dari
2738 446 2980 500 inducias
3007 445 3072 499 ad
3102 454 3310 500 certum
3343 455 3455 499 ter-

1877 546 2101 604 tninutu,
2134 552 2191 595 ut
2239 538 2435 595 aﬂurre
2476 539 2628 594 vobis
2671 547 2855 607 posset
2894 538 3158 608 justitiam
3200 552 3364 606 quam
3400 552 3459 591 se

1880 637 2079 692 habere
2102 635 2348 698 diccbat;
2375 649 2474 688 nos
2488 648 2640 696 vero,
2663 647 2788 702 quia
2807 631 3047 702 synodus
3068 647 3131 684 ea
3155 631 3240 684 die
3272 630 3460 685 termi-

1880 729 2136 792 nabatur,
2159 726 2565 789 concessimus;
2590 739 2822 792 cumque
2845 723 3110 778 terminus
3131 723 3458 802 advenisset.

1885 833 1938 877 tu
1994 823 2061 876 ad
2115 837 2214 876 nos
2272 820 2550 874 humiliter
2601 827 2651 874 et
2695 818 2860 881 solus,
2907 818 2996 871 ille
3027 826 3228 870 autem
3269 831 3460 883 magna

1883 915 2164 970 hominum
2189 912 2534 965 mttlzitudine
2563 910 2733 964 fretus
2777 911 2840 964 ad
2868 926 2965 964 nos
2988 911 3172 964 venire
3195 909 3460 976 despexit.

1885 1007 2208 1061 Rcsidentes
2231 1015 2407 1058 tamen
2439 1019 2536 1058 nos
2555 1020 2676 1057 cum
2701 1001 2979 1070 judicibtts
3010 1004 3216 1058 nostris
3247 1003 3311 1056 ad
3339 1018 3462 1057 eum

1886 1098 2140 1168 legatum,
2198 1106 2256 1149 ut
2309 1096 2374 1149 ad
2435 1111 2536 1149 nos
2591 1097 2822 1156 veniret,
2888 1094 3207 1157 direximus,
3261 1092 3468 1147 scilicet

1888 1191 2101 1246 nonnisi
2169 1205 2290 1242 cum
2353 1190 2467 1242 suis
2528 1187 2824 1256 redemptis
2893 1184 3228 1254 adjutoribtts
3285 1185 3469 1240 venire

1888 1297 1947 1336 se
1973 1282 2129 1335 dixit.
2159 1279 2443 1346 Quodicto
2468 1295 2590 1333 cum
2629 1287 2738 1332 tota
2773 1293 2870 1332 sua
2916 1277 3260 1330 multitudine
3295 1291 3471 1329 reces-

1889 1375 1980 1438 sit,
2012 1373 2222 1427 scilicet
2281 1387 2378 1426 nos
2433 1371 2500 1424 ad
2557 1369 2672 1438 ejus
2719 1368 3119 1424 contumaciam
3155 1384 3258 1422 non
3294 1367 3464 1436 respi-

1891 1467 2118 1529 cientes,
2139 1481 2202 1520 ex
2229 1465 2713 1534 cousiliojudicum
2744 1463 3190 1516 archidiaconum
3218 1471 3468 1514 nostrum

1895 1560 2173 1630 llugonem
2205 1574 2374 1626 ttsque
2423 1557 2488 1609 ad
2535 1557 2753 1609 domttm
2805 1553 2920 1621 ejus
2979 1553 3243 1614 misimus,
3298 1562 3356 1606 ut
3388 1566 3474 1605 se-

201 1655 305 1700 tem
328 1644 500 1712 juret.
538 1645 632 1699 Isti
689 1660 924 1715 namque
968 1647 1220 1710 comites,
1266 1646 1358 1714 qui
1404 1661 1502 1716 pro
1546 1654 1785 1716 tempore
1820 1623 1863 1682 Β
1892 1623 2077 1721 (puniti
2108 1650 2195 1703 die
2225 1623 2301 1702 ad
2321 1663 2418 1702 nos
2449 1647 2675 1711 veniret,
2725 1646 2867 1700 sicut
2907 1645 3192 1714 episcopus
3218 1658 3338 1697 cum
3363 1641 3476 1710 epi-

202 1736 408 1789 fuerint
455 1751 486 1789 a
541 1736 697 1790 nobis
727 1729 811 1791 vel
848 1752 876 1789 a
919 1737 1122 1792 nostris
1166 1739 1588 1804 successoribus,
1642 1738 1789 1792 nulio

202 1830 364 1880 modo
394 1826 563 1879 alium
591 1825 980 1881 castaldionem
1011 1836 1105 1880 aut
1136 1829 1532 1883 mamlatarium
1555 1829 1791 1882 audeant

201 1919 462 1972 ordinare
486 1917 566 1972 vel
595 1918 946 1979 constituere,
991 1927 1184 1988 praeter
1231 1920 1349 1974 illos
1389 1935 1524 1986 quos
1564 1935 1660 1975 vos
1707 1921 1788 1975 vel

204 2008 369 2062 vestri
420 2021 768 2062 successores
803 2009 1067 2064 ordinatis
1096 2009 1174 2064 vel
1223 2011 1584 2075 constituitis;
1617 2012 1707 2081 qui
1748 2012 1790 2065 si

207 2098 461 2162 fecerint,
494 2099 578 2153 vel
606 2100 672 2154 de
693 2099 805 2166 jam
837 2101 982 2154 dicto
1009 2101 1306 2156 castaldico
1357 2102 1558 2172 aliquid
1585 2104 1789 2158 violen-

210 2198 289 2243 ter
311 2189 664 2256 abstulerint,
721 2191 801 2245 vel
844 2207 960 2260 qua!
1012 2207 1041 2245 a
1086 2193 1258 2254 nobis,
1291 2194 1448 2249 vobis
1491 2195 1797 2264 vestrisque

209 2283 621 2337 successoribus
643 2285 842 2337 tradita
865 2295 1011 2346 sunt,
1033 2285 1286 2356 frangere
1307 2296 1400 2341 aut
1423 2289 1796 2343 contradicere

208 2376 503 2438 voluerint,
535 2377 904 2446 unusquisque
931 2395 981 2431 tv
1012 2378 1103 2432 lib.
1129 2380 1248 2434 auri
1277 2381 1572 2450 persolvat,
1599 2383 1800 2436 medit-

212 2479 372 2522 tatem
406 2478 597 2523 nostro
622 2471 844 2538 palatio,
885 2480 940 2526 et
993 2473 1338 2528 medietatem
1375 2484 1554 2528 vestro
1583 2476 1798 2543 episro-

212 2560 380 2630 patui,
410 2570 466 2614 et
498 2563 642 2630 qttod
667 2561 737 2615 ab
767 2563 846 2616 eis
889 2565 939 2617 in
961 2565 1322 2620 castaldiones
1344 2568 1650 2622 ordinatum
1687 2568 1800 2620 fuc-

212 2653 301 2717 rit,
332 2661 648 2706 evacuetur.
687 2652 744 2706 Si
779 2668 907 2708 vero
951 2655 1147 2710 exinde
1187 2665 1476 2712 contumax
1509 2660 1798 2719 exstiterit,

213 2755 382 2808 usque
421 2740 488 2793 ad
543 2751 780 2796 vestram
825 2743 1252 2801 satisfactionem
1297 2748 1801 2802 excommunicatus

213 2834 434 2887 existat.
1334 2831 1343 2839 '

284 2925 532 2995 Itemque
555 2929 906 2983 concedimus
925 2939 979 2982 et
997 2929 1382 2984 confirmamus
1402 2930 1552 2984 vobis
1577 2933 1799 2985 vestris-

1895 1759 2061 1812 scopo
2083 1743 2349 1796 rationem
2378 1739 2691 1804 habiturus;
2733 1752 2965 1806 cumque
2989 1736 3077 1789 die
3103 1735 3274 1788 altera
3308 1733 3472 1788 simili

1896 1835 2056 1890 modo
2103 1833 2467 1887 residercmus
2523 1838 2906 1900 exspectantes
2954 1843 3102 1887 eum.
3153 1842 3258 1881 non
3304 1826 3473 1886 venit,

1895 1927 2104 1982 scilicet
2125 1925 2386 1996 epistolas
2410 1922 2672 1993 quasdam
2691 1923 2904 1976 veniam
2931 1920 3286 1990 prmferentes
3307 1919 3474 1982 tuisit,

1897 2031 2130 2085 cumque
2157 2015 2287 2070 nihil
2312 2013 2542 2068 rationis
2567 2012 2796 2075 diceret,
2828 2019 2886 2063 ttt
2908 2010 3142 2080 amplius
3171 2009 3480 2079 exspectari

1899 2108 2142 2171 deberet,
2178 2106 2525 2160 laudantibus
2569 2104 2820 2158 omnibus
2844 2101 3140 2171 judicibus,
3171 2100 3340 2156 frater
3368 2101 3483 2156 Ali-

1899 2201 2083 2255 nardis
2122 2199 2497 2270 Lugdunensis
2559 2199 3001 2268 archiepiscopus
3046 2198 3365 2254 canonicam
3425 2205 3482 2251 et

1899 2291 2234 2346 ditiinitivam
2260 2290 2482 2359 protulit
2529 2290 2875 2352 sententiam,
2924 2289 3154 2358 primam
3186 2288 3253 2342 de
3281 2296 3480 2342 contu-

1902 2384 2145 2437 macibus
2170 2382 2475 2452 puniendis,
2524 2381 2816 2435 secundam
2843 2381 2910 2434 de
2933 2379 3178 2435 ecclesiis
3205 2395 3327 2449 qua:
3353 2388 3494 2435 sunt-

1903 2479 2043 2531 intra
2081 2475 2280 2530 limites
2305 2475 2668 2544 episcopatus,
2721 2473 2992 2542 quomodo
3035 2472 3103 2526 ad
3141 2488 3265 2525 eum
3316 2472 3488 2542 perti-

1905 2580 2084 2624 ucaut.
2115 2568 2226 2634 Qua
2253 2567 2458 2636 prolata
2484 2566 2754 2621 sententia
2778 2580 2808 2619 a
2835 2565 3012 2628 nobis,
3045 2575 3095 2618 et
3125 2564 3194 2617 ab
3225 2564 3482 2616 omnibus

1906 2661 2142 2724 laudata,
2171 2659 2489 2713 eoulirmata
2523 2657 2643 2711 fuit.
2675 2657 3018 2725 Quapropter
3053 2665 3162 2709 tam
3196 2652 3292 2708 tibi
3319 2668 3482 2722 quam

1907 2753 2011 2806 tuis
2071 2750 2482 2805 successoribus
2544 2747 2793 2802 eamdem
2855 2745 3142 2800 ecclesiam
3215 2759 3304 2813 pet
3380 2744 3486 2798 hoc

1905 2852 2153 2897 ttostrum
2217 2841 2557 2910 privilegium
2613 2838 2992 2902 concedimus,
3062 2836 3484 2897 confirmamus,

1856 2987 1871 3004 ,_
1908 2934 2244 3004 querimonia
2294 2943 2402 2986 tam
2459 2931 2532 2984 illi
2577 2931 2832 3001 episcopo
2862 2945 3024 2999 quam
3077 2927 3488 2982 successoribus

216 3032 319 3085 que
361 3020 774 3074 successoribus
824 3020 874 3073 iu
923 3029 1242 3089 perpetuum
1285 3021 1352 3073 de
1402 3021 1620 3076 civitate
1663 3022 1799 3076 Por-
1829 2998 1874 3061 Ε·
1907 3024 2024 3091 ejus
2070 3034 2331 3094 perpetuo
2383 3022 2672 3077 interdicta
2704 3021 2771 3075 de
2801 3021 2987 3075 eadem
3015 3019 3266 3084 ecclesia,
3297 3020 3400 3073 sita
3433 3018 3487 3071 iu

219 3108 396 3162 tuensi
422 3109 726 3177 pisratores
756 3119 810 3163 et
852 3113 984 3165 duos
1027 3111 1276 3173 curiales,
1309 3113 1710 3182 qualescunque
1739 3117 1804 3168 de

217 3200 297 3253 eis
321 3199 524 3269 eligere
562 3201 847 3255 volueritis
879 3201 930 3255 itt
974 3211 1320 3272 perpetuum,
1364 3203 1439 3257 ita
1489 3211 1546 3256 ttt
1578 3206 1803 3260 ulzerius

217 3289 415 3344 nullam
441 3291 716 3344 dalionem
748 3293 1063 3362 nullumque
1082 3293 1363 3346 servitium
1385 3293 1608 3360 faciant,
1631 3312 1804 3366 neque

217 3380 282 3433 ad
309 3381 567 3449 placitum
602 3382 1012 3453 adstringantur
1059 3385 1126 3438 ab
1153 3383 1332 3452 aliqua
1372 3400 1624 3454 persona,
1658 3386 1804 3439 scili—

218 3482 303 3525 cet
351 3473 447 3525 tibi
497 3475 715 3542 tuisque
774 3474 1181 3528 successoribus
1226 3473 1364 3527 hanc
1414 3475 1804 3531 committimus

225 3572 570 3631 po'estatem.
601 3563 731 3616 Item
757 3563 1140 3617 confirmamus
1169 3563 1263 3617 tibi
1289 3565 1502 3632 tuisque
1528 3581 1806 3619 successo-

221 3655 363 3709 ribus
390 3654 576 3709 casale
601 3671 768 3708 unum
799 3657 850 3708 in
886 3657 1174 3725 integrum,
1204 3657 1346 3726 quod
1381 3667 1603 3709 vocatur
1628 3657 1805 3710 Gene-

218 3747 453 3810 siaunm,
505 3746 651 3814 quod
703 3755 760 3800 et
806 3745 1116 3800 Mallianum
1169 3757 1418 3810 vocatur,
1465 3764 1586 3801 cum
1632 3747 1804 3800 insula

218 3838 427 3893 modica
454 3838 594 3890 ultra
625 3839 799 3891 rivum
830 3837 882 3892 in
913 3839 1026 3908 ipso
1049 3839 1166 3893 loco
1184 3839 1375 3907 posita,
1399 3855 1522 3894 cum
1551 3839 1804 3893 omnibus

218 3932 284 3985 ad
322 3947 450 3984 eum
505 3932 906 4000 pertinentibus
953 3932 1124 4001 posita
1177 3934 1259 3984 via
1313 3930 1606 3986 Portueusc
1652 3931 1804 4000 juxta

219 4023 555 4086 Mallianum,
575 4023 717 4091 juris
742 4025 1056 4079 monasterii
1083 4025 1140 4078 S.
1168 4023 1465 4087 Pancratii,
1490 4024 1652 4076 etiam
1678 4037 1804 4076 cou-

222 4114 507 4168 firmamus
553 4116 709 4169 vobis
753 4117 1056 4185 vestrisque
1101 4115 1506 4169 sucressoribtts
1537 4115 1586 4167 in
1618 4129 1804 4182 perpe-

223 4214 371 4260 tuum
406 4215 573 4261 totam
621 4206 854 4260 insulam
896 4223 1016 4276 qum
1043 4217 1269 4260 vocatur
1304 4205 1570 4276 Lycaonia
1603 4205 1690 4258 tibi
1720 4213 1805 4258 cst

219 4297 449 4352 ecclesia
493 4296 551 4352 S.
579 4294 808 4351 Joannis
837 4297 1090 4365 Baptista:
1139 4308 1194 4351 et
1231 4297 1288 4352 S.
1332 4297 1628 4356 Adalberti.
1665 4297 1804 4349 unde

1904 3116 2162 3184 pra-dicta
2205 3113 2401 3176 insula,
2451 3129 2575 3167 cum
2623 3112 2870 3167 curtibus
2928 3125 2982 3166 et
3031 3109 3288 3165 oratoriis
3343 3107 3487 3162 infra

1905 3206 2122 3260 easdem
2154 3213 2360 3268 ettrtes,
2389 3214 2445 3257 et
2472 3219 2593 3256 cum
2637 3201 2888 3256 omnibus
2928 3201 2994 3254 ad
3022 3216 3115 3254 eas
3162 3197 3490 3268 generaliter

1905 3303 1960 3348 et
2002 3294 2054 3346 itt
2096 3294 2362 3362 integrum
2395 3291 2816 3361 pertinentibus,
2858 3306 2978 3342 cunt
3009 3289 3202 3350 hortis,
3235 3297 3290 3342 et
3334 3287 3490 3356 aqui~

1907 3384 2065 3438 molis
2106 3385 2238 3448 suis,
2267 3383 2368 3438 sita
2395 3382 2533 3436 infra
2571 3381 2711 3434 hanc
2743 3379 2930 3433 urbem
2977 3377 3296 3440 Romanam,
3328 3377 3489 3431 sicuti

1905 3477 2216 3530 extenditur
2241 3475 2309 3528 ab
2357 3491 2464 3528 uno
2491 3475 2691 3543 capite,
2735 3473 2824 3527 ttbi
2871 3471 3128 3527 dividitur
3175 3470 3398 3535 flumen,
3433 3479 3491 3525 et

1907 3584 2081 3638 nsque
2137 3570 2187 3622 itt
2242 3568 2388 3622 aliud
2441 3577 2605 3638 caput
2656 3567 2824 3636 ipsius
2870 3565 3079 3625 insulae,
3139 3564 3229 3618 ubi
3287 3564 3492 3618 aduna-

1909 3673 2016 3726 tttr,
2057 3664 2172 3731 pari
2218 3662 2378 3716 modo
2417 3660 2792 3723 concedimus,
2832 3668 2887 3713 et
2917 3658 3307 3713 confirmamus
3338 3658 3492 3709 vobis

1908 3755 2210 3823 vestrisque
2235 3753 2643 3808 successoribus
2669 3753 2722 3807 itt
2755 3760 3074 3822 perpetuum
3106 3764 3320 3802 omnem
3345 3748 3494 3801 ordi-

1909 3851 2181 3904 nationem
2213 3847 2600 3918 cpiscopalctn,
2632 3857 2739 3900 tam
2767 3847 2833 3899 de
2859 3841 3194 3912 presbyteris
3228 3854 3388 3909 quam
3425 3840 3492 3893 de

1908 3940 2172 4002 diaconis,
2218 3939 2300 3992 vel
2347 3937 2690 4000 diaconistis,
2722 3936 2837 3990 sive
2877 3931 3248 3995 subdiacouis,
3293 3943 3492 3984 conse-

1911 4031 2217 4086 crationem
2265 4029 2620 4083 ecclesiarum
2664 4027 2746 4080 vel
2801 4025 3076 4087 altarium,
3120 4038 3240 4092 quae
3281 4022 3334 4075 in
3379 4031 3491 4073 tota

1909 4120 2241 4178 Transtiberi
2273 4135 2495 4174 necesse
2521 4119 2684 4172 fuerit
2709 4117 2978 4180 facienda,
3011 4115 3112 4170 nisi
3136 4114 3276 4168 forte
3315 4113 3494 4168 cardi-

1911 4214 2081 4276 nales,
2139 4213 2354 4267 diaconi
2411 4211 2497 4264 vel
2548 4210 2889 4272 subdiacoui,
2941 4218 3034 4264 attt
3074 4205 3310 4277 acolytbi
3349 4204 3494 4259 sacri

1873 4335 1882 4342 -
1913 4303 2299 4358 baterauensis
2327 4301 2512 4372 palatii
2559 4300 2884 4364 efliciantur,
2914 4298 3122 4355 scilicet
3161 4297 3345 4352 omnia
3397 4295 3493 4349 tibi

222 4393 618 4460 querimoniam
659 4392 922 4461 posuistis
947 4393 999 4445 in
1030 4393 1255 4463 synodo,
1304 4409 1464 4462 quant
1514 4392 1809 4445 celebt'avi-
1836 4371 1888 4431 υ
1917 4395 2129 4464 tuisque
2157 4371 2586 4458 successoribus,
2637 4389 2720 4445 vel
2753 4391 2952 4461 quibus
2994 4388 3263 4460 episcopis
3289 4402 3319 4441 a
3340 4385 3496 4440 vobis

146 4541 156 4552 ⁸
224 4497 342 4534 mus
373 4481 426 4534 in
455 4483 684 4536 ecclesia
718 4481 1042 4545 Salvatoris,
1101 4499 1270 4552 quare
1321 4493 1513 4538 contra
1547 4484 1810 4537 Crescen-

225 4573 354 4625 tiutn
397 4572 453 4627 S.
509 4573 685 4646 Sylva:
727 4575 985 4628 Candida:
1039 4575 1294 4629 Ecclesiae
1344 4575 1676 4644 episcopum,
1716 4577 1808 4646 qui

223 4667 465 4722 eamdem
493 4667 781 4722 ecclesiam
812 4683 912 4723 suo
964 4668 1294 4737 epiecopatui
1326 4669 1656 4733 vindicabat,
1684 4684 1806 4723 cum

226 4773 351 4810 vero
381 4759 549 4812 amluc
579 4769 762 4828 partes
790 4767 915 4813 ante
933 4760 1268 4830 praesentiam
1297 4767 1534 4813 nostratn
1562 4770 1616 4814 et.
1649 4760 1811 4816 totius

228 4863 359 4919 syno
383 4848 412 4902 li
461 4851 698 4910 staretis,
735 4851 937 4920 placuit
983 4864 1042 4907 ιιι
1067 4852 1112 4906 si
1139 4851 1461 4920 scripturam
1485 4851 1679 4907 exinde
1711 4852 1811 4906 ha-

229 4937 400 5004 beres,
432 4941 482 4998 in
511 4942 748 4998 medium
777 4943 1063 4998 videndam
1094 4943 1483 5014 legendamque
1511 4943 1808 5014 proferres.

235 5029 418 5086 Statim
454 5035 686 5090 attulisti
739 5033 1082 5104 privilegium
1134 5035 1278 5103 quod
1328 5036 1662 5092 antecessori
1719 5043 1812 5093 tuo

237 5111 512 5182 Benedicto
541 5129 822 5198 episcopo,
853 5128 940 5196 qtti
971 5126 1257 5182 dicebatur
1303 5127 1368 5182 de
1394 5127 1610 5192 Pontio,
1639 5127 1814 5184 Bene-

237 5206 401 5272 dictus
428 5220 555 5285 \’lll,
592 5228 912 5274 antecessor
965 5227 1172 5278 noster,
1213 5217 1340 5273 fecit
1384 5219 1450 5274 de
1496 5220 1810 5288 integritate

240 5305 390 5352 latins
418 5311 768 5352 pnicnnnntttc
825 5307 973 5352 nilnil
1017 5323 1142 5352 mtm
1178 5307 1371 5352 lor-[nm
1423 5322 1582 5352 pacm.
1639 5311 1812 5352 nnmi-

1913 4488 2124 4542 invitati
2178 4487 2378 4540 fuerint
2426 4484 2742 4548 ordinandi,
2792 4480 3146 4537 benediceudi
3199 4489 3255 4534 et
3307 4493 3495 4533 consc-

1913 4579 2098 4634 crandi
2125 4577 2475 4631 concedimus
2491 4585 2844 4645 potestatem;
2868 4583 3010 4628 etne
3035 4571 3292 4641 parochia
3315 4578 3492 4623 vestra

1918 4675 1986 4728 ab
2019 4673 2201 4743 aliquo
2243 4673 2576 4740 pervadatur
2603 4670 2878 4740 episcOpo,
2914 4667 3049 4721 fines
3091 4664 3209 4733 ejus
3257 4679 3354 4733 per
3393 4663 3495 4716 hoc

1915 4771 2156 4821 nostrum
2182 4764 2525 4834 privilegium
2555 4763 2832 4816 insinuare
2862 4771 3072 4828 tua-que
3098 4754 3344 4810 ecclesia:
3369 4770 3497 4809 con-

1917 4860 2136 4912 firmare
2160 4871 2434 4918 curamus,
2463 4855 2755 4922 incipiente
2779 4852 2956 4920 primo
2985 4847 3219 4904 termino
3250 4863 3280 4900 a
3327 4845 3500 4900 fracto

1913 4957 2099 5021 ponte,
2129 4945 2219 5001 tibi
2269 4947 2409 4999 ttnda
2445 4945 2646 4998 dicitur
2677 4958 2772 5010 per
2815 4955 3026 4995 murum
3077 4935 3504 4993 'l'ranstihcriuaa

1919 5035 2160 5096 civitatis
2209 5051 2306 5107 per
2353 5044 2565 5103 portam
2622 5031 3040 5101 Septitnianam,
3070 5041 3168 5097 per
3200 5040 3416 5098 portam

1922 5128 2229 5190 Pancratii,
2281 5143 2377 5198 per
2430 5126 2635 5181 silicem
2688 5138 2820 5181 vero
2847 5125 3016 5197 ipsius
3047 5128 3217 5190 portae
3243 5137 3414 5194 usque
3442 5119 3508 5172 ad

1912 5232 2130 5295 pontem
2159 5233 2524 5274 marmoreum
2549 5216 2640 5287 qui
2664 5225 2750 5271 est
2779 5232 2948 5290 super
2967 5212 3511 5282 Annonem,etdtteit

1915 5319 2012 5352 rmr
2038 5310 2207 5352 incum
2235 5309 2444 5352 silicem
2477 5320 2647 5352 "anno.
2677 5307 2744 5352 ad
2775 5306 3130 5352 nnrilnrinm.
3181 5303 3312 5352 inde
3337 5301 3512 5352 revol-
