4062 5352
563 262 666 316 603

1609 255 1668 310 S.
1711 254 1956 310 LEONIS
1994 251 2064 308 IX
2103 253 2300 308 ΡΑΡᾹΞ
2335 252 2719 308 OI’USCULA.

3707 249 3813 305 σοι

563 381 722 444 ponte
743 372 893 443 juxta
919 369 1296 424 Marmor-aiam
1317 383 1412 438 per
1435 376 1654 439 pontem
1678 369 1734 422 S.
1763 368 1945 423 Maria:
1962 382 2132 438 usque
2164 369 2209 428 Α
2240 382 2485 436 rumpere
2515 366 2942 435 pra-sumpserit,
2995 374 3050 422 et
3079 366 3217 420 sicut
3266 380 3296 419 a
3345 363 3501 418 nobis
3564 367 3814 434 superius

561 467 627 518 ad
656 473 867 535 pontem
914 462 1221 516 Iudaeorum
1261 475 1357 528 per
1386 460 1623 515 medimn
1656 460 1878 526 flumen,
1912 469 1968 515 et
1989 469 2136 514 recte

561 555 628 608 ad
654 552 886 608 medium
937 561 1152 622 pontem
1187 548 1440 616 fractum,
1473 549 1564 604 ubi
1593 550 1662 603 de
1693 550 1832 602 unda
1863 549 2133 612 duximus,

558 644 649 716 qui
686 652 772 698 est
800 642 1006 712 primus
1034 640 1204 695 alIinis
1232 641 1436 710 absque
1482 638 1913 694 Transtiberinis
1953 640 2137 692 catho-

559 737 678 791 licis
702 735 949 791 ecclesiis
974 733 1032 788 S.
1063 733 1243 788 Marias
1284 734 1335 788 in
1367 732 1784 797 Transtiberim,
1815 731 1872 786 S.
1902 730 2135 802 Chryso-

559 830 707 900 goni,
737 839 791 883 et
847 828 906 882 S.
954 827 1203 892 Caeciliae,
1249 825 1333 880 vel
1385 825 1694 880 monasterii
1756 823 1813 878 S.
1865 824 2132 878 Pancratii

559 933 611 972 ιιι
643 918 1100 973 monasteriorum
1131 915 1234 970 SS.
1284 913 1492 971 Cosmaa
1529 925 1585 969 et
1634 914 1906 978 Damiani,
1959 923 2133 967 tamen

560 1013 612 1065 in
665 1011 951 1080 prmdictas
997 1009 1255 1063 ecclesias
1309 1007 1569 1076 quidquid
1627 1007 1695 1058 ah
1729 1004 1997 1074 episcopis
2042 1018 2130 1056 ne.

491 1149 493 1152 .
558 1117 713 1156 cosse
737 1100 902 1154 fuerit
925 1098 1153 1152 faciendi
1185 1096 1571 1152 Portuensibus
1594 1095 1884 1165 episcopis,
1909 1095 1978 1148 ab
2005 1093 2135 1161 ipsis

559 1193 800 1247 invitatis
824 1191 1111 1245 tribuimus
1133 1198 1474 1259 potestatem.
1520 1187 1760 1256 Itemque
1789 1185 2136 1240 concedimus

556 1295 610 1336 et
660 1282 1045 1336 confirmamus
1074 1281 1128 1335 in
1177 1281 1287 1350 jam
1313 1280 1457 1335 dicto
1481 1279 1788 1349 episcopatu
1829 1277 2037 1346 plebem
2075 1275 2132 1328 S.

559 1372 738 1427 Maria:
768 1381 821 1426 et
844 1371 901 1425 S.
937 1371 1262 1440 Apollinaris
1308 1372 1360 1424 in
1391 1369 1525 1423 mola
1561 1379 1736 1438 rupta,
1760 1379 1813 1420 et
1838 1366 2046 1437 plebem
2073 1365 2130 1418 ὃ.

559 1462 818 1530 Stephani
841 1461 893 1516 in
917 1461 1098 1525 Pansi,
1123 1469 1177 1515 et
1199 1460 1406 1530 plebem
1434 1458 1493 1514 S.
1539 1459 1720 1512 Mariae
1747 1458 1797 1512 in
1825 1457 2133 1525 Apuuiaua,

555 1553 638 1604 vel
683 1565 872 1606 omnes
914 1551 1176 1606 ecclesias
1221 1553 1444 1620 exiguas
1487 1550 1568 1605 vel
1605 1564 1827 1619 magnas
1853 1547 2138 1614 cujuslibet

557 1643 807 1707 nominis,
833 1659 951 1713 quas
976 1644 1113 1698 infra
1136 1644 1246 1711 jatu
1275 1644 1446 1698 dictos
1476 1641 1660 1696 amnes
1693 1641 1894 1696 fuerint
1915 1639 1994 1693 vel
2015 1654 2134 1692 esse

2240 467 2439 514 statuta
2480 470 2642 532 sunt.
2682 459 2836 511 firma
2887 472 3104 512 manere
3137 472 3242 510 non
3293 455 3599 520 demiserit,
3650 467 3709 512 et
3758 459 3810 511 in

2238 552 2418 621 aliquo
2443 550 2765 613 offenderit,
2797 550 2936 605 sciat
2963 565 3052 614 se,
3079 549 3181 604 nisi
3217 549 3536 618 resipuerit,
3565 551 3809 604 auctori-

2239 652 2349 696 tate
2406 642 2499 697 Dei
2557 640 2946 710 omnipotentis
3001 649 3058 694 et
3109 639 3169 693 Β.
3232 638 3375 693 Petri
3435 639 3808 706 apostolorum

2237 733 2520 804 principis,
2555 741 2718 799 atque
2759 739 2974 794 nostra,
3013 731 3108 799 qui
3153 729 3271 798 ejus
3321 728 3598 799 fungimur
3638 730 3811 794 vices,

2235 823 2592 878 auathematis
2620 821 2832 876 vinculo
2860 837 2981 876 esse
3007 821 3341 885 innodatum,
3365 831 3419 874 et
3446 836 3476 873 a
3513 836 3682 889 regno
3714 820 3811 874 Dei

2235 918 2495 981 alienmn,
2525 927 2688 985 atque
2711 931 2833 970 cum
2861 914 2996 969 Juda
3027 915 3287 968 traditore
3312 914 3373 967 D.
3410 913 3474 967 Ν.
3499 911 3628 966 Jesu
3655 912 3815 966 Chri-

2235 1010 2304 1063 sti
2335 1024 2456 1063 cum
2489 1007 2702 1064 diabolo
2735 1017 2789 1061 et
2810 1007 3059 1062 omnibus
3086 1007 3296 1076 pompis
3332 1007 3451 1076 ejus
3479 1016 3688 1060 aeterno
3723 1006 3812 1059 in-

2235 1101 2427 1156 condio
2451 1100 2930 1156 concremandum.
2963 1099 3063 1165 Qui
3088 1114 3216 1154 vero
3248 1099 3340 1168 pio
3379 1099 3578 1151 intuitu
3626 1107 3816 1152 custos

2234 1203 2288 1246 et
2311 1191 2631 1246 observator
2665 1191 2823 1259 hujus
2849 1190 3017 1245 nostri
3058 1190 3325 1261 privilegii
3370 1189 3683 1249 exstiterit.
3718 1189 3815 1243 be-

2236 1283 2633 1338 nedictionibus
2675 1282 2902 1352 gratiam
2951 1283 3225 1350 vitamque
3271 1291 3528 1335 atternam
3589 1296 3619 1333 a
3663 1278 3815 1347 justo

2233 1373 2422 1428 Judice
2456 1373 2682 1426 Douiino
2729 1373 2838 1426 Deo
2885 1383 3070 1428 nostro
3115 1373 3369 1441 consequi
3425 1383 3702 1427 tuerentur
3753 1373 3813 1427 in

2235 1462 2429 1517 δίεειιιίι
2457 1462 2797 1516 saeculorum.
2831 1463 3025 1516 Amen.
3063 1461 3208 1516 Bene
3235 1462 3430 1517 valete.

2307 1554 2497 1607 Datum
2532 1570 2563 1606 κ
2614 1553 2732 1607 Kal.
2796 1553 2917 1606 Maii
2963 1569 3060 1622 per
3105 1569 3320 1607 manum
3378 1553 3523 1608 Petri
3569 1553 3810 1619 diaconi,

2234 1645 2628 1700 bihliothecarii
2675 1655 2729 1700 et
2772 1645 3081 1699 cancellarii
3140 1645 3198 1701 S.
3253 1646 3581 1716 Apostolica:
3638 1646 3812 1710 sedis.

557 1745 798 1806 possunt,
826 1737 1028 1806 absque
1071 1735 1198 1800 illis,
1224 1751 1357 1804 quas
1395 1735 1506 1804 jam
1531 1735 1784 1795 diximus,
1815 1729 2133 1784 'I‘ranstibe-
2169 1720 2208 1778 Β
2237 1752 2379 1790 anno
2409 1737 2622 1791 Domini
2645 1737 2839 1792 Leonis
2867 1736 2934 1790 lx
2957 1752 3108 1805 νίψω
3134 1753 3172 1796 ι,
3205 1737 3389 1791 indici,
3425 1751 3484 1790 ιι,

555 1825 656 1880 rim
682 1826 819 1881 sitis.
839 1827 1042 1880 Interea
1068 1825 1666 1894 s-uu-icutesjubemus,
1687 1823 1842 1876 sicuti
1874 1838 1902 1875 a
1929 1821 2132 1874 nostris

554 1917 1222 1986 antecessoiihusjussum
1253 1927 1352 1981 est,
1381 1927 1439 1970 ut
1481 1917 1533 1970 in
1568 1914 1786 1968 ﬂumine
1809 1915 1952 1982 quod
1975 1911 2130 1980 juxta

554 2004 904 2063 Portucusem
935 2009 1122 2062 urbem
1167 2008 1427 2071 decurrit,
1473 2007 1648 2062 nullus
1703 2006 1897 2060 audeat
1924 2005 2098 2060 molen

555 2099 680 2153 diua
713 2109 802 2155 aut
835 2108 1053 2171 pontem
1078 2108 1274 2169 praeter
1289 2099 1587 2168 jussionem
1611 2107 1757 2152 tuam
1798 2096 1880 2151 vel
1911 2111 2129 2151 succes-

555 2206 740 2244 sorum
771 2199 982 2246 tuorum
1024 2190 1397 2260 episcoporum
1423 2191 1578 2260 juxta
1633 2189 1865 2260 priscam
1897 2202 2128 2243 consue-

555 2281 1064 2352 tudinem'quoquo
1112 2283 1270 2336 modo
1318 2281 1679 2346 constituere;
1732 2289 1788 2335 et
1832 2295 1953 2334 cum
1984 2279 2129 2334 vela

553 2375 708 2430 vobis
731 2375 816 2431 vel
837 2377 903 2430 ah
926 2374 1069 2440 aliis,
1084 2375 1278 2444 quibus
1298 2382 1476 2428 tamen
1497 2372 1758 2428 faciendis
1775 2387 1868 2428 vos
1889 2371 2133 2441 injunxe—

555 2466 697 2530 ritis,
725 2466 1079 2521 constitutum
1105 2473 1197 2519 aut
1223 2463 1425 2518 factum
1467 2462 1648 2527 fuerit,
1682 2462 1798 2532 ipsa
1822 2462 2128 2516 molendina

555 2557 638 2613 vel
661 2573 799 2628 pons
823 2567 1004 2612 vestro
1025 2556 1254 2611 arbitrio
1273 2556 1690 2626 dispensentur;
1719 2555 1788 2610 de
1813 2563 1975 2624 ponte
2004 2570 2130 2610 vero

553 2651 597 2706 si
619 2651 792 2706 factus
809 2651 967 2706 fuerit
990 2666 1112 2706 cum
1132 2649 1370 2720 plaustro
1389 2658 1582 2704 onusto
1609 2649 1814 2707 victum
1838 2647 1918 2701 vel
1951 2647 2128 2701 viuum

554 2756 716 2796 nemo
762 2743 958 2796 audeat
1013 2742 1139 2796 hinc
1190 2740 1339 2806 illuc,
1389 2754 1564 2808 neque
1605 2738 1728 2793 inde
1770 2739 1875 2792 huc
1919 2739 2130 2808 pontus

556 2844 912 2890 transmeare.
965 2833 1158 2888 lterum
1211 2833 1518 2888 sancientes
1555 2829 1806 2900 iubemus
1851 2839 1910 2884 ut
1955 2831 2132 2886 nullus

551 2925 854 2994 presbyter,
903 2923 986 2979 vel
1026 2921 1312 2993 cujuslibet
1353 2921 1562 2977 ordinis
1607 2920 1836 2976 clericus
1883 2920 1950 2974 de
2019 2929 2128 2975 toto

555 3013 865 3083 episcopatu
894 3014 1090 3068 audeat
1113 3016 1180 3067 ad
1229 3013 1485 3082 placitum
1523 3011 1896 3081 constringere
1923 3019 2013 3063 aut
2061 3011 2128 3065 ad

557 3077 821 3159 finiendas
845 3077 1244 3159 contentiones-
1267 3103 1615 3172 compellere,
1644 3113 1737 3156 aut
1775 3077 1987 3171 aliquod
2014 3117 2125 3156 ser-
2154 3077 2200 3140 θ

556 3195 743 3248 vitium
765 3197 833 3249 ab
861 3196 942 3250 eis
967 3197 1206 3266 exigere,
1254 3205 1612 3265 praeterquam
1653 3195 1977 3250 I’ortuenses
2011 3195 2128 3264 epi-

557 3287 729 3357 scopi,
761 3288 812 3341 in
839 3289 995 3362 cujus
1021 3289 1276 3358 parochia
1301 3299 1446 3344 sunt.
1478 3290 1798 3357 Quicunque
1827 3305 1955 3344 vero
1985 3305 2125 3358 prae-

557 3392 820 3452 sumptor,
853 3383 966 3438 sive
994 3385 1118 3447 dux,
1166 3385 1280 3438 sive
1306 3397 1507 3448 comes,
1551 3381 1632 3438 vel
1668 3382 1994 3446 vieecomes,
2034 3391 2130 3436 aut

554 3473 937 3540 cubicularius,
963 3473 1044 3528 vel
1067 3490 1096 3527 a
1129 3484 1310 3528 nostra
1331 3473 1621 3543 apostolica
1656 3475 1784 3528 sede
1811 3472 2006 3526 missus
2033 3481 2128 3526 aut

554 3564 942 3635 qualiscunque
972 3565 1333 3621 interveniens
1362 3577 1601 3636 potestas
1641 3566 1708 3620 de
1754 3565 1868 3634 ipsa
1908 3563 2126 3620 civitate

559 3654 857 3712 Portuense
886 3659 1222 3712 dominatum
1257 3660 1508 3724 tenuerit,
1546 3659 1611 3714 de
1642 3673 1964 3728 quocunque
2007 3658 2124 3711 fue-

555 3747 626 3800 rit
671 3749 881 3814 ordine,
931 3749 1184 3819 przcdicta
1237 3749 1418 3803 omnia
1471 3749 1764 3804 immobilia
1823 3749 1962 3812 loca,
2017 3757 2113 3802 aut

551 3841 995 3909 pt'wnominatum
1035 3841 1364 3906 castaldum,
1397 3841 1480 3896 vel
1525 3843 1658 3896 duos
1704 3841 2025 3910 piscatores,
2069 3850 2124 3896 et

553 3930 688 3985 duos
714 3932 964 3998 curiales,
1018 3932 1099 3986 vel
1128 3945 1315 3986 onmes
1347 3933 1633 4000 praedictos
1658 3931 1890 3987 clericos
1918 3947 1942 3984 a
1976 3930 2122 3998 jure,

553 4029 607 4072 et
638 4029 922 4088 potestate,
956 4029 1116 4089 atque
1141 4021 1342 4076 ditioue
1365 4019 1594 4090 przefati,
1623 4021 1880 4090 episcopii
1909 4020 2125 4094 auferre

556 4110 638 4163 vel
696 4109 936 4165 minuere
999 4110 1266 4176 voluerit,
1314 4112 1396 4166 vel
1450 4112 1762 4182 parochiam
1830 4112 2125 4183 infringere

553 4202 861 4263 tentavcrit,
884 4211 976 4255 aut
993 4202 1233 4257 homines
1261 4204 1311 4257 in
1341 4204 1594 4271 prmdicta
1625 4214 1770 4258 turre
1793 4205 2120 4270 habitantes.

554 4287 637 4342 vel
666 4290 968 4359 ubicunque
996 4293 1295 4360 pr0prietas
1319 4292 1574 4360 episcopii
1618 4293 1954 4346 mansionata
2009 4292 2124 4348 fue-

555 4378 644 4441 rit.
668 4379 734 4431 ad
759 4381 1024 4448 publicum
1049 4382 1328 4435 servitium
1355 4383 1704 4446 revocaverit,
1732 4384 1868 4436 sciat
1893 4400 1951 4437 se
1975 4400 2119 4437 com-

555 4471 854 4538 positurum
886 4471 982 4540 ipsi
1007 4471 1338 4540 episcopatui
1392 4472 1508 4524 auri
1559 4473 1832 4540 purissimi
1865 4473 1985 4526 libr.
2019 4489 2112 4538 xx,

551 4571 608 4615 et
637 4563 855 4630 insuper
885 4561 1211 4616 anathemati
1243 4561 1536 4628 subjaceat.
1565 4565 1874 4619 Statueutcs
1904 4576 2118 4633 aposto-

556 4653 655 4706 lica
678 4667 904 4724 censura
935 4652 1035 4707 sub
1061 4652 1225 4706 divini
1247 4653 1436 4721 judicii
1458 4654 1861 4718 obtestatione.
1891 4664 1946 4708 et
1985 4670 2118 4708 aua-

557 4741 813 4798 thematis
839 4742 1241 4809 interdictione,
1267 4751 1326 4798 ut
1352 4743 1527 4798 nullus
1562 4760 1799 4814 unquam
1833 4759 2120 4800 successo-

555 4849 669 4888 rum
699 4842 1003 4888 nostroram
1030 4834 1365 4903 pontificum,
1399 4835 1479 4890 vel
1507 4835 1610 4890 alia
1637 4835 1892 4906 quaelibet
1925 4852 2116 4906 magna

552 4938 824 4991 parvaque
871 4938 1099 4992 persona
1152 4940 1216 4978 ca
1263 4941 1382 4992 «iure
1409 4942 1438 4979 a
1467 4924 1624 4980 nobis
1652 4928 1718 4979 ad
1766 4925 1974 4982 Iaudem
2025 4928 2118 4983 Dei

551 5028 651 5080 pro
685 5013 978 5069 stabilitate
1028 5014 1111 5069 vel
1153 5027 1441 5084 augmento
1488 5016 1726 5086 praedicti
1779 5019 2120 5088 episcopatus

555 5110 758 5155 statuta
785 5115 938 5168 sunt,
969 5105 1226 5174 refragari
1258 5117 1353 5161 aut
1382 5109 1433 5161 in
1471 5123 1742 5177 quoquam
1791 5111 2116 5180 transgredi,

555 5201 647 5242 aut
685 5191 883 5260 aliquid
928 5195 1122 5249 deinde
1154 5197 1396 5251 minuere
1429 5199 1680 5260 audeant,
1724 5200 1930 5254 scilicet
1977 5200 2119 5254 sicut

556 5281 804 5347 superius
836 5297 869 5333 a
916 5283 1070 5337 nobis
1115 5293 1374 5340 statutqu
1425 5288 1507 5343 vel
1550 5302 1866 5343 concessum
1910 5299 2012 5352 est,
2043 5289 2116 5344 ita

2313 1830 2424 1900 Ego
2480 1829 2859 1884 Eberchardus
2925 1828 3284 1883 Treverorum
3361 1827 3816 1897 archiepiscOpus

2231 1921 2477 1991 quamvis
2502 1921 2750 1989 indignus
2779 1919 2999 1975 interfui
3027 1928 3082 1974 et
3103 1919 3420 1987 subscripsi.

2301 2013 2414 2081 Ego
2441 2013 2732 2067 Alinardus
2773 2010 3148 2081 Lugdunensis
3203 2009 3648 2079 archiepiscopus
3707 2009 3812 2065 hoc

2230 2103 2505 2159 decretum
2532 2102 2779 2167 laudans,
2811 2117 2970 2156 manu
3003 2101 3217 2172 propria
3240 2098 3557 2170 subscripsi.

2301 2195 2414 2266 Ego
2453 2194 2535 2249 W.
2569 2195 2854 2263 cpiscopus
2879 2191 3199 2262 subscripsi.

2303 2287 2414 2359 Ego
2454 2285 2775 2356 Iioprandus
2801 2284 3084 2354 episcopus
3117 2282 3331 2353 scripsi.

2305 2379 2415 2449 Ego
2445 2377 2778 2432 Cunibertus
2815 2375 3100 2446 episcopus
3139 2372 3433 2428 Taurinen.
3479 2371 3702 2441 scripsi.

2303 2469 2416 2539 Ego
2451 2467 2684 2522 Cadalus
2712 2466 3026 2522 Parmensis
3040 2464 3328 2535 episcopus
3351 2463 3571 2531 scripsi.

2307 2563 2416 2632 Ego
2447 2562 2657 2630 Oppizo
2689 2559 2925 2615 Pisensis
2951 2558 3241 2627 episcopus
3266 2555 3481 2624 scripsi.

2303 2651 2413 2721 Ego
2437 2649 2611 2705 Gnido
2639 2647 2685 2702 Χ
2713 2648 3046 2704 Ulterveusis
3073 2647 3359 2718 episcopus
3384 2644 3598 2714 scripsi.

2301 2743 2412 2814 Ego
2438 2741 2702 2807 Henricus
2734 2739 3057 2810 Spoletanus
3085 2739 3369 2808 episcopus
3405 2735 3623 2808 scripsi.

2304 2835 2413 2903 Ego
2438 2832 2698 2888 Arnulfus
2725 2833 3009 2901 episcopus
3038 2828 3251 2898 scripsi.

2305 2925 2411 2993 Ego
2442 2923 2702 2977 Martinus
2729 2921 3020 2977 Pistorien.
3052 2922 3341 2992 episcopus
3365 2919 3583 2988 scripsi.

2306 3013 2412 3082 Ego
2435 3013 2626 3068 Petrus
2648 3013 2946 3068 Clusiensis
2973 3013 3262 3082 episcopus
3283 3010 3494 3080 scripsi.

2301 3103 2409 3170 Ego
2447 3104 2557 3156 Dux
2582 3104 2868 3171 episcopus
2895 3100 3134 3156 interfui.

2300 3194 2598 3248 Teuderius
2624 3193 2942 3248 Arbiueusis
2966 3192 3253 3263 episcopus
3278 3189 3520 3245 interfui.

2301 3286 2410 3355 Ego
2445 3285 2765 3339 Benedictus
2805 3284 3092 3354 episc0pus
3143 3278 3652 3351 Forosempronicn.
3727 3279 3808 3334 iu-

2230 3385 2300 3430 tci
2317 3377 2411 3428 fui.

2299 3467 2646 3522 DCCCI‘IIIIIIIIS
2692 3481 2822 3544 ergo
2874 3475 2932 3520 ut
2973 3465 3101 3519 nulli
3143 3464 3362 3519 omnino
3406 3461 3691 3516 hominum
3735 3460 3800 3515 li-

2225 3569 2365 3616 crat,
2396 3567 2500 3610 etc.
2551 3557 2606 3610 Si
2656 3573 2758 3626 qua
2805 3556 2987 3626 igitur,
3031 3565 3137 3610 etc.
3186 3553 3406 3610 Cunctis
3449 3562 3654 3620 autem,
3701 3562 3806 3608 etc.

2224 3651 2417 3703 Amen.

2953 3741 3060 3796 VIII

2227 3857 2559 3928 Pririlegium
2589 3855 2626 3912 S
2675 3854 2858 3928 Leonis
2886 3851 2966 3928 IX
2985 3868 3079 3928 pro
3108 3850 3348 3928 Ricpeno
3374 3847 3558 3902 abbate
3592 3847 3809 3901 cauom

2800 3921 2995 3978 Montis
3029 3921 3232 3975 Casini.

2807 4015 2986 4082 (Anno
3018 4011 3204 4083 1049.)

2249 4105 2447 4178 [Tosti,
2479 4104 2656 4160 Storia
2679 4103 2816 4157 delia
2845 4102 3002 4156 badia
3025 4101 3080 4154 di
3104 4099 3281 4154 Monte
3311 4097 3526 4162 Casino,
3559 4095 3602 4164 l,
3630 4094 3783 4152 255.]

2295 4200 2403 4253 Leo
2437 4201 2736 4267 episcopus,
2781 4210 2970 4251 servus
3005 4207 3287 4248 servorum
3323 4189 3440 4250 Dei.
3481 4190 3808 4244 charissima

2226 4294 2377 4346 nobis
2407 4293 2458 4345 iu
2488 4291 2706 4346 Christo
2738 4289 2964 4342 Domino
2985 4287 3111 4342 Jesu
3154 4285 3264 4338 filio
3293 4283 3559 4337 thnanto
3586 4293 3643 4335 et
3681 4281 3806 4335 reli-

2226 4387 2374 4456 gioso
2419 4384 2598 4438 abbati
2656 4380 3013 4438 sacratissimi
3065 4375 3381 4432 monasterii
3418 4374 3478 4428 Β.
3525 4372 3804 4428 Benedicti

2225 4473 2550 4527 confessoris
2571 4472 2795 4533 Christi,
2831 4470 2919 4524 siti
2945 4470 2998 4523 in
3026 4478 3208 4523 monte
3231 4466 3323 4537 qui
3355 4472 3582 4520 vocatur
3609 4463 3804 4517 Castro

2224 4566 2443 4629 Casino,
2477 4580 2693 4632 sumque
2740 4561 2894 4616 alma:
2940 4557 3349 4631 congregationi
3391 4565 3715 4627 perpetuam
3748 4554 3800 4608 in

2228 4657 2453 4710 Domino
2476 4655 2724 4709 salutem.

2294 4745 2556 4800 Convenit
2615 4743 2913 4814 apostolico
2975 4740 3334 4798 moderamini
3388 4736 3476 4809 pia
3530 4735 3795 4806 religione

2223 4836 2549 4908 pollentibus
2578 4835 2838 4888 benevola
2863 4833 3240 4904 compassioue
3263 4843 3601 4890 succurrere,
3627 4836 3793 4894 et-pe-

2223 4929 2447 4986 tentiam
2477 4927 2762 4982 desideriis
2796 4941 3095 4997 congruum
3127 4924 3408 4994 impertire
3451 4919 3790 4989 suﬂragium.

2220 5021 2386 5091 Igitur
2418 5021 2545 5090 quia
2599 5017 2915 5089 postulastis
2945 5032 2976 5071 a
3007 5017 3163 5071 nobis
3200 5023 3469 5084 quatenus
3516 5019 3790 5064 monaste-

2221 5112 2359 5166 rium
2390 5111 2446 5168 S.
2475 5109 2754 5181 Benedicti
2779 5109 2832 5162 in
2865 5115 3047 5163 monte
3075 5106 3275 5160 Casino
3310 5104 3499 5166 situm,
3520 5100 3669 5168 cujus
3686 5100 3781 5153 ab-

2219 5203 2363 5261 batis
2389 5201 2857 5256 consecrationem
2910 5214 3078 5268 nuper
3131 5206 3183 5250 ct
3225 5196 3367 5250 dono
3425 5192 3788 5263 piissimorum

2222 5292 2436 5346 Ileurici
2461 5302 2514 5345 et
2539 5290 2772 5344 Conradi
2803 5289 3170 5343 Rmnauorum
3191 5287 3578 5352 imperatorum
3605 5294 3786 5335 susce-
