4062 5352
255 314 350 375 605

1242 310 1599 369 EPISTULA-3
1640 312 1727 367 ετ
1767 310 2077 368 escam
2115 292 2528 368 remmota:

256 417 491 488 dictione
515 427 880 484 artatur-matis
906 425 1023 481 lora
1052 440 1147 480 sua
1181 425 1611 488 defcnderemus,
1638 438 1833 479 conce-
1860 432 1907 490 Α
1934 422 2016 477 vel
2071 424 2120 479 ei
2169 406 2565 491 pertinentibus
2609 425 2708 480 nisi
2749 424 2863 479 solo
2894 424 3002 480 Deo
3051 439 3116 479 ac
3155 432 3354 479 nostra:
3402 438 3500 476 au-

256 523 529 583 deremus,
562 529 616 574 et
641 518 1088 574 contirmaremus
1121 533 1134 568 :
1166 512 1409 568 inclinati
1448 513 1698 584 precibus
1728 512 1833 567 tuis

253 611 574 679 praedictum
617 606 1003 661 monasterium
1036 604 1129 658 tibi
1154 618 1183 657 a
1206 604 1360 657 nobis
1391 602 1832 657 successoribus-

255 714 354 770 que
398 699 509 752 tuis
541 706 597 753 et
633 712 662 752 a
706 697 908 751 nostris
950 693 1354 749 successoribus
1414 693 1468 747 in
1509 701 1827 762 perpetuum

255 788 396 846 nulla
409 788 689 860 pravitate
703 785 1005 843 Simouiaca
1022 783 1412 839 interveniente
1426 782 1835 850 consecrandis,

252 878 608 934 concedinms
636 884 693 930 et
718 875 1103 931 conﬁrmamus
1141 888 1263 927 cum
1285 871 1538 928 omnibus
1559 870 1832 937 ecclesiis,

250 966 626 1029 'tnonastcriis,
657 962 827 1026 cellis,
857 962 1116 1025 castellis,
1148 962 1310 1023 terris
1335 959 1494 1014 cultis
1515 969 1568 1014 et
1597 959 1834 1024 incultis,

250 1056 445 1120 vineis,
498 1053 804 1123 aquimolts.
856 1054 1045 1114 hortis,
1093 1052 1280 1121 pratis,
1303 1050 1473 1114 silvis,
1498 1048 1837 1120 pertinentiis

252 1146 691 1216 adjacentiisque
738 1144 871 1205 suis,
902 1143 1208 1211 ubicunque
1256 1143 1338 1195 vel
1388 1140 1835 1210 qualitercunque

254 1237 322 1287 ad
341 1233 469 1303 jura
500 1232 744 1301 ejusdem
775 1232 1085 1286 monasterii
1115 1229 1388 1299 pertinere
1411 1229 1832 1297 diguos‘citnr....

321 1326 555 1394 Insuper
580 1324 743 1379 etiam
768 1337 981 1376 omnem
1017 1320 1301 1389 cujuslibet
1327 1318 1571 1374 ecclesia:
1619 1317 1837 1388 pontiﬁ-

250 1431 370 1472 cem
396 1417 450 1469 in
478 1414 703 1485 prafato
717 1411 1044 1467 monasterio
1057 1411 1313 1465 ditionem
1328 1409 1620 1478 quamlibet
1634 1410 1833 1463 habere

254 1515 455 1577 pratter
498 1506 681 1561 sedem
728 1503 1098 1574 apostolicam,
1140 1500 1510 1571 prohibemus,
1542 1500 1613 1553 ita
1644 1510 1702 1554 ut
1731 1501 1837 1556 nisi

256 1603 324 1655 ab
348 1600 553 1654 abbate
578 1597 819 1666 ejusdem
869 1594 1180 1649 monasterii
1219 1591 1381 1647 fuerit
1414 1592 1691 1655 invitatus,
1736 1607 1836 1648 nec

252 1693 549 1749 missarum
602 1689 862 1745 solemnia
927 1688 1123 1741 ibidem
1176 1693 1467 1754 praesumat
1526 1685 1837 1740 omnimodo

1932 514 2170 569 ctoritati
2217 513 2531 569 solvendam
2582 516 2889 571 statuimus.
2941 515 3166 570 Fabrica
3210 515 3374 569 etiam
3404 529 3503 567 seu

1932 604 2343 661 luminariorum
2392 606 2736 660 concinuatio
2789 605 3157 663 indiﬁ‘erenter
3207 604 3356 660 vobis
3385 605 3503 659 sine

1932 693 2097 749 dubio
2163 695 2579 763 procurantibus
2626 696 2911 753 cllieiatur.
2976 696 3133 751 Nulla
3181 695 3405 766 proinde
3442 694 3501 748 in

1932 783 2274 840 exsolvendis
2302 784 2396 839 Dei
2426 784 2692 849 laudibus,
2722 786 2806 839 vel
2854 785 2908 840 in
2958 785 3257 839 luminat'iis
3284 782 3506 839 concin-

1932 874 2126 928 nandis
2149 888 2300 928 mora
2331 874 2630 944 proveniat,
2658 874 2751 929 sed
2794 873 2983 929 devota
3025 873 3339 929 sinceritate
3380 885 3504 940 per-

1934 977 2092 1033 agere
2123 962 2474 1029 festinate,ne
2494 978 2591 1033 per
2614 962 3065 1018 incauttedesidia'.
3083 960 3293 1029 culpam
3313 958 3503 1030 judicii

1937 1067 2035 1107 vos
2068 1049 2230 1105 futuri
2269 1061 2445 1106 metus
2492 1052 2786 1106 concutiat.
2838 1050 3027 1107 Potius
3072 1049 3353 1104 elaborare
3383 1056 3505 1102 stu-

1936 1142 2057 1197 dete
2097 1154 2157 1196 ut
2198 1143 2378 1197 divina
2427 1143 2671 1211 placetur
2714 1152 2893 1199 vestro
2940 1150 3139 1199 conatu
3193 1140 3506 1203 clementia,

1936 1232 2211 1304 possitque
2258 1249 2474 1289 movere
2518 1234 2645 1301 hoc,
2673 1234 2816 1303 quod
2864 1249 2894 1287 a
2942 1233 3099 1289 nobis
3117 1232 3267 1301 justa
3304 1232 3509 1287 delibe-

1938 1321 2147 1376 ratione
2173 1322 2449 1377 decretum
2494 1331 2576 1377 est
2618 1322 2815 1377 futuris
2867 1322 3177 1378 inconvulse
3204 1320 3508 1393 perpetuis-

1937 1426 2042 1479 que
2094 1409 2449 1479 temporibus.
2498 1409 2850 1467 Consecratio
2913 1421 3091 1466 tamen
3143 1411 3350 1467 abbatis
3403 1408 3509 1465 loci

1937 1501 2106 1569 ipsius
2132 1516 2160 1554 a
2188 1502 2339 1556 vobis
2387 1504 2683 1557 secundum
2736 1502 2904 1559 Deum
2943 1501 3101 1557 electi
3157 1516 3369 1571 semper
3412 1514 3509 1554 ex-

1938 1607 2209 1662 spectetur
2235 1610 2262 1645 a
2293 1602 2478 1648 nostra
2510 1594 2801 1664 apostolica
2843 1594 2997 1658 sede,
3026 1594 3129 1651 sub
3146 1593 3300 1662 cujus
3324 1592 3510 1649 existit

1931 1682 2073 1751 jure.
2138 1682 2406 1739 Numerus
2459 1694 2641 1740 autem
2692 1686 3077 1743 monachorum
3129 1684 3328 1741 ibidem
3395 1684 3509 1741 Deo

258 1781 559 1837 celebrare.
580 1779 707 1833 Post
732 1787 971 1834 vestrum
1002 1790 1128 1830 vero
1154 1774 1360 1830 obitum
1390 1789 1550 1828 nemo
1576 1775 1704 1828 inibi
1734 1777 1832 1829 ab-
1867 1803 1909 1861 Β
1939 1776 2329 1831 serviturorum
2360 1784 2541 1831 tantus
2565 1791 2779 1847 semper
2799 1776 3017 1839 existat,
3048 1782 3284 1843 quantus
3309 1787 3508 1829 secun-

256 1874 436 1930 batcm
472 1871 787 1934 constituat,
824 1869 945 1949 ‘nisi
976 1882 1135 1936 quem
1174 1879 1469 1922 consensus
1502 1874 1556 1918 et
1587 1863 1835 1920 voluntas

257 1962 565 2019 c:tnmunis
590 1959 821 2017 fratrum
862 1976 929 2016 ex
976 1963 1090 2032 ipsa
1126 1962 1543 2034 congregatione
1590 1959 1834 2033 elegerit.

255 2064 312 2106 et
341 2054 553 2109 electus
579 2052 647 2106 ad
673 2067 772 2107 nos
795 2051 877 2107 vel
909 2067 1251 2107 successores
1274 2062 1488 2108 nostros
1514 2067 1837 2107 consecran-

256 2143 383 2199 dum
415 2144 590 2214 gratis
613 2154 666 2197 et
693 2141 810 2197 sine
856 2143 1029 2212 pretio
1082 2144 1281 2197 veniat.
1324 2141 1477 2210 Quod
1528 2143 1575 2197 si
1620 2141 1836 2196 aliunde

252 2236 489 2301 Venerit,
526 2232 670 2303 quod
704 2232 771 2288 de
798 2231 950 2287 vobis
975 2232 1084 2289 dici
1127 2247 1233 2287 non
1282 2241 1476 2302 potest,
1507 2231 1597 2300 qui
1627 2231 1693 2286 de
1718 2246 1836 2285 mo-

258 2326 504 2380 nasterio
530 2334 717 2380 austro
745 2332 848 2380 eta
879 2325 1035 2380 nobis
1058 2322 1427 2380 consecraturi
1477 2322 1723 2387 venistis,
1754 2321 1837 2377 vel

258 2419 330 2472 ab
354 2415 464 2471 alio
513 2415 941 2486 archiepiscopo,
994 2415 1078 2471 vel
1129 2414 1378 2485 episcopo
1430 2412 1738 2469 consecrari
1778 2428 1838 2469 se

256 2509 549 2574 maluerit,
566 2517 694 2564 tunc
731 2518 1077 2564 consecratus
1102 2516 1158 2564 et
1181 2516 1525 2564 consecrator
1548 2507 1838 2562 anathema

260 2603 390 2657 sint.
418 2596 853 2673 Promulgantes,
883 2610 1059 2658 etc....

334 2690 487 2746 Berte
511 2690 709 2746 valete.

1015 2802 1104 2859 IX.

250 2886 327 2989 ξε.
362 2912 467 2967 Leo
638 2911 878 2969 Richerio
929 2913 1122 2989 abbati
1149 2879 1840 2989 CatinensifjusqueAsucs

338 2983 631 3105 cezsoritbus
680 2985 1053 3038 monasterium
1085 2984 1144 3039 S.
1182 2984 1383 3049 Crucis,
1432 2983 1609 3040 Romae
1655 2986 1838 3055 situm,

334 3070 395 3109 su
424 3069 525 3122 λιι-τ
550 3087 570 3107 .

864 3144 1043 3213 (Anno
1067 3143 1251 3213 toto.)

635 3231 892 3304 [Gotttlla,
927 3231 1066 3287 Hist.
1097 3231 1301 3298 Casin.,
1333 3231 1485 3306 252.]

338 3324 453 3379 Leo
480 3324 800 3396 episcopus,
850 3341 1038 3380 servus
1084 3341 1361 3381 servorum
1410 3325 1527 3391 Dei,
1577 3326 1841 3382 Βίοιιειιιο

272 3418 451 3473 abbati
498 3418 812 3473 monasterii
869 3417 927 3473 S.
977 3417 1294 3484 Benedicti,
1324 3418 1465 3489 quod
1520 3419 1739 3490 ponitur
1789 3420 1841 3475 in

271 3520 452 3564 tumulo.
491 3507 712 3574 Casino,
737 3509 948 3580 tuisque
1000 3510 1404 3565 successoribus
1437 3518 1748 3580 perpetuam
1788 3511 1844 3566 in
1908 3540 1915 3543 -

271 3600 500 3653 Domino
522 3599 772 3655 salutem.

342 3690 580 3745 Credita:
640 3688 1023 3759 speculationis
1079 3688 1405 3761 impellimur
1457 3706 1627 3758 cura,
1682 3692 1843 3747 etiam

273 3784 471 3835 ardore
526 3779 853 3836 Christiana:
919 3780 1238 3853 religionis,
1317 3790 1371 3836 et
1438 3783 1616 3837 studio
1679 3780 1844 3837 divini

272 3873 451 3928 cultus
479 3887 882 3943 promovemur,
921 3888 1020 3942 pro
1041 3872 1430 3928 venerabilium
1460 3873 1696 3928 locorum
1726 3887 1848 3943 per-

273 3962 516 4030 cogitare
543 3960 916 4026 stabilitatem,
964 3970 1127 4031 atque
1164 3961 1273 4017 Deo
1311 3962 1664 4016 servientium
1692 3977 1849 4016 secu-

272 4034 515 4117 ritatem,
542 4062 601 4106 ut
626 4053 730 4108 hoc
757 4053 1105 4122 proveniente
1150 4054 1238 4119 pio
1280 4052 1462 4108 labore
1484 4093 1501 4118 ,
1550 4062 1607 4107 et
1656 4053 1849 4107 animm

271 4144 498 4200 Christo
533 4145 745 4209 dicatae,
777 4159 898 4215 qua:
926 4161 989 4200 se
1023 4145 1127 4200 illis
1156 4146 1345 4200 diebus
1386 4146 1509 4199 vitae
1536 4158 1646 4198 sum
1675 4142 1846 4199 servi-

272 4248 431 4289 tura:
482 4234 843 4291 decreverunt
885 4244 1230 4306 perseverent
1281 4236 1684 4305 imperturbata.
1743 4231 1851 4286 Nec

262 4340 383 4381 *non
414 4335 472 4381 et
497 4324 588 4381 illa
615 4336 868 4381 maneant
916 4326 1023 4381 line
1072 4336 1229 4381 tenus
1281 4325 1455 4390 firma,
1487 4340 1605 4393 quae
1634 4341 1662 4376 a
1697 4322 1845 4378 Chri-

273 4416 470 4472 stianis
503 4416 559 4470 in
590 4414 686 4472 Dei
733 4415 889 4470 laude
938 4423 1270 4471 contrectata
1317 4423 1460 4469 sunt.
1508 4414 1640 4481 Quia
1689 4413 1853 4483 igitur

1938 1865 2063 1919 dum
2091 1864 2189 1919 loci
2224 1880 2381 1936 posse
2412 1864 2661 1932 sulliciat,
2689 1880 2849 1935 quam
2890 1863 3193 1927 duodecim,
3223 1864 3315 1934 qui
3341 1864 3513 1919 etiam

1934 1956 2229 2009 secundum
2285 1955 2453 2025 ipsius
2512 1955 2615 2010 loci
2687 1970 2846 2025 posse
2912 1955 3110 2009 victum
3178 1954 3511 2009 habeantet

1936 2048 2215 2115 vestitum,
2257 2057 2316 2103 ut
2345 2049 2492 2104 nulla
2522 2049 2573 2104 in
2603 2058 2922 2120 perpetuum
2954 2048 3117 2104 divini
3161 2048 3368 2105 servitii
3415 2061 3510 2115 ne.

1934 2137 2192 2210 gligentia
2221 2140 2319 2194 sit:
2352 2140 2454 2194 hoc
2469 2142 2614 2194 enim
2640 2149 3015 2211 argumentum
3041 2148 3096 2195 et
3117 2139 3509 2195 incrementum

1934 2228 2174 2299 ejusdem
2204 2231 2448 2286 ecclesiae
2489 2230 2740 2299 fecimus,
2767 2241 2826 2286 ut
2853 2246 2919 2286 ex
2965 2216 3291 2287 abundantia
3338 2229 3508 2286 vestri

1936 2321 2251 2375 monasterii
2279 2319 2395 2390 ejus
2421 2332 2712 2393 paupertas
2741 2320 3071 2393 suppleatur,
3101 2330 3156 2377 et
3199 2330 3305 2375 tam
3355 2319 3510 2376 nobis

1935 2428 2097 2482 quam
2125 2411 2279 2471 vobis
2309 2415 2612 2485 vestrisque
2642 2398 3051 2471 successoribus
3074 2427 3286 2469 merces
3305 2421 3509 2467 teterna

1938 2502 2211 2558 reddatur.

2698 2615 2765 2670 Χ.

1940 2704 2005 2761 S.
2036 2704 2135 2759 Leo
2164 2703 2247 2757 IX
2293 2706 2663 2763 canonicorum
2694 2706 2943 2761 Ecclesia:
2983 2704 3291 2759 Veronensis
3310 2692 3516 2772 paues-

2290 2777 2460 2829 siones
2484 2786 2529 2830 et
2560 2776 2830 2846 privilegia
2864 2774 3157 2844 conﬁrmat.

2542 2868 2717 2935 (Anno
2747 2866 2921 2937 1049.)

1956 3032 1959 3039 ﬂ
2261 2955 2518 3029 [Ugltelli,
2550 2956 2711 3011 Italia
2737 2956 2921 3021 Sacra,
2951 2954 3015 3021 V,
3049 2953 3194 3026 76L]
3276 3016 3277 3019 η

2014 3046 2123 3102 Leo
2142 3048 2445 3117 cpiscopus,
2476 3061 2665 3103 servus
2704 3062 2981 3101 servorum
3008 3045 3123 3110 Dei,
3146 3042 3513 3099 dilectissimis

1833 3142 1839 3147 '
1868 3154 1915 3215 ο
1945 3137 1999 3192 in
2025 3137 2243 3192 Christo
2300 3137 2424 3192 ﬁliis
2445 3136 2649 3193 Torum
2710 3136 3202 3208 archipresbytero,
3229 3134 3511 3190 AusLatco

1944 3228 2324 3282 archidiacono
2374 3237 2429 3283 et
2489 3228 2734 3283 Annumo
2782 3226 3105 3297 praeposito,
3157 3210 3541 3294 omnibusque

1943 3318 2217 3373 canonicis
2245 3316 2302 3370 S.
2348 3316 2673 3373 Veronensis
2712 3317 2965 3373 Ecclesia;
3020 3326 3124 3371 ta-u
3156 3312 3515 3386 praesentibus

1942 3420 2102 3476 quam
2132 3405 2346 3472 futuris,
2376 3416 2689 3476 perpetuam
2715 3408 2772 3461 in
2799 3407 3022 3462 Domino
3048 3405 3297 3459 salutent.

2011 3496 2273 3559 Convenit
2299 3498 2593 3567 apostolico
2615 3498 2961 3553 moderamini
2990 3497 3075 3567 pia
3108 3496 3365 3567 religione
3393 3493 3510 3565 pol-

1944 3585 2175 3640 lentibus
2192 3585 2449 3641 benevola
2477 3586 2848 3657 compassione
2872 3600 3209 3649 succurrere,
3237 3593 3291 3639 et
3327 3591 3515 3654 peten-

1946 3676 2076 3730 tium
2103 3675 2385 3730 desideriis
2405 3692 2701 3747 congruum
2728 3676 3004 3745 impertire
3026 3672 3514 3743 sullragianua-
3578 3704 3587 3708 -

1945 3774 2163 3837 propter
2182 3781 2249 3819 ex
2276 3776 2429 3835 parte
2448 3768 2828 3836 omnipotentis
2861 3765 2949 3818 Dci
2978 3765 3175 3827 Patris,
3201 3773 3255 3816 et
3280 3762 3421 3827 Filii,
3451 3768 3506 3817 et

1946 3857 2181 3926 Spiritus
2203 3855 2260 3911 S.
2283 3856 2408 3910 etB.
2434 3856 2613 3909 Maria:
2640 3868 2853 3922 semper
2874 3850 3106 3922 Virginis
3128 3851 3513 3919 beatorumque

1945 3949 2306 4017 apostolorum
2334 3947 2477 4001 Petri
2504 3956 2558 4000 et
2584 3945 2731 3999 Pauli
2758 3952 3181 4011 ctcterorumque
3203 3949 3512 3996 sanctorum

1948 4056 2178 4112 quorum
2227 4040 2441 4095 nomina
2496 4039 2548 4093 in
2604 4038 2743 4092 libro
2805 4036 2928 4089 vitae
2957 4032 3192 4102 ascripta
3220 4039 3386 4086 sunt:
3420 4045 3520 4085 nec

1950 4147 2058 4203 non
2095 4147 2161 4188 ex
2212 4131 2532 4188 auctoritate
2584 4134 2896 4184 sanctorum
2939 4137 3208 4180 canonum
3270 4121 3527 4176 omnibus

1948 4221 2271 4294 patriarchis
2291 4261 2307 4286 ,
2373 4216 2793 4287 archiepiscopis
2817 4256 2833 4281 ,
2889 4212 3156 4285 episcopis
3177 4252 3192 4276 ,
3250 4211 3477 4265 ducibus
3503 4248 3521 4272 ,

1953 4309 2374 4376 marcbiouibus,
2400 4307 2710 4370 comitibus,
2760 4319 2856 4360 seu
2884 4302 3092 4358 cunctis
3112 4342 3127 4366 ,
3156 4299 3365 4370 magnis
3387 4314 3517 4368 par-

1951 4402 2137 4472 visque
2181 4401 2429 4471 personis
2475 4399 2855 4471 praecipimus,
2934 4404 2995 4451 ut
3072 4404 3282 4451 vestras
3328 4408 3519 4463 perso-

272 4513 492 4559 constat
521 4505 909 4561 monasterium
943 4504 1264 4569 Jerusalem,
1298 4503 1439 4575 quod
1466 4502 1628 4557 etiam
1654 4501 1853 4557 dicitur
1882 4493 1928 4552 D
1956 4509 2071 4557 uas,
2118 4508 2214 4549 seu
2269 4492 2467 4563 praedia
2494 4531 2509 4554 ,
2566 4505 2633 4546 ac
2687 4487 2945 4545 beneﬁcia
2973 4527 2990 4552 ,
3055 4497 3379 4556 omnemque
3441 4498 3534 4537 ve-

258 4598 339 4652 ‘S.
374 4598 571 4653 Crttcis
598 4637 614 4661 .
668 4596 782 4667 jam
827 4598 1010 4668 elapso
1056 4604 1299 4666 tempore
1352 4611 1383 4650 a
1436 4595 1853 4666 congregatione

276 4688 674 4743 monachorum
726 4688 820 4743 Dei
877 4688 967 4742 tali
1021 4687 1140 4743 loco
1196 4694 1505 4756 competens
1551 4700 1772 4739 vacasse
1800 4691 1856 4737 et

276 4778 514 4834 sollicito
538 4777 690 4833 nullo
714 4778 1004 4850 praeposito
1048 4778 1101 4832 iu
1147 4791 1216 4834 eo
1253 4785 1347 4831 aut
1387 4775 1661 4831 monachis
1702 4773 1855 4828 babi-

278 4869 523 4925 tantibos
576 4869 831 4924 traditum
872 4869 1147 4939 :permoti
1206 4868 1430 4938 proinde
1483 4866 1856 4936 compassione

284 4961 414 5015 tanti
440 4959 673 5032 piaculi,
704 4974 766 5015 ac
789 4958 1055 5028 compulsi
1104 4958 1313 5023 dolore,
1351 4956 1644 5027 apostolica
1673 4964 1857 5010 aucto-

268 5052 445 5107 ritate
484 5050 823 5122 providimus
870 5048 1201 5123 monasterio
1248 5047 1342 5102 tibi
1389 5047 1679 5101 commisso
1716 5045 1856 5098 idem

278 5141 679 5199 monasterium
705 5140 933 5204 sociare,
963 5148 1230 5210 quatenus
1259 5146 1314 5192 et
1349 5137 1598 5206 praesenti
1626 5130 1860 5189 secunda

264 5234 605 5295 indictione,
660 5236 821 5298 atque
859 5231 912 5287 iu
958 5237 1275 5300 perpetuum
1325 5243 1355 5282 a
1401 5237 1455 5281 te
1497 5227 1709 5294 tuisque
1738 5240 1861 5281 suc-

1041 5320 1160 5344 ειη...
1194 5316 1245 5344 3..
1284 5316 1295 5344 ἓ

343 5321 594 5344 ----..ἔι...-
631 5332 750 5344 Διι“
781 5319 878 5344 ..ΜΔ
913 5320 1160 5344 α».--Ζι...-
1194 5316 1245 5344 ἓ..
1284 5316 1489 5344 ἶηΙΑι--Α
1534 5314 1832 5344 -..ιιι-ιιιλιιιῖ

1960 4596 2128 4638 stram
2171 4582 2370 4652 justam
2419 4583 2813 4653 possessionem
2861 4589 2916 4635 et
2956 4579 3329 4634 investituram
3360 4576 3527 4631 benc-

1962 4677 2208 4729 ticiorum
2276 4674 2544 4743 praedictae
2588 4672 2901 4737 canonicte,
2955 4684 3116 4737 quam
3166 4678 3337 4737 usque
3390 4681 3539 4721 nunc

1962 4766 2237 4831 tenuistis,
2285 4765 2415 4821 nulli
2467 4765 2630 4819 liceat
2678 4765 2892 4830 laedere,
2924 4762 3200 4826 divestire,
3236 4760 3539 4829 inquietare

1959 4856 2044 4911 vel
2109 4856 2476 4910 investituram
2523 4854 2861 4910 abstrahere.
2913 4851 3177 4909 Similiter
3199 4849 3547 4920 praecipimus

1962 4959 2021 5003 ut
2049 4947 2225 5002 nullus
2250 4958 2487 5004 vestrum
2506 4940 2705 5017 aliquo
2728 4945 2943 5015 ingenio
2983 4944 3052 4998 ab
3079 4944 3331 5012 episcopo
3358 4950 3539 4996 vestro

1961 5038 2239 5102 beneﬁcia,
2289 5052 2411 5109 qua:
2456 5034 2601 5090 soliti
2653 5033 2785 5089 estis
2811 5033 3090 5095 investire,
3145 5030 3406 5101 requirat,
3455 5030 3542 5085 vel

1964 5128 2338 5184 investituram
2383 5142 2449 5182 ex
2479 5124 2624 5182 illius
2676 5121 2932 5180 manibus
2976 5119 3226 5189 accipiat.
3285 5117 3547 5174 Similiter

1962 5218 2309 5292 praecipimus
2353 5219 2422 5274 de
2462 5220 2719 5274 omnibus
2768 5216 2938 5273 rebus
2980 5210 3182 5269 vestra:
3239 5212 3514 5270 canonica:
3545 5250 3564 5277 ,

1966 5320 2075 5344 Inln
2147 5310 2213 5344 δα
2308 5309 2481 5344 anna-lia
2563 5320 2843 5344 unumunn
2910 5319 2963 5336 -υ
3023 5303 3087 5344 ΑΩ
3168 5304 3406 5344 οοαιιλὶιία
3471 5318 3569 5344 ann
