4062 5352
512 328 607 384 ἰοἹ

1566 290 2042 384 s.-LEON;s1x
2099 325 2296 382 ιιΑιιΑς
2351 298 2783 386 υρυδουιΑ.’

3676 333 3778 390 008

502 447 585 501 vel
641 444 864 514 fuerint,
914 453 973 499 ut
1027 438 1170 499 nulla
1221 460 1412 515 magna
1464 458 1740 515 parvaque
1769 458 1997 514 persona
2031 458 2089 496 se
2119 444 2163 500 A
2195 442 2297 499 hoc
2340 455 2538 501 nostra
2569 446 2879 516 apostolica:
2910 446 3247 503 auctoritatis
3270 448 3650 520 privilegium,
3680 451 3781 506 sic-

506 545 865 601 mtromtttat;
930 536 1025 590 sed
1084 534 1247 591 liceat
1296 536 1448 591 vobis
1472 537 1658 606 quieto
1688 553 1781 591 eas
1809 546 1992 590 tenere
2014 554 2096 588 or-

507 630 634 682 diue
691 628 828 680 sicut
882 641 980 696 per
1032 626 1338 682 mercedem
1397 640 1639 681 meorum
1691 636 2095 681 antcct'ssorum

504 716 841 789 pontiﬁcum,
898 731 990 772 seu
1040 717 1457 789 imperatorum,
1517 728 1572 773 et
1619 735 1805 789 regum
1838 719 2098 772 hactenus

510 810 780 875 tenuistis,
822 828 887 863 eo
909 810 1159 865 videlicet
1185 811 1376 865 ordine
1404 810 1494 880 qui
1524 810 1575 864 in
1602 820 1903 865 vestrarum
1936 810 2099 864 char-

513 902 746 955 tularum
811 902 1098 971 pugiltibus
1148 903 1478 956 continetur.
1543 902 1607 956 Et
1665 902 1731 956 de
1785 901 1927 956 nulla
1996 902 2098 955 alia

510 994 752 1050 Ecciesia
827 1010 989 1064 super
1060 1009 1154 1049 vos
1218 993 1699 1065 archipresbyter,
1778 994 1861 1049 vel
1924 994 2103 1048 archi-

509 1088 774 1142 diaconus
828 1086 1150 1156 praeferatur
1182 1128 1195 1149 ,
1291 1085 1374 1139 vel
1429 1085 1624 1156 aliquis
1678 1102 1743 1141 ex
1792 1086 1938 1140 clero
1986 1087 2104 1141 sine

510 1179 776 1234 electione
820 1188 1140 1233 cunctorum
1200 1177 1427 1232 fratrum
1495 1186 1734 1231 vestram
1789 1178 2103 1233 societatem

511 1287 545 1324 ο
579 1271 611 1323 d
641 1280 816 1324 netur.
874 1270 1025 1337 Quod
1074 1270 1143 1324 ob
1194 1269 1295 1323 hoc
1349 1269 1471 1324 dico
1508 1268 1632 1339 quia
1688 1283 1848 1337 spero
1872 1278 2103 1323 vestram

516 1363 803 1417 ecclesiam
855 1376 1128 1431 nunquam
1179 1362 1477 1417 carituram
1527 1362 1740 1416 clericis
1786 1361 1876 1432 qui
1919 1363 1984 1415 ad
2010 1364 2108 1417 bos

426 1466 433 1471 ‘
521 1454 754 1509 honores
781 1455 889 1508 sint
916 1454 1093 1523 utiles.
1124 1452 1179 1508 Si
1208 1469 1339 1509 vero
1387 1455 1830 1526 archipresbyter
1851 1466 1904 1507 et
1930 1454 2109 1508 ari-bi-

521 1546 784 1600 diaconus
816 1546 882 1600 de
914 1546 1245 1615 supradictis
1279 1545 1525 1601 ecclesia:
1557 1547 1713 1601 bonis
1759 1546 1877 1600 sine
1922 1546 2111 1600 volun-

518 1646 628 1691 tate
655 1649 709 1692 et
762 1636 1071 1693 laudatione
1118 1637 1345 1693 lratrum
1402 1639 1531 1693 dare
1576 1641 1885 1702 tentaverit,
1931 1639 2110 1693 omni-

519 1729 676 1782 modo
700 1729 1077 1784 interdicimus
1117 1744 1183 1784 ne
1226 1730 1543 1785 scandalmn
1594 1731 1646 1785 in
1703 1730 1942 1786 Ecclesia
1995 1730 2108 1785 fiat.

2198 543 2256 588 nt
2301 544 2355 590 et
2388 534 2634 592 fecerunt
2680 538 2977 610 privilegiis
3023 554 3141 594 suis
3171 549 3550 598 antecessores
3588 544 3782 612 nostri,

2198 627 2584 684 conﬁrmamus
2631 639 2794 700 atque
2842 631 3261 688 corroboramus
3306 632 3571 703 quidquid
3603 649 3782 689 rerum

2198 729 2251 773 et
2289 719 2803 776 ﬁacnltatmn-modo
2840 722 3022 788 habet,
3059 733 3112 777 et
3152 738 3322 793 usque
3362 724 3415 779 in
3462 734 3785 796 perpetuum

2201 819 2282 865 est
2310 810 2617 866 habiturum
2641 830 2654 876 ;
2689 828 2757 867 ne
2785 813 2852 867 ab
2878 812 3054 882 aliqua
3086 814 3322 869 humana
3354 816 3667 871 temeritate
3694 816 3790 870 ali-

2202 902 2329 970 quid
2357 918 2595 972 unquam
2623 903 2819 958 exinde
2843 904 3121 959 nmtilctur
3144 905 3235 960 sed
3265 906 3318 960 in
3345 921 3440 960 sua
3474 907 3792 977 integritate

2201 993 2385 1047 otnnia
2414 994 2754 1050 custodiente
2795 995 2903 1049 Deo
2934 1006 3288 1065 permaneant
3316 997 3373 1052 in
3403 1012 3588 1063 nsum,
3623 1007 3679 1053 et
3703 1016 3792 1052 sa-

2176 1083 2396 1139 ‘larium
2447 1084 2676 1140 fratrum
2730 1085 2932 1141 ibidem
2983 1102 3125 1141 nunc
3175 1087 3552 1151 servientium,
3600 1096 3659 1143 et
3701 1103 3798 1157 per

2206 1176 2402 1231 saecula
2446 1178 2865 1233 serviturorum.
2905 1178 2960 1232 In
2997 1195 3103 1250 qua
3133 1179 3446 1248 apostolica:
3474 1178 3798 1233 munitionis

2210 1270 2436 1324 tnitionc
2476 1269 2652 1324 locum
2685 1270 2848 1324 etiam
2893 1270 3066 1340 ipsum
3111 1270 3332 1339 antiqua
3365 1281 3421 1323 et
3453 1285 3553 1338 per
3585 1270 3797 1337 prmde-

2207 1376 2452 1417 cessores
2482 1369 2698 1416 nostros
2725 1360 2774 1415 ei
2799 1376 3057 1416 concessa
3090 1359 3341 1416 libertate
3370 1360 3665 1424 donamus,
3695 1377 3798 1415 non

2210 1472 2347 1511 nova
2378 1456 2665 1520 facientes,
2700 1456 2797 1511 sed
2833 1465 3018 1510 vetera
3045 1454 3453 1510 continuantes.
3492 1453 3572 1508 Ne
3593 1452 3804 1508 scilicet

2210 1546 2353 1604 ullus
2395 1546 2730 1609 mortalium.
2760 1546 2875 1601 sive
2905 1546 2978 1601 sit
3010 1547 3325 1617 imperator,
3370 1545 3487 1600 sive
3535 1560 3659 1609 rex,
3691 1544 3806 1598 sive

2213 1639 2342 1705 dux,
2370 1654 2465 1693 seu
2488 1638 2757 1703 marchio,
2786 1638 2871 1691 vel
2893 1637 3356 1709 archiepiscopus,
3379 1635 3462 1691 vel
3491 1635 3806 1705 episcopus,

2215 1739 2309 1783 aut
2356 1727 2535 1799 aliqua
2582 1727 2685 1782 alia
2738 1729 2973 1782 humana
3012 1736 3253 1797 potestas
3290 1739 3455 1796 super
3494 1725 3640 1781 idem
3676 1723 3806 1779 Clu-

521 1818 577 1872 Si
600 1827 802 1883 autem,
832 1817 974 1889 quod
1024 1819 1208 1874 absit!
1246 1821 1684 1892 archipresbyter
1731 1829 1787 1876 et
1842 1822 2116 1876 archidia-
2149 1801 2187 1856 Β
2224 1822 2477 1876 niaceuse
2519 1816 2909 1876 monasterium
2936 1820 3171 1890 aliquam
3198 1818 3249 1873 in
3275 1818 3457 1888 aliquo
3484 1826 3809 1889 potestatem

522 1925 694 1965 cnnus
723 1924 831 1965 uno
858 1917 1100 1981 tempore
1130 1911 1331 1966 mortui
1361 1911 1585 1979 fuerint,
1633 1911 1795 1967 liceat
1821 1915 2110 1983 praeposito

522 2000 626 2052 frui
652 1997 827 2056 olﬁcio
849 1999 1063 2055 illorum
1087 2001 1425 2058 investituris
1446 2042 1461 2068 ,
1487 2003 1659 2059 donec
1681 2004 1979 2074 arcltipres!
1998 2016 2120 2074 yter

523 2090 610 2143 vel
661 2090 1083 2146 archidiaconus
1137 2092 1421 2147 ordinatus
1458 2092 1639 2147 fuerit.
1672 2093 1729 2148 Si
1752 2095 1896 2148 cnim
1923 2095 1990 2148 ab
2016 2095 2117 2148 ali-

523 2198 631 2253 quo
678 2184 882 2254 aliquid
934 2182 1263 2239 inventionis
1304 2186 1569 2254 scriptum
1631 2197 1906 2256 repertum
1956 2187 2125 2241 fuerit

526 2273 594 2329 ad
625 2275 1008 2331 destruendam
1055 2276 1436 2331 rectitudinem
1487 2278 1763 2345 ordinum,
1809 2288 1903 2334 aut
1946 2281 2121 2335 Incre-

525 2367 750 2421 ditatem
785 2375 1045 2431 vestram,
1096 2368 1177 2423 vel
1209 2383 1271 2423 ca
1300 2384 1419 2439 qum
1441 2384 1603 2440 supra
1636 2370 1897 2435 diximus,
1927 2371 2117 2441 praeei-

528 2460 708 2530 pimus
762 2469 821 2514 ttt
877 2460 1190 2515 omnimodo
1229 2463 1542 2518 destruatur
1593 2472 1647 2518 et
1678 2478 1951 2532 nunquam
1981 2478 2125 2517 com-

530 2559 743 2621 pareat.
780 2549 839 2607 Si
870 2566 1019 2618 vero,
1057 2553 1200 2623 quod
1227 2555 1274 2607 a!
1298 2554 1397 2608 sit!
1435 2563 1491 2607 ut
1540 2554 1735 2625 aliquis
1783 2546 1971 2609 contra
2025 2555 2126 2609 hoc

539 2651 739 2697 nostra:
765 2643 1109 2699 auctoritatis
1132 2630 1393 2714 scriptum
1420 2647 2005 2716 agerctentaverit,vel
2034 2662 2127 2701 vos

534 2736 587 2789 in
613 2736 698 2791 his
723 2751 845 2805 qua!
872 2752 1034 2807 supra
1065 2738 1302 2793 diximus
1353 2736 1661 2804 offenderit,
1689 2740 1732 2793 si
1760 2738 1897 2794 infra
1925 2756 2125 2794 ammm

542 2844 648 2883 non
680 2830 1069 2894 emendaverit,
1108 2829 1254 2886 illius
1284 2832 1469 2886 irritus
1497 2831 1592 2886 ﬁat
1611 2840 1867 2897 conatus,
1891 2841 1948 2887 et
1978 2831 2127 2886 illtun

537 2922 722 2977 vivum
754 2931 898 2978 terra
923 2924 1184 2996 deglntiat
1211 2926 1353 2981 sicut
1379 2927 1586 2982 Dathan
1607 2935 1663 2981 et
1683 2927 1883 2981 Abiron
1920 2927 1970 2981 in
1998 2926 2133 2981 sedi-

541 3014 691 3069 tione
718 3013 889 3081 Core,
917 3016 1065 3087 lepra
1096 3015 1337 3071 Naaman
1362 3016 1485 3089 Syri
1506 3033 1670 3089 super
1696 3034 1817 3072 eum
1846 3018 2047 3084 veniat,
2077 3027 2133 3072 et

536 3104 849 3161 maledictio
873 3122 993 3176 qua:
1020 3105 1117 3161 fuit
1143 3107 1268 3161 data
1311 3107 1362 3161 in
1388 3117 1570 3163 monte
1593 3108 1749 3176 Ebal,
1771 3120 1823 3163 et
1842 3110 2133 3163 anathema

2220 1928 2477 1969 exercere
2507 1922 2819 1983 prmsumat.
2857 1910 2965 1965 Nec
3001 1919 3122 1982 post
3153 1909 3475 1965 solutionem
3509 1908 3584 1962 tui
3617 1921 3816 1976 corpo-

2222 2006 2297 2060 ris
2327 2004 2559 2074 aliquem
2594 2004 2662 2058 ibi
2695 2002 2951 2074 prmfcrrc
2982 2012 3036 2058 et
3078 2001 3331 2057 ordinare
3375 2001 3597 2065 audeat,
3629 2000 3727 2056 sed
3759 1999 3814 2053 in

2223 2096 2453 2151 arbitrio
2515 2111 2730 2164 semper
2784 2105 2840 2149 et
2900 2093 3166 2149 electione
3234 2090 3462 2146 fratrum
3544 2091 3812 2145 consistat

2223 2202 2600 2263 quemcunque
2628 2187 2694 2241 de
2726 2201 2823 2240 sua
2865 2184 3283 2256 congregatione
3312 2183 3599 2236 secundun'
3644 2182 3815 2237 Deum

2223 2290 2279 2336 et
2312 2279 2609 2335 secundum
2646 2277 2883 2349 regulam
2911 2278 2969 2332 S.
3003 2276 3281 2332 Benedicti
3319 2275 3423 2331 sibi
3469 2273 3732 2344 perferre
3760 2280 3817 2328 et

2228 2370 2505 2439 imponere
2562 2368 2814 2425 abbatem
2866 2367 3191 2423 voluerint:
3261 2365 3413 2433 cujus
3467 2364 3818 2427 consecratio

2228 2477 2332 2515 non
2370 2476 2400 2514 a
2435 2461 2738 2516 constituto
2767 2460 3048 2529 episcopo,
3087 2458 3183 2515 sed
3212 2474 3241 2511 a
3289 2457 3556 2529 quolibet,
3581 2456 3816 2526 quicun-

2227 2567 2333 2621 que
2377 2550 2477 2620 ipsi
2531 2550 2961 2621 congregationi'
2998 2548 3298 2618 placuerit,
3343 2556 3654 2617 expetatur,
3708 2561 3817 2600 nou

2228 2642 2408 2711 aliquo
2430 2641 2603 2713 pretio
2630 2640 2963 2705 redimenda,
2990 2638 3083 2694 sed
3113 2638 3282 2709 gratis
3302 2636 3641 2707 accipienda.
3664 2634 3822 2703 Quod

2229 2734 2399 2789 etiam
2427 2733 2494 2788 de
2527 2730 2781 2787 omnibus
2826 2729 3326 2786 ecclesiasticarum
3361 2728 3630 2797 graduum
3668 2724 3819 2778 ordi-

2234 2823 2566 2889 nationibus,
2604 2833 2661 2878 et
2694 2821 2949 2876 altarium
2987 2819 3104 2875 sive
3144 2818 3501 2875 ecclesiarum
3531 2831 3823 2873 consecra-

2236 2916 2469 2971 tionibus
2499 2913 2843 2985 prtecipimus
2868 2922 2923 2969 et
2949 2911 3359 2975 conﬁrmamus,
3391 2920 3450 2964 ut
3475 2909 3640 2964 liccat
3671 2906 3825 2961 vobis

2236 3008 2541 3078 vestrisque
2586 3004 3025 3069 successoribus,
3073 3018 3105 3058 a
3157 3014 3478 3072 quocunque
3522 3013 3587 3054 ea
3642 2997 3823 3053 velitis

2236 3102 2490 3170 episcopo
2524 3098 2694 3171 gratis
2730 3112 3055 3166 exposcere,
3093 3095 3381 3166 nullusque
3427 3093 3581 3148 vobis
3623 3092 3825 3147 audeat

538 3184 984 3263 maranatba,‘et
1020 3199 1337 3255 omnesillte
1382 3199 1551 3271 plaga:
1595 3211 1650 3255 et
1699 3200 2129 3266 maledictioms,
2157 3181 2204 3243 C
2236 3192 2631 3249 contradicere.
2682 3188 2857 3258 Quam
2909 3186 3327 3259 praerogativam
3368 3201 3398 3240 a
3453 3182 3825 3258 prmdecessm

538 3289 734 3358 quibus
760 3290 898 3345 Dens
928 3289 1269 3347 Pharaonem
1299 3304 1355 3347 et
1410 3290 1706 3364 Aigyptum
1758 3294 2049 3363 percussit,
2078 3304 2135 3349 ct

539 3394 662 3448 qua:
689 3389 813 3433 sunt
833 3380 1047 3449 scripta:
1077 3381 1129 3435 in
1160 3382 1398 3451 quinque
1422 3381 1578 3437 libris
1628 3381 1850 3453 Moysis,
1902 3397 1955 3438 et
1982 3383 2136 3440 Judte

546 3468 795 3522 traditori
821 3471 1084 3536 sociatus,
1118 3488 1243 3526 cum
1283 3474 1495 3527 Anania
1539 3483 1591 3527 ct
1634 3472 1869 3544 Saphira
1917 3491 2132 3545 pinnam

544 3560 661 3613 luat
687 3567 969 3625 aeternam,
999 3572 1053 3615 et
1082 3570 1269 3617 nostro
1295 3578 1389 3617 seu
1418 3575 1731 3619 nostrorum
1757 3579 2137 3620 successorum

546 3647 826 3718 subjaceat
845 3648 1070 3719 judicio.

622 3743 742 3799 Dat.
766 3744 901 3799 Non.
942 3744 1066 3801 Maii
1117 3747 1319 3821 mensis
1344 3762 1441 3817 per
1473 3762 1691 3803 mamun
1723 3747 1871 3804 Petri
1900 3748 2135 3812 diaconi,

547 3836 941 3893 bibliothecarii
993 3847 1047 3893 et
1074 3839 1381 3894 cancellarii
1409 3850 1612 3895 sanctae
1633 3842 1945 3911 apostolicae
1970 3842 2138 3907 sedis,

549 3945 695 3985 anno
721 3931 785 3987 D.
814 3930 1012 3987 Leonis
1035 3948 1187 4003 papae
1209 3932 1250 3998 Ι,
1287 3932 1399 3989 ind.
1431 3948 1492 3988 ιι.

555 4137 615 4193 S.
660 4139 764 4194 Leo
787 4139 870 4194 IX
900 4143 1204 4214 monasterii
1249 4141 1632 4214 Ciuitmcensis,
1676 4152 1876 4210 petente
1921 4140 2145 4214 Hugoue

930 4213 1138 4275 abbate,
1172 4212 1440 4282 pritilegiu
1470 4212 1689 4281 con/imi
1707 4225 1765 4266 Α.

1156 4303 1335 4371 (Anno
1364 4303 1546 4373 1049.)

774 4391 967 4464 [Biblio
992 4394 1119 4451 liceri
1157 4391 1556 4459 Cluniacensi“
1584 4408 1705 4464 pag.
1748 4393 1931 4465 £824.]

632 4487 744 4543 Leo
772 4489 1077 4560 episcopus,
1114 4504 1306 4545 servus
1343 4502 1623 4544 servorum
1658 4487 1772 4552 Dei,
1795 4486 2148 4542 dilectissimo

563 4582 618 4637 in
647 4581 864 4639 Christo
889 4580 997 4635 ﬁlio
1022 4580 1225 4637 Hucoxu
1259 4579 1441 4635 abbati
1466 4578 1845 4635 Cluniacensis
1873 4588 2145 4633 monaste-

564 4674 627 4729 rii
671 4674 865 4737 nostri,
896 4674 948 4728 in
986 4674 1244 4728 honorem
1276 4671 1562 4727 beatorum
1597 4668 1967 4740 apostolorum
2001 4667 2147 4723 Petri

563 4782 613 4825 et
656 4771 807 4828 Pauli
854 4768 1089 4832 lundati,
1145 4768 1358 4838 tuisque
1405 4764 1819 4821 successoribus
1866 4763 2151 4818 abbatibus

564 4871 885 4936 perpetuam
936 4862 989 4916 in
1026 4860 1254 4915 Domino
1289 4859 1542 4914 salutem.

635 4955 903 5011 Cuiivenit
956 4952 1253 5025 apostolico
1317 4950 1673 5007 moderamini
1738 4949 1826 5019 pia
1897 4946 2156 5015 religione

569 5046 896 5118 pollentibus
922 5042 1168 5101 benivola
1196 5041 1574 5111 compassione
1600 5052 1945 5102 succurrere,
1981 5046 2034 5091 et
2065 5050 2157 5106 pe-

571 5140 803 5193 tentium
841 5135 1126 5190 desideriis
1169 5148 1469 5200 congruant
1504 5130 1769 5200 impertiri
1812 5128 2155 5198 satirag'ana

2238 3286 2386 3341 ribus
2414 3283 2613 3339 nostris
2643 3279 2976 3336 monasterio
3007 3287 3186 3335 vestro
3212 3290 3555 3338 concessam,
3573 3283 3632 3330 et
3660 3291 3694 3328 a
3728 3290 3826 3328 no-

2240 3377 2322 3432 bis
2364 3375 2558 3430 merito
2586 3373 2983 3435 continuatam,
3018 3370 3225 3425 idcirco
3265 3367 3444 3425 eidem
3475 3365 3831 3421 contribuere

2241 3466 2580 3522 dcercvimus
2616 3472 2695 3529 ut,
2730 3463 2871 3518 sicut
2918 3463 3181 3518 hactenus
3228 3460 3329 3515 sub
3364 3455 3670 3528 apostolico
3716 3465 3832 3510 tan-

2244 3570 2355 3614 tmu
2396 3556 2518 3627 jure
2555 3565 2611 3611 et
2658 3556 2864 3610 ditione
2917 3553 3186 3617 constitit,
3236 3552 3312 3607 ita
3357 3550 3555 3604 amodo
3614 3561 3833 3618 semper

2247 3649 2538 3712 eottsistat,
2589 3660 2692 3703 nec
2743 3647 3004 3699 aliorsum
3062 3642 3355 3712 respicrat,
3411 3649 3685 3709 quatenus
3733 3635 3834 3688 sub

2247 3738 2562 3809 apostolica:
2610 3734 2945 3790 defensionis
2988 3730 3305 3787 umbraculo
3339 3729 3575 3800 positum
3619 3740 3839 3796 sentpcr

2245 3838 2477 3896 crescat,
2522 3843 2738 3898 semper
2772 3834 3062 3897 augescat,
3101 3823 3302 3879 nullatu
3332 3835 3624 3893 pravorum
3662 3818 3839 3874 homi-

2247 3940 2372 3978 num
2401 3921 2737 3993 tyrannidcm
2758 3959 2774 3986 ,
2808 3917 3005 3973 nullam
3040 3917 3333 3993 humanam
3367 3920 3692 3984 putestatem
3723 3925 3840 3964 nte-

2250 4025 2433 4083 tuens,
2465 4022 2525 4068 ut
2558 4011 2872 4082 quntidiana
2921 4009 3029 4063 Deo
3075 4005 3336 4077 obsequia
3384 4004 3610 4068 devote,
3662 4009 3725 4056 ut
3753 4014 3842 4056 so-

2248 4108 2380 4174 lent,
2425 4116 2481 4159 et
2523 4106 2708 4174 quiete
2753 4102 2824 4156 ibi
2870 4108 3124 4171 agantur,
3168 4112 3268 4151 nec
3304 4103 3532 4166 agentes
3571 4093 3627 4147 in
3654 4091 3841 4161 aliquo

2250 4212 2345 4269 per
2390 4194 2624 4265 aliquem
2671 4192 3057 4253 sollicitentur,
3107 4187 3486 4250 molestentur,
3529 4183 3842 4253 inquieten-

2253 4300 2356 4343 tur.
2407 4288 2463 4342 lu
2513 4301 2617 4356 qua
2673 4282 3033 4355 prmrogativa
3088 4281 3255 4336 etiam
3303 4275 3621 4334 chrismatis
3669 4272 3842 4329 libera

2254 4380 2490 4452 receptio
2541 4394 2571 4433 a
2614 4391 2833 4447 quoquo
2867 4374 3042 4429 velitis
3092 4373 3349 4442 episcopo
3400 4365 3674 4424 consistit.
3710 4365 3844 4434 Qua:

2254 4474 2459 4535 omnia,
2487 4472 2631 4527 sicut
2652 4468 3049 4540 praemisimus,
3077 4460 3532 4535 quemadmodum
3569 4475 3601 4514 a
3636 4458 3845 4527 prede-

2183 4544 2227 4600 D
2255 4561 2564 4621 cessoribus
2614 4559 2815 4615 nostris
2863 4558 3072 4612 sancita
3120 4553 3446 4623 reperimus,
3497 4551 3573 4604 ita
3628 4560 3844 4619 quoque

2259 4673 2356 4714 nos
2395 4654 2637 4711 stabilire
2666 4660 2723 4707 et
2765 4649 3093 4707 conﬁrmare
3129 4646 3491 4703 decrevimus.
3525 4641 3843 4698 Statuentes

2259 4747 2555 4820 apostolica
2593 4758 2847 4807 censura,
2880 4742 2985 4797 sub
3028 4740 3195 4796 divini
3222 4737 3412 4807 judicii
3456 4732 3839 4792 obtestatione.

2261 4819 2320 4896 ut
2350 4838 2495 4894 nulla
2530 4850 2768 4904 unquam
2800 4848 2990 4903 magna
3023 4843 3295 4902 parvaque
3318 4840 3550 4897 persona
3574 4819 3841 4894 spirituali

2264 4928 2345 4984 vel
2393 4925 2638 4983 saaculari
2694 4923 2958 4995 dignitate
3004 4920 3272 4990 pnedita,
3324 4914 3540 4971 omnive
3582 4909 3842 4984 dignitate

2264 5021 2505 5093 privata,
2549 5025 2740 5073 contra
2782 5017 2885 5071 hoc
2916 5022 3113 5069 nostra
3153 5007 3464 5080 apostolicae
3506 5000 3841 5060 auctoritatis

2264 5098 2606 5187 privilegium
2650 5108 2838 5165 venire
2866 5116 2959 5163 aut
3002 5094 3865 5165 inﬁrmantium
