4062 5352
187 335 290 390 609

1170 322 1525 382 EPISTOLrE
1573 323 1658 378 ET
1703 317 2018 376 DECRETA
2059 314 2460 374 PONTIFICIA.

3328 307 3450 374 ,6ζο

189 450 404 518 dignam
444 442 870 498 satisfactionem
901 436 1059 493 saluti
1109 419 1347 506 pristina:
1385 433 1762 503 reparandtnn.
1801 436 1843 492 Α
1876 427 2132 481 ﬁrmitate
2163 434 2420 496 perpetua
2453 421 2552 492 ipsi
2585 421 2914 477 monasterio
2941 429 3121 476 vestro
3151 421 3448 475 secundum

189 537 285 602 Qui
321 549 456 587 vero
479 550 541 587 se
567 533 633 584 ab
657 532 758 586 hoc
785 529 1178 588 observaverit,
1206 533 1258 579 et
1303 523 1617 577 inviolatum
1667 522 1770 574 hoc

193 636 438 681 nostrum
479 623 821 695 privilegium
860 635 1181 691 permanere
1207 616 1529 680 laudaverit,
1563 614 1649 669 hic
1677 613 1770 668 be-

193 717 583 772 ttedictionetn.
614 713 844 782 gratiam
875 719 928 765 et
955 724 1116 764 onme
1153 709 1352 762 bonum
1383 721 1412 759 a
1444 705 1773 760 retributore

199 805 442 858 ninnium
477 805 742 858 bonmum
777 801 887 855 Deo
923 809 977 854 et
1023 799 1076 852 in
1119 797 1369 868 praesenti
1407 795 1603 850 saeculo
1647 809 1776 849 con-

193 904 455 965 sequatur
480 903 536 947 et
561 895 614 946 in
649 894 846 946 futuro.

268 987 469 1040 Datum
517 1000 570 1038 tv
601 984 673 1038 Id.
703 981 844 1035 Junii
889 996 984 1051 per
1018 993 1206 1034 manus
1238 977 1384 1033 Petri
1431 975 1666 1040 diaconi,
1694 973 1778 1028 bi-

196 1075 540 1130 bliothecarii
587 1090 650 1128 ac
687 1072 993 1127 cancellarii
1023 1079 1226 1125 sancta:
1271 1068 1582 1139 apostolicae
1611 1065 1776 1130 sedis,

196 1184 337 1221 anno
368 1167 559 1221 domni
590 1163 874 1220 Leonile
908 1179 1057 1234 papae
1087 1164 1277 1232 primo,
1310 1161 1495 1216 indict.
1524 1175 1584 1214 tt.

932 1274 1042 1328 XII.

268 1365 324 1422 S.
356 1366 467 1434 Leo
498 1366 582 1421 IX
611 1366 912 1421 monasterii
945 1363 1225 1416 Fuldeusis
1266 1362 1616 1431 possessiones
1661 1368 1709 1412 et

708 1437 971 1504 privilegia
993 1434 1289 1501 conﬁrmat.

801 1525 979 1595 (Anno
1007 1524 1188 1592 1049.)

443 1618 716 1691 [Dronke,
744 1617 874 1673 Cod.
905 1618 1122 1686 diplom.
1167 1613 1357 1681 Fuld.,
1386 1614 1536 1687 559.]

268 1732 379 1786 Leo
396 1733 710 1802 episcopus,
739 1744 931 1784 servus
949 1744 1228 1784 servorum
1246 1728 1364 1794 Dei,
1387 1729 1672 1784 Ecuncnro
1696 1729 1785 1798 pio

207 1834 261 1878 ct
299 1823 559 1892 religioso
583 1821 766 1874 abbati
791 1819 1119 1878 venerabilis
1145 1819 1459 1872 monasterii
1494 1818 1787 1872 Salvatoris

202 1913 420 1968 Domini
449 1911 621 1966 nostri
649 1910 775 1966 Jcsu
807 1909 1008 1964 Christi
1029 1918 1083 1962 et
1112 1909 1296 1962 Sancti
1326 1908 1613 1970 Bonifacii,
1643 1908 1788 1978 quod

210 2007 374 2060 situm
399 2013 487 2058 est
515 2005 567 2058 in
598 2003 717 2057 loco
744 2003 834 2073 qui
857 2010 1086 2057 vocatur
1111 2001 1408 2064 Bochonia,
1429 1999 1582 2070 juxta
1617 2002 1787 2070 ripam

201 2095 444 2149 ﬂntninis
474 2095 618 2164 quod
648 2103 873 2148 vocatur
898 2091 1064 2146 Fulda
1087 2132 1101 2153 .
1129 2101 1185 2144 et
1214 2107 1310 2160 per
1339 2101 1388 2145 te
1412 2092 1587 2146 eidem
1624 2105 1790 2145 vene.

208 2185 362 2240 rabili
419 2185 757 2239 monasterio
810 2184 1021 2254 tuisque
1073 2182 1479 2237 successoribus
1542 2182 1594 2236 in
1666 2197 1790 2252 per-

203 2287 450 2347 petuum.

271 2370 545 2425 Convenit
574 2367 871 2440 apostolico
894 2365 1252 2422 moderamini
1280 2366 1366 2437 pia
1399 2365 1658 2437 religione
1680 2367 1795 2438 pol-

205 2461 446 2514 lentibus
465 2459 715 2514 benivola
741 2458 1119 2528 compassionc
1140 2468 1485 2521 succurrere,
1503 2466 1555 2510 et
1573 2473 1797 2526 poscen-

209 2550 349 2603 tibus
377 2548 532 2617 juste
575 2557 631 2601 et
676 2547 928 2618 religiose
959 2546 1126 2600 alacri
1180 2545 1466 2602 devotione
1514 2561 1794 2601 assensum

207 2641 500 2712 impertiri.
539 2641 612 2695 Ex
662 2640 766 2694 hoc
793 2641 936 2694 enim
966 2639 1101 2694 lucri
1146 2639 1484 2708 potissimum
1516 2639 1796 2709 praemi:an

206 2749 234 2786 a
265 2733 559 2787 conditore
588 2731 830 2786 omnium
861 2732 973 2784 Deo
1001 2729 1190 2800 procul
1213 2729 1376 2784 dubio
1400 2745 1798 2798 promercnmr,

205 2823 246 2877 si
279 2822 628 2877 venerabilia
662 2821 778 2874 loca
822 2831 1126 2890 opportune
1152 2819 1400 2872 ordinata
1428 2819 1492 2870 ad
1522 2818 1798 2872 meliorem

205 2913 411 2968 fuerint
463 2913 584 2967 sine
634 2911 798 2967 dubio
850 2918 1050 2965 statum
1099 2910 1382 2980 perducta.
1441 2908 1612 2978 Igitur
1674 2910 1799 2978 quia

207 3006 532 3075 postulastis
575 3021 608 3058 a
647 3004 836 3068 nobis,
889 3001 1232 3058 decrevimus
1277 3010 1461 3055 nostra
1508 3002 1800 3070 apostolica

210 3095 582 3164 praeceptione
608 3093 968 3147 rccoucedere
998 3105 1062 3145 ac
1093 3089 1477 3145 reconlirmare
1513 3100 1800 3160 perpetua-

209 3185 329 3240 liter
359 3185 520 3238 vobis
555 3183 862 3252 vestrisque
891 3179 1301 3236 successoribus
1327 3182 1645 3249 pra-dictum
1685 3195 1801 3234 mo-

214 3277 518 3331 nasterium
553 3273 857 3328 Salvatoris
886 3271 1096 3326 Domini
1143 3272 1312 3327 nostri
1355 3269 1479 3324 Jcsu
1521 3271 1721 3325 Christi
1751 3278 1806 3325 et

212 3370 398 3423 Sancti
428 3366 717 3432 Bonit'acii,
742 3365 902 3419 situm
929 3365 980 3417 in
1000 3363 1120 3418 loco
1148 3363 1237 3431 qui
1265 3373 1488 3416 vocatur
1505 3361 1801 3426 Bochonia,

207 3459 356 3530 juxta
391 3461 569 3530 ripam
600 3457 840 3512 ﬂuminis
866 3456 1007 3526 quod
1033 3453 1234 3509 dicitur
1253 3453 1446 3519 Fulda,
1472 3468 1596 3507 cum
1630 3453 1808 3506 omni-

214 3553 313 3606 bus
342 3551 510 3605 rebus
544 3548 839 3604 mobilibus
863 3555 916 3600 et
949 3543 1317 3600 immobilibus
1347 3543 1450 3598 sibi
1488 3543 1806 3614 pertinenti-

211 3642 343 3705 bus,
379 3655 520 3710 quas
551 3654 694 3692 nunc
744 3636 900 3691 habet
937 3645 992 3690 et
1022 3635 1074 3689 in
1131 3634 1314 3689 futuro
1357 3632 1467 3688 Deo
1512 3633 1806 3688 auxiliante

215 3731 461 3784 habebit.
491 3728 854 3783 Coneedimns
893 3727 1058 3781 etiam
1105 3734 1270 3793 atque
1313 3722 1579 3777 donamus
1618 3723 1801 3783 Vobis,

214 3821 546 3876 charissime
569 3835 634 3874 ac
661 3818 1017 3872 dilectiSsime
1046 3815 1149 3881 ﬁli,
1185 3814 1488 3883 vestrisque
1530 3827 1806 3868 successo-

215 3915 368 3968 ribus
417 3911 710 3968 abbatibus
757 3910 812 3964 in
858 3894 1210 3980 perpetuum,
1242 3923 1340 3978 pro
1382 3921 1575 3976 magno
1622 3916 1806 3959 nostro

216 4021 404 4060 amore
451 4012 506 4058 et
551 4003 715 4058 nimia
744 4002 1036 4056 dilectione
1063 4014 1224 4069 quam
1251 3998 1392 4052 circa
1425 4012 1521 4050 vos
1547 3995 1806 4049 habemus

215 4108 269 4152 et
313 4097 521 4151 habere
557 4095 816 4163 deinceps
865 4093 1142 4162 cupimus,
1194 4086 1586 4144 monasterium
1619 4084 1804 4140 Sancti

216 4193 456 4246 Andrem
501 4188 737 4259 apostoli
785 4187 926 4258 quod
991 4193 1218 4241 vocatur
1271 4182 1591 4246 Exaiulum,
1638 4181 1802 4234 situm

222 4284 412 4338 Itonia:
439 4283 592 4351 juxta
622 4280 914 4336 ecclesiam
943 4286 1146 4332 sanctae
1183 4277 1274 4331 Dei
1311 4275 1593 4347 genitricis
1622 4273 1806 4328 Maria:

221 4390 441 4444 semper
472 4371 714 4444 Virginis
742 4387 862 4442 qua:
883 4380 1106 4440 vocatur
1128 4368 1194 4421 ad
1227 4367 1474 4436 Praesepe
1494 4406 1509 4431 ,
1537 4381 1658 4420 cum
1689 4380 1807 4419 om-

1873 521 2334 590 przedccessornm
2361 523 2668 570 nostrorum
2691 514 2968 585 privilegia
2990 514 3375 569 conﬁrmamus
3395 526 3452 569 et

1859 609 2311 665 corroboraums.
2347 607 2702 662 Dccernimus
2725 608 2890 662 etiam
2926 621 2994 662 ne
3019 605 3178 662 alicui
3207 619 3452 676 persona:

1832 3121 1876 3179 Ο

1877 717 2084 769 magna:
2115 700 2196 754 vel
2226 714 2406 770 parva:
2435 697 2597 752 liceat
2621 697 2858 768 aliquam
2883 699 2990 753 vim
3026 697 3108 752 vel
3137 707 3454 752 controver-

1877 792 2011 847 siam
2045 791 2245 846 inl‘erre
2274 791 2449 844 eidem
2479 789 2809 844 monasterio
2855 789 2908 844 in
2958 787 3119 843 rebus
3148 798 3202 844 et
3233 788 3456 844 familiis

1877 883 2014 953 ejus.
2043 881 2109 936 Et
2140 897 2209 936 ne
2235 880 2434 936 femina
2466 895 2702 949 unquam
2736 876 2862 934 illuc
2909 879 3113 948 ingredi
3142 889 3454 948 praesumat,

1879 981 2060 1026 nostra
2112 960 2404 1042 apostolica
2453 970 2828 1025 interdicimus
2877 971 3234 1036 auctoritate,
3285 980 3341 1026 et
3391 987 3459 1024 ne

1881 1064 2002 1132 quis
2049 1079 2284 1132 unquam
2333 1062 2588 1133 placitum
2635 1062 2705 1116 ibi
2760 1062 2954 1116 habeat
2999 1061 3084 1117 vel
3137 1063 3188 1116 in
3246 1063 3459 1118 caleris

1879 1155 1998 1224 ejus
2030 1155 2162 1210 locis
2200 1169 2300 1209 nec
2345 1170 2532 1209 servos
2561 1169 2659 1208 nec
2689 1154 2908 1209 colonos
2936 1155 3002 1208 ad
3028 1155 3246 1226 aliquod
3291 1156 3464 1210 servi-

1885 1245 2016 1298 tium
2041 1245 2410 1313 constringat,
2457 1244 2558 1298 nisi
2587 1244 2671 1298 cui
2719 1245 2886 1298 abbas
2915 1243 2980 1297 ad
3026 1243 3314 1299 utilitatem
3350 1259 3460 1299 sua:

1886 1336 2228 1390 necessitatis
2274 1349 2554 1390 assensum
2605 1335 2916 1404 praebuerit.
2972 1334 3211 1406 Eligendi
3249 1350 3466 1406 quoque

1886 1429 1987 1484 sibi
2021 1428 2270 1484 abbatem
2298 1429 2513 1498 quando
2543 1443 2677 1496 opus
2705 1429 2868 1483 fuerit
2893 1427 3091 1483 fratres
3121 1429 3261 1483 inter
3283 1443 3342 1483 se
3369 1443 3466 1498 po.

1889 1519 2423 1576 testatem-habeant
2480 1520 2773 1574 secundum
2805 1519 3041 1588 regulam
3079 1520 3252 1574 sancti
3297 1519 3468 1573 Bene-

1889 1614 2016 1669 dicti
2049 1613 2167 1668 sine
2214 1612 2374 1666 ullius
2422 1611 2850 1665 contradictione
2901 1623 3164 1680 personte.
3197 1612 3465 1665 Caeterum

1891 1720 2022 1760 vero
2049 1706 2151 1760 hoc
2179 1705 2544 1760 deliberantes
2575 1703 2920 1758 decernimus
2951 1710 3007 1754 ut
3035 1701 3286 1769 congruis
3334 1710 3467 1757 tem-

1891 1799 2115 1869 poribus
2143 1805 2342 1851 nostne
2373 1794 2723 1851 sollicitudini
2748 1794 3130 1848 ecclesiastica:
3168 1793 3468 1855 intimetur,

1890 1889 2123 1958 qualiter
2154 1888 2345 1956 religio
2376 1887 2677 1941 monastica
2725 1885 2958 1954 regulari
2988 1885 3173 1939 habitu
3205 1884 3473 1956 dirigatur

1891 1979 2290 2047 concordiaque
2315 1977 2657 2032 convenienti
2689 1977 3058 2031 ecclesiastico
3100 1977 3279 2031 studio
3321 1993 3473 2030 man-

1891 2068 2123 2135 cipatur,
2155 2083 2222 2122 ne
2247 2066 2415 2132 forte,
2448 2067 2591 2136 quod
2623 2066 2796 2121 absit!
2846 2067 2946 2121 sub
2993 2064 3153 2133 hujus
3206 2066 3473 2136 privilegii

1893 2158 2117 2212 obtentu
2159 2157 2372 2212 animus
2416 2172 2742 2227 gressusque
2796 2157 3136 2212 rectitudinis
3192 2168 3386 2212 vestrae
3443 2172 3475 2210 a

1897 2263 2083 2303 norma
2118 2249 2344 2318 jnstitia:
2370 2251 2552 2319 aliquo
2583 2251 2740 2304 modo
2776 2258 3176 2319 retorquentur.
3207 2247 3476 2304 Concedi-

1900 2358 2017 2396 mus
2048 2344 2214 2397 etiam
2264 2343 2356 2397 tibi
2406 2359 2566 2412 quem
2618 2343 2755 2398 bene
2785 2342 3055 2396 eruditum
3104 2349 3153 2395 et
3195 2341 3331 2396 bene
3363 2341 3477 2395 elo-

1895 2444 2148 2505 quentem
2177 2438 2348 2491 virum
2377 2450 2496 2491 esse
2521 2437 2768 2490 novimus
2787 2477 2801 2500 ,
2835 2435 3146 2490 dulcissime
3184 2433 3258 2488 illi
3337 2450 3479 2506 pra!-

1898 2530 2080 2583 dicare
2111 2529 2333 2583 verbum
2367 2529 2459 2582 Dei
2501 2527 2830 2582 auctoritate
2863 2527 3035 2582 sancti
3068 2526 3213 2582 Petri
3249 2526 3476 2596 apostoli

1899 2630 1951 2673 et
1984 2631 2165 2674 nostra
2193 2620 2311 2689 ejus
2342 2619 2560 2689 indigne
2608 2619 2822 2681 vicarii,
2854 2626 2908 2671 et
2937 2627 2994 2672 ut
3025 2625 3130 2671 tam
3177 2633 3274 2672 vos
3316 2634 3476 2686 quam

1901 2726 2246 2766 successores
2269 2712 2432 2764 vestri
2459 2720 2586 2764 ante
2611 2711 2744 2764 alios
2771 2710 2996 2764 abbates
3015 2708 3201 2763 Galliae
3229 2722 3321 2762 seu
3345 2707 3482 2763 Ger-

1907 2802 2100 2855 maniae
2129 2803 2420 2870 primatum
2455 2800 2674 2855 sedendi
2705 2801 2756 2855 in
2782 2799 2928 2853 omni
2961 2799 3077 2854 loco
3105 2809 3482 2868 conventuth

1904 2903 2088 2947 nostra
2115 2891 2410 2962 apostolica
2441 2891 2762 2945 auctoritate
2789 2889 3098 2945 obtineatis.
3133 2887 3298 2943 Usum
3348 2905 3483 2958 quo-

1902 3000 2008 3055 que
2037 2984 2337 3038 dalmatica:
2364 2991 2418 3038 et
2447 2983 2810 3038 sandaliorum
2856 2983 2910 3036 in
2962 2986 3248 3037 missarum
3285 2982 3482 3037 solem-

1909 3074 2013 3128 niis
2043 3072 2258 3134 licentia
2283 3082 2481 3126 nostra:
2507 3072 2814 3142 apostolicae
2844 3073 3189 3128 auctoritatis
3219 3073 3476 3126 concedi-

1909 3182 2029 3220 mus
2053 3175 2161 3219 tam
2186 3165 2338 3219 vobis
2359 3180 2519 3234 quam
2543 3163 2946 3219 successoribus
2969 3164 3162 3219 vestris
3185 3165 3479 3219 secundum

1907 3257 2049 3324 quod
2080 3256 2130 3308 in
2164 3255 2457 3325 privilegiis
2485 3253 2944 3322 praedecessorum
2977 3263 3285 3309 nostrorum
3317 3255 3486 3310 habe-

1911 3357 2015 3402 tur.
2046 3347 2228 3402 Abbas
2256 3363 2384 3401 vero
2431 3361 2536 3401 non
2588 3346 2688 3401 nisi
2734 3363 2764 3401 a
2813 3354 2996 3402 nostra
3030 3349 3322 3420 apostolica
3355 3350 3484 3405 sede

1907 3439 2283 3510 benedicatur,
2329 3455 2360 3493 a
2407 3454 2513 3508 qua
2557 3438 2800 3493 benedici
2830 3439 3009 3494 debet.
3038 3440 3174 3494 Etsi
3208 3441 3259 3494 in
3305 3440 3488 3510 aliquo

1906 3531 2137 3585 crimine
2159 3539 2442 3587 accusatus
2466 3530 2648 3595 fuerit,
2673 3531 2735 3585 de
2757 3531 2946 3586 eadem
2975 3541 3158 3587 nostra
3185 3532 3483 3603 apostolica

1907 3625 2036 3677 sedc
2083 3633 2292 3678 tantum
2332 3624 2597 3694 judicium
2642 3633 2940 3693 exspectet.
2971 3623 3103 3678 Illud
3133 3625 3298 3679 etiam
3329 3640 3489 3695 gene-

1908 3714 2096 3768 raliter
2141 3715 2442 3769 addendnm
2493 3713 2714 3785 dignum
2771 3714 3056 3792 duximus,
3115 3722 3174 3768 ut
3227 3715 3490 3785 quidquid

1903 3803 2236 3856 auctoritate
2287 3811 2691 3856 antecessorum
2754 3801 3120 3871 quorumlibet
3176 3811 3487 3857 nostrorum

1909 3907 2093 3961 regum
2119 3901 2172 3946 et
2201 3892 2587 3962 imperatorum
2636 3891 2736 3961 ipsi
2785 3900 2964 3945 vestro
3007 3891 3259 3946 Fuldensi
3299 3907 3491 3945 mona-

1907 3983 2074 4036 sterio
2119 3991 2334 4036 constat
2373 3981 2540 4036 fuisse
2586 3994 2936 4044 concessum,
2972 3980 3043 4034 sit
3086 3981 3251 4034 etiam
3301 3992 3490 4036 nostra

1907 4073 2200 4142 apostolica
2237 4073 2564 4128 auctoritate
2591 4087 2689 4140 per
2731 4071 2834 4125 hoc
2877 4080 3119 4124 nostrum
3147 4072 3488 4144 privilegium

1907 4167 2287 4221 conlirmatum
2341 4174 2503 4233 atque
2540 4163 2984 4227 corroboratum,
3029 4170 3330 4218 statuentes
3361 4179 3492 4234 apo:-

1907 4255 2095 4311 stolica
2117 4269 2345 4309 censura
2368 4256 2468 4307 sub
2489 4253 2652 4308 divini
2674 4250 2863 4320 judicii
2880 4252 3260 4315 obtestatione,
3279 4268 3344 4308 ne
3370 4255 3494 4322 quis

1907 4364 2143 4418 unquam
2169 4358 2478 4402 nostrorum
2503 4359 2877 4400 successorum
2896 4344 3208 4414 pontiﬁcum
3226 4346 3498 4400 Romano-

221 4467 382 4520 nibus
428 4458 839 4527 mansionibus,
889 4459 1207 4523 caminatis,
1239 4457 1411 4523 cellis,
1474 4455 1700 4512 vinariis
1754 4464 1798 4512 et

1916 4460 2030 4496 rttm
2063 4457 2270 4512 regum,
2300 4441 2516 4504 ducum,
2548 4439 2942 4503 marchionum,
2973 4439 3232 4494 comitum
3267 4449 3322 4494 et
3349 4456 3491 4510 pra:-

221 4557 456 4626 coquina
479 4596 494 4619 ,
526 4570 649 4608 cum
700 4553 908 4616 vineis,
939 4550 1114 4606 hortis
1156 4550 1495 4619 diversisque
1522 4547 1812 4620 generibus

223 4661 536 4717 pomorum,
560 4659 684 4700 cum
705 4652 860 4698 curte
887 4651 939 4695 et
962 4651 1126 4712 puteo
1148 4649 1204 4694 et
1229 4640 1450 4695 introitu
1479 4654 1576 4709 per
1600 4647 1812 4708 portam

226 4736 489 4808 majorem
536 4749 567 4788 a
616 4734 702 4787 via
751 4731 967 4802 publica
1021 4741 1077 4785 et
1123 4745 1246 4785 cum
1278 4730 1529 4783 onmibus
1561 4729 1626 4783 ad
1673 4727 1815 4782 idem

224 4825 620 4884 monasterium
687 4824 1012 4893 generaliter
1060 4822 1460 4894 pertinentibus
1511 4831 1620 4876 tam
1673 4821 1816 4876 intra

226 4937 387 4990 quam
422 4929 583 4974 extra
612 4918 803 4970 urbem
838 4916 992 4981 sitis,
1032 4929 1154 4983 qua:
1177 4912 1225 4966 ei
1253 4911 1400 4982 jnste
1435 4925 1499 4965 ac
1525 4922 1672 4966 recte
1696 4926 1818 4981 per-

231 5014 404 5066 tinere
459 5011 874 5081 dignoscuntur.
928 5005 1287 5060 Prohibemus
1349 5011 1527 5057 autem
1601 5017 1818 5057 onmem

232 5102 522 5171 cujuslibet
545 5100 792 5155 ecclesiae
813 5100 1149 5155 sacerdotem
1179 5096 1233 5151 in
1257 5096 1394 5149 idem
1428 5105 1668 5150 vestrum
1689 5095 1789 5150 Ful

1918 4543 2060 4588 terea
2101 4533 2630 4602 archiepiscoporum
2667 4546 2728 4585 ac
2759 4531 3045 4601 cujuslibet
3092 4530 3373 4602 dignitatis
3407 4531 3491 4585 vel

1915 4625 2239 4680 conditionis
2266 4624 2541 4676 hominum
2561 4631 2748 4676 contra
2772 4621 2873 4675 hoc
2890 4630 3130 4675 nostrum
3156 4621 3494 4691 privilegium

1916 4721 2207 4789 quidquam
2237 4717 2432 4770 audeat
2459 4722 2743 4768 attentare.
2778 4712 2930 4779 Quod
2973 4713 3018 4766 si
3067 4713 3188 4782 quis
3237 4728 3497 4781 praesum-

1918 4812 2117 4881 pserit.
2149 4809 2286 4865 sciat
2311 4822 2370 4864 se
2395 4805 2570 4862 nostri
2601 4805 2962 4861 anathematis
2989 4797 3204 4861 vinculo
3233 4821 3402 4875 usque
3430 4807 3496 4859 ad

1918 4905 2136 4973 dignam
2165 4902 2591 4957 satisfactionem
2643 4899 3000 4955 insolabiliter
3028 4901 3379 4967 innodatum;
3406 4901 3498 4970 qui

1922 5009 2101 5050 autem
2134 4995 2222 5065 pio
2253 4995 2446 5048 intuitu
2478 5007 2536 5046 se
2561 4991 2879 5046 custodierit
2910 4999 2964 5046 et
3006 5006 3072 5045 ne
3114 4991 3167 5045 in
3200 4992 3384 5063 aliquo
3415 4994 3499 5047 in-

1924 5088 2192 5156 fringatur
2225 5085 2278 5138 in
2321 5100 2382 5140 se
2411 5082 2809 5147 observaverit,
2844 5082 3236 5139 benedictionis
3266 5088 3501 5156 gratiam

2474 5187 2620 5196 -..η-,ς
2661 5172 2956 5196 αιιιικ1--ιτ--
2975 5190 3048 5196 -..-

2240 5191 2352 5196 ..ρ-..ο
2405 5187 2620 5196 ---Α-.-.ις
2661 5184 3048 5196 -..⁸Α1αδιῖιι--αρο
3101 5190 3123 5196 ρ
3173 5184 3250 5196 ..ΑΙ
