4062 5352
227 321 335 378 613

1201 314 1557 374 EPISTOL/E
1602 316 1688 373 ΕΤ
1731 315 2048 373 DECRETA
2089 313 2492 372 PONTlFlClA.

3387 318 3494 374 6H

227 441 427 501 cimus,
458 437 600 491 sicut
626 435 694 488 ab
722 433 756 504 ἰ,
777 433 854 488 sis
876 432 1295 502 imperatoribus
1320 442 1403 486 est
1427 431 1731 494 dil‘iinitum,
1757 437 1814 482 ut
1844 432 1888 490 Α
1918 427 2095 492 Ianus,
2127 430 2216 498 qui
2245 443 2429 481 curam
2454 425 2757 479 animarum
2792 423 2925 480 Villa
2950 426 3500 502 lia!.uerit,synodnm

226 528 487 583 defuncto
513 542 610 596 per
625 523 1021 579 successionem
1050 522 1267 583 abbate,
1297 523 1550 591 utrinque
1575 521 1624 574 in
1651 536 1814 574 unum

229 633 260 671 e
313 617 525 671 duobus
554 615 898 670 monasteriis
936 613 1328 668 conﬂuentibus
1376 612 1675 676 monachis,
1722 613 1820 666 ha-

227 710 395 763 beant
436 705 556 763 sine
604 707 967 770 simulatione,
1023 705 1139 759 sine
1185 706 1500 776 exceptione
1551 721 1816 776 personae,

227 801 346 855 sine
391 809 643 870 respectu
693 799 948 869 pecunite,
993 800 1288 852 secundum
1341 799 1509 852 sancti
1542 797 1816 852 Benedicti

228 891 498 962 regulam,
540 890 792 944 abbatem
843 888 1072 958 eligendi
1113 888 1442 943 liberrimam
1492 888 1764 956 optionem
1799 905 1814 943 :

226 1001 287 1039 ea
320 995 505 1038 tamen
539 983 991 1053 prteponderante
1031 982 1257 1041 ratione.
1311 997 1431 1036 cum
1487 979 1821 1034 Malmnnda-

227 1077 492 1131 riensium
526 1090 681 1144 pace,
725 1083 782 1128 ut
827 1074 950 1144 quia
985 1074 1175 1127 beatus
1203 1071 1490 1141 Remaglus
1537 1072 1817 1140 utriusque

233 1169 556 1222 monasterii
604 1176 949 1221 ccnstructor
982 1175 1035 1219 et
1065 1165 1463 1232 Tungrcnsium
1497 1175 1652 1218 antea
1707 1164 1818 1231 epi-

227 1275 423 1328 scopus
455 1269 511 1312 et
545 1267 730 1326 pastor
754 1256 938 1310 maluit
975 1256 1024 1309 in
1056 1254 1226 1309 altero
1266 1270 1472 1318 eorum,
1501 1255 1550 1306 id
1585 1263 1668 1307 est
1697 1252 1818 1306 Sta-

230 1351 439 1414 bolaus,
488 1349 666 1404 locum
718 1348 1009 1418 sepultura:
1052 1347 1153 1402 sibi
1200 1347 1421 1416 eligere,
1455 1347 1552 1415 ipsi
1585 1348 1814 1417 primam

225 1439 512 1494 electionis
535 1436 815 1491 obtineant
839 1437 998 1496 viam.
1017 1435 1060 1490 si
1087 1437 1227 1504 apud
1257 1451 1352 1489 eos
1383 1436 1574 1491 melior
1608 1435 1817 1489 meritis

225 1537 276 1580 et
314 1525 654 1597 probabilior
711 1525 1034 1579 inveniatur.
1073 1524 1128 1578 Si
1161 1533 1340 1578 autem
1386 1540 1491 1578 non
1541 1524 1672 1586 illic,
1720 1525 1814 1579 sed

228 1614 609 1670 Malmundarii
640 1613 833 1668 melior
868 1613 1190 1683 reperiatur,
1232 1613 1448 1682 utrique
1491 1613 1611 1666 loco
1638 1613 1815 1682 prmli-

225 1705 450 1759 ciendus
487 1705 557 1758 ab
584 1719 650 1758 eo
694 1703 872 1772 p0lius
917 1719 1079 1773 quam
1125 1705 1194 1756 ab
1233 1703 1474 1757 externis
1503 1712 1814 1772 assumptus

1921 531 2083 589 atque
2128 521 2413 575 concilium
2463 521 2759 590 prevideat,
2819 538 3150 593 censumque
3199 525 3494 591 persolvat;

1921 614 2136 681 quando
2166 628 2294 665 vero
2343 611 2479 665 alius
2521 612 2864 676 successerit,
2891 614 3102 669 oblatus
3147 630 3178 670 a
3221 617 3501 672 monachis

1920 704 2122 774 absque
2154 704 2256 758 ulla
2300 704 2559 758 servitute
2607 703 2780 758 locum
2835 706 3054 761 tenebit.
3105 707 3160 761 Si
3201 708 3321 777 quis
3369 724 3498 778 ergo

1918 796 2320 866 praesumpserit
2353 795 2465 849 ba'c
2489 795 2596 848 ullo
2618 796 2777 849 modo
2804 800 3098 867 transgredi
3116 816 3233 869 qum
3247 801 3500 871 prmdiclo

1921 888 2243 943 indulsimus
2273 888 2482 950 locello,
2528 888 2664 942 sciat
2693 903 2752 943 se
2794 891 3153 944 anathematis
3178 891 3489 946 innodatnm

1921 979 2164 1046 vinculo;
2199 981 2287 1049 qui
2322 995 2450 1034 vero
2494 979 2599 1035 illis
2641 980 2937 1051 largitatem
2972 980 3436 1052 feceritaliquam,
3463 1000 3492 1037 a

1919 1071 2167 1139 pii-simo
2226 1070 2454 1125 Domino
2515 1081 2702 1124 nostro
2765 1069 3138 1126 Iesu-Christo
3182 1073 3495 1142 multiplicia

1918 1169 2305 1226 consequatur,
2349 1169 2404 1213 et
2430 1161 2554 1212 vitae
2592 1171 2805 1214 πίει-ηαξ
2830 1161 3097 1232 particeps
3127 1161 3260 1216 ellici
3289 1179 3499 1218 merea-

1920 1255 2024 1301 tur.
2081 1245 2147 1300 Ut
2193 1256 2369 1300 autem
2425 1248 2526 1301 hoc
2571 1262 2706 1317 opus
2737 1248 2953 1316 pietatis
2999 1260 3193 1302 nostra:
3235 1249 3500 1303 consistat

1918 1354 2131 1411 semper
2161 1340 2484 1404 inviolabile,
2513 1357 2673 1395 manu
2715 1357 2829 1395 mea
2861 1357 2924 1396 ac
2949 1343 3285 1396 dominorum
3321 1343 3498 1412 ροιιιὶ-

1920 1430 2103 1494 ﬁcum,
2135 1449 2255 1486 eum
2289 1433 2501 1487 clericis
2533 1450 2597 1488 ac:
2636 1433 2791 1488 laicis
2841 1435 2929 1504 qui
2975 1432 3280 1500 adfuerunt,
3312 1436 3498 1490 censai

1916 1538 2038 1576 esse
2069 1525 2455 1577 ro‘..nrandum.

1987 1613 2100 1685 Ego
2154 1613 2264 1667 Leo
2300 1623 2500 1668 sancta:
2527 1615 2805 1670 catholica:
2833 1623 2886 1668 et
2914 1616 3221 1684 apostolica:
3245 1616 3500 1673 Ecclesire

1917 1704 2111 1774 prmsul
2146 1703 2284 1758 Tulli
2325 1704 2665 1760 confirmavi.

226 1798 650 1852 intromittatnr.
706 1796 760 1850 Si
791 1797 912 1865 quis
943 1806 1147 1859 autem,
1192 1795 1335 1866 quod
1383 1811 1490 1849 non
1539 1803 1810 1865 Optamus,
1847 1767 1887 1826 Β
1988 1795 2212 1863 Signum
2272 1796 2547 1853 llalinardi
2601 1796 2976 1865 Lugdunensis
3011 1798 3420 1870 archiepiscopi.

225 1887 434 1941 nefario
467 1902 602 1940 ausu
634 1888 1037 1955 przcsumpserit
1079 1885 1163 1938 his
1191 1900 1311 1954 qum
1335 1899 1364 1938 a
1396 1885 1550 1938 nobis
1591 1886 1656 1938 ad
1701 1884 1813 1938 lau-

223 1980 345 2032 dem
363 1979 456 2032 Dei
487 1993 586 2047 pro
606 1977 902 2031 stabilitate
929 1975 1038 2044 jam
1062 1975 1330 2030 dictorum
1359 1976 1810 2030 monasteriorum

187 2108 190 2112 .
223 2077 424 2121 statuta
455 2077 580 2121 sunt
620 2066 906 2135 refragari,
932 2076 1023 2118 aut
1073 2067 1184 2120 haec
1224 2065 1276 2119 in
1322 2080 1592 2137 quoquam
1635 2074 1812 2120 trans-

224 2160 394 2230 gredi,
427 2160 573 2214 hunc
600 2175 627 2212 a
660 2158 936 2212 liminibus
963 2165 1164 2211 sancta:
1202 2159 1390 2210 matris
1439 2157 1691 2211 Ecclesia:
1727 2173 1811 2211 se-

223 2267 533 2321 greganrus,
574 2259 739 2320 atque
775 2266 895 2304 cum
924 2248 1058 2303 Juda
1095 2250 1359 2303 traditore
1393 2249 1603 2309 Domini
1638 2249 1808 2303 nostri

222 2336 346 2396 Iesu
377 2343 610 2405 Christi,
647 2353 703 2397 et
741 2359 862 2397 cuin
895 2341 1108 2396 diabolo
1136 2352 1189 2395 et
1221 2342 1425 2412 angelis
1447 2343 1562 2412 ejus
1591 2343 1810 2396 :z‘tenuis

223 2435 492 2490 incendiis
518 2435 973 2491 concremaudum
999 2434 1340 2504 deputamus.
1370 2435 1439 2488 At
1461 2451 1588 2490 vero
1605 2435 1694 2504 qui
1721 2435 1808 2504 pio

222 2526 419 2579 intuitu
447 2527 768 2580 observator
809 2533 862 2579 et
899 2534 1084 2579 custos
1124 2525 1390 2578 exstiterit
1440 2524 1596 2592 hujus
1639 2526 1807 2580 nostri

217 2616 507 2686 apostolici
551 2617 830 2672 constituti
863 2615 928 2670 ad
975 2615 1179 2670 cultum
1215 2613 1308 2670 Dei
1345 2617 1680 2686 respicientis
1702 2614 1806 2670 be-

221 2707 546 2761 nedictionis
580 2706 810 2775 gratiam
844 2715 898 2761 et
934 2705 1358 2760 misericordiam
1395 2723 1424 2761 a
1460 2706 1807 2764 misericordi:

219 2798 332 2854 Deo
359 2808 548 2854 nostro
571 2799 937 2870 multipliciter
957 2810 1318 2871 consequatur
1340 2808 1393 2854 et
1428 2800 1549 2855 vita:
1588 2811 1805 2856 retenta:

217 2891 496 2958 particeps
521 2887 656 2944 echi
687 2899 986 2946 mereatur.

291 2979 426 3035 Data
473 2979 757 3050 Maguntiae
788 2997 845 3035 ιιι
897 2979 1077 3036 Nonas
1115 2979 1448 3051 Septembris
1489 2997 1584 3049 per
1611 2998 1804 3037 manus
1859 3039 1870 3043 ,

1986 1888 2210 1958 Signum
2262 1887 2488 1942 Evrardi
2539 1887 2890 1942 Trevirorum
2946 1890 3215 1958 archiep.,
3274 1885 3498 1946 Joannis

1913 1977 2228 2032 Portnensis
2280 1977 2538 2048 episcopi,
2593 1977 2875 2034 Alberonis
2933 1979 3184 2035 Metcusis
3235 1982 3492 2050 episcopi,

1911 2067 2161 2124 Widonis
2193 2067 2531 2122 Leucborum
2569 2071 2884 2139 pr‘lmicerii,
2919 2070 3176 2139 Stephani
3220 2072 3496 2126 archidia-

1913 2159 2052 2218 coni,
2078 2159 2364 2214 Alberonis
2387 2161 2681 2215 arebidiac.
2705 2201 2718 2224 ,
2755 2161 2962 2214 Rodulti
2990 2162 3304 2227 archidiac.,
3331 2161 3492 2216 Lam-

1911 2244 2050 2302 berti
2100 2247 2420 2312 archidiac.,
2453 2247 2677 2304 Widrici
2732 2251 3053 2318 archidiac.,
3103 2250 3266 2306 Vlrici
3313 2254 3494 2308 archi-

1911 2345 2077 2402 iiiac.,
2127 2337 2354 2393 Walteri
2407 2340 2618 2404 decani,
2682 2341 2930 2397 Warneri
2986 2346 3194 2409 decani,
3253 2345 3490 2400 Dnranni

1909 2434 2232 2505 prestyteri,
2260 2432 2564 2497 Albemnis,
2597 2433 2864 2499 Rotberti,
2885 2436 3332 2492 Milonisabbatis
3356 2437 3490 2492 Der-

1909 2523 2107 2584 vrnsis,
2149 2523 2358 2576 Alberti
2390 2524 2610 2592 prioris,
2644 2524 2921 2596 Hiugouis,
2957 2525 3323 2597 Wandalgeri.

1981 2612 2091 2682 Ego
2120 2613 2332 2679 Petrus,
2365 2625 2564 2667 sanctae
2616 2613 2870 2670 Bonnana:
2915 2615 3168 2670 Ecclesim
3197 2617 3479 2683 diaconus,

1907 2705 2352 2760 bibliothecarius
2380 2715 2435 2760 et
2459 2707 2836 2773 cancellarius,
2871 2709 3182 2779 subscripsi.

1979 2799 2090 2870 Ego
2130 2797 2368 2857 Joannes
2396 2800 2757 2856 subdiaconus
2798 2801 2997 2856 schola:
3036 2811 3318 2858 cantorum
3365 2802 3489 2859 sub-

1906 2890 2119 2962 scripsi.

2622 2981 2759 3042 XVI.

219 3069 368 3124 Petri
407 3069 649 3136 Diaconi,
707 3071 1096 3126 bibliothecarii
1139 3082 1194 3127 et
1235 3072 1538 3127 cancellarii
1599 3084 1801 3129 sancta:

1911 3094 1965 3150 S.
1996 3095 2094 3170 Leo
2117 3093 2198 3148 IX
2217 3096 2558 3170 Parmenonis
2575 3095 2632 3151 S.
2651 3097 2836 3170 Malia;
2861 3095 3053 3170 Portus
3076 3097 3280 3160 Suavis.
3298 3117 3330 3154 a
3353 3097 3481 3154 Ber-

218 3161 534 3230 apostolicze
575 3162 741 3228 sedis,
773 3178 915 3218 anno
944 3163 1126 3220 domui
1163 3163 1359 3220 Leonis
1409 3165 1533 3220 ιιυιιὶ
1577 3181 1724 3236 papa}
1756 3167 1828 3231 ι,’

217 3252 519 3308 indictione
557 3268 640 3308 ιιι.

951 3342 1067 3402 XV.

216 3451 278 3507 S.
322 3453 428 3508 Leo
464 3453 569 3518 IX,
591 3465 793 3523 petente
832 3453 1048 3520 Milone,
1076 3457 1379 3510 monasterii
1425 3457 1486 3510 S.
1531 3456 1802 3512 Berclmrii

292 3524 573 3647 Deiectis“
600 3525 807 3591 abbate,
836 3525 1066 3580 ecclesia:
1099 3527 1150 3580 in
1188 3527 1296 3580 vico
1342 3526 1478 3581 Villa
1509 3527 1800 3582 libertatem

287 3605 358 3646 m
400 3604 498 3647 uit.

829 3689 1005 3758 (Anno
1021 3690 1198 3759 1049.)

215 3804 474 3876 [Maliill.,
513 3803 705 3858 Annal.
758 3805 874 3857 0rd.
919 3803 974 3858 S.
1019 3804 1236 3866 Bcned.,
1265 3807 1355 3872 IV,
1385 3808 1508 3870 757,
1545 3822 1609 3861 ex
1639 3809 1798 3862 char-

774 3876 910 3928 tario
943 3877 1242 3950 Dervensi.]

288 3989 349 4044 In
381 3990 600 4046 nomine
639 3999 842 4046 sanctae
869 4000 923 4046 et
957 3992 1243 4047 individua:
1272 3992 1570 4058 Trinitatis,
1603 3992 1797 4058 Patris,

211 4092 272 4137 et
294 4081 420 4136 Filii
449 4090 506 4136 et
532 4081 767 4151 Spiritus
788 4083 983 4138 sancti.

292 4173 430 4244 Ego,
456 4172 547 4227 Dei
575 4173 882 4235 clementia,
924 4173 1034 4228 Leo
1064 4174 1396 4230 humillimus
1416 4191 1574 4244 papa,
1603 4175 1723 4230 volo
1742 4184 1801 4230 ut

212 4272 525 4336 agnoscant
552 4263 736 4320 ﬁdeles
768 4265 1006 4320 universi
1037 4276 1236 4321 sanctae
1271 4267 1432 4335 hujus
1462 4268 1798 4322 Lencborum

211 4356 388 4418 sedis,
413 4355 644 4425 qualiter
679 4355 849 4410 abbas
887 4355 1011 4410 Milo
1046 4372 1110 4412 ex
1144 4357 1318 4412 sancti
1363 4357 1634 4412 Bercharii
1679 4371 1798 4412 mo-

1976 3166 2152 3219 ιΙιοΙιΙο
2175 3167 2437 3236 quondam
2455 3168 2692 3236 episcopo
2717 3165 2946 3219 Tullcnsi
2976 3170 3205 3222 construi
3230 3170 3478 3234 cmptimb

1975 3235 2192 3306 ipsoque
2204 3237 2439 3306 perfecti,
2455 3235 2802 3306 possessiones
2816 3247 2870 3313 et
2891 3238 3156 3308 pririlegia
3179 3239 3475 3308 conﬁrmat.

2505 3345 2684 3418 (Anno
2717 3347 2893 3418 1409.)
3479 3400 3481 3402 .

1905 3437 2064 3512 [Dom
2122 3438 2355 3503 Calmet,
2402 3436 2636 3492 Histoire
2681 3438 2746 3491 de
2793 3435 3066 3504 Lorraine,
3118 3439 3161 3503 Ι,
3230 3437 3479 3506 Preures,

2546 3529 2646 3582 col.
2679 3526 2829 3600 452.]

1978 3621 2085 3675 Leo
2110 3620 2413 3689 epsieopus,
2445 3635 2632 3673 servus
2658 3635 2939 3674 servorum
2970 3618 3083 3683 Dei,
3112 3619 3360 3675 omnibus
3389 3636 3479 3675 or-

1907 3712 2154 3766 thodoxis
2180 3718 2538 3765 sacrmauctac
2571 3709 2825 3764 Romanae
2861 3709 3112 3765 Ecclesim
3150 3712 3476 3780 gubernato-

1907 3802 2055 3855 ribus
2083 3843 2096 3867 ,
2125 3811 2180 3855 et
2203 3802 2452 3857 omnibus
2473 3817 2614 3855 vera:
2643 3802 2915 3869 religionis
2939 3819 3182 3873 veraeque
3215 3803 3336 3858 t‘tdei
3367 3805 3478 3859 eul-

1905 3892 2110 3946 toribus
2136 3892 2486 3961 pi-tesentibus
2507 3902 2560 3946 et
2586 3890 2802 3945 futuris.

1971 3981 2262 4052 Perspicue
2308 3985 2708 4054 cognoscimus,
2761 3995 2813 4038 et
2854 3995 3000 4038 certa
3051 3983 3166 4054 lege
3209 3993 3474 4048 tenemus,

1903 4079 2045 4144 quod
2086 4091 2182 4144 pro
2221 4077 2430 4130 cunctis
2470 4077 2622 4130 bona:
2653 4075 2883 4129 actionis
2920 4075 3195 4129 studiisret
3220 4075 3473 4144 spiritua-

1905 4168 2042 4222 libus
2080 4167 2274 4220 anima:
2318 4165 2687 4228 incrementis,
2739 4180 2936 4219 corona
2987 4166 3140 4219 nobis
3188 4181 3218 4220 a
3263 4165 3373 4222 Deo
3421 4175 3476 4221 et

1905 4272 2112 4311 tnerces
2151 4265 2480 4325 praeparetur
2531 4256 2581 4308 iu
2615 4255 2796 4319 caelis;
2851 4255 2990 4310 unde
3030 4257 3171 4310 sicut
3218 4257 3476 4313 destituta

1903 4357 2104 4402 sanctae
2149 4346 2423 4416 religionis
2466 4346 2580 4402 loca
2628 4347 2856 4401 solerter
2889 4357 3014 4402 sunt
3040 4350 3377 4420 corrigenda,
3426 4359 3481 4404 et

214 4447 464 4502 nasterio
486 4462 658 4502 meam
685 4446 880 4502 adierit
899 4447 1263 4516 prmsentiam,
1289 4456 1473 4516 petens
1501 4457 1558 4501 ut
1586 4449 1795 4502 cuidam

1911 4438 1971 4491 ad
2020 4445 2218 4492 statum
2275 4437 2611 4490 rectitudinis
2655 4436 3009 4492 sollicitudine
3052 4438 3290 4510 pervigili
3324 4456 3481 4494 revo-

217 4537 380 4591 altari
413 4552 525 4592 suae
556 4536 802 4592 ecclesia:
827 4531 1128 4592 libertatem
1158 4553 1256 4607 pro
1286 4538 1380 4592 Dei
1412 4553 1616 4598 amore.
1646 4538 1798 4606 cujus

219 4627 503 4681 servitium
545 4626 636 4682 illo
671 4627 1009 4696 disponebat,
1059 4629 1306 4682 ordinare
1356 4629 1649 4683 traderem.
1703 4629 1798 4683 Est

221 4727 404 4771 autem
445 4717 674 4772 ecclesia
723 4716 808 4770 illa
841 4732 1001 4786 super
1039 4715 1250 4771 Blesam
1289 4716 1509 4771 ﬂuvium
1557 4718 1610 4771 in
1658 4717 1796 4780 vico,

221 4805 312 4876 qui
335 4808 536 4862 dicitur
560 4805 711 4868 villa,
733 4806 784 4859 in
805 4820 910 4875 qua
934 4807 1222 4862 monachos
1242 4806 1308 4859 ad
1328 4807 1666 4862 serviendum
1691 4807 1800 4861 Deo

223 4901 548 4954 decernebat
573 4899 876 4952 instituere.
905 4896 1057 4964 Quod
1086 4898 1378 4952 ostendens
1413 4899 1548 4953 meis
1569 4907 1622 4953 et
1645 4897 1801 4964 hujus

221 4989 318 5045 Dei
344 4989 586 5045 ecclesiae
617 4988 765 5049 ﬁliis,
797 4986 1006 5043 clericis
1043 5003 1136 5043 seu
1167 4986 1340 5048 laicis,
1371 4996 1698 5044 censuerunt
1745 4996 1802 5041 ut

223 5081 338 5148 eius
383 5082 632 5154 petitioni
688 5081 984 5150 przeberem
1025 5093 1328 5144 assensum,
1379 5088 1646 5148 quatenus
1686 5079 1801 5146 ipse

1188 5182 1302 5190 -..ιιι-
1336 5181 1511 5190 4.-..--”-
1553 5182 1647 5192 ..-Α
1683 5183 1796 5192 ιιι-ηι-

1902 4526 2091 4590 cauda,
2133 4527 2202 4578 ita
2235 4537 2285 4579 et
2316 4535 2490 4596 carpta
2539 4525 2592 4580 in
2625 4541 2682 4580 se
2721 4527 2894 4594 ipsum
2933 4527 3070 4582 bona
3102 4542 3130 4581 a
3160 4529 3314 4584 nobis
3351 4539 3478 4586 sunt

1901 4619 2142 4673 ctenobia
2195 4617 2472 4672 solidanda
2513 4629 2673 4686 atque
2716 4617 2966 4682 fovenda,
3004 4620 3303 4691 praesertim
3353 4635 3476 4674 cum

1903 4711 2057 4767 nobis
2115 4712 2294 4767 divina
2344 4712 2674 4782 providentia
2721 4712 3015 4766 custodiam
3069 4711 3368 4764 animarum
3422 4720 3477 4764 et

1903 4805 2139 4876 regimen
2172 4805 2460 4862 contulerit
2515 4803 2884 4866 ecclesiarum,
2932 4797 3124 4873 quibus
3179 4816 3309 4856 oves
3350 4815 3476 4855 suas

1905 4897 2154 4952 vitalibus
2203 4897 2472 4953 alimentis
2517 4909 2762 4965 pascere,
2822 4897 2957 4949 bene
3011 4895 3238 4962 iucmpta
3280 4893 3474 4947 coulir~

1905 4991 2119 5048 mando.
2161 4999 2215 5042 et
2241 5004 2358 5058 qua:
2388 4989 2569 5057 vigent
2607 4986 2916 5055 diligentius
2941 4984 3240 5048 edncando,
3270 4997 3476 5054 praece-

1903 5078 2000 5148 pit.
2031 5076 2154 5131 Haec
2178 5092 2306 5144 ergo
2329 5092 2412 5129 me
2439 5077 2833 5136 considerante,
2867 5078 2990 5131 dum
3016 5074 3068 5126 in
3098 5073 3252 5127 initio
3278 5085 3478 5144 nostra:

2284 5164 2354 5194 1⁵.ιῖ
2385 5165 2478 5194 n..:
2514 5166 2652 5194 .innn
2678 5162 2698 5194 1
2725 5163 3016 5194 ηιιηιιιηηηη

3038 5177 3168 5194 ηρακλε
3178 5161 3226 5194 111
3250 5162 3451 5194 Δ1ηιιοοιις

1907 5166 2253 5194 ..-μίξικηίεηιιίο
