  <div class='ocr_page' id='page_1' title='image "/cluster/home/n/w/nwhite01/storage/ocr_20150623/143/hvd.32044015471816/311.png"; bbox 0 0 4062 5352; ppageno 0'>
   <div class='ocr_carea' id='block_1_1' title="bbox 597 323 699 378">
    <p class='ocr_par' dir='ltr' id='par_1_1' title="bbox 597 323 699 378">
     <span class='ocr_line' id='line_1_1' title="bbox 597 323 699 378; baseline 0 -1"><span class='ocrx_word' id='word_1_1' title='bbox 597 323 699 378; x_wconf 74' lang='grc' dir='ltr'><strong>6ἰὸ</strong></span> 
     </span>
    </p>
   </div>
   <div class='ocr_carea' id='block_1_2' title="bbox 1621 285 2741 391">
    <p class='ocr_par' dir='ltr' id='par_1_2' title="bbox 1621 285 2741 391">
     <span class='ocr_line' id='line_1_2' title="bbox 1621 285 2741 391; baseline 0.005 -6"><span class='ocrx_word' id='word_1_2' title='bbox 1621 328 1679 385; x_wconf 90' lang='lat' dir='ltr'><strong>s.</strong></span> <span class='ocrx_word' id='word_1_3' title='bbox 1720 328 1965 388; x_wconf 84' lang='lat' dir='ltr'><strong>LEOle</strong></span> <span class='ocrx_word' id='word_1_4' title='bbox 2003 329 2073 387; x_wconf 78' lang='lat' dir='ltr'><strong>tx</strong></span> <span class='ocrx_word' id='word_1_5' title='bbox 2111 285 2315 386; x_wconf 64' lang='lat' dir='ltr'><strong>mea;</strong></span> <span class='ocrx_word' id='word_1_6' title='bbox 2351 330 2741 391; x_wconf 79' lang='lat' dir='ltr'><strong>OPUSCULA.</strong></span> 
     </span>
    </p>
   </div>
   <div class='ocr_carea' id='block_1_3' title="bbox 3726 300 3851 388">
    <p class='ocr_par' dir='ltr' id='par_1_3' title="bbox 3726 300 3851 388">
     <span class='ocr_line' id='line_1_3' title="bbox 3726 300 3851 388; baseline -0.008 0"><span class='ocrx_word' id='word_1_7' title='bbox 3726 300 3851 388; x_wconf 67' lang='lat' dir='ltr'><strong>ista</strong></span> 
     </span>
    </p>
   </div>
   <div class='ocr_carea' id='block_1_4' title="bbox 594 439 3857 527">
    <p class='ocr_par' dir='ltr' id='par_1_4' title="bbox 594 439 3857 527">
     <span class='ocr_line' id='line_1_4' title="bbox 594 439 3857 527; baseline 0.002 -35"><span class='ocrx_word' id='word_1_8' title='bbox 594 439 1111 499; x_wconf 87' lang='lat' dir='ltr'><strong>ctatttintcntionem</strong></span> <span class='ocrx_word' id='word_1_9' title='bbox 1133 443 2173 527; x_wconf 83' lang='lat' dir='ltr'><strong>conspiciens.etaliquantulamportio-</strong></span> <span class='ocrx_word' id='word_1_10' title='bbox 2204 454 2247 508; x_wconf 84' lang='grc' dir='ltr'><strong>Λ</strong></span> <span class='ocrx_word' id='word_1_11' title='bbox 2279 444 2381 499; x_wconf 92' lang='lat' dir='ltr'><strong>lam</strong></span> <span class='ocrx_word' id='word_1_12' title='bbox 2440 447 2609 500; x_wconf 76' lang='lat' dir='ltr'><strong>sancti</strong></span> <span class='ocrx_word' id='word_1_13' title='bbox 2670 444 2941 500; x_wconf 87' lang='lat' dir='ltr'><strong>Benedicti</strong></span> <span class='ocrx_word' id='word_1_14' title='bbox 2994 458 3223 515; x_wconf 74' lang='lat' dir='ltr'><strong>praesse</strong></span> <span class='ocrx_word' id='word_1_15' title='bbox 3270 451 3325 499; x_wconf 89' lang='lat' dir='ltr'><strong>et</strong></span> <span class='ocrx_word' id='word_1_16' title='bbox 3358 444 3614 515; x_wconf 82' lang='lat' dir='ltr'><strong>prodesse</strong></span> <span class='ocrx_word' id='word_1_17' title='bbox 3663 460 3857 517; x_wconf 80' lang='lat' dir='ltr'><strong>queat-</strong></span> 
     </span>
    </p>
   </div>
   <div class='ocr_carea' id='block_1_5' title="bbox 594 533 2177 608">
    <p class='ocr_par' dir='ltr' id='par_1_5' title="bbox 594 533 2177 608">
     <span class='ocr_line' id='line_1_5' title="bbox 594 533 2177 608; baseline 0.003 -20"><span class='ocrx_word' id='word_1_18' title='bbox 594 543 720 588; x_wconf 89' lang='lat' dir='ltr'><strong>nctn</strong></span> <span class='ocrx_word' id='word_1_19' title='bbox 766 533 819 588; x_wconf 89' lang='lat' dir='ltr'><strong>itt</strong></span> <span class='ocrx_word' id='word_1_20' title='bbox 862 534 980 605; x_wconf 85' lang='lat' dir='ltr'><strong>ejus</strong></span> <span class='ocrx_word' id='word_1_21' title='bbox 1029 535 1278 593; x_wconf 82' lang='lat' dir='ltr'><strong>mercede</strong></span> <span class='ocrx_word' id='word_1_22' title='bbox 1320 536 1623 593; x_wconf 87' lang='lat' dir='ltr'><strong>devotionis</strong></span> <span class='ocrx_word' id='word_1_23' title='bbox 1669 539 1895 608; x_wconf 84' lang='lat' dir='ltr'><strong>adipisci</strong></span> <span class='ocrx_word' id='word_1_24' title='bbox 1934 539 2177 606; x_wconf 87' lang='lat' dir='ltr'><strong>cupiens,</strong></span> 
     </span>
    </p>
   </div>
   <div class='ocr_carea' id='block_1_6' title="bbox 592 624 2178 700">
    <p class='ocr_par' dir='ltr' id='par_1_6' title="bbox 592 624 2178 700">
     <span class='ocr_line' id='line_1_6' title="bbox 592 624 2178 700; baseline 0.003 -22"><span class='ocrx_word' id='word_1_25' title='bbox 592 631 830 693; x_wconf 74' lang='lat' dir='ltr'><strong>captum</strong></span> <span class='ocrx_word' id='word_1_26' title='bbox 860 624 1102 687; x_wconf 76' lang='lat' dir='ltr'><strong>laborem</strong></span> <span class='ocrx_word' id='word_1_27' title='bbox 1127 625 1343 684; x_wconf 89' lang='lat' dir='ltr'><strong>Christo</strong></span> <span class='ocrx_word' id='word_1_28' title='bbox 1384 627 1597 684; x_wconf 81' lang='lat' dir='ltr'><strong>favente</strong></span> <span class='ocrx_word' id='word_1_29' title='bbox 1622 640 1936 700; x_wconf 75' lang='lat' dir='ltr'><strong>perexptere</strong></span> <span class='ocrx_word' id='word_1_30' title='bbox 1970 632 2178 694; x_wconf 90' lang='lat' dir='ltr'><strong>studui,</strong></span> 
     </span>
    </p>
   </div>
   <div class='ocr_carea' id='block_1_7' title="bbox 592 719 2181 788">
    <p class='ocr_par' dir='ltr' id='par_1_7' title="bbox 592 719 2181 788">
     <span class='ocr_line' id='line_1_7' title="bbox 592 719 2181 788; baseline 0.001 -16"><span class='ocrx_word' id='word_1_31' title='bbox 592 726 903 788; x_wconf 61' lang='lat' dir='ltr'><strong>castumque</strong></span> <span class='ocrx_word' id='word_1_32' title='bbox 950 720 1436 779; x_wconf 86' lang='lat' dir='ltr'><strong>sanctimonialium</strong></span> <span class='ocrx_word' id='word_1_33' title='bbox 1485 719 1595 774; x_wconf 94' lang='lat' dir='ltr'><strong>Dco</strong></span> <span class='ocrx_word' id='word_1_34' title='bbox 1645 719 1842 775; x_wconf 83' lang='lat' dir='ltr'><strong>ibidem</strong></span> <span class='ocrx_word' id='word_1_35' title='bbox 1888 720 2181 775; x_wconf 87' lang='lat' dir='ltr'><strong>servitura-</strong></span> 
     </span>
    </p>
   </div>
   <div class='ocr_carea' id='block_1_8' title="bbox 592 807 2178 879">
    <p class='ocr_par' dir='ltr' id='par_1_8' title="bbox 592 807 2178 879">
     <span class='ocr_line' id='line_1_8' title="bbox 592 807 2178 879; baseline 0.003 -19"><span class='ocrx_word' id='word_1_36' title='bbox 592 821 715 861; x_wconf 92' lang='lat' dir='ltr'><strong>rum</strong></span> <span class='ocrx_word' id='word_1_37' title='bbox 764 808 1113 879; x_wconf 84' lang='lat' dir='ltr'><strong>congregavi,</strong></span> <span class='ocrx_word' id='word_1_38' title='bbox 1162 817 1219 864; x_wconf 91' lang='lat' dir='ltr'><strong>et</strong></span> <span class='ocrx_word' id='word_1_39' title='bbox 1248 807 1427 863; x_wconf 89' lang='lat' dir='ltr'><strong>locum</strong></span> <span class='ocrx_word' id='word_1_40' title='bbox 1459 808 1513 863; x_wconf 91' lang='lat' dir='ltr'><strong>in</strong></span> <span class='ocrx_word' id='word_1_41' title='bbox 1543 809 1891 864; x_wconf 82' lang='lat' dir='ltr'><strong>veneratione</strong></span> <span class='ocrx_word' id='word_1_42' title='bbox 1932 808 2178 879; x_wconf 84' lang='lat' dir='ltr'><strong>gloriosa</strong></span> 
     </span>
    </p>
   </div>
   <div class='ocr_carea' id='block_1_9' title="bbox 591 896 2178 973">
    <p class='ocr_par' dir='ltr' id='par_1_9' title="bbox 591 896 2178 973">
     <span class='ocr_line' id='line_1_9' title="bbox 591 896 2178 973; baseline 0.002 -21"><span class='ocrx_word' id='word_1_43' title='bbox 591 896 832 971; x_wconf 78' lang='lat' dir='ltr'><strong>Virginis</strong></span> <span class='ocrx_word' id='word_1_44' title='bbox 858 898 1149 956; x_wconf 86' lang='lat' dir='ltr'><strong>Genitricis</strong></span> <span class='ocrx_word' id='word_1_45' title='bbox 1179 899 1379 965; x_wconf 80' lang='lat' dir='ltr'><strong>Maria,</strong></span> <span class='ocrx_word' id='word_1_46' title='bbox 1406 909 1459 955; x_wconf 90' lang='lat' dir='ltr'><strong>et</strong></span> <span class='ocrx_word' id='word_1_47' title='bbox 1491 909 1691 955; x_wconf 80' lang='lat' dir='ltr'><strong>sancta</strong></span> <span class='ocrx_word' id='word_1_48' title='bbox 1719 900 1942 973; x_wconf 81' lang='lat' dir='ltr'><strong>virginis</strong></span> <span class='ocrx_word' id='word_1_49' title='bbox 1970 900 2178 956; x_wconf 80' lang='lat' dir='ltr'><strong>Menna</strong></span> 
     </span>
    </p>
   </div>
   <div class='ocr_carea' id='block_1_10' title="bbox 590 989 2173 1064">
    <p class='ocr_par' dir='ltr' id='par_1_10' title="bbox 590 989 2173 1064">
     <span class='ocr_line' id='line_1_10' title="bbox 590 989 2173 1064; baseline 0.001 -20"><span class='ocrx_word' id='word_1_50' title='bbox 590 989 791 1047; x_wconf 88' lang='lat' dir='ltr'><strong>ibidem</strong></span> <span class='ocrx_word' id='word_1_51' title='bbox 840 1008 1070 1061; x_wconf 88' lang='lat' dir='ltr'><strong>corpore</strong></span> <span class='ocrx_word' id='word_1_52' title='bbox 1118 992 1447 1064; x_wconf 81' lang='lat' dir='ltr'><strong>quiescentis</strong></span> <span class='ocrx_word' id='word_1_53' title='bbox 1492 993 1842 1058; x_wconf 83' lang='lat' dir='ltr'><strong>consecravi;</strong></span> <span class='ocrx_word' id='word_1_54' title='bbox 1888 1002 2173 1063; x_wconf 81' lang='lat' dir='ltr'><strong>postquam</strong></span> 
     </span>
    </p>
   </div>
   <div class='ocr_carea' id='block_1_11' title="bbox 591 1082 2172 1155">
    <p class='ocr_par' dir='ltr' id='par_1_11' title="bbox 591 1082 2172 1155">
     <span class='ocr_line' id='line_1_11' title="bbox 591 1082 2172 1155; baseline 0.002 -20"><span class='ocrx_word' id='word_1_55' title='bbox 591 1092 773 1136; x_wconf 84' lang='lat' dir='ltr'><strong>autem</strong></span> <span class='ocrx_word' id='word_1_56' title='bbox 802 1083 867 1138; x_wconf 90' lang='lat' dir='ltr'><strong>ad</strong></span> <span class='ocrx_word' id='word_1_57' title='bbox 894 1099 1031 1139; x_wconf 85' lang='lat' dir='ltr'><strong>onus</strong></span> <span class='ocrx_word' id='word_1_58' title='bbox 1059 1084 1394 1155; x_wconf 80' lang='lat' dir='ltr'><strong>apostolatus</strong></span> <span class='ocrx_word' id='word_1_59' title='bbox 1414 1094 1614 1139; x_wconf 81' lang='lat' dir='ltr'><strong>sancta</strong></span> <span class='ocrx_word' id='word_1_60' title='bbox 1647 1082 1905 1140; x_wconf 74' lang='lat' dir='ltr'><strong>Romana</strong></span> <span class='ocrx_word' id='word_1_61' title='bbox 1929 1085 2074 1140; x_wconf 82' lang='lat' dir='ltr'><strong>sedis</strong></span> <span class='ocrx_word' id='word_1_62' title='bbox 2101 1085 2172 1138; x_wconf 87' lang='lat' dir='ltr'><strong>fui</strong></span> 
     </span>
    </p>
   </div>
   <div class='ocr_carea' id='block_1_12' title="bbox 589 1174 2175 1246">
    <p class='ocr_par' dir='ltr' id='par_1_12' title="bbox 589 1174 2175 1246">
     <span class='ocr_line' id='line_1_12' title="bbox 589 1174 2175 1246; baseline 0.001 -19"><span class='ocrx_word' id='word_1_63' title='bbox 589 1184 848 1229; x_wconf 84' lang='lat' dir='ltr'><strong>evocatus</strong></span> <span class='ocrx_word' id='word_1_64' title='bbox 875 1175 966 1230; x_wconf 87' lang='lat' dir='ltr'><strong>Dei</strong></span> <span class='ocrx_word' id='word_1_65' title='bbox 995 1174 1418 1245; x_wconf 71' lang='lat' dir='ltr'><strong>dispensatione,</strong></span> <span class='ocrx_word' id='word_1_66' title='bbox 1451 1174 1674 1246; x_wconf 83' lang='lat' dir='ltr'><strong>contigit</strong></span> <span class='ocrx_word' id='word_1_67' title='bbox 1702 1191 1787 1230; x_wconf 92' lang='lat' dir='ltr'><strong>me</strong></span> <span class='ocrx_word' id='word_1_68' title='bbox 1817 1175 1951 1231; x_wconf 81' lang='lat' dir='ltr'><strong>lines</strong></span> <span class='ocrx_word' id='word_1_69' title='bbox 1979 1174 2175 1229; x_wconf 81' lang='lat' dir='ltr'><strong>Gallia-</strong></span> 
     </span>
    </p>
   </div>
   <div class='ocr_carea' id='block_1_13' title="bbox 589 1263 2170 1335">
    <p class='ocr_par' dir='ltr' id='par_1_13' title="bbox 589 1263 2170 1335">
     <span class='ocr_line' id='line_1_13' title="bbox 589 1263 2170 1335; baseline 0.002 -19"><span class='ocrx_word' id='word_1_70' title='bbox 589 1279 708 1316; x_wconf 90' lang='lat' dir='ltr'><strong>rnut</strong></span> <span class='ocrx_word' id='word_1_71' title='bbox 736 1263 992 1328; x_wconf 87' lang='lat' dir='ltr'><strong>revisere,</strong></span> <span class='ocrx_word' id='word_1_72' title='bbox 1015 1279 1113 1335; x_wconf 88' lang='lat' dir='ltr'><strong>pro</strong></span> <span class='ocrx_word' id='word_1_73' title='bbox 1126 1274 1313 1319; x_wconf 89' lang='lat' dir='ltr'><strong>sancta</strong></span> <span class='ocrx_word' id='word_1_74' title='bbox 1340 1264 1431 1318; x_wconf 87' lang='lat' dir='ltr'><strong>Dei</strong></span> <span class='ocrx_word' id='word_1_75' title='bbox 1456 1264 1856 1319; x_wconf 89' lang='lat' dir='ltr'><strong>corroboranda</strong></span> <span class='ocrx_word' id='word_1_76' title='bbox 1883 1263 2170 1334; x_wconf 79' lang='lat' dir='ltr'><strong>religione;</strong></span> 
     </span>
    </p>
   </div>
   <div class='ocr_carea' id='block_1_14' title="bbox 587 1353 2176 1423">
    <p class='ocr_par' dir='ltr' id='par_1_14' title="bbox 587 1353 2176 1423">
     <span class='ocr_line' id='line_1_14' title="bbox 587 1353 2176 1423; baseline 0.003 -16"><span class='ocrx_word' id='word_1_77' title='bbox 587 1353 825 1423; x_wconf 87' lang='lat' dir='ltr'><strong>dumque</strong></span> <span class='ocrx_word' id='word_1_78' title='bbox 850 1353 901 1408; x_wconf 88' lang='lat' dir='ltr'><strong>itt</strong></span> <span class='ocrx_word' id='word_1_79' title='bbox 925 1364 1127 1415; x_wconf 85' lang='lat' dir='ltr'><strong>sancta</strong></span> <span class='ocrx_word' id='word_1_80' title='bbox 1152 1355 1246 1410; x_wconf 91' lang='lat' dir='ltr'><strong>Dei</strong></span> <span class='ocrx_word' id='word_1_81' title='bbox 1278 1354 1546 1411; x_wconf 90' lang='lat' dir='ltr'><strong>Tullensis</strong></span> <span class='ocrx_word' id='word_1_82' title='bbox 1568 1354 1813 1410; x_wconf 86' lang='lat' dir='ltr'><strong>ecclesia</strong></span> <span class='ocrx_word' id='word_1_83' title='bbox 1842 1355 1970 1411; x_wconf 89' lang='lat' dir='ltr'><strong>sede</strong></span> <span class='ocrx_word' id='word_1_84' title='bbox 2000 1371 2176 1411; x_wconf 89' lang='lat' dir='ltr'><strong>remo-</strong></span> 
     </span>
    </p>
   </div>
   <div class='ocr_carea' id='block_1_15' title="bbox 591 1445 2174 1515">
    <p class='ocr_par' dir='ltr' id='par_1_15' title="bbox 591 1445 2174 1515">
     <span class='ocr_line' id='line_1_15' title="bbox 591 1445 2174 1515; baseline 0.001 -17"><span class='ocrx_word' id='word_1_85' title='bbox 591 1461 766 1508; x_wconf 84' lang='lat' dir='ltr'><strong>rarer,</strong></span> <span class='ocrx_word' id='word_1_86' title='bbox 800 1461 960 1515; x_wconf 82' lang='lat' dir='ltr'><strong>quant</strong></span> <span class='ocrx_word' id='word_1_87' title='bbox 991 1445 1168 1501; x_wconf 87' lang='lat' dir='ltr'><strong>adhuc</strong></span> <span class='ocrx_word' id='word_1_88' title='bbox 1198 1446 1493 1502; x_wconf 88' lang='lat' dir='ltr'><strong>retinebam</strong></span> <span class='ocrx_word' id='word_1_89' title='bbox 1526 1446 1578 1501; x_wconf 89' lang='lat' dir='ltr'><strong>itt</strong></span> <span class='ocrx_word' id='word_1_90' title='bbox 1616 1456 1812 1502; x_wconf 76' lang='lat' dir='ltr'><strong>nostra</strong></span> <span class='ocrx_word' id='word_1_91' title='bbox 1840 1446 2061 1501; x_wconf 90' lang='lat' dir='ltr'><strong>ditionis</strong></span> <span class='ocrx_word' id='word_1_92' title='bbox 2087 1462 2174 1500; x_wconf 84' lang='lat' dir='ltr'><strong>or-</strong></span> 
     </span>
    </p>
   </div>
   <div class='ocr_carea' id='block_1_16' title="bbox 587 1534 2174 1607">
    <p class='ocr_par' dir='ltr' id='par_1_16' title="bbox 587 1534 2174 1607">
     <span class='ocr_line' id='line_1_16' title="bbox 587 1534 2174 1607; baseline 0.001 -20"><span class='ocrx_word' id='word_1_93' title='bbox 587 1534 883 1598; x_wconf 83' lang='lat' dir='ltr'><strong>dinatione,</strong></span> <span class='ocrx_word' id='word_1_94' title='bbox 923 1534 1058 1590; x_wconf 89' lang='lat' dir='ltr'><strong>adiit</strong></span> <span class='ocrx_word' id='word_1_95' title='bbox 1086 1546 1328 1592; x_wconf 89' lang='lat' dir='ltr'><strong>nostram</strong></span> <span class='ocrx_word' id='word_1_96' title='bbox 1362 1536 1703 1607; x_wconf 65' lang='lat' dir='ltr'><strong>praesentiant</strong></span> <span class='ocrx_word' id='word_1_97' title='bbox 1732 1536 1977 1590; x_wconf 86' lang='lat' dir='ltr'><strong>Berenna</strong></span> <span class='ocrx_word' id='word_1_98' title='bbox 2007 1537 2174 1591; x_wconf 87' lang='lat' dir='ltr'><strong>abba-</strong></span> 
     </span>
    </p>
   </div>
   <div class='ocr_carea' id='block_1_17' title="bbox 587 1625 2174 1699">
    <p class='ocr_par' dir='ltr' id='par_1_17' title="bbox 587 1625 2174 1699">
     <span class='ocr_line' id='line_1_17' title="bbox 587 1625 2174 1699; baseline 0.001 -18"><span class='ocrx_word' id='word_1_99' title='bbox 587 1627 719 1682; x_wconf 86' lang='lat' dir='ltr'><strong>tissa</strong></span> <span class='ocrx_word' id='word_1_100' title='bbox 768 1627 1008 1691; x_wconf 78' lang='lat' dir='ltr'><strong>ejusdem</strong></span> <span class='ocrx_word' id='word_1_101' title='bbox 1057 1629 1313 1693; x_wconf 73' lang='lat' dir='ltr'><strong>cmnobii,</strong></span> <span class='ocrx_word' id='word_1_102' title='bbox 1360 1644 1589 1699; x_wconf 88' lang='lat' dir='ltr'><strong>poscens</strong></span> <span class='ocrx_word' id='word_1_103' title='bbox 1617 1645 1705 1684; x_wconf 88' lang='lat' dir='ltr'><strong>res</strong></span> <span class='ocrx_word' id='word_1_104' title='bbox 1733 1644 1762 1682; x_wconf 88' lang='lat' dir='ltr'><strong>a</strong></span> <span class='ocrx_word' id='word_1_105' title='bbox 1795 1628 1950 1684; x_wconf 89' lang='lat' dir='ltr'><strong>nobis</strong></span> <span class='ocrx_word' id='word_1_106' title='bbox 1991 1625 2076 1681; x_wconf 88' lang='lat' dir='ltr'><strong>vel</strong></span> <span class='ocrx_word' id='word_1_107' title='bbox 2106 1627 2174 1682; x_wconf 92' lang='lat' dir='ltr'><strong>ab</strong></span> 
     </span>
    </p>
   </div>
   <div class='ocr_carea' id='block_1_18' title="bbox 585 1720 2171 1792">
    <p class='ocr_par' dir='ltr' id='par_1_18' title="bbox 585 1720 2171 1792">
     <span class='ocr_line' id='line_1_18' title="bbox 585 1720 2171 1792; baseline -0.001 -18"><span class='ocrx_word' id='word_1_108' title='bbox 585 1721 706 1775; x_wconf 89' lang='lat' dir='ltr'><strong>aliis</strong></span> <span class='ocrx_word' id='word_1_109' title='bbox 729 1722 835 1776; x_wconf 80' lang='lat' dir='ltr'><strong>Deo</strong></span> <span class='ocrx_word' id='word_1_110' title='bbox 856 1722 1062 1776; x_wconf 86' lang='lat' dir='ltr'><strong>devotis</strong></span> <span class='ocrx_word' id='word_1_111' title='bbox 1079 1722 1322 1788; x_wconf 82' lang='lat' dir='ltr'><strong>collatas,</strong></span> <span class='ocrx_word' id='word_1_112' title='bbox 1336 1732 1519 1777; x_wconf 81' lang='lat' dir='ltr'><strong>nostra</strong></span> <span class='ocrx_word' id='word_1_113' title='bbox 1534 1720 1825 1792; x_wconf 88' lang='lat' dir='ltr'><strong>apostolica</strong></span> <span class='ocrx_word' id='word_1_114' title='bbox 1847 1728 2024 1775; x_wconf 85' lang='lat' dir='ltr'><strong>auctot</strong></span> <span class='ocrx_word' id='word_1_115' title='bbox 2040 1720 2171 1774; x_wconf 74' lang='lat' dir='ltr'><strong>itete</strong></span> 
     </span>
    </p>
   </div>
   <div class='ocr_carea' id='block_1_19' title="bbox 2282 528 3854 607">
    <p class='ocr_par' dir='ltr' id='par_1_19' title="bbox 2282 528 3854 607">
     <span class='ocr_line' id='line_1_19' title="bbox 2282 528 3854 607; baseline 0.003 -20"><span class='ocrx_word' id='word_1_116' title='bbox 2282 528 2505 602; x_wconf 82' lang='lat' dir='ltr'><strong>Quoties</strong></span> <span class='ocrx_word' id='word_1_117' title='bbox 2542 536 2794 607; x_wconf 63' lang='lat' dir='ltr'><strong>quaelibet</strong></span> <span class='ocrx_word' id='word_1_118' title='bbox 2822 535 3095 591; x_wconf 84' lang='lat' dir='ltr'><strong>abbatissa</strong></span> <span class='ocrx_word' id='word_1_119' title='bbox 3126 535 3194 590; x_wconf 90' lang='lat' dir='ltr'><strong>ab</strong></span> <span class='ocrx_word' id='word_1_120' title='bbox 3237 534 3340 591; x_wconf 89' lang='lat' dir='ltr'><strong>hac</strong></span> <span class='ocrx_word' id='word_1_121' title='bbox 3367 534 3486 591; x_wconf 87' lang='lat' dir='ltr'><strong>luce</strong></span> <span class='ocrx_word' id='word_1_122' title='bbox 3517 535 3854 607; x_wconf 77' lang='lat' dir='ltr'><strong>migraverit,</strong></span> 
     </span>
    </p>
   </div>
   <div class='ocr_carea' id='block_1_20' title="bbox 2280 626 3855 699">
    <p class='ocr_par' dir='ltr' id='par_1_20' title="bbox 2280 626 3855 699">
     <span class='ocr_line' id='line_1_20' title="bbox 2280 626 3855 699; baseline 0.002 -19"><span class='ocrx_word' id='word_1_123' title='bbox 2280 627 2348 681; x_wconf 89' lang='lat' dir='ltr'><strong>ab</strong></span> <span class='ocrx_word' id='word_1_124' title='bbox 2379 626 2603 692; x_wconf 85' lang='lat' dir='ltr'><strong>eisdem,</strong></span> <span class='ocrx_word' id='word_1_125' title='bbox 2637 626 2793 683; x_wconf 87' lang='lat' dir='ltr'><strong>laude</strong></span> <span class='ocrx_word' id='word_1_126' title='bbox 2820 626 3077 698; x_wconf 87' lang='lat' dir='ltr'><strong>episcopi,</strong></span> <span class='ocrx_word' id='word_1_127' title='bbox 3109 626 3268 699; x_wconf 84' lang='lat' dir='ltr'><strong>digna</strong></span> <span class='ocrx_word' id='word_1_128' title='bbox 3290 627 3520 697; x_wconf 81' lang='lat' dir='ltr'><strong>eligatur</strong></span> <span class='ocrx_word' id='word_1_129' title='bbox 3549 628 3855 688; x_wconf 77' lang='lat' dir='ltr'><strong>abbatissa;</strong></span> 
     </span>
    </p>
   </div>
   <div class='ocr_carea' id='block_1_21' title="bbox 2278 714 3857 788">
    <p class='ocr_par' dir='ltr' id='par_1_21' title="bbox 2278 714 3857 788">
     <span class='ocr_line' id='line_1_21' title="bbox 2278 714 3857 788; baseline 0.001 -16"><span class='ocrx_word' id='word_1_130' title='bbox 2278 716 2360 774; x_wconf 88' lang='lat' dir='ltr'><strong>sin</strong></span> <span class='ocrx_word' id='word_1_131' title='bbox 2389 731 2516 773; x_wconf 87' lang='lat' dir='ltr'><strong>vero</strong></span> <span class='ocrx_word' id='word_1_132' title='bbox 2547 718 2686 773; x_wconf 87' lang='lat' dir='ltr'><strong>inter</strong></span> <span class='ocrx_word' id='word_1_133' title='bbox 2711 731 2804 773; x_wconf 89' lang='lat' dir='ltr'><strong>eas</strong></span> <span class='ocrx_word' id='word_1_134' title='bbox 2845 716 3040 772; x_wconf 84' lang='lat' dir='ltr'><strong>electio</strong></span> <span class='ocrx_word' id='word_1_135' title='bbox 3069 716 3226 788; x_wconf 88' lang='lat' dir='ltr'><strong>digna</strong></span> <span class='ocrx_word' id='word_1_136' title='bbox 3255 714 3391 773; x_wconf 86' lang='lat' dir='ltr'><strong>ellici</strong></span> <span class='ocrx_word' id='word_1_137' title='bbox 3438 717 3726 787; x_wconf 90' lang='lat' dir='ltr'><strong>nequierit,</strong></span> <span class='ocrx_word' id='word_1_138' title='bbox 3785 732 3857 773; x_wconf 76' lang='lat' dir='ltr'><strong>ex</strong></span> 
     </span>
    </p>
   </div>
   <div class='ocr_carea' id='block_1_22' title="bbox 2277 806 3862 880">
    <p class='ocr_par' dir='ltr' id='par_1_22' title="bbox 2277 806 3862 880">
     <span class='ocr_line' id='line_1_22' title="bbox 2277 806 3862 880; baseline 0.001 -18"><span class='ocrx_word' id='word_1_139' title='bbox 2277 808 2385 862; x_wconf 91' lang='lat' dir='ltr'><strong>alia</strong></span> <span class='ocrx_word' id='word_1_140' title='bbox 2426 808 2663 879; x_wconf 87' lang='lat' dir='ltr'><strong>qualibet</strong></span> <span class='ocrx_word' id='word_1_141' title='bbox 2701 806 3117 880; x_wconf 74' lang='lat' dir='ltr'><strong>congregatione</strong></span> <span class='ocrx_word' id='word_1_142' title='bbox 3159 807 3350 863; x_wconf 90' lang='lat' dir='ltr'><strong>idonea</strong></span> <span class='ocrx_word' id='word_1_143' title='bbox 3386 807 3659 864; x_wconf 78' lang='lat' dir='ltr'><strong>abbatissa</strong></span> <span class='ocrx_word' id='word_1_144' title='bbox 3690 823 3862 878; x_wconf 81' lang='lat' dir='ltr'><strong>expe-</strong></span> 
     </span>
    </p>
   </div>
   <div class='ocr_carea' id='block_1_23' title="bbox 2254 896 3858 967">
    <p class='ocr_par' dir='ltr' id='par_1_23' title="bbox 2254 896 3858 967">
     <span class='ocr_line' id='line_1_23' title="bbox 2254 896 3858 967; baseline -0.001 -15"><span class='ocrx_word' id='word_1_145' title='bbox 2254 902 2442 952; x_wconf 68' lang='lat' dir='ltr'><strong>tatur.</strong></span> <span class='ocrx_word' id='word_1_146' title='bbox 2470 896 2777 953; x_wconf 88' lang='lat' dir='ltr'><strong>lnhibemus</strong></span> <span class='ocrx_word' id='word_1_147' title='bbox 2805 897 2964 967; x_wconf 85' lang='lat' dir='ltr'><strong>igitur</strong></span> <span class='ocrx_word' id='word_1_148' title='bbox 2985 904 3040 951; x_wconf 88' lang='lat' dir='ltr'><strong>et</strong></span> <span class='ocrx_word' id='word_1_149' title='bbox 3060 896 3311 951; x_wconf 82' lang='lat' dir='ltr'><strong>universo</strong></span> <span class='ocrx_word' id='word_1_150' title='bbox 3333 903 3477 950; x_wconf 73' lang='lat' dir='ltr'><strong>cmtu</strong></span> <span class='ocrx_word' id='word_1_151' title='bbox 3503 898 3858 964; x_wconf 56' lang='lat' dir='ltr'><strong>praesentium</strong></span> 
     </span>
    </p>
   </div>
   <div class='ocr_carea' id='block_1_24' title="bbox 2248 979 3859 1056">
    <p class='ocr_par' dir='ltr' id='par_1_24' title="bbox 2248 979 3859 1056">
     <span class='ocr_line' id='line_1_24' title="bbox 2248 979 3859 1056; baseline 0.001 -17"><span class='ocrx_word' id='word_1_152' title='bbox 2248 979 2514 1041; x_wconf 63' lang='grc' dir='ltr'><strong>Ἰίόοιίηιιι</strong></span> <span class='ocrx_word' id='word_1_153' title='bbox 2561 996 2833 1042; x_wconf 90' lang='lat' dir='ltr'><strong>annuente</strong></span> <span class='ocrx_word' id='word_1_154' title='bbox 2879 987 3242 1056; x_wconf 78' lang='lat' dir='ltr'><strong>pracipimus,</strong></span> <span class='ocrx_word' id='word_1_155' title='bbox 3282 1000 3346 1040; x_wconf 91' lang='lat' dir='ltr'><strong>ac</strong></span> <span class='ocrx_word' id='word_1_156' title='bbox 3370 986 3471 1042; x_wconf 89' lang='lat' dir='ltr'><strong>sub</strong></span> <span class='ocrx_word' id='word_1_157' title='bbox 3518 987 3859 1042; x_wconf 78' lang='lat' dir='ltr'><strong>invocatione</strong></span> 
     </span>
    </p>
   </div>
   <div class='ocr_carea' id='block_1_25' title="bbox 2276 1078 3855 1147">
    <p class='ocr_par' dir='ltr' id='par_1_25' title="bbox 2276 1078 3855 1147">
     <span class='ocr_line' id='line_1_25' title="bbox 2276 1078 3855 1147; baseline -0.002 -16"><span class='ocrx_word' id='word_1_158' title='bbox 2276 1079 2441 1132; x_wconf 89' lang='lat' dir='ltr'><strong>divini</strong></span> <span class='ocrx_word' id='word_1_159' title='bbox 2470 1079 2700 1133; x_wconf 89' lang='lat' dir='ltr'><strong>nominis</strong></span> <span class='ocrx_word' id='word_1_160' title='bbox 2725 1087 3088 1134; x_wconf 88' lang='lat' dir='ltr'><strong>contestantur</strong></span> <span class='ocrx_word' id='word_1_161' title='bbox 3105 1092 3539 1147; x_wconf 78' lang='lat' dir='ltr'><strong>unumquemque</strong></span> <span class='ocrx_word' id='word_1_162' title='bbox 3555 1078 3855 1133; x_wconf 72' lang='lat' dir='ltr'><strong>antistitem</strong></span> 
     </span>
    </p>
   </div>
   <div class='ocr_carea' id='block_1_26' title="bbox 2278 1168 3858 1239">
    <p class='ocr_par' dir='ltr' id='par_1_26' title="bbox 2278 1168 3858 1239">
     <span class='ocr_line' id='line_1_26' title="bbox 2278 1168 3858 1239; baseline -0.001 -17"><span class='ocrx_word' id='word_1_163' title='bbox 2278 1169 2448 1239; x_wconf 77' lang='lat' dir='ltr'><strong>ipsius</strong></span> <span class='ocrx_word' id='word_1_164' title='bbox 2489 1170 2656 1235; x_wconf 89' lang='lat' dir='ltr'><strong>sedis,</strong></span> <span class='ocrx_word' id='word_1_165' title='bbox 2696 1184 3071 1225; x_wconf 87' lang='lat' dir='ltr'><strong>successorum</strong></span> <span class='ocrx_word' id='word_1_166' title='bbox 3121 1168 3367 1223; x_wconf 86' lang='lat' dir='ltr'><strong>videlicet</strong></span> <span class='ocrx_word' id='word_1_167' title='bbox 3410 1177 3741 1230; x_wconf 87' lang='lat' dir='ltr'><strong>nostrorum,</strong></span> <span class='ocrx_word' id='word_1_168' title='bbox 3786 1184 3858 1221; x_wconf 91' lang='lat' dir='ltr'><strong>ne</strong></span> 
     </span>
    </p>
   </div>
   <div class='ocr_carea' id='block_1_27' title="bbox 2276 1259 3855 1335">
    <p class='ocr_par' dir='ltr' id='par_1_27' title="bbox 2276 1259 3855 1335">
     <span class='ocr_line' id='line_1_27' title="bbox 2276 1259 3855 1335; baseline -0.003 -17"><span class='ocrx_word' id='word_1_169' title='bbox 2276 1280 2511 1335; x_wconf 81' lang='lat' dir='ltr'><strong>unquam</strong></span> <span class='ocrx_word' id='word_1_170' title='bbox 2540 1265 2602 1319; x_wconf 90' lang='lat' dir='ltr'><strong>de</strong></span> <span class='ocrx_word' id='word_1_171' title='bbox 2633 1265 2734 1319; x_wconf 89' lang='lat' dir='ltr'><strong>hac</strong></span> <span class='ocrx_word' id='word_1_172' title='bbox 2759 1263 3068 1334; x_wconf 75' lang='lat' dir='ltr'><strong>prascripta</strong></span> <span class='ocrx_word' id='word_1_173' title='bbox 3102 1262 3357 1317; x_wconf 77' lang='lat' dir='ltr'><strong>facultate</strong></span> <span class='ocrx_word' id='word_1_174' title='bbox 3387 1262 3706 1317; x_wconf 89' lang='lat' dir='ltr'><strong>ancillarum</strong></span> <span class='ocrx_word' id='word_1_175' title='bbox 3736 1259 3855 1324; x_wconf 87' lang='lat' dir='ltr'><strong>Dei,</strong></span> 
     </span>
    </p>
   </div>
   <div class='ocr_carea' id='block_1_28' title="bbox 2275 1354 3857 1428">
    <p class='ocr_par' dir='ltr' id='par_1_28' title="bbox 2275 1354 3857 1428">
     <span class='ocr_line' id='line_1_28' title="bbox 2275 1354 3857 1428; baseline -0.001 -20"><span class='ocrx_word' id='word_1_176' title='bbox 2275 1374 2436 1428; x_wconf 84' lang='lat' dir='ltr'><strong>quant</strong></span> <span class='ocrx_word' id='word_1_177' title='bbox 2460 1357 2565 1413; x_wconf 87' lang='lat' dir='ltr'><strong>illis</strong></span> <span class='ocrx_word' id='word_1_178' title='bbox 2585 1372 2682 1428; x_wconf 91' lang='lat' dir='ltr'><strong>per</strong></span> <span class='ocrx_word' id='word_1_179' title='bbox 2706 1364 3082 1413; x_wconf 84' lang='lat' dir='ltr'><strong>testamentum</strong></span> <span class='ocrx_word' id='word_1_180' title='bbox 3112 1355 3497 1419; x_wconf 81' lang='lat' dir='ltr'><strong>concessimus,</strong></span> <span class='ocrx_word' id='word_1_181' title='bbox 3531 1354 3857 1409; x_wconf 84' lang='lat' dir='ltr'><strong>subtrahere</strong></span> 
     </span>
    </p>
   </div>
   <div class='ocr_carea' id='block_1_29' title="bbox 2274 1446 3855 1519">
    <p class='ocr_par' dir='ltr' id='par_1_29' title="bbox 2274 1446 3855 1519">
     <span class='ocr_line' id='line_1_29' title="bbox 2274 1446 3855 1519; baseline -0.004 -18"><span class='ocrx_word' id='word_1_182' title='bbox 2274 1448 2566 1519; x_wconf 76' lang='lat' dir='ltr'><strong>quidquam</strong></span> <span class='ocrx_word' id='word_1_183' title='bbox 2613 1447 2697 1503; x_wconf 90' lang='lat' dir='ltr'><strong>vel</strong></span> <span class='ocrx_word' id='word_1_184' title='bbox 2748 1446 3048 1501; x_wconf 87' lang='lat' dir='ltr'><strong>ditninuere</strong></span> <span class='ocrx_word' id='word_1_185' title='bbox 3090 1454 3402 1515; x_wconf 73' lang='lat' dir='ltr'><strong>pnesumat,</strong></span> <span class='ocrx_word' id='word_1_186' title='bbox 3457 1458 3635 1514; x_wconf 88' lang='lat' dir='ltr'><strong>neque</strong></span> <span class='ocrx_word' id='word_1_187' title='bbox 3687 1448 3855 1511; x_wconf 85' lang='lat' dir='ltr'><strong>ipsam</strong></span> 
     </span>
    </p>
   </div>
   <div class='ocr_carea' id='block_1_30' title="bbox 2274 1536 3856 1613">
    <p class='ocr_par' dir='ltr' id='par_1_30' title="bbox 2274 1536 3856 1613">
     <span class='ocr_line' id='line_1_30' title="bbox 2274 1536 3856 1613; baseline -0.006 -16"><span class='ocrx_word' id='word_1_188' title='bbox 2274 1541 2565 1613; x_wconf 86' lang='lat' dir='ltr'><strong>aliquando</strong></span> <span class='ocrx_word' id='word_1_189' title='bbox 2617 1542 3091 1613; x_wconf 82' lang='lat' dir='ltr'><strong>congregationem</strong></span> <span class='ocrx_word' id='word_1_190' title='bbox 3144 1540 3465 1597; x_wconf 73' lang='lat' dir='ltr'><strong>exanimare</strong></span> <span class='ocrx_word' id='word_1_191' title='bbox 3519 1537 3605 1591; x_wconf 88' lang='lat' dir='ltr'><strong>vel</strong></span> <span class='ocrx_word' id='word_1_192' title='bbox 3659 1536 3856 1605; x_wconf 81' lang='lat' dir='ltr'><strong>injuste</strong></span> 
     </span>
    </p>
   </div>
   <div class='ocr_carea' id='block_1_31' title="bbox 2273 1629 3857 1705">
    <p class='ocr_par' dir='ltr' id='par_1_31' title="bbox 2273 1629 3857 1705">
     <span class='ocr_line' id='line_1_31' title="bbox 2273 1629 3857 1705; baseline -0.007 -15"><span class='ocrx_word' id='word_1_193' title='bbox 2273 1634 2597 1705; x_wconf 87' lang='lat' dir='ltr'><strong>perturbare</strong></span> <span class='ocrx_word' id='word_1_194' title='bbox 2647 1634 2869 1698; x_wconf 89' lang='lat' dir='ltr'><strong>audeat;</strong></span> <span class='ocrx_word' id='word_1_195' title='bbox 2922 1633 3016 1688; x_wconf 86' lang='lat' dir='ltr'><strong>sed</strong></span> <span class='ocrx_word' id='word_1_196' title='bbox 3073 1633 3288 1704; x_wconf 90' lang='lat' dir='ltr'><strong>quoties</strong></span> <span class='ocrx_word' id='word_1_197' title='bbox 3316 1632 3365 1686; x_wconf 91' lang='lat' dir='ltr'><strong>ei</strong></span> <span class='ocrx_word' id='word_1_198' title='bbox 3414 1630 3482 1686; x_wconf 89' lang='lat' dir='ltr'><strong>ad</strong></span> <span class='ocrx_word' id='word_1_199' title='bbox 3528 1646 3624 1684; x_wconf 82' lang='lat' dir='ltr'><strong>eas</strong></span> <span class='ocrx_word' id='word_1_200' title='bbox 3671 1629 3857 1683; x_wconf 88' lang='lat' dir='ltr'><strong>venire</strong></span> 
     </span>
    </p>
   </div>
   <div class='ocr_carea' id='block_1_32' title="bbox 2276 1722 3852 1797">
    <p class='ocr_par' dir='ltr' id='par_1_32' title="bbox 2276 1722 3852 1797">
     <span class='ocr_line' id='line_1_32' title="bbox 2276 1722 3852 1797; baseline -0.002 -19"><span class='ocrx_word' id='word_1_201' title='bbox 2276 1726 2536 1797; x_wconf 87' lang='lat' dir='ltr'><strong>placuerit</strong></span> <span class='ocrx_word' id='word_1_202' title='bbox 2591 1742 2755 1781; x_wconf 85' lang='lat' dir='ltr'><strong>causa</strong></span> <span class='ocrx_word' id='word_1_203' title='bbox 2814 1726 3115 1793; x_wconf 89' lang='lat' dir='ltr'><strong>charitatis,</strong></span> <span class='ocrx_word' id='word_1_204' title='bbox 3173 1735 3228 1779; x_wconf 90' lang='lat' dir='ltr'><strong>et</strong></span> <span class='ocrx_word' id='word_1_205' title='bbox 3282 1725 3382 1794; x_wconf 83' lang='lat' dir='ltr'><strong>pia</strong></span> <span class='ocrx_word' id='word_1_206' title='bbox 3437 1722 3852 1781; x_wconf 86' lang='lat' dir='ltr'><strong>sollicitudinis.</strong></span> 
     </span>
    </p>
   </div>
   <div class='ocr_carea' id='block_1_33' title="bbox 585 1785 3853 1889">
    <p class='ocr_par' dir='ltr' id='par_1_33' title="bbox 585 1785 3853 1889">
     <span class='ocr_line' id='line_1_33' title="bbox 585 1785 3853 1889; baseline 0 -22"><span class='ocrx_word' id='word_1_207' title='bbox 585 1811 951 1867; x_wconf 83' lang='lat' dir='ltr'><strong>corroborari.</strong></span> <span class='ocrx_word' id='word_1_208' title='bbox 990 1811 1119 1879; x_wconf 75' lang='lat' dir='ltr'><strong>Ejus</strong></span> <span class='ocrx_word' id='word_1_209' title='bbox 1158 1812 1472 1883; x_wconf 88' lang='lat' dir='ltr'><strong>petitionem</strong></span> <span class='ocrx_word' id='word_1_210' title='bbox 1501 1812 1685 1867; x_wconf 91' lang='lat' dir='ltr'><strong>utilem</strong></span> <span class='ocrx_word' id='word_1_211' title='bbox 1721 1810 1837 1867; x_wconf 82' lang='lat' dir='ltr'><strong>fore</strong></span> <span class='ocrx_word' id='word_1_212' title='bbox 1865 1821 2167 1877; x_wconf 84' lang='lat' dir='ltr'><strong>cernentes,</strong></span> <span class='ocrx_word' id='word_1_213' title='bbox 2203 1785 2246 1844; x_wconf 71' lang='grc' dir='ltr'><strong>Β</strong></span> <span class='ocrx_word' id='word_1_214' title='bbox 2279 1818 2484 1882; x_wconf 84' lang='lat' dir='ltr'><strong>veniat;</strong></span> <span class='ocrx_word' id='word_1_215' title='bbox 2511 1827 2567 1874; x_wconf 91' lang='lat' dir='ltr'><strong>ct</strong></span> <span class='ocrx_word' id='word_1_216' title='bbox 2587 1818 2633 1874; x_wconf 91' lang='lat' dir='ltr'><strong>si</strong></span> <span class='ocrx_word' id='word_1_217' title='bbox 2662 1833 2769 1889; x_wconf 90' lang='lat' dir='ltr'><strong>qua</strong></span> <span class='ocrx_word' id='word_1_218' title='bbox 2807 1818 2947 1873; x_wconf 91' lang='lat' dir='ltr'><strong>inter</strong></span> <span class='ocrx_word' id='word_1_219' title='bbox 2980 1832 3075 1872; x_wconf 90' lang='lat' dir='ltr'><strong>eas</strong></span> <span class='ocrx_word' id='word_1_220' title='bbox 3101 1816 3396 1872; x_wconf 88' lang='lat' dir='ltr'><strong>ordinanda</strong></span> <span class='ocrx_word' id='word_1_221' title='bbox 3423 1815 3508 1870; x_wconf 87' lang='lat' dir='ltr'><strong>vel</strong></span> <span class='ocrx_word' id='word_1_222' title='bbox 3536 1813 3853 1885; x_wconf 79' lang='lat' dir='ltr'><strong>corrigenda</strong></span> 
     </span>
    </p>
   </div>
   <div class='ocr_carea' id='block_1_34' title="bbox 585 1903 2167 1970">
    <p class='ocr_par' dir='ltr' id='par_1_34' title="bbox 585 1903 2167 1970">
     <span class='ocr_line' id='line_1_34' title="bbox 585 1903 2167 1970; baseline -0.001 -12"><span class='ocrx_word' id='word_1_223' title='bbox 585 1904 1031 1959; x_wconf 78' lang='lat' dir='ltr'><strong>conﬁrmavimus</strong></span> <span class='ocrx_word' id='word_1_224' title='bbox 1058 1904 1233 1959; x_wconf 89' lang='lat' dir='ltr'><strong>eidem</strong></span> <span class='ocrx_word' id='word_1_225' title='bbox 1263 1904 1405 1970; x_wconf 85' lang='lat' dir='ltr'><strong>loco,</strong></span> <span class='ocrx_word' id='word_1_226' title='bbox 1450 1906 1621 1960; x_wconf 84' lang='lat' dir='ltr'><strong>sancti</strong></span> <span class='ocrx_word' id='word_1_227' title='bbox 1651 1903 1797 1959; x_wconf 90' lang='lat' dir='ltr'><strong>Petri</strong></span> <span class='ocrx_word' id='word_1_228' title='bbox 1826 1904 2167 1967; x_wconf 86' lang='lat' dir='ltr'><strong>auctoritate,</strong></span> 
     </span>
    </p>
   </div>
   <div class='ocr_carea' id='block_1_35' title="bbox 582 1986 2171 2067">
    <p class='ocr_par' dir='ltr' id='par_1_35' title="bbox 582 1986 2171 2067">
     <span class='ocr_line' id='line_1_35' title="bbox 582 1986 2171 2067; baseline 0.003 -20"><span class='ocrx_word' id='word_1_229' title='bbox 582 2004 777 2051; x_wconf 87' lang='lat' dir='ltr'><strong>cuncta</strong></span> <span class='ocrx_word' id='word_1_230' title='bbox 806 2010 925 2065; x_wconf 85' lang='lat' dir='ltr'><strong>qua</strong></span> <span class='ocrx_word' id='word_1_231' title='bbox 951 1994 1151 2049; x_wconf 88' lang='lat' dir='ltr'><strong>dudum</strong></span> <span class='ocrx_word' id='word_1_232' title='bbox 1182 1992 1566 2067; x_wconf 82' lang='lat' dir='ltr'><strong>delegavimns,</strong></span> <span class='ocrx_word' id='word_1_233' title='bbox 1598 1995 1807 2050; x_wconf 85' lang='lat' dir='ltr'><strong>scilicet</strong></span> <span class='ocrx_word' id='word_1_234' title='bbox 1827 1986 2171 2065; x_wconf 84' lang='lat' dir='ltr'><strong>vigintiduos</strong></span> 
     </span>
    </p>
   </div>
   <div class='ocr_carea' id='block_1_36' title="bbox 586 2085 2169 2151">
    <p class='ocr_par' dir='ltr' id='par_1_36' title="bbox 586 2085 2169 2151">
     <span class='ocr_line' id='line_1_36' title="bbox 586 2085 2169 2151; baseline 0.002 -12"><span class='ocrx_word' id='word_1_235' title='bbox 586 2100 804 2141; x_wconf 87' lang='lat' dir='ltr'><strong>mansos</strong></span> <span class='ocrx_word' id='word_1_236' title='bbox 835 2094 890 2141; x_wconf 90' lang='lat' dir='ltr'><strong>et</strong></span> <span class='ocrx_word' id='word_1_237' title='bbox 908 2085 1070 2140; x_wconf 89' lang='lat' dir='ltr'><strong>semis</strong></span> <span class='ocrx_word' id='word_1_238' title='bbox 1106 2085 1158 2140; x_wconf 91' lang='lat' dir='ltr'><strong>in</strong></span> <span class='ocrx_word' id='word_1_239' title='bbox 1191 2086 1378 2141; x_wconf 90' lang='lat' dir='ltr'><strong>eadem</strong></span> <span class='ocrx_word' id='word_1_240' title='bbox 1407 2085 1532 2141; x_wconf 89' lang='lat' dir='ltr'><strong>villa</strong></span> <span class='ocrx_word' id='word_1_241' title='bbox 1572 2085 1769 2142; x_wconf 81' lang='lat' dir='ltr'><strong>Portus</strong></span> <span class='ocrx_word' id='word_1_242' title='bbox 1798 2086 2014 2151; x_wconf 88' lang='lat' dir='ltr'><strong>Suavis,</strong></span> <span class='ocrx_word' id='word_1_243' title='bbox 2046 2102 2169 2143; x_wconf 90' lang='lat' dir='ltr'><strong>cunt</strong></span> 
     </span>
    </p>
   </div>
   <div class='ocr_carea' id='block_1_37' title="bbox 586 2174 2172 2249">
    <p class='ocr_par' dir='ltr' id='par_1_37' title="bbox 586 2174 2172 2249">
     <span class='ocr_line' id='line_1_37' title="bbox 586 2174 2172 2249; baseline 0.004 -22"><span class='ocrx_word' id='word_1_244' title='bbox 586 2176 767 2228; x_wconf 86' lang='lat' dir='ltr'><strong>banno</strong></span> <span class='ocrx_word' id='word_1_245' title='bbox 795 2183 850 2229; x_wconf 87' lang='lat' dir='ltr'><strong>et</strong></span> <span class='ocrx_word' id='word_1_246' title='bbox 882 2174 1151 2241; x_wconf 86' lang='lat' dir='ltr'><strong>districttt,</strong></span> <span class='ocrx_word' id='word_1_247' title='bbox 1202 2185 1255 2231; x_wconf 91' lang='lat' dir='ltr'><strong>et</strong></span> <span class='ocrx_word' id='word_1_248' title='bbox 1285 2176 1545 2249; x_wconf 85' lang='lat' dir='ltr'><strong>quidquid</strong></span> <span class='ocrx_word' id='word_1_249' title='bbox 1592 2177 1790 2232; x_wconf 87' lang='lat' dir='ltr'><strong>ibidem</strong></span> <span class='ocrx_word' id='word_1_250' title='bbox 1837 2177 2172 2248; x_wconf 86' lang='lat' dir='ltr'><strong>possidemus</strong></span> 
     </span>
    </p>
   </div>
   <div class='ocr_carea' id='block_1_38' title="bbox 572 2265 2172 2337">
    <p class='ocr_par' dir='ltr' id='par_1_38' title="bbox 572 2265 2172 2337">
     <span class='ocr_line' id='line_1_38' title="bbox 572 2265 2172 2337; baseline 0.003 -17"><span class='ocrx_word' id='word_1_251' title='bbox 572 2265 638 2320; x_wconf 91' lang='lat' dir='ltr'><strong>.in</strong></span> <span class='ocrx_word' id='word_1_252' title='bbox 667 2265 817 2321; x_wconf 91' lang='lat' dir='ltr'><strong>silvis</strong></span> <span class='ocrx_word' id='word_1_253' title='bbox 842 2275 902 2322; x_wconf 91' lang='lat' dir='ltr'><strong>et</strong></span> <span class='ocrx_word' id='word_1_254' title='bbox 928 2267 1116 2337; x_wconf 81' lang='lat' dir='ltr'><strong>pratis,</strong></span> <span class='ocrx_word' id='word_1_255' title='bbox 1147 2282 1409 2335; x_wconf 82' lang='lat' dir='ltr'><strong>aquarum</strong></span> <span class='ocrx_word' id='word_1_256' title='bbox 1450 2268 1789 2332; x_wconf 89' lang='lat' dir='ltr'><strong>decursibus,</strong></span> <span class='ocrx_word' id='word_1_257' title='bbox 1822 2270 1987 2326; x_wconf 84' lang='lat' dir='ltr'><strong>terris</strong></span> <span class='ocrx_word' id='word_1_258' title='bbox 2015 2270 2172 2325; x_wconf 87' lang='lat' dir='ltr'><strong>cultis</strong></span> 
     </span>
    </p>
   </div>
   <div class='ocr_carea' id='block_1_39' title="bbox 582 2356 2172 2431">
    <p class='ocr_par' dir='ltr' id='par_1_39' title="bbox 582 2356 2172 2431">
     <span class='ocr_line' id='line_1_39' title="bbox 582 2356 2172 2431; baseline 0.003 -21"><span class='ocrx_word' id='word_1_259' title='bbox 582 2366 639 2410; x_wconf 90' lang='lat' dir='ltr'><strong>et</strong></span> <span class='ocrx_word' id='word_1_260' title='bbox 678 2356 926 2419; x_wconf 89' lang='lat' dir='ltr'><strong>incultis;</strong></span> <span class='ocrx_word' id='word_1_261' title='bbox 960 2358 1060 2412; x_wconf 91' lang='lat' dir='ltr'><strong>tria</strong></span> <span class='ocrx_word' id='word_1_262' title='bbox 1112 2357 1276 2412; x_wconf 87' lang='lat' dir='ltr'><strong>etiam</strong></span> <span class='ocrx_word' id='word_1_263' title='bbox 1330 2358 1632 2415; x_wconf 89' lang='lat' dir='ltr'><strong>molendiua</strong></span> <span class='ocrx_word' id='word_1_264' title='bbox 1679 2360 1730 2413; x_wconf 92' lang='lat' dir='ltr'><strong>itt</strong></span> <span class='ocrx_word' id='word_1_265' title='bbox 1775 2360 1889 2431; x_wconf 90' lang='lat' dir='ltr'><strong>ipsa</strong></span> <span class='ocrx_word' id='word_1_266' title='bbox 1940 2360 2084 2425; x_wconf 81' lang='lat' dir='ltr'><strong>villa,</strong></span> <span class='ocrx_word' id='word_1_267' title='bbox 2116 2370 2172 2417; x_wconf 90' lang='lat' dir='ltr'><strong>et</strong></span> 
     </span>
    </p>
   </div>
   <div class='ocr_carea' id='block_1_40' title="bbox 581 2442 2170 2519">
    <p class='ocr_par' dir='ltr' id='par_1_40' title="bbox 581 2442 2170 2519">
     <span class='ocr_line' id='line_1_40' title="bbox 581 2442 2170 2519; baseline 0.004 -20"><span class='ocrx_word' id='word_1_268' title='bbox 581 2442 867 2499; x_wconf 80' lang='lat' dir='ltr'><strong>ecclesiam</strong></span> <span class='ocrx_word' id='word_1_269' title='bbox 901 2444 1086 2501; x_wconf 90' lang='lat' dir='ltr'><strong>Sancti</strong></span> <span class='ocrx_word' id='word_1_270' title='bbox 1139 2445 1397 2514; x_wconf 81' lang='lat' dir='ltr'><strong>Mauritii,</strong></span> <span class='ocrx_word' id='word_1_271' title='bbox 1426 2462 1550 2503; x_wconf 91' lang='lat' dir='ltr'><strong>cum</strong></span> <span class='ocrx_word' id='word_1_272' title='bbox 1579 2448 1780 2519; x_wconf 89' lang='lat' dir='ltr'><strong>capella</strong></span> <span class='ocrx_word' id='word_1_273' title='bbox 1828 2447 2010 2505; x_wconf 90' lang='lat' dir='ltr'><strong>Sancti</strong></span> <span class='ocrx_word' id='word_1_274' title='bbox 2059 2451 2170 2506; x_wconf 77' lang='lat' dir='ltr'><strong>An-</strong></span> 
     </span>
    </p>
   </div>
   <div class='ocr_carea' id='block_1_41' title="bbox 582 2534 2168 2610">
    <p class='ocr_par' dir='ltr' id='par_1_41' title="bbox 582 2534 2168 2610">
     <span class='ocr_line' id='line_1_41' title="bbox 582 2534 2168 2610; baseline 0.008 -23"><span class='ocrx_word' id='word_1_275' title='bbox 582 2534 747 2597; x_wconf 75' lang='lat' dir='ltr'><strong>drea,</strong></span> <span class='ocrx_word' id='word_1_276' title='bbox 784 2536 851 2589; x_wconf 89' lang='lat' dir='ltr'><strong>de</strong></span> <span class='ocrx_word' id='word_1_277' title='bbox 882 2535 1076 2606; x_wconf 90' lang='lat' dir='ltr'><strong>quibus</strong></span> <span class='ocrx_word' id='word_1_278' title='bbox 1099 2535 1276 2590; x_wconf 86' lang='lat' dir='ltr'><strong>nullus</strong></span> <span class='ocrx_word' id='word_1_279' title='bbox 1306 2552 1502 2593; x_wconf 90' lang='lat' dir='ltr'><strong>census</strong></span> <span class='ocrx_word' id='word_1_280' title='bbox 1545 2538 1861 2610; x_wconf 87' lang='lat' dir='ltr'><strong>nullumque</strong></span> <span class='ocrx_word' id='word_1_281' title='bbox 1889 2543 2168 2600; x_wconf 89' lang='lat' dir='ltr'><strong>servitium</strong></span> 
     </span>
    </p>
   </div>
   <div class='ocr_carea' id='block_1_42' title="bbox 583 2624 2171 2703">
    <p class='ocr_par' dir='ltr' id='par_1_42' title="bbox 583 2624 2171 2703">
     <span class='ocr_line' id='line_1_42' title="bbox 583 2624 2171 2703; baseline 0.007 -25"><span class='ocrx_word' id='word_1_282' title='bbox 583 2624 741 2678; x_wconf 86' lang='lat' dir='ltr'><strong>alicui</strong></span> <span class='ocrx_word' id='word_1_283' title='bbox 799 2624 958 2679; x_wconf 87' lang='lat' dir='ltr'><strong>debet</strong></span> <span class='ocrx_word' id='word_1_284' title='bbox 1004 2625 1158 2680; x_wconf 86' lang='lat' dir='ltr'><strong>solvi.</strong></span> <span class='ocrx_word' id='word_1_285' title='bbox 1198 2624 1494 2703; x_wconf 80' lang='lat' dir='ltr'><strong>Ecclesiam</strong></span> <span class='ocrx_word' id='word_1_286' title='bbox 1533 2627 1599 2681; x_wconf 88' lang='lat' dir='ltr'><strong>de</strong></span> <span class='ocrx_word' id='word_1_287' title='bbox 1627 2628 1955 2687; x_wconf 86' lang='lat' dir='ltr'><strong>Babainvilla</strong></span> <span class='ocrx_word' id='word_1_288' title='bbox 1987 2633 2171 2696; x_wconf 81' lang='lat' dir='ltr'><strong>(Bain-</strong></span> 
     </span>
    </p>
   </div>
   <div class='ocr_carea' id='block_1_43' title="bbox 582 2714 2169 2801">
    <p class='ocr_par' dir='ltr' id='par_1_43' title="bbox 582 2714 2169 2801">
     <span class='ocr_line' id='line_1_43' title="bbox 582 2714 2169 2801; baseline 0.006 -31"><span class='ocrx_word' id='word_1_289' title='bbox 582 2714 722 2784; x_wconf 78' lang='lat' dir='ltr'><strong>rille)</strong></span> <span class='ocrx_word' id='word_1_290' title='bbox 755 2731 874 2770; x_wconf 88' lang='lat' dir='ltr'><strong>cum</strong></span> <span class='ocrx_word' id='word_1_291' title='bbox 920 2716 1125 2786; x_wconf 86' lang='lat' dir='ltr'><strong>capella</strong></span> <span class='ocrx_word' id='word_1_292' title='bbox 1168 2718 1234 2772; x_wconf 86' lang='lat' dir='ltr'><strong>de</strong></span> <span class='ocrx_word' id='word_1_293' title='bbox 1261 2716 1506 2790; x_wconf 80' lang='lat' dir='ltr'><strong>Xuillcyo</strong></span> <span class='ocrx_word' id='word_1_294' title='bbox 1530 2717 1599 2789; x_wconf 82' lang='grc' dir='ltr'><strong>(Χ</strong></span> <span class='ocrx_word' id='word_1_295' title='bbox 1608 2720 1778 2801; x_wconf 72' lang='lat' dir='ltr'><strong>uilly),</strong></span> <span class='ocrx_word' id='word_1_296' title='bbox 1825 2732 1880 2777; x_wconf 90' lang='lat' dir='ltr'><strong>et</strong></span> <span class='ocrx_word' id='word_1_297' title='bbox 1909 2721 2169 2795; x_wconf 85' lang='lat' dir='ltr'><strong>capellam</strong></span> 
     </span>
    </p>
   </div>
   <div class='ocr_carea' id='block_1_44' title="bbox 585 2802 2171 2874">
    <p class='ocr_par' dir='ltr' id='par_1_44' title="bbox 585 2802 2171 2874">
     <span class='ocr_line' id='line_1_44' title="bbox 585 2802 2171 2874; baseline 0.008 -18"><span class='ocrx_word' id='word_1_298' title='bbox 585 2803 654 2857; x_wconf 90' lang='lat' dir='ltr'><strong>de</strong></span> <span class='ocrx_word' id='word_1_299' title='bbox 701 2802 950 2858; x_wconf 79' lang='lat' dir='ltr'><strong>Mazeriis</strong></span> <span class='ocrx_word' id='word_1_300' title='bbox 999 2802 1357 2874; x_wconf 72' lang='lat' dir='ltr'><strong>(Maisiérca);</strong></span> <span class='ocrx_word' id='word_1_301' title='bbox 1419 2806 1761 2865; x_wconf 89' lang='lat' dir='ltr'><strong>medietatem</strong></span> <span class='ocrx_word' id='word_1_302' title='bbox 1808 2808 2051 2868; x_wconf 74' lang='lat' dir='ltr'><strong>ecclesia</strong></span> <span class='ocrx_word' id='word_1_303' title='bbox 2106 2813 2171 2869; x_wconf 90' lang='lat' dir='ltr'><strong>de</strong></span> 
     </span>
    </p>
   </div>
   <div class='ocr_carea' id='block_1_45' title="bbox 582 2893 2171 2970">
    <p class='ocr_par' dir='ltr' id='par_1_45' title="bbox 582 2893 2171 2970">
     <span class='ocr_line' id='line_1_45' title="bbox 582 2893 2171 2970; baseline 0.004 -20"><span class='ocrx_word' id='word_1_304' title='bbox 582 2893 872 2967; x_wconf 80' lang='lat' dir='ltr'><strong>Saviniaro</strong></span> <span class='ocrx_word' id='word_1_305' title='bbox 911 2894 1239 2967; x_wconf 81' lang='lat' dir='ltr'><strong>(Sepvigny),</strong></span> <span class='ocrx_word' id='word_1_306' title='bbox 1282 2896 1625 2953; x_wconf 86' lang='lat' dir='ltr'><strong>medietatem</strong></span> <span class='ocrx_word' id='word_1_307' title='bbox 1664 2900 1881 2970; x_wconf 87' lang='lat' dir='ltr'><strong>capella</strong></span> <span class='ocrx_word' id='word_1_308' title='bbox 1922 2902 1989 2958; x_wconf 92' lang='lat' dir='ltr'><strong>de</strong></span> <span class='ocrx_word' id='word_1_309' title='bbox 2013 2902 2171 2957; x_wconf 84' lang='lat' dir='ltr'><strong>Sam-</strong></span> 
     </span>
    </p>
   </div>
   <div class='ocr_carea' id='block_1_46' title="bbox 580 2987 2171 3061">
    <p class='ocr_par' dir='ltr' id='par_1_46' title="bbox 580 2987 2171 3061">
     <span class='ocr_line' id='line_1_46' title="bbox 580 2987 2171 3061; baseline 0.004 -19"><span class='ocrx_word' id='word_1_310' title='bbox 580 2988 794 3057; x_wconf 87' lang='lat' dir='ltr'><strong>piniaco</strong></span> <span class='ocrx_word' id='word_1_311' title='bbox 816 2987 1265 3061; x_wconf 79' lang='lat' dir='ltr'><strong>(Champougny);</strong></span> <span class='ocrx_word' id='word_1_312' title='bbox 1294 2989 1640 3046; x_wconf 85' lang='lat' dir='ltr'><strong>medietatem</strong></span> <span class='ocrx_word' id='word_1_313' title='bbox 1669 2993 1911 3050; x_wconf 83' lang='lat' dir='ltr'><strong>ecclesia</strong></span> <span class='ocrx_word' id='word_1_314' title='bbox 1939 2994 2008 3050; x_wconf 89' lang='lat' dir='ltr'><strong>de</strong></span> <span class='ocrx_word' id='word_1_315' title='bbox 2032 2995 2171 3050; x_wconf 81' lang='lat' dir='ltr'><strong>Mur—</strong></span> 
     </span>
    </p>
   </div>
   <div class='ocr_carea' id='block_1_47' title="bbox 579 3075 2170 3157">
    <p class='ocr_par' dir='ltr' id='par_1_47' title="bbox 579 3075 2170 3157">
     <span class='ocr_line' id='line_1_47' title="bbox 579 3075 2170 3157; baseline 0.008 -29"><span class='ocrx_word' id='word_1_316' title='bbox 579 3075 886 3131; x_wconf 87' lang='lat' dir='ltr'><strong>lain-curte</strong></span> <span class='ocrx_word' id='word_1_317' title='bbox 945 3075 1397 3151; x_wconf 79' lang='lat' dir='ltr'><strong>(Morlaincourt),</strong></span> <span class='ocrx_word' id='word_1_318' title='bbox 1454 3081 1716 3152; x_wconf 90' lang='lat' dir='ltr'><strong>capellam</strong></span> <span class='ocrx_word' id='word_1_319' title='bbox 1775 3084 1843 3139; x_wconf 90' lang='lat' dir='ltr'><strong>de</strong></span> <span class='ocrx_word' id='word_1_320' title='bbox 1897 3083 2170 3157; x_wconf 89' lang='lat' dir='ltr'><strong>Lagniaco</strong></span> 
     </span>
    </p>
   </div>
   <div class='ocr_carea' id='block_1_48' title="bbox 582 3165 2170 3242">
    <p class='ocr_par' dir='ltr' id='par_1_48' title="bbox 582 3165 2170 3242">
     <span class='ocr_line' id='line_1_48' title="bbox 582 3165 2170 3242; baseline 0.009 -25"><span class='ocrx_word' id='word_1_321' title='bbox 582 3165 840 3237; x_wconf 77' lang='lat' dir='ltr'><strong>(Lngny);</strong></span> <span class='ocrx_word' id='word_1_322' title='bbox 868 3166 934 3221; x_wconf 84' lang='lat' dir='ltr'><strong>ad</strong></span> <span class='ocrx_word' id='word_1_323' title='bbox 956 3166 1198 3224; x_wconf 82' lang='lat' dir='ltr'><strong>Faveriis</strong></span> <span class='ocrx_word' id='word_1_324' title='bbox 1220 3166 1536 3242; x_wconf 71' lang='lat' dir='ltr'><strong>(Fariéres),</strong></span> <span class='ocrx_word' id='word_1_325' title='bbox 1561 3174 1902 3230; x_wconf 87' lang='lat' dir='ltr'><strong>medietatem</strong></span> <span class='ocrx_word' id='word_1_326' title='bbox 1928 3176 2170 3232; x_wconf 80' lang='lat' dir='ltr'><strong>ecclesia</strong></span> 
     </span>
    </p>
   </div>
   <div class='ocr_carea' id='block_1_49' title="bbox 581 3257 2165 3322">
    <p class='ocr_par' dir='ltr' id='par_1_49' title="bbox 581 3257 2165 3322">
     <span class='ocr_line' id='line_1_49' title="bbox 581 3257 2165 3322; baseline 0.008 -12"><span class='ocrx_word' id='word_1_327' title='bbox 581 3266 637 3310; x_wconf 92' lang='lat' dir='ltr'><strong>et</strong></span> <span class='ocrx_word' id='word_1_328' title='bbox 664 3257 947 3311; x_wconf 85' lang='lat' dir='ltr'><strong>dimidium</strong></span> <span class='ocrx_word' id='word_1_329' title='bbox 997 3274 1243 3313; x_wconf 88' lang='lat' dir='ltr'><strong>ntansnm</strong></span> <span class='ocrx_word' id='word_1_330' title='bbox 1286 3259 1467 3315; x_wconf 88' lang='lat' dir='ltr'><strong>allodii</strong></span> <span class='ocrx_word' id='word_1_331' title='bbox 1510 3278 1632 3316; x_wconf 91' lang='lat' dir='ltr'><strong>cum</strong></span> <span class='ocrx_word' id='word_1_332' title='bbox 1662 3265 1836 3319; x_wconf 88' lang='lat' dir='ltr'><strong>servis</strong></span> <span class='ocrx_word' id='word_1_333' title='bbox 1859 3274 1913 3319; x_wconf 90' lang='lat' dir='ltr'><strong>et</strong></span> <span class='ocrx_word' id='word_1_334' title='bbox 1937 3266 2165 3322; x_wconf 89' lang='lat' dir='ltr'><strong>ancillis.</strong></span> 
     </span>
    </p>
   </div>
   <div class='ocr_carea' id='block_1_50' title="bbox 582 3346 2167 3421">
    <p class='ocr_par' dir='ltr' id='par_1_50' title="bbox 582 3346 2167 3421">
     <span class='ocr_line' id='line_1_50' title="bbox 582 3346 2167 3421; baseline 0.008 -20"><span class='ocrx_word' id='word_1_335' title='bbox 582 3346 941 3402; x_wconf 76' lang='lat' dir='ltr'><strong>Coreedimns</strong></span> <span class='ocrx_word' id='word_1_336' title='bbox 967 3350 1130 3404; x_wconf 88' lang='lat' dir='ltr'><strong>etiam</strong></span> <span class='ocrx_word' id='word_1_337' title='bbox 1162 3350 1355 3405; x_wconf 89' lang='lat' dir='ltr'><strong>altaria</strong></span> <span class='ocrx_word' id='word_1_338' title='bbox 1404 3354 1779 3421; x_wconf 63' lang='lat' dir='ltr'><strong>praedictarum</strong></span> <span class='ocrx_word' id='word_1_339' title='bbox 1818 3357 2167 3414; x_wconf 88' lang='lat' dir='ltr'><strong>ecclesiarum</strong></span> 
     </span>
    </p>
   </div>
   <div class='ocr_carea' id='block_1_51' title="bbox 585 3439 2172 3521">
    <p class='ocr_par' dir='ltr' id='par_1_51' title="bbox 585 3439 2172 3521">
     <span class='ocr_line' id='line_1_51' title="bbox 585 3439 2172 3521; baseline 0.009 -30"><span class='ocrx_word' id='word_1_340' title='bbox 585 3440 791 3509; x_wconf 77' lang='lat' dir='ltr'><strong>absque</strong></span> <span class='ocrx_word' id='word_1_341' title='bbox 818 3439 977 3494; x_wconf 92' lang='lat' dir='ltr'><strong>ullius</strong></span> <span class='ocrx_word' id='word_1_342' title='bbox 1007 3441 1169 3511; x_wconf 87' lang='lat' dir='ltr'><strong>pretii</strong></span> <span class='ocrx_word' id='word_1_343' title='bbox 1200 3444 1569 3513; x_wconf 83' lang='lat' dir='ltr'><strong>redemptione</strong></span> <span class='ocrx_word' id='word_1_344' title='bbox 1602 3446 1656 3500; x_wconf 83' lang='lat' dir='ltr'><strong>in</strong></span> <span class='ocrx_word' id='word_1_345' title='bbox 1696 3446 1892 3504; x_wconf 89' lang='lat' dir='ltr'><strong>futuris</strong></span> <span class='ocrx_word' id='word_1_346' title='bbox 1914 3451 2172 3521; x_wconf 88' lang='lat' dir='ltr'><strong>tempori-</strong></span> 
     </span>
    </p>
   </div>
   <div class='ocr_carea' id='block_1_52' title="bbox 586 3528 2170 3606">
    <p class='ocr_par' dir='ltr' id='par_1_52' title="bbox 586 3528 2170 3606">
     <span class='ocr_line' id='line_1_52' title="bbox 586 3528 2170 3606; baseline 0.009 -25"><span class='ocrx_word' id='word_1_347' title='bbox 586 3528 687 3581; x_wconf 63' lang='lat' dir='ltr'><strong>bas</strong></span> <span class='ocrx_word' id='word_1_348' title='bbox 736 3530 1008 3598; x_wconf 87' lang='lat' dir='ltr'><strong>perpetuis</strong></span> <span class='ocrx_word' id='word_1_349' title='bbox 1055 3531 1362 3600; x_wconf 85' lang='lat' dir='ltr'><strong>possidere;</strong></span> <span class='ocrx_word' id='word_1_350' title='bbox 1411 3536 1624 3590; x_wconf 87' lang='lat' dir='ltr'><strong>tertiam</strong></span> <span class='ocrx_word' id='word_1_351' title='bbox 1673 3546 1879 3606; x_wconf 87' lang='lat' dir='ltr'><strong>partem</strong></span> <span class='ocrx_word' id='word_1_352' title='bbox 1912 3547 2068 3594; x_wconf 82' lang='lat' dir='ltr'><strong>terra</strong></span> <span class='ocrx_word' id='word_1_353' title='bbox 2103 3541 2170 3595; x_wconf 84' lang='lat' dir='ltr'><strong>de</strong></span> 
     </span>
    </p>
   </div>
   <div class='ocr_carea' id='block_1_53' title="bbox 586 3615 2166 3695">
    <p class='ocr_par' dir='ltr' id='par_1_53' title="bbox 586 3615 2166 3695">
     <span class='ocr_line' id='line_1_53' title="bbox 586 3615 2166 3695; baseline 0.008 -24"><span class='ocrx_word' id='word_1_354' title='bbox 586 3615 823 3687; x_wconf 88' lang='lat' dir='ltr'><strong>Caulcyo</strong></span> <span class='ocrx_word' id='word_1_355' title='bbox 850 3615 1159 3689; x_wconf 77' lang='lat' dir='ltr'><strong>(Chauloy),</strong></span> <span class='ocrx_word' id='word_1_356' title='bbox 1184 3635 1308 3674; x_wconf 91' lang='lat' dir='ltr'><strong>cunt</strong></span> <span class='ocrx_word' id='word_1_357' title='bbox 1336 3622 1559 3679; x_wconf 87' lang='lat' dir='ltr'><strong>dimidio</strong></span> <span class='ocrx_word' id='word_1_358' title='bbox 1592 3622 1801 3690; x_wconf 87' lang='lat' dir='ltr'><strong>banno;</strong></span> <span class='ocrx_word' id='word_1_359' title='bbox 1834 3637 2064 3695; x_wconf 90' lang='lat' dir='ltr'><strong>quatuor</strong></span> <span class='ocrx_word' id='word_1_360' title='bbox 2091 3631 2166 3683; x_wconf 84' lang='lat' dir='ltr'><strong>vi-</strong></span> 
     </span>
    </p>
   </div>
   <div class='ocr_carea' id='block_1_54' title="bbox 588 3705 2171 3789">
    <p class='ocr_par' dir='ltr' id='par_1_54' title="bbox 588 3705 2171 3789">
     <span class='ocr_line' id='line_1_54' title="bbox 588 3705 2171 3789; baseline 0.009 -31"><span class='ocrx_word' id='word_1_361' title='bbox 588 3721 719 3761; x_wconf 89' lang='lat' dir='ltr'><strong>ncas</strong></span> <span class='ocrx_word' id='word_1_362' title='bbox 764 3706 831 3760; x_wconf 89' lang='lat' dir='ltr'><strong>ad</strong></span> <span class='ocrx_word' id='word_1_363' title='bbox 894 3705 1520 3766; x_wconf 85' lang='lat' dir='ltr'><strong>Domuum-Germanum</strong></span> <span class='ocrx_word' id='word_1_364' title='bbox 1575 3712 2049 3789; x_wconf 64' lang='lat' dir='ltr'><strong>(Dom-Germani).</strong></span> <span class='ocrx_word' id='word_1_365' title='bbox 2116 3729 2171 3772; x_wconf 87' lang='lat' dir='ltr'><strong>ct</strong></span> 
     </span>
    </p>
   </div>
   <div class='ocr_carea' id='block_1_55' title="bbox 584 3796 2165 3876">
    <p class='ocr_par' dir='ltr' id='par_1_55' title="bbox 584 3796 2165 3876">
     <span class='ocr_line' id='line_1_55' title="bbox 584 3796 2165 3876; baseline 0.008 -26"><span class='ocrx_word' id='word_1_366' title='bbox 584 3796 770 3851; x_wconf 89' lang='lat' dir='ltr'><strong>vintnn</strong></span> <span class='ocrx_word' id='word_1_367' title='bbox 801 3796 1019 3864; x_wconf 89' lang='lat' dir='ltr'><strong>decani;</strong></span> <span class='ocrx_word' id='word_1_368' title='bbox 1052 3797 1120 3853; x_wconf 90' lang='lat' dir='ltr'><strong>ad</strong></span> <span class='ocrx_word' id='word_1_369' title='bbox 1150 3798 1650 3870; x_wconf 88' lang='lat' dir='ltr'><strong>Strallede-villare,</strong></span> <span class='ocrx_word' id='word_1_370' title='bbox 1696 3821 1939 3863; x_wconf 90' lang='lat' dir='ltr'><strong>mansum</strong></span> <span class='ocrx_word' id='word_1_371' title='bbox 1972 3826 2165 3876; x_wconf 90' lang='lat' dir='ltr'><strong>unum;</strong></span> 
     </span>
    </p>
   </div>
   <div class='ocr_carea' id='block_1_56' title="bbox 586 3886 2167 3968">
    <p class='ocr_par' dir='ltr' id='par_1_56' title="bbox 586 3886 2167 3968">
     <span class='ocr_line' id='line_1_56' title="bbox 586 3886 2167 3968; baseline 0.008 -27"><span class='ocrx_word' id='word_1_372' title='bbox 586 3888 653 3941; x_wconf 87' lang='lat' dir='ltr'><strong>ad</strong></span> <span class='ocrx_word' id='word_1_373' title='bbox 681 3886 1248 3946; x_wconf 85' lang='lat' dir='ltr'><strong>Grandem-Frasnum</strong></span> <span class='ocrx_word' id='word_1_374' title='bbox 1282 3888 1869 3968; x_wconf 77' lang='lat' dir='ltr'><strong>(Fresnel-la—Grande)</strong></span> <span class='ocrx_word' id='word_1_375' title='bbox 1891 3898 2167 3954; x_wconf 84' lang='lat' dir='ltr'><strong>dimidium</strong></span> 
     </span>
    </p>
   </div>
   <div class='ocr_carea' id='block_1_57' title="bbox 586 3979 2172 4058">
    <p class='ocr_par' dir='ltr' id='par_1_57' title="bbox 586 3979 2172 4058">
     <span class='ocr_line' id='line_1_57' title="bbox 586 3979 2172 4058; baseline 0.006 -24"><span class='ocrx_word' id='word_1_376' title='bbox 586 3994 857 4034; x_wconf 84' lang='lat' dir='ltr'><strong>mansum.</strong></span> <span class='ocrx_word' id='word_1_377' title='bbox 889 3979 1289 4037; x_wconf 82' lang='lat' dir='ltr'><strong>Conﬁrmamus</strong></span> <span class='ocrx_word' id='word_1_378' title='bbox 1336 3998 1551 4054; x_wconf 90' lang='lat' dir='ltr'><strong>quoque</strong></span> <span class='ocrx_word' id='word_1_379' title='bbox 1591 3985 1764 4041; x_wconf 91' lang='lat' dir='ltr'><strong>eidem</strong></span> <span class='ocrx_word' id='word_1_380' title='bbox 1796 3984 1912 4041; x_wconf 89' lang='lat' dir='ltr'><strong>loco</strong></span> <span class='ocrx_word' id='word_1_381' title='bbox 1943 3986 2028 4042; x_wconf 90' lang='lat' dir='ltr'><strong>illa</strong></span> <span class='ocrx_word' id='word_1_382' title='bbox 2052 4004 2172 4058; x_wconf 82' lang='lat' dir='ltr'><strong>qua</strong></span> 
     </span>
    </p>
   </div>
   <div class='ocr_carea' id='block_1_58' title="bbox 585 4069 2171 4146">
    <p class='ocr_par' dir='ltr' id='par_1_58' title="bbox 585 4069 2171 4146">
     <span class='ocr_line' id='line_1_58' title="bbox 585 4069 2171 4146; baseline 0.011 -30"><span class='ocrx_word' id='word_1_383' title='bbox 585 4077 710 4138; x_wconf 74' lang='lat' dir='ltr'><strong>post</strong></span> <span class='ocrx_word' id='word_1_384' title='bbox 738 4069 1198 4126; x_wconf 89' lang='lat' dir='ltr'><strong>constructionem</strong></span> <span class='ocrx_word' id='word_1_385' title='bbox 1250 4071 1419 4142; x_wconf 90' lang='lat' dir='ltr'><strong>ipsius</strong></span> <span class='ocrx_word' id='word_1_386' title='bbox 1455 4076 1684 4130; x_wconf 74' lang='lat' dir='ltr'><strong>canobii</strong></span> <span class='ocrx_word' id='word_1_387' title='bbox 1717 4076 1970 4146; x_wconf 80' lang='lat' dir='ltr'><strong>pradicta</strong></span> <span class='ocrx_word' id='word_1_388' title='bbox 2007 4077 2171 4132; x_wconf 87' lang='lat' dir='ltr'><strong>abha-</strong></span> 
     </span>
    </p>
   </div>
   <div class='ocr_carea' id='block_1_59' title="bbox 587 4159 2173 4236">
    <p class='ocr_par' dir='ltr' id='par_1_59' title="bbox 587 4159 2173 4236">
     <span class='ocr_line' id='line_1_59' title="bbox 587 4159 2173 4236; baseline 0.009 -25"><span class='ocrx_word' id='word_1_389' title='bbox 587 4159 719 4212; x_wconf 88' lang='lat' dir='ltr'><strong>tissa</strong></span> <span class='ocrx_word' id='word_1_390' title='bbox 749 4174 850 4213; x_wconf 88' lang='lat' dir='ltr'><strong>suo</strong></span> <span class='ocrx_word' id='word_1_391' title='bbox 882 4161 1124 4217; x_wconf 90' lang='lat' dir='ltr'><strong>studioso</strong></span> <span class='ocrx_word' id='word_1_392' title='bbox 1173 4162 1357 4220; x_wconf 91' lang='lat' dir='ltr'><strong>labore</strong></span> <span class='ocrx_word' id='word_1_393' title='bbox 1397 4168 1702 4236; x_wconf 86' lang='lat' dir='ltr'><strong>acquisivit.</strong></span> <span class='ocrx_word' id='word_1_394' title='bbox 1743 4168 1825 4223; x_wconf 85' lang='lat' dir='ltr'><strong>Ad</strong></span> <span class='ocrx_word' id='word_1_395' title='bbox 1866 4168 2173 4227; x_wconf 87' lang='lat' dir='ltr'><strong>Humberti-</strong></span> 
     </span>
    </p>
   </div>
   <div class='ocr_carea' id='block_1_60' title="bbox 591 4246 2169 4329">
    <p class='ocr_par' dir='ltr' id='par_1_60' title="bbox 591 4246 2169 4329">
     <span class='ocr_line' id='line_1_60' title="bbox 591 4246 2169 4329; baseline 0.009 -28"><span class='ocrx_word' id='word_1_396' title='bbox 591 4257 800 4301; x_wconf 83' lang='lat' dir='ltr'><strong>curtcm</strong></span> <span class='ocrx_word' id='word_1_397' title='bbox 822 4246 1228 4317; x_wconf 81' lang='lat' dir='ltr'><strong>(Humbercourt</strong></span> <span class='ocrx_word' id='word_1_398' title='bbox 1246 4269 1314 4309; x_wconf 91' lang='lat' dir='ltr'><strong>ou</strong></span> <span class='ocrx_word' id='word_1_399' title='bbox 1330 4255 1691 4324; x_wconf 77' lang='lat' dir='ltr'><strong>Ambercourt)</strong></span> <span class='ocrx_word' id='word_1_400' title='bbox 1716 4266 1825 4312; x_wconf 77' lang='lat' dir='ltr'><strong>tres</strong></span> <span class='ocrx_word' id='word_1_401' title='bbox 1842 4261 2169 4329; x_wconf 80' lang='lat' dir='ltr'><strong>quartarios,</strong></span> 
     </span>
    </p>
   </div>
   <div class='ocr_carea' id='block_1_61' title="bbox 590 4336 2175 4417">
    <p class='ocr_par' dir='ltr' id='par_1_61' title="bbox 590 4336 2175 4417">
     <span class='ocr_line' id='line_1_61' title="bbox 590 4336 2175 4417; baseline 0.011 -27"><span class='ocrx_word' id='word_1_402' title='bbox 590 4344 646 4391; x_wconf 88' lang='lat' dir='ltr'><strong>et</strong></span> <span class='ocrx_word' id='word_1_403' title='bbox 685 4336 965 4390; x_wconf 89' lang='lat' dir='ltr'><strong>ditttidiutn</strong></span> <span class='ocrx_word' id='word_1_404' title='bbox 1010 4340 1398 4409; x_wconf 89' lang='lat' dir='ltr'><strong>molendinum,</strong></span> <span class='ocrx_word' id='word_1_405' title='bbox 1451 4360 1609 4415; x_wconf 89' lang='lat' dir='ltr'><strong>quem</strong></span> <span class='ocrx_word' id='word_1_406' title='bbox 1655 4346 1803 4401; x_wconf 89' lang='lat' dir='ltr'><strong>dedit</strong></span> <span class='ocrx_word' id='word_1_407' title='bbox 1835 4349 1932 4417; x_wconf 89' lang='lat' dir='ltr'><strong>ipsi</strong></span> <span class='ocrx_word' id='word_1_408' title='bbox 1987 4367 2175 4406; x_wconf 82' lang='lat' dir='ltr'><strong>mona-</strong></span> 
     </span>
    </p>
   </div>
   <div class='ocr_carea' id='block_1_62' title="bbox 591 4427 2250 4517">
    <p class='ocr_par' dir='ltr' id='par_1_62' title="bbox 591 4427 2250 4517">
     <span class='ocr_line' id='line_1_62' title="bbox 591 4427 2250 4517; baseline 0.013 -38"><span class='ocrx_word' id='word_1_409' title='bbox 591 4428 759 4481; x_wconf 89' lang='lat' dir='ltr'><strong>sterio</strong></span> <span class='ocrx_word' id='word_1_410' title='bbox 791 4427 937 4482; x_wconf 83' lang='lat' dir='ltr'><strong>Dadu</strong></span> <span class='ocrx_word' id='word_1_411' title='bbox 968 4430 1143 4486; x_wconf 89' lang='lat' dir='ltr'><strong>miles.</strong></span> <span class='ocrx_word' id='word_1_412' title='bbox 1169 4433 1249 4487; x_wconf 88' lang='lat' dir='ltr'><strong>Ad</strong></span> <span class='ocrx_word' id='word_1_413' title='bbox 1278 4433 1485 4491; x_wconf 87' lang='lat' dir='ltr'><strong>Bactris</strong></span> <span class='ocrx_word' id='word_1_414' title='bbox 1519 4438 1797 4493; x_wconf 89' lang='lat' dir='ltr'><strong>dimidiunt</strong></span> <span class='ocrx_word' id='word_1_415' title='bbox 1830 4457 2095 4509; x_wconf 87' lang='lat' dir='ltr'><strong>mansum,</strong></span> <span class='ocrx_word' id='word_1_416' title='bbox 2120 4455 2175 4500; x_wconf 91' lang='lat' dir='ltr'><strong>et</strong></span> <span class='ocrx_word' id='word_1_417' title='bbox 2200 4458 2250 4517; x_wconf 77' lang='grc' dir='ltr'>υ</span> 
     </span>
    </p>
   </div>
   <div class='ocr_carea' id='block_1_63' title="bbox 590 4519 2173 4602">
    <p class='ocr_par' dir='ltr' id='par_1_63' title="bbox 590 4519 2173 4602">
     <span class='ocr_line' id='line_1_63' title="bbox 590 4519 2173 4602; baseline 0.01 -29"><span class='ocrx_word' id='word_1_418' title='bbox 590 4519 781 4573; x_wconf 82' lang='lat' dir='ltr'><strong>silvam</strong></span> <span class='ocrx_word' id='word_1_419' title='bbox 815 4520 955 4589; x_wconf 83' lang='lat' dir='ltr'><strong>apud</strong></span> <span class='ocrx_word' id='word_1_420' title='bbox 999 4521 1495 4580; x_wconf 77' lang='lat' dir='ltr'><strong>Valtlonis-curtem</strong></span> <span class='ocrx_word' id='word_1_421' title='bbox 1534 4525 1986 4602; x_wconf 80' lang='lat' dir='ltr'><strong>(Vaulioncourl),</strong></span> <span class='ocrx_word' id='word_1_422' title='bbox 2013 4550 2173 4602; x_wconf 84' lang='lat' dir='ltr'><strong>quem</strong></span> 
     </span>
    </p>
   </div>
   <div class='ocr_carea' id='block_1_64' title="bbox 592 4605 2177 4684">
    <p class='ocr_par' dir='ltr' id='par_1_64' title="bbox 592 4605 2177 4684">
     <span class='ocr_line' id='line_1_64' title="bbox 592 4605 2177 4684; baseline 0.01 -22"><span class='ocrx_word' id='word_1_423' title='bbox 592 4605 739 4663; x_wconf 88' lang='lat' dir='ltr'><strong>dedit</strong></span> <span class='ocrx_word' id='word_1_424' title='bbox 768 4607 1057 4667; x_wconf 81' lang='lat' dir='ltr'><strong>Mamsedis</strong></span> <span class='ocrx_word' id='word_1_425' title='bbox 1102 4628 1239 4667; x_wconf 83' lang='lat' dir='ltr'><strong>uxor</strong></span> <span class='ocrx_word' id='word_1_426' title='bbox 1283 4610 1570 4684; x_wconf 84' lang='lat' dir='ltr'><strong>Windrici,</strong></span> <span class='ocrx_word' id='word_1_427' title='bbox 1618 4619 1682 4672; x_wconf 90' lang='lat' dir='ltr'><strong>ad</strong></span> <span class='ocrx_word' id='word_1_428' title='bbox 1724 4617 2177 4678; x_wconf 78' lang='lat' dir='ltr'><strong>Dossevini-fron-</strong></span> 
     </span>
    </p>
   </div>
   <div class='ocr_carea' id='block_1_65' title="bbox 594 4700 2177 4780">
    <p class='ocr_par' dir='ltr' id='par_1_65' title="bbox 594 4700 2177 4780">
     <span class='ocr_line' id='line_1_65' title="bbox 594 4700 2177 4780; baseline 0.011 -29"><span class='ocrx_word' id='word_1_429' title='bbox 594 4707 707 4752; x_wconf 91' lang='lat' dir='ltr'><strong>tum</strong></span> <span class='ocrx_word' id='word_1_430' title='bbox 738 4708 848 4755; x_wconf 89' lang='lat' dir='ltr'><strong>tres</strong></span> <span class='ocrx_word' id='word_1_431' title='bbox 878 4700 1185 4770; x_wconf 88' lang='lat' dir='ltr'><strong>quartarios</strong></span> <span class='ocrx_word' id='word_1_432' title='bbox 1211 4719 1331 4758; x_wconf 88' lang='lat' dir='ltr'><strong>cunt</strong></span> <span class='ocrx_word' id='word_1_433' title='bbox 1362 4705 1496 4759; x_wconf 90' lang='lat' dir='ltr'><strong>silva</strong></span> <span class='ocrx_word' id='word_1_434' title='bbox 1541 4716 1598 4761; x_wconf 88' lang='lat' dir='ltr'><strong>et</strong></span> <span class='ocrx_word' id='word_1_435' title='bbox 1646 4708 1838 4778; x_wconf 89' lang='lat' dir='ltr'><strong>pratis,</strong></span> <span class='ocrx_word' id='word_1_436' title='bbox 1875 4726 1994 4780; x_wconf 83' lang='lat' dir='ltr'><strong>qua</strong></span> <span class='ocrx_word' id='word_1_437' title='bbox 2030 4713 2177 4768; x_wconf 88' lang='lat' dir='ltr'><strong>dedit</strong></span> 
     </span>
    </p>
   </div>
   <div class='ocr_carea' id='block_1_66' title="bbox 592 4790 2171 4873">
    <p class='ocr_par' dir='ltr' id='par_1_66' title="bbox 592 4790 2171 4873">
     <span class='ocr_line' id='line_1_66' title="bbox 592 4790 2171 4873; baseline 0.008 -26"><span class='ocrx_word' id='word_1_438' title='bbox 592 4790 770 4847; x_wconf 87' lang='lat' dir='ltr'><strong>0dilla</strong></span> <span class='ocrx_word' id='word_1_439' title='bbox 796 4807 930 4848; x_wconf 80' lang='lat' dir='ltr'><strong>uxor</strong></span> <span class='ocrx_word' id='word_1_440' title='bbox 955 4794 1199 4859; x_wconf 84' lang='lat' dir='ltr'><strong>Elbonis,</strong></span> <span class='ocrx_word' id='word_1_441' title='bbox 1223 4796 1363 4851; x_wconf 90' lang='lat' dir='ltr'><strong>inter</strong></span> <span class='ocrx_word' id='word_1_442' title='bbox 1386 4798 1967 4858; x_wconf 80' lang='lat' dir='ltr'><strong>Domnum-Martinum</strong></span> <span class='ocrx_word' id='word_1_443' title='bbox 1993 4804 2171 4873; x_wconf 85' lang='lat' dir='ltr'><strong>(Dom-</strong></span> 
     </span>
    </p>
   </div>
   <div class='ocr_carea' id='block_1_67' title="bbox 596 4880 2178 4962">
    <p class='ocr_par' dir='ltr' id='par_1_67' title="bbox 596 4880 2178 4962">
     <span class='ocr_line' id='line_1_67' title="bbox 596 4880 2178 4962; baseline 0.01 -28"><span class='ocrx_word' id='word_1_444' title='bbox 596 4880 821 4951; x_wconf 78' lang='lat' dir='ltr'><strong>Martiu)</strong></span> <span class='ocrx_word' id='word_1_445' title='bbox 872 4892 932 4938; x_wconf 91' lang='lat' dir='ltr'><strong>et</strong></span> <span class='ocrx_word' id='word_1_446' title='bbox 981 4883 1344 4952; x_wconf 85' lang='lat' dir='ltr'><strong>Morli-cttrte,</strong></span> <span class='ocrx_word' id='word_1_447' title='bbox 1401 4905 1755 4962; x_wconf 89' lang='lat' dir='ltr'><strong>mansumqne</strong></span> <span class='ocrx_word' id='word_1_448' title='bbox 1805 4907 1967 4962; x_wconf 89' lang='lat' dir='ltr'><strong>quem</strong></span> <span class='ocrx_word' id='word_1_449' title='bbox 2029 4896 2178 4950; x_wconf 90' lang='lat' dir='ltr'><strong>dedit</strong></span> 
     </span>
    </p>
   </div>
   <div class='ocr_carea' id='block_1_68' title="bbox 594 4972 2176 5053">
    <p class='ocr_par' dir='ltr' id='par_1_68' title="bbox 594 4972 2176 5053">
     <span class='ocr_line' id='line_1_68' title="bbox 594 4972 2176 5053; baseline 0.011 -27"><span class='ocrx_word' id='word_1_450' title='bbox 594 4972 953 5030; x_wconf 75' lang='lat' dir='ltr'><strong>Vindistuldis</strong></span> <span class='ocrx_word' id='word_1_451' title='bbox 978 4993 1116 5033; x_wconf 74' lang='lat' dir='ltr'><strong>uxor</strong></span> <span class='ocrx_word' id='word_1_452' title='bbox 1132 4976 1310 5033; x_wconf 82' lang='lat' dir='ltr'><strong>Biralli</strong></span> <span class='ocrx_word' id='word_1_453' title='bbox 1335 4979 1402 5034; x_wconf 73' lang='lat' dir='ltr'><strong>de</strong></span> <span class='ocrx_word' id='word_1_454' title='bbox 1424 4980 1767 5053; x_wconf 76' lang='lat' dir='ltr'><strong>Vendopera;</strong></span> <span class='ocrx_word' id='word_1_455' title='bbox 1797 4986 1863 5041; x_wconf 90' lang='lat' dir='ltr'><strong>ad</strong></span> <span class='ocrx_word' id='word_1_456' title='bbox 1886 4984 2176 5043; x_wconf 80' lang='lat' dir='ltr'><strong>Domuum-</strong></span> 
     </span>
    </p>
   </div>
   <div class='ocr_carea' id='block_1_69' title="bbox 2272 1904 3853 1979">
    <p class='ocr_par' dir='ltr' id='par_1_69' title="bbox 2272 1904 3853 1979">
     <span class='ocr_line' id='line_1_69' title="bbox 2272 1904 3853 1979; baseline -0.006 -15"><span class='ocrx_word' id='word_1_457' title='bbox 2272 1918 2417 1972; x_wconf 89' lang='lat' dir='ltr'><strong>sunt.</strong></span> <span class='ocrx_word' id='word_1_458' title='bbox 2469 1909 2762 1965; x_wconf 88' lang='lat' dir='ltr'><strong>clementer</strong></span> <span class='ocrx_word' id='word_1_459' title='bbox 2816 1924 2879 1965; x_wconf 86' lang='lat' dir='ltr'><strong>ac</strong></span> <span class='ocrx_word' id='word_1_460' title='bbox 2927 1907 3221 1964; x_wconf 89' lang='lat' dir='ltr'><strong>secundum</strong></span> <span class='ocrx_word' id='word_1_461' title='bbox 3265 1907 3447 1979; x_wconf 13' lang='lat' dir='ltr'><strong>Deum»</strong></span> <span class='ocrx_word' id='word_1_462' title='bbox 3480 1905 3741 1960; x_wconf 89' lang='lat' dir='ltr'><strong>ordinare</strong></span> <span class='ocrx_word' id='word_1_463' title='bbox 3766 1904 3853 1956; x_wconf 84' lang='lat' dir='ltr'><strong>vel</strong></span> 
     </span>
    </p>
   </div>
   <div class='ocr_carea' id='block_1_70' title="bbox 2273 1988 3852 2068">
    <p class='ocr_par' dir='ltr' id='par_1_70' title="bbox 2273 1988 3852 2068">
     <span class='ocr_line' id='line_1_70' title="bbox 2273 1988 3852 2068; baseline -0.006 -13"><span class='ocrx_word' id='word_1_464' title='bbox 2273 1988 2547 2068; x_wconf 85' lang='lat' dir='ltr'><strong>corrigere</strong></span> <span class='ocrx_word' id='word_1_465' title='bbox 2599 2000 2836 2055; x_wconf 89' lang='lat' dir='ltr'><strong>studeat.</strong></span> <span class='ocrx_word' id='word_1_466' title='bbox 2892 1997 2947 2055; x_wconf 89' lang='lat' dir='ltr'><strong>Si</strong></span> <span class='ocrx_word' id='word_1_467' title='bbox 2993 1999 3114 2068; x_wconf 85' lang='lat' dir='ltr'><strong>quis</strong></span> <span class='ocrx_word' id='word_1_468' title='bbox 3173 2006 3374 2061; x_wconf 89' lang='lat' dir='ltr'><strong>tamen,</strong></span> <span class='ocrx_word' id='word_1_469' title='bbox 3436 2010 3627 2051; x_wconf 81' lang='lat' dir='ltr'><strong>eorum</strong></span> <span class='ocrx_word' id='word_1_470' title='bbox 3671 1993 3852 2062; x_wconf 73' lang='lat' dir='ltr'><strong>iniqua</strong></span> 
     </span>
    </p>
   </div>
   <div class='ocr_carea' id='block_1_71' title="bbox 2272 2076 3852 2161">
    <p class='ocr_par' dir='ltr' id='par_1_71' title="bbox 2272 2076 3852 2161">
     <span class='ocr_line' id='line_1_71' title="bbox 2272 2076 3852 2161; baseline -0.005 -15"><span class='ocrx_word' id='word_1_471' title='bbox 2272 2089 2566 2161; x_wconf 85' lang='lat' dir='ltr'><strong>cupiditate</strong></span> <span class='ocrx_word' id='word_1_472' title='bbox 2620 2076 2932 2161; x_wconf 53' lang='lat' dir='ltr'><strong>persuasus,</strong></span> <span class='ocrx_word' id='word_1_473' title='bbox 2964 2089 3102 2145; x_wconf 87' lang='lat' dir='ltr'><strong>hanc</strong></span> <span class='ocrx_word' id='word_1_474' title='bbox 3128 2087 3521 2146; x_wconf 83' lang='lat' dir='ltr'><strong>ordinationem</strong></span> <span class='ocrx_word' id='word_1_475' title='bbox 3551 2093 3793 2142; x_wconf 75' lang='lat' dir='ltr'><strong>nostram</strong></span> <span class='ocrx_word' id='word_1_476' title='bbox 3818 2100 3852 2138; x_wconf 86' lang='lat' dir='ltr'><strong>a</strong></span> 
     </span>
    </p>
   </div>
   <div class='ocr_carea' id='block_1_72' title="bbox 2272 2176 3850 2250">
    <p class='ocr_par' dir='ltr' id='par_1_72' title="bbox 2272 2176 3850 2250">
     <span class='ocr_line' id='line_1_72' title="bbox 2272 2176 3850 2250; baseline -0.003 -17"><span class='ocrx_word' id='word_1_477' title='bbox 2272 2179 2426 2235; x_wconf 89' lang='lat' dir='ltr'><strong>nobis</strong></span> <span class='ocrx_word' id='word_1_478' title='bbox 2460 2179 2807 2235; x_wconf 87' lang='lat' dir='ltr'><strong>constitutam</strong></span> <span class='ocrx_word' id='word_1_479' title='bbox 2850 2179 3140 2250; x_wconf 79' lang='lat' dir='ltr'><strong>infringere</strong></span> <span class='ocrx_word' id='word_1_480' title='bbox 3180 2187 3272 2233; x_wconf 89' lang='lat' dir='ltr'><strong>aut</strong></span> <span class='ocrx_word' id='word_1_481' title='bbox 3298 2177 3499 2233; x_wconf 81' lang='lat' dir='ltr'><strong>violare</strong></span> <span class='ocrx_word' id='word_1_482' title='bbox 3539 2176 3850 2234; x_wconf 79' lang='lat' dir='ltr'><strong>tentaverit.</strong></span> 
     </span>
    </p>
   </div>
   <div class='ocr_carea' id='block_1_73' title="bbox 2273 2264 3852 2338">
    <p class='ocr_par' dir='ltr' id='par_1_73' title="bbox 2273 2264 3852 2338">
     <span class='ocr_line' id='line_1_73' title="bbox 2273 2264 3852 2338; baseline -0.004 -15"><span class='ocrx_word' id='word_1_483' title='bbox 2273 2267 2409 2323; x_wconf 90' lang='lat' dir='ltr'><strong>iratn</strong></span> <span class='ocrx_word' id='word_1_484' title='bbox 2437 2264 2531 2323; x_wconf 90' lang='lat' dir='ltr'><strong>Dei</strong></span> <span class='ocrx_word' id='word_1_485' title='bbox 2564 2267 2949 2338; x_wconf 89' lang='lat' dir='ltr'><strong>omnipotentis</strong></span> <span class='ocrx_word' id='word_1_486' title='bbox 2995 2270 3256 2332; x_wconf 86' lang='lat' dir='ltr'><strong>incurrat,</strong></span> <span class='ocrx_word' id='word_1_487' title='bbox 3302 2282 3365 2322; x_wconf 87' lang='lat' dir='ltr'><strong>ac</strong></span> <span class='ocrx_word' id='word_1_488' title='bbox 3405 2281 3622 2338; x_wconf 65' lang='lat' dir='ltr'><strong>poenam</strong></span> <span class='ocrx_word' id='word_1_489' title='bbox 3655 2282 3852 2336; x_wconf 86' lang='lat' dir='ltr'><strong>sempt-</strong></span> 
     </span>
    </p>
   </div>
   <div class='ocr_carea' id='block_1_74' title="bbox 2273 2346 3855 2429">
    <p class='ocr_par' dir='ltr' id='par_1_74' title="bbox 2273 2346 3855 2429">
     <span class='ocr_line' id='line_1_74' title="bbox 2273 2346 3855 2429; baseline -0.004 -15"><span class='ocrx_word' id='word_1_490' title='bbox 2273 2346 2823 2414; x_wconf 41' lang='lat' dir='ltr'><strong>te&#39;rna&#39;damnationis</strong></span> <span class='ocrx_word' id='word_1_491' title='bbox 2846 2356 3317 2414; x_wconf 88' lang='lat' dir='ltr'><strong>irremediabiliter</strong></span> <span class='ocrx_word' id='word_1_492' title='bbox 3334 2356 3631 2429; x_wconf 81' lang='lat' dir='ltr'><strong>perSolvat,</strong></span> <span class='ocrx_word' id='word_1_493' title='bbox 3656 2370 3756 2412; x_wconf 87' lang='lat' dir='ltr'><strong>nec</strong></span> <span class='ocrx_word' id='word_1_494' title='bbox 3782 2356 3855 2410; x_wconf 86' lang='lat' dir='ltr'><strong>sit</strong></span> 
     </span>
    </p>
   </div>
   <div class='ocr_carea' id='block_1_75' title="bbox 2272 2448 3850 2521">
    <p class='ocr_par' dir='ltr' id='par_1_75' title="bbox 2272 2448 3850 2521">
     <span class='ocr_line' id='line_1_75' title="bbox 2272 2448 3850 2521; baseline -0.002 -15"><span class='ocrx_word' id='word_1_495' title='bbox 2272 2450 2347 2506; x_wconf 91' lang='lat' dir='ltr'><strong>illi</strong></span> <span class='ocrx_word' id='word_1_496' title='bbox 2389 2465 2514 2521; x_wconf 87' lang='lat' dir='ltr'><strong>pars</strong></span> <span class='ocrx_word' id='word_1_497' title='bbox 2568 2466 2688 2506; x_wconf 88' lang='lat' dir='ltr'><strong>cum</strong></span> <span class='ocrx_word' id='word_1_498' title='bbox 2741 2449 2852 2507; x_wconf 93' lang='lat' dir='ltr'><strong>Deo</strong></span> <span class='ocrx_word' id='word_1_499' title='bbox 2900 2450 2953 2506; x_wconf 90' lang='lat' dir='ltr'><strong>in</strong></span> <span class='ocrx_word' id='word_1_500' title='bbox 3002 2450 3353 2506; x_wconf 88' lang='lat' dir='ltr'><strong>retributione</strong></span> <span class='ocrx_word' id='word_1_501' title='bbox 3397 2448 3693 2519; x_wconf 75' lang='lat' dir='ltr'><strong>iustorum,</strong></span> <span class='ocrx_word' id='word_1_502' title='bbox 3757 2449 3850 2504; x_wconf 86' lang='lat' dir='ltr'><strong>sed</strong></span> 
     </span>
    </p>
   </div>
   <div class='ocr_carea' id='block_1_76' title="bbox 2273 2537 3851 2611">
    <p class='ocr_par' dir='ltr' id='par_1_76' title="bbox 2273 2537 3851 2611">
     <span class='ocr_line' id='line_1_76' title="bbox 2273 2537 3851 2611; baseline -0.004 -14"><span class='ocrx_word' id='word_1_503' title='bbox 2273 2542 2469 2598; x_wconf 85' lang='lat' dir='ltr'><strong>habeat</strong></span> <span class='ocrx_word' id='word_1_504' title='bbox 2515 2551 2725 2611; x_wconf 87' lang='lat' dir='ltr'><strong>partem</strong></span> <span class='ocrx_word' id='word_1_505' title='bbox 2754 2555 2879 2598; x_wconf 92' lang='lat' dir='ltr'><strong>cum</strong></span> <span class='ocrx_word' id='word_1_506' title='bbox 2925 2539 3166 2611; x_wconf 87' lang='lat' dir='ltr'><strong>principe</strong></span> <span class='ocrx_word' id='word_1_507' title='bbox 3207 2537 3571 2604; x_wconf 82' lang='lat' dir='ltr'><strong>tenebrarum,</strong></span> <span class='ocrx_word' id='word_1_508' title='bbox 3604 2538 3851 2608; x_wconf 80' lang='lat' dir='ltr'><strong>feratque</strong></span> 
     </span>
    </p>
   </div>
   <div class='ocr_carea' id='block_1_77' title="bbox 2260 2631 3854 2706">
    <p class='ocr_par' dir='ltr' id='par_1_77' title="bbox 2260 2631 3854 2706">
     <span class='ocr_line' id='line_1_77' title="bbox 2260 2631 3854 2706; baseline -0.004 -17"><span class='ocrx_word' id='word_1_509' title='bbox 2260 2634 2526 2706; x_wconf 85' lang='lat' dir='ltr'><strong>judicium</strong></span> <span class='ocrx_word' id='word_1_510' title='bbox 2591 2634 2785 2689; x_wconf 81' lang='lat' dir='ltr'><strong>divina</strong></span> <span class='ocrx_word' id='word_1_511' title='bbox 2847 2632 3096 2695; x_wconf 90' lang='lat' dir='ltr'><strong>ultionis,</strong></span> <span class='ocrx_word' id='word_1_512' title='bbox 3157 2632 3447 2686; x_wconf 78' lang='lat' dir='ltr'><strong>transfixus</strong></span> <span class='ocrx_word' id='word_1_513' title='bbox 3500 2631 3854 2683; x_wconf 78' lang='lat' dir='ltr'><strong>anathemate</strong></span> 
     </span>
    </p>
   </div>
   <div class='ocr_carea' id='block_1_78' title="bbox 2272 2718 3854 2798">
    <p class='ocr_par' dir='ltr' id='par_1_78' title="bbox 2272 2718 3854 2798">
     <span class='ocr_line' id='line_1_78' title="bbox 2272 2718 3854 2798; baseline -0.003 -21"><span class='ocrx_word' id='word_1_514' title='bbox 2272 2721 2542 2798; x_wconf 79' lang='lat' dir='ltr'><strong>perpetua</strong></span> <span class='ocrx_word' id='word_1_515' title='bbox 2583 2724 2996 2781; x_wconf 89' lang='lat' dir='ltr'><strong>maledictionis.</strong></span> <span class='ocrx_word' id='word_1_516' title='bbox 3032 2723 3132 2790; x_wconf 81' lang='lat' dir='ltr'><strong>Qui</strong></span> <span class='ocrx_word' id='word_1_517' title='bbox 3165 2736 3291 2777; x_wconf 81' lang='lat' dir='ltr'><strong>vero</strong></span> <span class='ocrx_word' id='word_1_518' title='bbox 3328 2722 3416 2788; x_wconf 79' lang='lat' dir='ltr'><strong>pio</strong></span> <span class='ocrx_word' id='word_1_519' title='bbox 3463 2720 3663 2775; x_wconf 83' lang='lat' dir='ltr'><strong>iatuitu</strong></span> <span class='ocrx_word' id='word_1_520' title='bbox 3695 2718 3854 2786; x_wconf 81' lang='lat' dir='ltr'><strong>hujus</strong></span> 
     </span>
    </p>
   </div>
   <div class='ocr_carea' id='block_1_79' title="bbox 2271 2810 3853 2890">
    <p class='ocr_par' dir='ltr' id='par_1_79' title="bbox 2271 2810 3853 2890">
     <span class='ocr_line' id='line_1_79' title="bbox 2271 2810 3853 2890; baseline -0.006 -19"><span class='ocrx_word' id='word_1_521' title='bbox 2271 2817 2534 2890; x_wconf 85' lang='lat' dir='ltr'><strong>privilegii</strong></span> <span class='ocrx_word' id='word_1_522' title='bbox 2581 2817 2748 2871; x_wconf 91' lang='lat' dir='ltr'><strong>nostri</strong></span> <span class='ocrx_word' id='word_1_523' title='bbox 2796 2824 2979 2871; x_wconf 88' lang='lat' dir='ltr'><strong>custos</strong></span> <span class='ocrx_word' id='word_1_524' title='bbox 3023 2823 3080 2868; x_wconf 90' lang='lat' dir='ltr'><strong>et</strong></span> <span class='ocrx_word' id='word_1_525' title='bbox 3123 2814 3437 2869; x_wconf 88' lang='lat' dir='ltr'><strong>observator</strong></span> <span class='ocrx_word' id='word_1_526' title='bbox 3480 2810 3779 2874; x_wconf 79' lang='lat' dir='ltr'><strong>exstiterit,</strong></span> <span class='ocrx_word' id='word_1_527' title='bbox 3818 2823 3853 2861; x_wconf 73' lang='grc' dir='ltr'><strong>ει</strong></span> 
     </span>
    </p>
   </div>
   <div class='ocr_carea' id='block_1_80' title="bbox 2272 2898 3853 2977">
    <p class='ocr_par' dir='ltr' id='par_1_80' title="bbox 2272 2898 3853 2977">
     <span class='ocr_line' id='line_1_80' title="bbox 2272 2898 3853 2977; baseline -0.006 -14"><span class='ocrx_word' id='word_1_528' title='bbox 2272 2908 2498 2963; x_wconf 86' lang='lat' dir='ltr'><strong>Domino</strong></span> <span class='ocrx_word' id='word_1_529' title='bbox 2520 2906 2628 2962; x_wconf 87' lang='lat' dir='ltr'><strong>Deo</strong></span> <span class='ocrx_word' id='word_1_530' title='bbox 2657 2905 2884 2977; x_wconf 85' lang='lat' dir='ltr'><strong>gratiam</strong></span> <span class='ocrx_word' id='word_1_531' title='bbox 2916 2914 3302 2973; x_wconf 80' lang='lat' dir='ltr'><strong>consequatur,</strong></span> <span class='ocrx_word' id='word_1_532' title='bbox 3330 2909 3384 2955; x_wconf 90' lang='lat' dir='ltr'><strong>et</strong></span> <span class='ocrx_word' id='word_1_533' title='bbox 3413 2907 3633 2956; x_wconf 79' lang='lat' dir='ltr'><strong>aterna</strong></span> <span class='ocrx_word' id='word_1_534' title='bbox 3667 2898 3853 2970; x_wconf 77' lang='lat' dir='ltr'><strong>gloria</strong></span> 
     </span>
    </p>
   </div>
   <div class='ocr_carea' id='block_1_81' title="bbox 2270 2996 2857 3068">
    <p class='ocr_par' dir='ltr' id='par_1_81' title="bbox 2270 2996 2857 3068">
     <span class='ocr_line' id='line_1_81' title="bbox 2270 2996 2857 3068; baseline 0 -19"><span class='ocrx_word' id='word_1_535' title='bbox 2270 2998 2541 3068; x_wconf 63' lang='lat' dir='ltr'><strong>particeps</strong></span> <span class='ocrx_word' id='word_1_536' title='bbox 2575 2996 2857 3053; x_wconf 79' lang='lat' dir='ltr'><strong>eﬂiciatur.</strong></span> 
     </span>
    </p>
   </div>
   <div class='ocr_carea' id='block_1_82' title="bbox 2344 3079 3851 3158">
    <p class='ocr_par' dir='ltr' id='par_1_82' title="bbox 2344 3079 3851 3158">
     <span class='ocr_line' id='line_1_82' title="bbox 2344 3079 3851 3158; baseline -0.007 -17"><span class='ocrx_word' id='word_1_537' title='bbox 2344 3086 2411 3141; x_wconf 85' lang='grc' dir='ltr'><em>1η</em></span> <span class='ocrx_word' id='word_1_538' title='bbox 2435 3087 2587 3158; x_wconf 75' lang='lat' dir='ltr'><strong>cujus</strong></span> <span class='ocrx_word' id='word_1_539' title='bbox 2611 3086 2768 3142; x_wconf 74' lang='lat' dir='ltr'><strong>bulla</strong></span> <span class='ocrx_word' id='word_1_540' title='bbox 2785 3085 2980 3141; x_wconf 84' lang='lat' dir='ltr'><strong>circulo</strong></span> <span class='ocrx_word' id='word_1_541' title='bbox 3018 3084 3093 3140; x_wconf 80' lang='lat' dir='ltr'><strong>cst</strong></span> <span class='ocrx_word' id='word_1_542' title='bbox 3139 3094 3388 3152; x_wconf 78' lang='lat' dir='ltr'><strong>scrtptum</strong></span> <span class='ocrx_word' id='word_1_543' title='bbox 3413 3095 3431 3132; x_wconf 92' lang='lat'><strong><em>:</em></strong></span> <span class='ocrx_word' id='word_1_544' title='bbox 3458 3079 3851 3135; x_wconf 65' lang='lat' dir='ltr'><strong>Mtsstttcmou</strong></span> 
     </span>
    </p>
   </div>
   <div class='ocr_carea' id='block_1_83' title="bbox 2272 3168 3855 3233">
    <p class='ocr_par' dir='ltr' id='par_1_83' title="bbox 2272 3168 3855 3233">
     <span class='ocr_line' id='line_1_83' title="bbox 2272 3168 3855 3233; baseline -0.006 0"><span class='ocrx_word' id='word_1_545' title='bbox 2272 3179 2317 3233; x_wconf 94' lang='lat' dir='ltr'><strong>D</strong></span> <span class='ocrx_word' id='word_1_546' title='bbox 2340 3194 2467 3233; x_wconf 53' lang='grc' dir='ltr'><strong>κίκι</strong></span> <span class='ocrx_word' id='word_1_547' title='bbox 2500 3193 2668 3233; x_wconf 67' lang='lat' dir='ltr'><strong>rasas</strong></span> <span class='ocrx_word' id='word_1_548' title='bbox 2693 3193 2791 3232; x_wconf 77' lang='grc' dir='ltr'><strong>εει·</strong></span> <span class='ocrx_word' id='word_1_549' title='bbox 2827 3193 3022 3233; x_wconf 68' lang='lat' dir='ltr'><strong>ream.</strong></span> <span class='ocrx_word' id='word_1_550' title='bbox 3065 3176 3131 3230; x_wconf 84' lang='lat' dir='ltr'><strong>Et</strong></span> <span class='ocrx_word' id='word_1_551' title='bbox 3177 3175 3234 3228; x_wconf 83' lang='lat' dir='ltr'><strong>in</strong></span> <span class='ocrx_word' id='word_1_552' title='bbox 3275 3173 3442 3228; x_wconf 82' lang='lat' dir='ltr'><strong>medio</strong></span> <span class='ocrx_word' id='word_1_553' title='bbox 3466 3171 3697 3226; x_wconf 78' lang='lat' dir='ltr'><strong>circuli:</strong></span> <span class='ocrx_word' id='word_1_554' title='bbox 3743 3168 3855 3223; x_wconf 65' lang='grc' dir='ltr'><strong>[ιο</strong></span> 
     </span>
    </p>
   </div>
   <div class='ocr_carea' id='block_1_84' title="bbox 2270 3265 3637 3341">
    <p class='ocr_par' dir='ltr' id='par_1_84' title="bbox 2270 3265 3637 3341">
     <span class='ocr_line' id='line_1_84' title="bbox 2270 3265 3637 3341; baseline -0.008 -14"><span class='ocrx_word' id='word_1_555' title='bbox 2270 3272 2432 3327; x_wconf 66' lang='lat' dir='ltr'><strong>Pars.</strong></span> <span class='ocrx_word' id='word_1_556' title='bbox 2464 3269 2657 3326; x_wconf 76' lang='lat' dir='ltr'><strong>Postea</strong></span> <span class='ocrx_word' id='word_1_557' title='bbox 2680 3287 2927 3341; x_wconf 83' lang='lat' dir='ltr'><strong>magnum</strong></span> <span class='ocrx_word' id='word_1_558' title='bbox 2965 3270 3027 3324; x_wconf 88' lang='grc' dir='ltr'><strong>Β.</strong></span> <span class='ocrx_word' id='word_1_559' title='bbox 3067 3266 3126 3322; x_wconf 63' lang='grc' dir='ltr'><strong>ιι.</strong></span> <span class='ocrx_word' id='word_1_560' title='bbox 3150 3285 3243 3338; x_wconf 86' lang='lat' dir='ltr'><strong>pro</strong></span> <span class='ocrx_word' id='word_1_561' title='bbox 3272 3265 3637 3335; x_wconf 77' lang='lat' dir='ltr'><strong>suscrt&#39;ptionc.</strong></span> 
     </span>
    </p>
   </div>
   <div class='ocr_carea' id='block_1_85' title="bbox 2342 3353 3851 3429">
    <p class='ocr_par' dir='ltr' id='par_1_85' title="bbox 2342 3353 3851 3429">
     <span class='ocr_line' id='line_1_85' title="bbox 2342 3353 3851 3429; baseline -0.007 -12"><span class='ocrx_word' id='word_1_562' title='bbox 2342 3362 2534 3417; x_wconf 89' lang='lat' dir='ltr'><strong>Datum</strong></span> <span class='ocrx_word' id='word_1_563' title='bbox 2559 3360 2814 3415; x_wconf 82' lang='lat' dir='ltr'><strong>Kalendis</strong></span> <span class='ocrx_word' id='word_1_564' title='bbox 2832 3359 3082 3416; x_wconf 76' lang='lat' dir='ltr'><strong>Octobris</strong></span> <span class='ocrx_word' id='word_1_565' title='bbox 3094 3374 3192 3429; x_wconf 87' lang='lat' dir='ltr'><strong>per</strong></span> <span class='ocrx_word' id='word_1_566' title='bbox 3206 3372 3421 3412; x_wconf 91' lang='lat' dir='ltr'><strong>manum</strong></span> <span class='ocrx_word' id='word_1_567' title='bbox 3446 3354 3598 3410; x_wconf 84' lang='lat' dir='ltr'><strong>Petri</strong></span> <span class='ocrx_word' id='word_1_568' title='bbox 3613 3353 3851 3417; x_wconf 87' lang='lat' dir='ltr'><strong>diaconi,</strong></span> 
     </span>
    </p>
   </div>
   <div class='ocr_carea' id='block_1_86' title="bbox 2269 3444 3852 3509">
    <p class='ocr_par' dir='ltr' id='par_1_86' title="bbox 2269 3444 3852 3509">
     <span class='ocr_line' id='line_1_86' title="bbox 2269 3444 3852 3509; baseline -0.006 -2"><span class='ocrx_word' id='word_1_569' title='bbox 2269 3452 2591 3509; x_wconf 88' lang='lat' dir='ltr'><strong>bibliotheca</strong></span> <span class='ocrx_word' id='word_1_570' title='bbox 2601 3452 2661 3507; x_wconf 87' lang='lat' dir='ltr'><strong>rii</strong></span> <span class='ocrx_word' id='word_1_571' title='bbox 2675 3449 3048 3508; x_wconf 85' lang='lat' dir='ltr'><strong>etcancellarii</strong></span> <span class='ocrx_word' id='word_1_572' title='bbox 3073 3457 3272 3505; x_wconf 78' lang='lat' dir='ltr'><strong>sancta</strong></span> <span class='ocrx_word' id='word_1_573' title='bbox 3294 3447 3553 3501; x_wconf 78' lang='lat' dir='ltr'><strong>Romana</strong></span> <span class='ocrx_word' id='word_1_574' title='bbox 3570 3444 3852 3508; x_wconf 73' lang='lat' dir='ltr'><strong>Ecclesia,</strong></span> 
     </span>
    </p>
   </div>
   <div class='ocr_carea' id='block_1_87' title="bbox 2271 3534 3850 3612">
    <p class='ocr_par' dir='ltr' id='par_1_87' title="bbox 2271 3534 3850 3612">
     <span class='ocr_line' id='line_1_87' title="bbox 2271 3534 3850 3612; baseline -0.004 -15"><span class='ocrx_word' id='word_1_575' title='bbox 2271 3558 2413 3598; x_wconf 79' lang='lat' dir='ltr'><strong>anno</strong></span> <span class='ocrx_word' id='word_1_576' title='bbox 2442 3558 2476 3596; x_wconf 93' lang='lat' dir='ltr'><strong>tt</strong></span> <span class='ocrx_word' id='word_1_577' title='bbox 2505 3542 2651 3612; x_wconf 70' lang='grc'><strong>(124)</strong></span> <span class='ocrx_word' id='word_1_578' title='bbox 2680 3539 2880 3597; x_wconf 90' lang='lat' dir='ltr'><strong>domini</strong></span> <span class='ocrx_word' id='word_1_579' title='bbox 2914 3538 3107 3595; x_wconf 87' lang='lat' dir='ltr'><strong>Leonis</strong></span> <span class='ocrx_word' id='word_1_580' title='bbox 3134 3552 3283 3607; x_wconf 83' lang='lat' dir='ltr'><strong>papa</strong></span> <span class='ocrx_word' id='word_1_581' title='bbox 3306 3534 3399 3600; x_wconf 81' lang='lat' dir='ltr'><strong>IX,</strong></span> <span class='ocrx_word' id='word_1_582' title='bbox 3429 3534 3730 3590; x_wconf 87' lang='lat' dir='ltr'><strong>indtctione</strong></span> <span class='ocrx_word' id='word_1_583' title='bbox 3756 3549 3850 3591; x_wconf 75' lang='grc' dir='ltr'>ιιι,</span> 
     </span>
    </p>
   </div>
   <div class='ocr_carea' id='block_1_88' title="bbox 2270 3632 3397 3704">
    <p class='ocr_par' dir='ltr' id='par_1_88' title="bbox 2270 3632 3397 3704">
     <span class='ocr_line' id='line_1_88' title="bbox 2270 3632 3397 3704; baseline -0.008 -13"><span class='ocrx_word' id='word_1_584' title='bbox 2270 3649 2391 3691; x_wconf 89' lang='lat' dir='ltr'><strong>cunt</strong></span> <span class='ocrx_word' id='word_1_585' title='bbox 2414 3632 2630 3704; x_wconf 89' lang='lat' dir='ltr'><strong>plumbo</strong></span> <span class='ocrx_word' id='word_1_586' title='bbox 2655 3641 2712 3689; x_wconf 89' lang='lat' dir='ltr'><strong>et</strong></span> <span class='ocrx_word' id='word_1_587' title='bbox 2737 3632 2939 3688; x_wconf 88' lang='lat' dir='ltr'><strong>chorda</strong></span> <span class='ocrx_word' id='word_1_588' title='bbox 2965 3632 3016 3686; x_wconf 90' lang='lat' dir='ltr'><strong>in</strong></span> <span class='ocrx_word' id='word_1_589' title='bbox 3049 3643 3397 3701; x_wconf 87' lang='lat' dir='ltr'><strong>pergameno.</strong></span> 
     </span>
    </p>
   </div>
   <div class='ocr_carea' id='block_1_89' title="bbox 2981 3721 3134 3776">
    <p class='ocr_par' dir='ltr' id='par_1_89' title="bbox 2981 3721 3134 3776">
     <span class='ocr_line' id='line_1_89' title="bbox 2981 3721 3134 3776; baseline 0 0"><span class='ocrx_word' id='word_1_590' title='bbox 2981 3721 3134 3776; x_wconf 75' lang='lat' dir='ltr'><strong>XVll.</strong></span> 
     </span>
    </p>
   </div>
   <div class='ocr_carea' id='block_1_90' title="bbox 2273 3808 3847 3881">
    <p class='ocr_par' dir='ltr' id='par_1_90' title="bbox 2273 3808 3847 3881">
     <span class='ocr_line' id='line_1_90' title="bbox 2273 3808 3847 3881; baseline -0.005 -8"><span class='ocrx_word' id='word_1_591' title='bbox 2273 3816 2334 3873; x_wconf 82' lang='lat' dir='ltr'><strong>S.</strong></span> <span class='ocrx_word' id='word_1_592' title='bbox 2380 3815 2478 3871; x_wconf 59' lang='lat' dir='ltr'><strong>fxo</strong></span> <span class='ocrx_word' id='word_1_593' title='bbox 2516 3813 2599 3869; x_wconf 84' lang='lat' dir='ltr'><strong><em>IX</em></strong></span> <span class='ocrx_word' id='word_1_594' title='bbox 2650 3815 2786 3870; x_wconf 78' lang='lat' dir='ltr'><strong>diem</strong></span> <span class='ocrx_word' id='word_1_595' title='bbox 2840 3815 3093 3868; x_wconf 76' lang='lat' dir='ltr'><strong>dedicata:</strong></span> <span class='ocrx_word' id='word_1_596' title='bbox 3134 3812 3362 3867; x_wconf 74' lang='lat' dir='ltr'><strong>ecclesia:</strong></span> <span class='ocrx_word' id='word_1_597' title='bbox 3417 3810 3480 3866; x_wconf 89' lang='lat' dir='ltr'><strong>S.</strong></span> <span class='ocrx_word' id='word_1_598' title='bbox 3533 3808 3761 3881; x_wconf 56' lang='lat' dir='ltr'><strong>Remigii</strong></span> <span class='ocrx_word' id='word_1_599' title='bbox 3798 3810 3847 3878; x_wconf 79' lang='grc'><strong>(1</strong></span> 
     </span>
    </p>
   </div>
   <div class='ocr_carea' id='block_1_91' title="bbox 2344 3880 3852 3956">
    <p class='ocr_par' dir='ltr' id='par_1_91' title="bbox 2344 3880 3852 3956">
     <span class='ocr_line' id='line_1_91' title="bbox 2344 3880 3852 3956; baseline -0.004 -17"><span class='ocrx_word' id='word_1_600' title='bbox 2344 3885 2623 3956; x_wconf 82' lang='lat' dir='ltr'><strong>Octobris)</strong></span> <span class='ocrx_word' id='word_1_601' title='bbox 2684 3887 2930 3939; x_wconf 72' lang='lat' dir='ltr'><strong>celebrem</strong></span> <span class='ocrx_word' id='word_1_602' title='bbox 2997 3900 3106 3937; x_wconf 78' lang='lat' dir='ltr'><strong>esse</strong></span> <span class='ocrx_word' id='word_1_603' title='bbox 3153 3882 3390 3953; x_wconf 76' lang='lat' dir='ltr'><strong>pru&#39;rt&#39;pt&#39;t</strong></span> <span class='ocrx_word' id='word_1_604' title='bbox 3440 3897 3533 3951; x_wconf 83' lang='lat' dir='ltr'><strong>per</strong></span> <span class='ocrx_word' id='word_1_605' title='bbox 3582 3880 3852 3935; x_wconf 55' lang='lat' dir='ltr'><strong>Remens.)</strong></span> 
     </span>
    </p>
   </div>
   <div class='ocr_carea' id='block_1_92' title="bbox 2341 3956 2867 4026">
    <p class='ocr_par' dir='ltr' id='par_1_92' title="bbox 2341 3956 2867 4026">
     <span class='ocr_line' id='line_1_92' title="bbox 2341 3956 2867 4026; baseline -0.004 -16"><span class='ocrx_word' id='word_1_606' title='bbox 2341 3958 2587 4026; x_wconf 72' lang='lat' dir='ltr'><strong>cpiscopt’i</strong></span> <span class='ocrx_word' id='word_1_607' title='bbox 2618 3956 2867 4023; x_wconf 79' lang='lat' dir='ltr'><strong>con/iniu.</strong></span> 
     </span>
    </p>
   </div>
   <div class='ocr_carea' id='block_1_93' title="bbox 2859 4044 3256 4118">
    <p class='ocr_par' dir='ltr' id='par_1_93' title="bbox 2859 4044 3256 4118">
     <span class='ocr_line' id='line_1_93' title="bbox 2859 4044 3256 4118; baseline -0.003 -18"><span class='ocrx_word' id='word_1_608' title='bbox 2859 4047 3037 4118; x_wconf 84' lang='lat' dir='ltr'><strong>(Anno</strong></span> <span class='ocrx_word' id='word_1_609' title='bbox 3074 4044 3256 4115; x_wconf 76' lang='lat' dir='ltr'><strong>lOl9.)</strong></span> 
     </span>
    </p>
   </div>
   <div class='ocr_carea' id='block_1_94' title="bbox 2274 4133 3847 4213">
    <p class='ocr_par' dir='ltr' id='par_1_94' title="bbox 2274 4133 3847 4213">
     <span class='ocr_line' id='line_1_94' title="bbox 2274 4133 3847 4213; baseline 0.001 -19"><span class='ocrx_word' id='word_1_610' title='bbox 2274 4140 2500 4213; x_wconf 69' lang='lat' dir='ltr'><strong>lMabill.</strong></span> <span class='ocrx_word' id='word_1_611' title='bbox 2534 4142 2665 4195; x_wconf 80' lang='lat' dir='ltr'><strong>Acta</strong></span> <span class='ocrx_word' id='word_1_612' title='bbox 2705 4140 2808 4197; x_wconf 89' lang='lat' dir='ltr'><strong>SS.</strong></span> <span class='ocrx_word' id='word_1_613' title='bbox 2838 4143 2954 4196; x_wconf 85' lang='lat' dir='ltr'><strong>0rd.</strong></span> <span class='ocrx_word' id='word_1_614' title='bbox 3005 4138 3308 4213; x_wconf 62' lang='lat' dir='ltr'><strong>S.__Begted.</strong></span> <span class='ocrx_word' id='word_1_615' title='bbox 3340 4136 3479 4193; x_wconf 86' lang='lat' dir='ltr'><strong>Sac.</strong></span> <span class='ocrx_word' id='word_1_616' title='bbox 3513 4133 3577 4192; x_wconf 75' lang='lat' dir='ltr'><strong>Vl</strong></span> <span class='ocrx_word' id='word_1_617' title='bbox 3603 4144 3761 4207; x_wconf 84' lang='lat' dir='ltr'><strong>parte</strong></span> <span class='ocrx_word' id='word_1_618' title='bbox 3784 4150 3847 4195; x_wconf 77' lang='grc' dir='ltr'><strong>ι’.</strong></span> 
     </span>
    </p>
   </div>
   <div class='ocr_carea' id='block_1_95' title="bbox 2907 4207 3208 4283">
    <p class='ocr_par' dir='ltr' id='par_1_95' title="bbox 2907 4207 3208 4283">
     <span class='ocr_line' id='line_1_95' title="bbox 2907 4207 3208 4283; baseline -0.013 -18"><span class='ocrx_word' id='word_1_619' title='bbox 2907 4226 3026 4283; x_wconf 88' lang='lat' dir='ltr'><strong>pag.</strong></span> <span class='ocrx_word' id='word_1_620' title='bbox 3057 4207 3208 4281; x_wconf 66' lang='lat'><strong>726.]</strong></span> 
     </span>
    </p>
   </div>
   <div class='ocr_carea' id='block_1_96' title="bbox 2348 4298 3851 4376">
    <p class='ocr_par' dir='ltr' id='par_1_96' title="bbox 2348 4298 3851 4376">
     <span class='ocr_line' id='line_1_96' title="bbox 2348 4298 3851 4376; baseline -0.003 -17"><span class='ocrx_word' id='word_1_621' title='bbox 2348 4304 2462 4360; x_wconf 75' lang='lat' dir='ltr'><strong>Leo</strong></span> <span class='ocrx_word' id='word_1_622' title='bbox 2491 4305 2777 4376; x_wconf 84' lang='lat' dir='ltr'><strong>episcopus</strong></span> <span class='ocrx_word' id='word_1_623' title='bbox 2801 4346 2817 4371; x_wconf 91' lang='lat'><strong>,</strong></span> <span class='ocrx_word' id='word_1_624' title='bbox 2869 4319 3061 4360; x_wconf 78' lang='lat' dir='ltr'><strong>servus</strong></span> <span class='ocrx_word' id='word_1_625' title='bbox 3097 4317 3376 4359; x_wconf 89' lang='lat' dir='ltr'><strong>servorum</strong></span> <span class='ocrx_word' id='word_1_626' title='bbox 3424 4298 3537 4366; x_wconf 90' lang='lat' dir='ltr'><strong>Dei,</strong></span> <span class='ocrx_word' id='word_1_627' title='bbox 3586 4300 3851 4356; x_wconf 83' lang='lat' dir='ltr'><strong>fratribus</strong></span> 
     </span>
    </p>
   </div>
   <div class='ocr_carea' id='block_1_97' title="bbox 2273 4389 3848 4465">
    <p class='ocr_par' dir='ltr' id='par_1_97' title="bbox 2273 4389 3848 4465">
     <span class='ocr_line' id='line_1_97' title="bbox 2273 4389 3848 4465; baseline -0.006 -12"><span class='ocrx_word' id='word_1_628' title='bbox 2273 4405 2331 4453; x_wconf 87' lang='lat' dir='ltr'><strong>et</strong></span> <span class='ocrx_word' id='word_1_629' title='bbox 2382 4396 2505 4451; x_wconf 73' lang='lat' dir='ltr'><strong>liliis</strong></span> <span class='ocrx_word' id='word_1_630' title='bbox 2555 4397 2836 4453; x_wconf 83' lang='lat' dir='ltr'><strong>catholicis</strong></span> <span class='ocrx_word' id='word_1_631' title='bbox 2894 4411 2989 4465; x_wconf 87' lang='lat' dir='ltr'><strong>per</strong></span> <span class='ocrx_word' id='word_1_632' title='bbox 3037 4395 3343 4449; x_wconf 90' lang='lat' dir='ltr'><strong>universum</strong></span> <span class='ocrx_word' id='word_1_633' title='bbox 3395 4407 3623 4463; x_wconf 86' lang='lat' dir='ltr'><strong>regnum</strong></span> <span class='ocrx_word' id='word_1_634' title='bbox 3676 4389 3848 4446; x_wconf 84' lang='lat' dir='ltr'><strong>Fran-</strong></span> 
     </span>
    </p>
   </div>
   <div class='ocr_carea' id='block_1_98' title="bbox 2276 4484 3848 4561">
    <p class='ocr_par' dir='ltr' id='par_1_98' title="bbox 2276 4484 3848 4561">
     <span class='ocr_line' id='line_1_98' title="bbox 2276 4484 3848 4561; baseline -0.003 -20"><span class='ocrx_word' id='word_1_635' title='bbox 2276 4502 2461 4542; x_wconf 88' lang='lat' dir='ltr'><strong>corum</strong></span> <span class='ocrx_word' id='word_1_636' title='bbox 2508 4488 2838 4553; x_wconf 89' lang='lat' dir='ltr'><strong>constitutis,</strong></span> <span class='ocrx_word' id='word_1_637' title='bbox 2882 4486 3107 4543; x_wconf 88' lang='lat' dir='ltr'><strong>salutem</strong></span> <span class='ocrx_word' id='word_1_638' title='bbox 3153 4494 3208 4541; x_wconf 89' lang='lat' dir='ltr'><strong>et</strong></span> <span class='ocrx_word' id='word_1_639' title='bbox 3236 4484 3584 4561; x_wconf 86' lang='lat' dir='ltr'><strong>apostolicam</strong></span> <span class='ocrx_word' id='word_1_640' title='bbox 3624 4484 3848 4540; x_wconf 61' lang='lat' dir='ltr'><strong>benedi-</strong></span> 
     </span>
    </p>
   </div>
   <div class='ocr_carea' id='block_1_99' title="bbox 2277 4577 2533 4632">
    <p class='ocr_par' dir='ltr' id='par_1_99' title="bbox 2277 4577 2533 4632">
     <span class='ocr_line' id='line_1_99' title="bbox 2277 4577 2533 4632; baseline -0.008 0"><span class='ocrx_word' id='word_1_641' title='bbox 2277 4577 2533 4632; x_wconf 86' lang='lat' dir='ltr'><strong>ctioncm.</strong></span> 
     </span>
    </p>
   </div>
   <div class='ocr_carea' id='block_1_100' title="bbox 2345 4663 3849 4737">
    <p class='ocr_par' dir='ltr' id='par_1_100' title="bbox 2345 4663 3849 4737">
     <span class='ocr_line' id='line_1_100' title="bbox 2345 4663 3849 4737; baseline -0.003 -17"><span class='ocrx_word' id='word_1_642' title='bbox 2345 4666 2692 4737; x_wconf 88' lang='lat' dir='ltr'><strong>Compertum</strong></span> <span class='ocrx_word' id='word_1_643' title='bbox 2723 4666 2973 4722; x_wconf 86' lang='lat' dir='ltr'><strong>cbaritati</strong></span> <span class='ocrx_word' id='word_1_644' title='bbox 3022 4674 3214 4721; x_wconf 86' lang='lat' dir='ltr'><strong>vestra</strong></span> <span class='ocrx_word' id='word_1_645' title='bbox 3257 4663 3528 4718; x_wconf 84' lang='lat' dir='ltr'><strong>credimus</strong></span> <span class='ocrx_word' id='word_1_646' title='bbox 3555 4663 3702 4733; x_wconf 88' lang='lat' dir='ltr'><strong>quod</strong></span> <span class='ocrx_word' id='word_1_647' title='bbox 3732 4671 3849 4732; x_wconf 84' lang='lat' dir='ltr'><strong>post</strong></span> 
     </span>
    </p>
   </div>
   <div class='ocr_carea' id='block_1_101' title="bbox 2277 4753 3849 4821">
    <p class='ocr_par' dir='ltr' id='par_1_101' title="bbox 2277 4753 3849 4821">
     <span class='ocr_line' id='line_1_101' title="bbox 2277 4753 3849 4821; baseline -0.005 -7"><span class='ocrx_word' id='word_1_648' title='bbox 2277 4758 2741 4814; x_wconf 86' lang='lat' dir='ltr'><strong>consecrationem</strong></span> <span class='ocrx_word' id='word_1_649' title='bbox 2772 4766 3033 4819; x_wconf 85' lang='lat' dir='ltr'><strong>nostram,</strong></span> <span class='ocrx_word' id='word_1_650' title='bbox 3068 4754 3209 4808; x_wconf 89' lang='lat' dir='ltr'><strong>illam</strong></span> <span class='ocrx_word' id='word_1_651' title='bbox 3250 4753 3500 4809; x_wconf 87' lang='lat' dir='ltr'><strong>videlicet</strong></span> <span class='ocrx_word' id='word_1_652' title='bbox 3547 4769 3653 4821; x_wconf 86' lang='lat' dir='ltr'><strong>qua</strong></span> <span class='ocrx_word' id='word_1_653' title='bbox 3702 4754 3849 4808; x_wconf 83' lang='lat' dir='ltr'><strong>beni-</strong></span> 
     </span>
    </p>
   </div>
   <div class='ocr_carea' id='block_1_102' title="bbox 2277 4843 3848 4918">
    <p class='ocr_par' dir='ltr' id='par_1_102' title="bbox 2277 4843 3848 4918">
     <span class='ocr_line' id='line_1_102' title="bbox 2277 4843 3848 4918; baseline 0 -18"><span class='ocrx_word' id='word_1_654' title='bbox 2277 4848 2455 4918; x_wconf 83' lang='lat' dir='ltr'><strong>gnitas</strong></span> <span class='ocrx_word' id='word_1_655' title='bbox 2502 4847 2590 4901; x_wconf 89' lang='lat' dir='ltr'><strong>Dei</strong></span> <span class='ocrx_word' id='word_1_656' title='bbox 2644 4846 2997 4900; x_wconf 84' lang='lat' dir='ltr'><strong>humilitatem</strong></span> <span class='ocrx_word' id='word_1_657' title='bbox 3046 4856 3284 4899; x_wconf 67' lang='lat' dir='ltr'><strong>nostram</strong></span> <span class='ocrx_word' id='word_1_658' title='bbox 3344 4856 3549 4899; x_wconf 75' lang='lat' dir='ltr'><strong>sancta</strong></span> <span class='ocrx_word' id='word_1_659' title='bbox 3593 4843 3848 4903; x_wconf 79' lang='lat' dir='ltr'><strong>Romana</strong></span> 
     </span>
    </p>
   </div>
   <div class='ocr_carea' id='block_1_103' title="bbox 2279 4934 3848 5007">
    <p class='ocr_par' dir='ltr' id='par_1_103' title="bbox 2279 4934 3848 5007">
     <span class='ocr_line' id='line_1_103' title="bbox 2279 4934 3848 5007; baseline 0 -16"><span class='ocrx_word' id='word_1_660' title='bbox 2279 4936 2537 4992; x_wconf 75' lang='lat' dir='ltr'><strong>hcclesia</strong></span> <span class='ocrx_word' id='word_1_661' title='bbox 2580 4949 2816 5007; x_wconf 67' lang='lat' dir='ltr'><strong>praeesse</strong></span> <span class='ocrx_word' id='word_1_662' title='bbox 2861 4934 3068 5000; x_wconf 83' lang='lat' dir='ltr'><strong>voluit,</strong></span> <span class='ocrx_word' id='word_1_663' title='bbox 3123 4934 3469 4991; x_wconf 81' lang='lat' dir='ltr'><strong>Germaniam</strong></span> <span class='ocrx_word' id='word_1_664' title='bbox 3516 4934 3848 5005; x_wconf 79' lang='lat' dir='ltr'><strong>Galliamque</strong></span> 
     </span>
    </p>
   </div>
   <div class='ocr_carea' id='block_1_104' title="bbox 2278 5024 3848 5064">
    <p class='ocr_par' dir='ltr' id='par_1_104' title="bbox 2278 5024 3848 5064">
     <span class='ocr_line' id='line_1_104' title="bbox 2278 5024 3848 5064; baseline -0.001 0"><span class='ocrx_word' id='word_1_665' title='bbox 2278 5028 2618 5064; x_wconf 69' lang='lat' dir='ltr'><strong>\vicitovimnc</strong></span> <span class='ocrx_word' id='word_1_666' title='bbox 2670 5041 2729 5064; x_wconf 73' lang='lat' dir='ltr'><strong>an</strong></span> <span class='ocrx_word' id='word_1_667' title='bbox 2759 5024 3046 5064; x_wconf 70' lang='lat' dir='ltr'><strong>“amarum</strong></span> <span class='ocrx_word' id='word_1_668' title='bbox 3092 5026 3278 5064; x_wconf 61' lang='lat' dir='ltr'><strong>Itrhnn‘t</strong></span> <span class='ocrx_word' id='word_1_669' title='bbox 3306 5026 3563 5064; x_wconf 70' lang='lat' dir='ltr'><strong>minuunt»:</strong></span> <span class='ocrx_word' id='word_1_670' title='bbox 3614 5027 3848 5062; x_wconf 65' lang='grc' dir='ltr'><strong>ωηπῖιιηη</strong></span> 
     </span>
    </p>
   </div>
  </div>
