4062 5352
212 355 315 409 6l'f

1178 343 1538 406 81³151⁸0ιῶ
1575 344 1665 402 ET
1706 343 2024 401 DECRETA
2063 341 2472 399 l‘ONTlFlClA.

209 472 378 536 saria,
417 468 652 526 consilio
696 467 1139 539 coepiscoporum
1186 477 1498 522 nostrorum
1524 507 1541 531 ,
1578 479 1802 520 assensu
1832 467 1878 526 Α
1907 461 2018 516 sias
2075 462 2272 517 habeat
2300 505 2314 527 ,
2377 470 2645 534 quatenus
2691 462 2833 516 nulla
2875 461 3229 521 ecclesiastici
3284 463 3492 523 ordinis

208 564 379 619 etiam
422 572 481 619 et
524 562 681 618 laude
710 561 839 616 cleri
894 569 949 615 et
999 560 1207 633 populi,
1258 576 1488 631 quorum
1523 560 1804 613 iumtmera

217 652 507 709 tnultitudo
540 652 605 706 ad
637 660 798 707 tanta:
836 649 1136 706 devotionis
1184 647 1558 705 celebritatem
1606 648 1807 703 cnullu-

214 753 390 809 terat,
424 744 713 799 statuendo
742 742 1221 798 confirmavimus:
1262 759 1383 814 quze
1430 743 1609 798 omnia
1659 742 1808 812 capi-

211 835 341 891 tulis
390 836 600 907 digesta
655 837 795 889 inter
839 850 1079 893 canones
1130 835 1315 889 haberi
1352 835 1807 907 mmet-pimus.“

206 937 421 996 posma,
448 925 501 980 iu
535 924 790 981 omnibus
820 926 1043 996 synodis
1064 940 1199 995 quas
1229 926 1539 988 habuimus,
1573 926 1803 995 idipsum

204 1015 542 1070 confirmare
593 1017 923 1070 curavimus.
993 1015 1061 1070 Et
1118 1016 1373 1087 quoniam
1432 1014 1803 1071 beatissimum

206 1106 523 1180 Remigium
555 1109 733 1179 gentis
777 1107 1113 1162 Francorum
1159 1108 1569 1178 przedicatorem
1596 1117 1648 1162 et
1678 1123 1806 1177 ape-

206 1198 405 1254 slolum
442 1201 650 1254 scimus
674 1242 690 1265 ,
722 1200 966 1255 venerari
1016 1209 1072 1255 ct
1117 1200 1387 1253 honorare
1435 1198 1604 1261 illum,
1642 1214 1803 1267 quem

208 1294 320 1348 Dm
348 1295 473 1347 inus
495 1293 549 1347 in
580 1294 741 1347 terris
770 1303 819 1348 et
856 1293 905 1346 in
936 1291 1075 1347 co-lu
1109 1292 1439 1355 miriticavit,
1486 1299 1645 1362 prout
1676 1306 1803 1359 pos-

206 1400 417 1446 sumus,
445 1383 731 1447 debemus,
769 1384 1068 1452 pnesertim
1099 1398 1223 1438 cum
1262 1397 1476 1453 semper
1522 1381 1575 1435 in
1619 1389 1804 1435 nostro

206 1482 432 1544 pectore
473 1473 598 1527 inde
648 1472 817 1541 ipsius
860 1489 1014 1527 amor
1067 1470 1371 1528 ferventius
1418 1473 1624 1535 ardeat,
1658 1471 1804 1541 quod

205 1562 672 1633 pretiosissimum
721 1577 920 1632 corpus
967 1560 1137 1632 ipsius
1186 1561 1520 1618 Sanctissimi
1545 1561 1645 1617 viri
1676 1577 1795 1633 pro-

204 1654 339 1723 priis
368 1652 621 1708 manibus
651 1653 1043 1712 transferentes
1072 1653 1125 1710 in
1159 1654 1338 1711 locum
1388 1654 1488 1710 sibi
1529 1669 1802 1725 prmpara-

205 1753 345 1811 tum,
382 1747 636 1817 miraque
678 1744 1078 1817 pulchritudine
1118 1745 1374 1816 exquisiti
1425 1746 1606 1818 operis
1641 1747 1801 1802 deco—

1909 567 2099 622 magna
2151 554 2234 607 vel
2264 568 2428 624 parva
2472 567 2539 622 pe
2570 568 2701 609 sona
2739 556 2789 608 in
2834 555 2936 609 hoc
2976 555 3134 610 altari
3167 558 3311 626 quod
3353 571 3491 612 cen-

1906 645 2262 707 secravimus,
2308 644 2530 698 missam
2574 643 2850 700 celebrare
2895 656 3208 715 praesumat,
3248 645 3355 701 nisi
3379 644 3492 703 Be-

1909 751 2121 791 morum
2153 735 2613 807 archiepiscopus,
2638 744 2695 790 et
2730 734 2889 804 hujus
2936 735 3039 792 loci
3081 737 3270 805 abbas,
3315 744 3370 793 et
3402 735 3495 795 cui

1907 827 2184 882 licentiam
2238 829 2536 894 concedet;
2591 825 2855 900 permissa
2905 830 3093 886 eadem
3131 829 3351 887 licentia
3403 844 3494 886 ca-

1907 920 2117 975 nonicis
2148 919 2430 976 Remensis
2467 920 2714 976 ecclesiae
2762 921 2842 978 bis
2888 921 2944 976 in
2979 935 3141 989 anno,
3188 921 3241 976 in
3281 920 3493 977 Pascha

1905 1011 2115 1067 scilicet
2159 1020 2215 1067 et
2266 1011 2319 1066 in
2361 1012 2770 1082 ltogationibns,
2814 1021 3018 1083 septem
3063 1010 3394 1084 presbyteris
3415 1011 3495 1066 le-

1905 1100 2112 1173 gitintis
2158 1102 2226 1157 ad
2259 1102 2361 1158 hoc
2386 1101 2621 1158 oﬂicimn
2652 1102 2939 1173 deputatis.
2975 1117 3112 1173 quos
3154 1111 3209 1159 et
3257 1102 3489 1159 scicntia

1905 1202 2105 1260 ornet,
2159 1210 2370 1249 morum
2435 1196 2674 1267 gravitas
2734 1202 2790 1250 et
2849 1194 2973 1249 vita:
3038 1191 3283 1265 probitas
3345 1209 3495 1251 com-

1906 1286 2143 1343 tnemlet.
2187 1286 2471 1351 Praeterea,
2522 1288 2647 1359 quia
2699 1287 2813 1343 hmo
2859 1286 3091 1343 ecclesia
3162 1287 3234 1343 ab
3292 1286 3493 1359 iniquis

1905 1379 2292 1449 pervasoribus
2338 1396 2534 1450 graves
2563 1390 2621 1436 et
2666 1381 2991 1453 multiplices
3036 1397 3261 1437 suarum
3305 1396 3489 1437 rerum

1904 1478 1985 1522 est
2016 1484 2172 1539 passa
2202 1470 2446 1540 injurias,
2490 1485 2558 1526 ne
2600 1471 2888 1541 quisquam
2941 1471 3136 1527 amodo
3160 1471 3305 1527 villis
3346 1472 3491 1528 beati

1904 1561 2159 1634 Remigii,
2204 1578 2339 1634 quas
2384 1563 2625 1634 possidet
2676 1564 2757 1618 vel
2807 1564 3125 1636 possidebit,
3175 1574 3271 1619 aut
3314 1565 3494 1620 homi-

1904 1654 2065 1708 nibus
2105 1654 2244 1709 intra
2296 1655 2382 1711 vel
2426 1663 2582 1711 extra
2623 1654 2768 1726 ipsas
2825 1655 2980 1717 villas
3016 1659 3246 1727 positis,
3294 1670 3491 1727 graves

1900 1745 2319 1802 consuetudines
2366 1748 2610 1818 imponat
2638 1756 2695 1802 et
2727 1747 2964 1818 iniquas,
2991 1746 3489 1803 auetoritate'beati

204 1844 387 1889 ratum
426 1814 791 1907 repusuitnus.
826 1835 977 1891 ande
1022 1814 1261 1891 vestram
1310 1814 1606 1891 admonere
1642 1833 1794 1890 volu-
1831 1814 1876 1874 Β
1902 1836 2047 1891 Petri
2101 1814 2471 1909 apostolorum
2524 1836 2785 1909 principis
2821 1814 3208 1908 prohibemus,
3262 1843 3318 1891 et
3369 1850 3490 1906 quae

207 1942 328 1983 mus
378 1927 729 1983 dilectionem
781 1936 860 1996 ut,
920 1928 1062 1983 sicut
1112 1944 1211 1983 nos
1262 1929 1314 1984 in
1362 1930 1481 2001 ejus
1527 1929 1801 1999 obsequiis

204 2019 542 2089 perpenditis
568 2018 855 2089 gratulari,
906 2019 981 2075 ita
1027 2027 1082 2075 et
1109 2035 1205 2075 vos
1240 2036 1404 2075 causa
1453 2019 1620 2076 nostri
1651 2035 1802 2075 amo-

206 2109 311 2175 ris,
345 2110 696 2182 maximeque
723 2126 789 2165 ex
822 2111 1002 2165 debito
1032 2113 1242 2182 paterni
1290 2111 1515 2166 honoris
1540 2151 1556 2174 .
1604 2110 1798 2167 solem-

204 2203 435 2257 nitatem
466 2201 607 2272 cjus,
634 2218 755 2273 qua:
803 2212 883 2258 est
930 2201 1199 2259 Kalendas
1226 2203 1500 2267 Octobris,
1526 2203 1797 2260 celebrem

209 2294 500 2360 habeatis;
543 2294 670 2366 quia
698 2295 797 2349 etsi
829 2294 947 2349 aliis
979 2312 1083 2349 non
1124 2304 1211 2350 est
1253 2294 1526 2365 apostolus
1549 2336 1565 2361 ,
1616 2305 1797 2351 tamen

205 2382 366 2437 vobis
400 2393 523 2438 est:
557 2399 682 2437 nam
712 2382 965 2454 primitiae
995 2384 1328 2455 apostolatus
1365 2385 1482 2458 ejus
1532 2401 1627 2442 vos
1668 2380 1821 2442 estis.

210 2475 264 2529 in
297 2476 554 2530 Domino.
585 2474 737 2530 lltutc
775 2476 957 2546 itaque
989 2476 1250 2532 honorem
1297 2478 1437 2549 patri
1473 2487 1527 2532 et
1556 2480 1800 2550 apostolo

208 2575 393 2622 vestro
428 2567 706 2630 exhibete,
747 2576 805 2621 ut
842 2564 997 2634 juxta
1044 2569 1368 2638 promissunt
1423 2568 1655 2635 Domini,
1685 2569 1802 2624 lon-

203 2658 339 2727 εει-ἰ
369 2673 533 2728 super
558 2667 759 2713 terram
792 2659 992 2725 vivere,
1030 2671 1084 2715 et
1132 2660 1367 2729 ejusdem
1398 2660 1580 2717 Patris
1621 2662 1798 2734 preci-

207 2747 310 2802 bus
339 2762 563 2804 aeterna:
592 2749 949 2806 beatitudinis
968 2749 1280 2808 felicitatem
1321 2755 1638 2809 mereamini
1669 2771 1796 2826 pos-

205 2837 408 2894 sidere.
444 2836 643 2894 Valete.

915 2935 1096 3013 xvut.

204 3040 265 3096 S.
296 3040 405 3098 ιω
459 3042 542 3099 IX
580 3045 638 3102 in
679 3047 882 3117 synodo
922 3049 1316 3131 mercenarium
1344 3046 1405 3105 S.
1441 3047 1659 3119 Remigii
1700 3046 1798 3102 Re-

652 3134 826 3172 meuse
851 3120 1134 3189 privilegiis
1166 3129 1339 3173 ornat.

812 3208 989 3280 (Auno
1034 3209 1212 3281 1049.)

818 3304 935 3356 ori.
991 3302 1051 3358 S.
1104 3303 1328 3374 lienem,
1360 3301 1498 3358 Sarc.
1533 3300 1596 3357 \‘l
1644 3311 1797 3374 parte

798 3387 859 3436 tt,
901 3388 1023 3443 pag.
1052 3371 1205 3445 79.6.]

278 3466 392 3521 Leo
433 3466 745 3538 episcOpns,
797 3480 987 3523 servus
1026 3483 1305 3523 servorum
1361 3469 1479 3535 Dei,
1514 3469 1798 3527 ΙΙειιιιιΑιιο

206 3556 414 3618 abbati,
444 3566 499 3611 et
537 3557 685 3612 unmi
715 3559 1123 3630 congregationi
1177 3559 1564 3617 monachorum
1611 3560 1796 3617 Sancti

206 3647 443 3721 Remigii
476 3660 791 3722 perpetuam
829 3654 1080 3709 salutem.

275 3740 488 3795 Divime
515 3741 778 3798 bonitatis
807 3760 913 3798 non
960 3745 1247 3800 immemor
1276 3753 1329 3800 et
1380 3745 1647 3816 ingratus,
1678 3760 1798 3816 qua:

202 3846 305 3887 sua
354 3834 533 3904 gratia
586 3834 942 3891 humilitatem
989 3852 1162 3891 meam
1215 3838 1267 3891 in
1319 3839 1448 3892 sede
1501 3839 1797 3909 apostolica

205 3934 414 3978 saneta:
450 3923 706 3981 Romanae
756 3926 1012 3982 Ecclesia:
1047 3927 1382 3994 snblimavit,
1429 3942 1498 3982 ne
1548 3943 1664 3983 mea
1704 3944 1807 3985 ne-

208 4018 469 4086 uigentia
511 4020 643 4073 mihi
671 4019 1367 4084 discrimen,eeclesiarunt
1414 4029 1595 4075 autem
1637 4021 1799 4076 faciat

210 4110 451 4174 ruinam,
498 4110 764 4165 ecclesias
787 4126 906 4180 quae
934 4122 1119 4166 nostro
1147 4111 1468 4181 apostolatui
1498 4113 1796 4183 subjacent,

200 4202 480 4257 catholice
510 4203 787 4269 ordinare,
832 4219 1019 4274 regere
1068 4213 1123 4259 et
1170 4206 1485 4271 emendare,
1542 4220 1642 4261 nec
1691 4223 1796 4261 non

204 4294 510 4365 apostolica
559 4294 888 4349 auctoritate
940 4296 1208 4350 immunes
1256 4305 1314 4350 et
1358 4296 1564 4352 liberas
1620 4295 1800 4353 facere

208 4391 490 4462 proposui,
542 4390 588 4445 si
651 4390 827 4444 sancti
880 4389 1114 4460 Spiritus
1161 4392 1422 4462 benignus
1478 4393 1632 4447 favor
1669 4394 1798 4448 mihi

208 3299 442 3375 [MabilL
472 3302 601 3357 Acta
656 3300 765 3358 ss.

1903 1930 2168 1986 hactenus
2220 1931 2418 2001 injuste
2466 1928 2668 1987 fuerint
2717 1931 3001 2001 impositae,
3055 1929 3244 1984 eadem
3297 1937 3489 1983 saneea

1901 2034 1956 2076 et
1986 2021 2279 2077 inviolabili
2326 2020 2649 2078 auctoritate
2676 2064 2690 2087 ,
2728 2037 2797 2078 ne
2847 2020 3071 2077 ulterius
3098 2019 3235 2076 fiant
3263 2020 3491 2076 interdi-

1899 2113 2075 2169 cimus
2106 2154 2121 2178 ,
2176 2121 2391 2168 servata
2454 2114 2555 2169 hac
2608 2113 2660 2169 in
2717 2114 2969 2170 omnibus
3018 2113 3377 2179 auctoritate,
3428 2123 3490 2168 ιιι

1899 2204 2326 2261 consuetudines
2354 2220 2473 2275 qua:
2500 2206 2648 2273 justo
2687 2204 2736 2260 ei
2770 2204 3068 2275 antiquitus
3110 2214 3231 2260 sunt
3278 2206 3488 2261 consti~

1901 2301 2072 2360 tune,
2122 2302 2253 2348 ratze
2301 2305 2658 2366 permaneant
2708 2303 2765 2350 et.
2823 2293 3108 2351 inviolatae.
3172 2293 3286 2351 Hoc
3318 2295 3488 2351 etiam

1902 2391 2087 2437 nostra
2136 2385 2465 2439 auctoritate
2513 2383 2927 2451 confirmamus,
2978 2386 3123 2457 quod
3182 2385 3342 2441 Wido
3384 2385 3489 2440 Bc-

1902 2486 2112 2525 morum
2170 2473 2609 2545 archiepiscopus
2668 2482 2876 2545 partem
2930 2490 3093 2544 quant
3135 2474 3187 2529 in
3245 2466 3511 2530 mercato

1903 2562 2164 2628 habebat,
2220 2567 2363 2633 quod
2411 2575 2531 2619 erat
2583 2581 2656 2619 xu
2717 2564 2946 2620 Kalend.
2999 2565 3261 2622 Novemb.
3327 2567 3489 2622 beato

1903 2650 2152 2723 Rernigio
2194 2661 2380 2709 nostro
2424 2655 2643 2709 obtentu
2678 2652 2921 2719 donavit,
2955 2670 3018 2711 ea
3065 2656 3380 2713 conditione
3426 2669 3488 2712 ιιι

1898 2756 2063 2797 nemo
2101 2742 2152 2795 in
2183 2742 2297 2811 ipso
2326 2751 2564 2798 mercato
2595 2743 2832 2814 quinque
2860 2745 3206 2801 denariorum
3251 2746 3486 2818 pretium

1898 2847 1998 2901 per
2028 2832 2337 2888 violentiam
2366 2833 2602 2899 auferat,
2654 2834 2856 2901 nullus,
2887 2837 2990 2891 nisi
3044 2835 3202 2905 hujus
3248 2837 3348 2893 loci
3390 2837 3487 2897 ab-

1900 2924 2018 2990 bas,
2049 2935 2143 2981 aut
2172 2927 2257 2982 cui
2298 2927 2412 2998 ipse
2458 2928 2722 3000 jusserit,
2769 2929 2839 2985 ibi
2893 2930 3187 3001 quidquam
3229 2930 3483 3000 accipiat.

1900 3013 2092 3071 Nullus
2147 3018 2213 3074 ad
2271 3017 2414 3072 idem
2489 3018 2788 3075 mercatum
2863 3021 3287 3086 convenientes,
3341 3023 3486 3092 quod

1902 3124 1976 3163 xu
2028 3107 2255 3163 Kalend.
2315 3107 2575 3166 Novemb.
2640 3113 2927 3167 statuimus
2956 3121 3008 3169 et
3038 3113 3441 3185 pronmlgamus
3466 3157 3482 3181 ,

1901 3201 2163 3256 veniendo
2185 3210 2241 3257 et
2270 3202 2543 3259 redeundo
2572 3206 2760 3270 caedat,
2797 3206 3071 3275 impediat,
3117 3214 3210 3261 aut
3246 3212 3345 3278 per
3373 3207 3483 3262 vim

1899 3294 1979 3347 eis
2012 3292 2211 3363 aliquid
2261 3296 2494 3349 auferat.
2541 3293 2857 3351 Statucntes
2896 3299 3000 3352 sub
3044 3298 3208 3352 divini
3238 3300 3483 3354 obtesta-

1900 3384 2045 3439 tione
2089 3383 2298 3454 judicii,
2338 3397 2397 3441 ut
2440 3388 2532 3458 qui
2581 3387 2683 3442 hoc
2735 3388 3075 3459 privilegium
3133 3393 3334 3445 sanclze
3368 3389 3509 3446 Ro—‘

1900 3489 2076 3529 manas
2100 3475 2246 3531 sedis
2270 3476 2471 3532 violare
2499 3493 2859 3548 prmsuutpser
2885 3485 2920 3539 t,
2953 3487 3212 3532 :etcrnam
3258 3472 3485 3533 damna—

1901 3564 2102 3620 tionem
2152 3566 2416 3622 incurrat.
2468 3565 2582 3624 Sub
2619 3567 2808 3622 eadem
2862 3568 3243 3630 obtestatione.
3297 3580 3486 3625 nostro

1895 3665 2121 3724 precatu
2186 3664 2243 3712 et
2307 3656 2516 3727 pra-fati
2576 3656 2966 3728 archiepiscOpi
3030 3656 3337 3712 voluntario
3398 3656 3506 3711 as-'

1896 3763 2106 3815 sensu,
2162 3750 2423 3806 remissus
2476 3757 2559 3805 est
2607 3750 2856 3806 ecclesiae
2908 3760 3155 3822 sumptus
3211 3767 3369 3821 quem
3426 3753 3482 3806 in

1900 3838 2039 3894 festo
2112 3839 2283 3895 sancti
2328 3838 2558 3910 Remigii
2610 3840 2910 3913 accipiebat
2968 3840 3253 3897 “emensis
3288 3836 3505 3898 'ambi.’

1901 3931 2206 4001 episcopus.

1970 4022 2165 4077 Datum
2198 4039 2259 4078 ιιι
2290 4022 2470 4081 Nonas
2499 4023 2749 4081 Octobris
2786 4040 2884 4096 per
2924 4040 3140 4081 manum
3172 4025 3320 4083 Petri
3360 4010 3503 4084 dia--

1900 4111 2019 4167 conti
2040 4151 2055 4177 ,
2087 4111 2476 4169 bibliothecarii
2500 4123 2561 4170 et
2582 4114 2890 4172 cancellarii
2937 4128 3137 4173 sancta:
3168 4118 3479 4189 apostole

1901 4206 2075 4269 sedis.
2099 4221 2241 4262 anno
2269 4206 2449 4263 domui
2480 4207 2675 4264 Leonis
2702 4223 2854 4278 papa:
2877 4206 2948 4263 IX
2979 4224 3024 4275 ι,
3055 4210 3240 4264 indiet.
3266 4226 3349 4267 tu.

2620 4321 2761 4377 XIX.

1902 4432 2061 4487 Bulla
2091 4435 2269 4488 Leonis
2294 4431 2375 4487 IX
2395 4432 2620 4504 Cedit/fa
2648 4431 2973 4489 Stalmlemis
3003 4432 3251 4488 Ecclesia:
3274 4435 3488 4489 timor:-

204 4486 484 4538 wnueril-
529 4481 704 4549 Unde.
749 4498 816 4538 ει
860 4483 1040 4538 debito
1086 4483 1252 4538 ιιοεινῖ
1288 4485 1637 4553 ιψοειοιιιωεν
1680 4494 1799 4556 [105l
1829 4481 3486 4571 ι)”ἰλὲιῙ-ίῖἑῶιὲἐεῖαξ’ὶῆιῖξιιῆἱίὲι”ῥ’όὲὲἷεᾶὁῦὲῖ’ἑξάἜᾶιῶ

212 4573 425 4644 aliquas
483 4574 748 4629 ecclesias
810 4589 946 4647 qpas
998 4573 1114 4629 zelo
1173 4589 1464 4629 succensus
1521 4575 1802 4631 charitatis

211 4665 463 4730 visitavi,
514 4676 593 4732 et,
641 4666 824 4721 divina
856 4666 1227 4722 misericordia
1271 4681 1356 4721 me
1394 4668 1755 4737 praeveniente
1783 4707 1800 4732 ,

204 4767 268 4814 ut
320 4760 474 4827 potui
502 4799 521 4823 ,
565 4758 895 4823 emendavi,
937 4757 1005 4812 ad
1064 4758 1203 4812 hanc
1240 4758 1382 4811 beati
1438 4756 1669 4826 Remigii
1713 4772 1803 4810 ec-

206 4851 429 4906 clesiam
458 4851 816 4907 dedicandam
841 4892 855 4915 ,
909 4851 975 4905 de
1003 4847 1390 4906 ecclesiasticis
1416 4850 1581 4903 etiam
1621 4847 1803 4903 causis

213 4951 546 4996 tractaturus
586 4953 641 4997 et
687 4941 1031 5007 defluiturus,
1063 4939 1300 5003 adveni,
1347 4941 1625 4995 conlidens
1678 4953 1802 4992 san-

215 5032 473 5085 ctissimis
520 5032 732 5087 meritis
799 5033 964 5101 ipsius
1020 5030 1266 5101 adjuvari
1328 5032 1393 5084 ad
1454 5031 1800 5087 obtinendam

219 5120 311 5178 Dei
365 5122 839 5186 misericordiam,
888 5124 932 5178 si
990 5124 1192 5196 aliquid
1240 5118 1462 5190 dignum
1502 5134 1557 5179 et
1597 5137 1800 5177 mento.

216 5214 389 5269 rabile
441 5216 643 5284 egerim
677 5216 745 5269 ad
780 5215 944 5289 ipsius
994 5217 1257 5272 honorem
1301 5222 1357 5268 et
1400 5216 1647 5285 gloriam.
1691 5214 1803 5270 Hac

218 5303 383 5352 igitur
430 5303 675 5352 dedicata
731 5304 993 5352 ecclesia-
1050 5303 1259 5352 nlamlil
1317 5302 1446 5352 huic
1505 5305 1699 5352 idonea
1747 5310 1804 5352 ct.

1970 4574 2159 4646 altaris
2208 4589 2481 4646 concessus
2545 4572 2754 4645 aliaque
2816 4574 3086 4646 privilegia
3158 4571 3485 4630 Slubuleusio

1966 4644 2287 4698 thesaurarii
2316 4644 2618 4699 conﬁrmat.

2487 4736 2668 4805 (Anno
2716 4733 2902 4806 1οη.)

2146 4845 2440 4917 1Martene,
2481 4845 2728 4915 Ampliat.
2779 4843 2995 4901 Coflect.
3029 4842 3094 4907 11,
3121 4841 3237 4916 69.ι

1973 4935 2088 4991 Leo
2115 4936 2422 5004 episcopus,
2474 4950 2667 4992 servus
2710 4949 2995 4992 servorum
3048 4932 3163 4996 Dei,
3212 4931 3492 5005 Gnaeum,

1906 5026 2250 5082 Stabnlensis
2295 5026 2538 5082 ecclesize
2590 5027 2932 5085 thesaurario
2955 5071 2972 5096 ,
3016 5023 3337 5098 cunctisque
3384 5031 3499 5088 suis

1904 5116 2308 5174 successoribus
2335 5119 2684 5184 apostolicam
2720 5115 3181 5177 benedictionem.

1983 5209 2282 5267 Pastoralis
2330 5223 2473 5263 cura!
2530 5206 2812 5277 vigilantia
2872 5211 3094 5284 propria
3151 5223 3255 5267 nos
3302 5215 3504 5279 sollici-

1907 5305 2090 5352 tudine
2137 5302 2388 5352 hortatur
2435 5310 2495 5352 ιιι
2541 5300 2687 5352 mimi
2751 5305 2936 5352 studia
2989 5301 3295 5352 commodis
3329 5311 3505 5352 ρρριρ-
